3898 6168
384 381 489 454 i"267

864 632 939 670 AD
965 629 1241 671 DOMINAM
1269 628 1494 675 IMISAM,

453 725 696 782 Felicem
728 739 822 778 me
863 721 1060 793 judico
1100 722 1278 775 tantae
1310 717 1543 773 femina:
1576 714 1875 789 agnitione
1932 716 1991 769 et

382 812 748 882 amicitia,ch
758 808 1230 866 usfidemfirmam
1243 810 1500 874 ,constan
1510 806 1648 860 tiam
1663 806 1992 877 longazvam

381 902 654 960 admirari
680 916 795 955 non
810 897 1101 952 sufficiunt
1121 895 1262 950 Galli
1286 895 1421 949 mei.
1442 895 1506 947 Et
1522 891 1787 964 quamvis
1804 894 1992 945 vestra

380 990 689 1065 prudentia
711 1005 826 1044 non
858 965 1022 1058 egeat
1048 983 1470 1048 admonitione,
1497 985 1694 1036 tamen
1735 979 1869 1051 quia
1893 995 1997 1034 vos

380 1080 801 1135 cotlaborantes
825 1078 884 1129 et
909 1073 1282 1128 condolentes
1306 1074 1502 1124 nostro
1535 1067 1854 1123 infortunio
1871 1084 2000 1121 sen-

380 1168 485 1225 tim
495 1165 886 1234 us,dominu1n
914 1178 1123 1233 papam
1137 1158 1432 1215 conveniri
1447 1157 1661 1213 nuntiis
1679 1155 2000 1229 etepistolis

381 1256 580 1312 vestris
608 1255 960 1318 volumus,ac
982 1248 1224 1303 nostris:
1252 1251 1310 1302 et
1335 1247 1380 1302 si
1411 1263 1554 1319 quos
1582 1250 1641 1300 et
1667 1244 1993 1316 specialiter

388 1349 446 1401 et
466 1345 524 1399 in
556 1339 849 1398 communi
895 1323 1179 1393 habemus
1229 1337 1485 1391 fautores
1510 1337 1567 1389 et
1597 1334 1911 1405 adjutores,
1938 1334 2003 1387 ut

387 1432 486 1505 qui
516 1432 683 1488 simul
703 1430 999 1484 tristamur
1027 1424 1275 1498 propitia
1293 1423 1591 1478 divinitate
1620 1421 1997 1495 gaudeamus.

390 1519 697 1577 Dominam
717 1532 906 1572 meam
922 1512 1356 1585 Theophaniam
1371 1510 1804 1583 imperatricem
1818 1508 2005 1564 nomi-

390 1628 463 1666 ne
495 1626 626 1665 meo
645 1606 967 1663 convenite.
1001 1605 1182 1674 Reges
1194 1602 1547 1656 Francorum
1562 1601 1681 1655 filio
1695 1616 1796 1655 suo
1811 1599 2003 1654 favere

1022 368 1379 445 *‘siL'VEs‘rn‘I
1416 366 1461 441 1'1
1492 362 1703 441 MPA:
1740 362 1898 438 ορ».
1938 358 2122 435 ως
2155 359 2253 437 m.
2296 407 2367 420 —
2403 358 2617 434 trusi.
2662 358 2746 434 at
2783 354 3066 435 emoti.

929 505 1264 564 EPISTOLA
1292 504 1443 562 XXII.
2013 503 2068 562 A

2087 601 2163 644 AD
2198 604 2513 645 ECBERTUH

3589 379 3685 440 208

2626 492 2965 556 EPISTOLA
2991 497 3165 555 XXVI.

2579 604 3092 645 ARCHIEPISCOPUM
3145 604 3551 645 TREVIRENSEM
3612 606 3682 648 ΕΞ

2539 693 2758 734 Ρειξςοιιι
2768 697 2803 734 Α
2839 692 3184 735 ADALBERON
3193 692 3263 733 IS.

2170 765 2303 820 Vide
2330 765 2659 838 Patrologia'
2709 774 2834 822 tam.
2870 762 3221 821 CXXXVII
3245 767 3301 820 in
3350 766 3696 823 Anmxaox:

2093 856 2359 924 Rauensr,
2391 857 2548 928 epist.
2576 859 2626 911 I.

2623 961 2950 1017 EPISTOLA
2994 960 3189 1017 XXVII.

2099 1066 2172 1103 AD
2233 1066 2582 1107 \‘ILLEGISUM
2642 1067 3048 1108 MOGUNTINUM
3096 1064 3595 1106 ARCHIEPISCOPUM
3634 1064 3700 1105 EX

2620 1156 2881 1196 PERSONA
2921 1153 3195 1195 EJUSDEM.

2180 1228 2314 1283 Vide
2343 1228 2494 1296 ibid.,
2527 1231 2677 1300 epist.
2706 1233 2757 1285 2.

2612 1334 2951 1391 EPISTOLA
2986 1334 3207 1393 XXVIII.

2106 1439 2181 1477 εκ
2221 1440 2487 1480 PERSONA
2542 1440 2913 1481 HIERUSALEM
2959 1438 3317 1480 DEVASTATE
3363 1436 3703 1479 UNIVERSALI

2745 1530 2957 1569 ECCLES
2965 1529 3061 1569 LE.

2176 1600 2255 1655 Ea
2284 1617 2413 1673 qum
2466 1603 2553 1655 est
2606 1600 3038 1673 Hierosolymis,
3100 1599 3406 1657 universali
3459 1599 3706 1655 Ecclesiae

390 1699 582 1768 dicite,
614 1696 869 1768 nihilque
897 1711 999 1749 eos
1028 1691 1182 1747 aliud
1235 1690 1456 1757 conari,
1499 1689 1607 1744 nisi
1633 1687 2004 1760 tyrannidem
2106 1690 2343 1762 sceptris
2359 1706 2675 1761 regnorum
2696 1690 3027 1762 imperanti.
3064 1690 3205 1746 Cum
3225 1691 3376 1746 bene
3398 1688 3583 1761 vigeas
3606 1688 3706 1743 im-

391 1787 617 1843 Henrici
632 1801 833 1858 regem
854 1802 913 1839 se
943 1783 1131 1837 facere
1154 1779 1398 1835 volentis
1420 1778 1523 1833 sub
1558 1775 1798 1834 nomine
1831 1778 2003 1833 advo-
2035 1819 2088 1879 Β
2109 1779 2396 1833 maculata
2424 1794 2635 1849 sponsa
2665 1779 2915 1847 Domini,
2958 1779 3119 1851 cujus
3138 1780 3468 1835 membrum
3492 1794 3608 1834 esse
3622 1794 3707 1833 me

390 1878 629 1935 cationis
658 1877 801 1932 velle
823 1875 1137 1930 destruere.

927 1994 1262 2051 EPISTOLA
1297 1994 1475 2048 XXIII.

711 2123 787 2161 AD
828 2121 1105 2161 DOMINUM
1146 2117 1419 2158 JOANNEM
1462 2116 1682 2156 PAPAM.

459 2214 715 2270 Graviter
739 2216 797 2268 et
834 2212 1032 2282 iniquo
1090 2209 1287 2264 animo
1339 2207 1461 2262 fero
1510 2204 1768 2276 pervadi,
1832 2202 2005 2274 diripi

391 2303 781 2360 sanctuarium
816 2297 1349 2356 Dominicreditum
1392 2294 1532 2349 mihi
1564 2311 1597 2348 a
1648 2297 1848 2348 sancta
1899 2295 2012 2347 Ro-

394 2410 572 2449 mana
602 2396 659 2447 et
690 2390 1002 2463 apostolica
1034 2385 1301 2441 Ecclesia.
1332 2386 1534 2449 Porro,
1563 2381 1704 2454 quid
1741 2380 2013 2450 deinceps

393 2482 732 2543 stabilietur,
764 2480 808 2533 si
832 2478 887 2533 id
902 2475 1228 2531 dzssolvitur
1258 2471 1414 2545 quod
1427 2475 1618 2526 actum
1631 2474 1716 2524 est
1731 2484 2015 2523 consensu

388 2567 1097 2644 priocipis,episcoporum
1112 2558 1557 2628 electione,cleri
1574 2561 1633 2614 et
1666 2557 1862 2629 populi
1909 2572 2009 2644 voi-

390 2642 935 2729 Iuntate,postremo
952 2652 1217 2709 omnium
1231 2649 1538 2706 hominum
1553 2642 2010 2702 excellentissimi

391 2765 556 2823 papa:
577 2741 1058 2801 consecratione?
1088 2740 1135 2795 si
1161 2740 1454 2812 prmcepta
1499 2736 1810 2802 violantur,
1844 2733 2014 2807 privi-

389 2838 543 2909 legia
555 2829 1252 2899 contemnuntur,divina3
1281 2830 1339 2883 et
1362 2828 1640 2881 humanm
1655 2824 1815 2895 leges
1828 2822 2009 2877 sustol

391 2925 627 2983 luntur?
656 2923 781 2989 Qua
806 2937 905 2993 spe
935 2936 1034 2975 vos
1059 2917 1311 2972 adeundi
1332 2914 1656 2987 periculum
1679 2912 1912 2979 faciam,
1941 2927 2015 2966 ne

394 3011 796 3087 dedignemini
806 3009 979 3066 sacris
999 3007 1257 3079 apicibus
1271 3004 1621 3077 significare.
1652 3000 1922 3075 Alioquin
1942 3016 2017 3055 ne

2110 1866 2607 1939 fateor,spesmihi
2626 1868 2881 1923 maxima
2900 1884 3004 1939 per
3017 1872 3071 1922 te
3086 1871 3260 1939 caput
3285 1865 3582 1923 attollendi
3589 1865 3707 1937 jam

2111 1971 2260 2027 pene
2276 1955 2650 2011 attritum.An
2665 1956 2987 2029 quidquam
3005 1956 3335 2011 diffiderem
3359 1956 3429 2011 de
3443 1958 3707 2023 te,rerum

2114 2043 2373 2111 domina,
2389 2043 2433 2097 si
2458 2060 2548 2099 me
2562 2045 2926 2116 recognoscis
2943 2048 3102 2100 tuam
3118 2044 3146 2100 ‘2
3173 2043 3489 2117 Quisquam
3516 2060 3586 2099 ne
3598 2046 3710 2098 tuo-

2114 2147 2245 2185 rum
2273 2131 2563 2186 famosam
2584 2133 2806 2188 cladem
2840 2134 3065 2189 illatam
3098 2133 3458 2206 mihiputare
3487 2130 3704 2187 debebit

2115 2220 2188 2274 ad
2207 2236 2265 2274 se
2296 2220 2537 2275 minime
2557 2222 2874 2293 pertinere,
2890 2226 3065 2293 utque
3077 2238 3278 2276 rerum
3300 2221 3505 2276 infima
3520 2220 3709 2274 abhor-

2114 2307 2286 2363 rere?
2316 2309 2383 2361 Et
2412 2309 2671 2380 quamvis
2703 2327 2856 2364 nunc
2898 2311 3141 2381 dejecta,
3174 2313 3376 2365 tamen
3410 2308 3603 2363 habuit
3625 2322 3709 2361 me

2116 2396 2271 2451 orbis
2301 2400 2583 2452 terrarum
2604 2398 2883 2470 optimam
2905 2399 2989 2453 sui
3015 2400 3456 2471 partem.Penes
3483 2414 3574 2451 me
3590 2411 3708 2468 pro-

2116 2486 2423 2557 phetarum
2463 2488 2714 2553 oracula,
2771 2488 3235 2558 patriarcharum
3286 2486 3549 2558 insignia.
3581 2484 3709 2540 Hinc

2117 2576 2271 2631 clara
2283 2577 2503 2630 lumina
2527 2576 2725 2631 mundi
2742 2578 2986 2650 apostoli
2999 2578 3363 2649 prodierunt,
3378 2578 3510 2633 hinc
3522 2573 3711 2631 Christi

2114 2664 2291 2718 fidem
2304 2664 2682 2736 reperitorhis
2693 2667 3162 2739 terrarum,apud
3173 2683 3272 2722 me
3284 2667 3711 2737 Redemptorem

2116 2769 2281 2807 suum
2300 2752 2773 2809 invenit.Etenim
2792 2755 3058 2828 quamvis
3074 2755 3290 2829 ubique
3322 2755 3396 2811 sit
3410 2753 3710 2817 divinitate,

2114 2844 2313 2896 tamen
2331 2841 2423 2895 hic
2445 2841 2807 2898 humanitate
2836 2848 3024 2912 natus,
3045 2860 3262 2916 passus,
3295 2846 3566 2916 sepultus,
3593 2840 3712 2895 hinc

2118 2928 2191 2984 ad
2224 2930 2393 2984 cmlos
2425 2931 2628 2985 elatus.
2662 2930 2775 2985 Sed
2822 2948 2954 2987 cum
2985 2934 3274 3004 propheta
3328 2932 3572 2989 dixerit:
3601 2928 3714 2983 Erit

2116 3017 2409 3089 sepulcrum
2442 3020 2555 3091 ejus
2588 3019 2901 3090 gloriosum,
2933 3021 3174 3092 paganis
3217 3022 3350 3077 loca
3378 3023 3572 3077 sancta
3598 3017 3715 3072 sub-

397 3101 693 3161 miremini
723 3102 767 3155 εἰ
799 3099 888 3154 bis
934 3096 1135 3154 castris
1186 3094 1559 3183 “19739911092
1622 3091 1719 3147 “bi
1744 3090 2021 3183 Finit?“
2053 3096 2100 3161 C
2121 3108 2496 3174 vertentibus,
2523 3110 2707 3164 tentat
2725 3090 2986 3165 diabolus
3003 3109 3578 3183 reddereinglorium
3604 3105 3718 3161 Eni-

396 3192 585 3268 portio
611 3190 757 3263 legis
773 3185 1237 3252 humanmmulla
1248 3182 1489 3237 divinas:
1514 3180 1848 3236 humanitas
1860 3178 2022 3268 quip-

397 3266 470 3354 pe
487 3279 740 3352 primain
757 3271 1251 3342 activis,divinitas
1279 3270 1533 3325 secunda
1550 3269 1603 3323 in
1639 3266 2019 3341 speculativis.

398 3368 523 3425 Fiet
547 3368 655 3421 hoc
685 3380 818 3420 mea
847 3360 1343 3436 pusillanimitate,
1382 3362 1570 3413 vestra
1616 3359 1871 3412 cessante
1897 3371 2021 3410 ma-

400 3454 812 3529 gnanimitate.

949 3571 1291 3629 EPISTOLA
1329 3570 1483 3626 XXIV

727 3702 803 3740 AD
841 3698 1106 3739 LUPITUM
1144 3695 1557 3735 BARCHINONEN
1567 3694 1677 3733 δεδι
1687 3718 1701 3733 .

476 3793 631 3850 Licet
652 3792 805 3867 apud
832 3794 889 3846 te
921 3789 1079 3845 nulla
1108 3802 1241 3842 mea
1293 3784 1410 3840 sint
1462 3784 1695 3853 merita,
1754 3781 2025 3838 nobilitas

405 3891 603 3942 tamen
635 3901 701 3940 ac
751 3879 1055 3937 atfahil‘tas
1097 3882 1197 3933 tua
1228 3891 1322 3929 me
1368 3874 1603 3929 adducit
1628 3873 1687 3928 in
1733 3876 1790 3927 te
1847 3870 2024 3927 conﬁ-

405 3976 564 4042 dere,
598 3974 669 4029 de
701 3976 759 4027 te
810 3982 1184 4043 praesumere.
1236 3966 1434 4035 Itaque
1491 3962 1705 4017 librum
1738 3960 1809 4015 de
1842 3963 2025 4015 astro-

406 4063 562 4135 logia
610 4061 961 4117 translatum
993 4074 1027 4112 a
1056 4058 1134 4123 te,
1171 4052 1313 4108 mihi
1372 4049 1596 4124 petenti
1650 4048 1857 4121 dirige,
1893 4050 1952 4103 et
1980 4047 2027 4103 si

409 4151 550 4224 quid
569 4150 684 4206 mei
707 4150 861 4204 voles
882 4146 942 4201 in
962 4139 1566 4215 recompensationem
1595 4137 1920 4194 indubitate
1943 4152 2030 4191 re-

412 4255 610 4314 posce.

962 4357 1299 4414 EPISTOLA
1335 4354 1485 4412 XXV.

556 4487 630 4525 AD
662 4483 799 4524 BONI
830 4480 1030 4520 FILIAM
1067 4479 1509 4520 GERUNDENSEM
1538 4477 1886 4517 EPISCOPUM.

487 4576 660 4639 Multa
701 4571 941 4647 quidem
1012 4569 1323 4627 auctoritas
1403 4568 1575 4624 vestri
1634 4566 1891 4623 nominis
1933 4582 2033 4621 me

418 4668 632 4734 movet,
730 4677 862 4717 cum
934 4660 1008 4716 ad
1090 4658 1401 4713 vivendum
1480 4660 1537 4711 et
1617 4656 2032 4729 alloquendum

416 4761 542 4813 tum
600 4754 776 4810 etiam
849 4750 922 4805 ad
1000 4747 1523 4820 obtemperandum
1560 4762 1573 4801 :
1608 4750 1666 4801 et
1742 4746 1852 4801 hoc
1933 4745 2033 4801 diu

419 4848 697 4918 negatum
718 4838 936 4897 distulit
976 4840 1189 4910 negata
1236 4835 1469 4891 libertas
1528 4850 1597 4889 ea
1635 4850 1767 4889 cum
1831 4834 2031 4889 dolore

418 4948 708 4991 concessa.
742 4926 990 4985 Domino
1021 4942 1153 4981 meo
1215 4923 1425 4979 Ottone
1482 4923 1702 4979 Caesare
1753 4923 1880 4994 jam
1913 4939 2029 4978 non

419 5023 745 5095 superstite,
768 5016 854 5071 fas
896 5019 955 5071 et
981 5014 1181 5069 amicis
1211 5012 1389 5085 loqui,
1419 5014 1478 5067 et
1529 5027 1731 5066 eorum
1772 5010 2033 5081 imperiis

420 5108 677 5182 obsequi.
713 5106 770 5163 Si
797 5121 910 5178 qua
941 5103 1105 5158 nobis
1134 5101 1461 5173 significare
1488 5099 1707 5167 voletis,
1740 5116 1925 5171 neque
1956 5099 2031 5155 ad

419 5197 705 5254 Kalendas
760 5191 1096 5249 Novembris
1154 5189 1369 5256 Remis,
1425 5206 1523 5243 vni
1610 5188 1733 5243 Kal.
1790 5188 2024 5244 Ianuar.

418 5288 619 5342 Romae
649 5284 888 5350 erimus,
914 5280 959 5335 si
1006 5295 1145 5351 pace
1169 5277 1249 5332 uti
1302 5275 1641 5350 poterimus.
1698 5276 1779 5329 De
1832 5274 2027 5330 multi-

416 5372 725 5451 plicatione
757 5374 814 5427 et
844 5368 1116 5426 divisione
1155 5381 1534 5421 numerorum
1561 5365 1768 5436 Ioseph
1802 5363 2030 5436 sapiens

415 5463 735 5522 sententias
755 5459 1034 5534 quasdam
1067 5455 1266 5524 edidit,
1312 5472 1407 5510 eas
1452 5454 1623 5509 Pater
1673 5470 1835 5507 meus
1864 5453 2032 5508 Adal-

417 5557 558 5614 bero
581 5553 895 5610 Remorum
914 5544 1372 5625 archiepiscopus
1400 5545 1589 5601 vestro
1612 5542 1798 5600 studio
1813 5542 2029 5602 habere

416 5645 594 5724 cupit.

2053 4359 2108 4419 D

2123 3198 2245 3250 tere
2277 3197 2609 3267 ergo,miles
2632 3197 2860 3266 Christi,
2894 3201 3014 3253 esto
3045 3198 3291 3271 signifer
3310 3203 3370 3255 et
3388 3209 3720 3269 compugna-

2122 3286 2236 3352 tor,
2264 3286 2323 3339 et
2354 3285 2510 3356 quod
2541 3285 2716 3339 armis
2738 3287 2959 3358 nequis,
2983 3286 3203 3342 consilii
3237 3292 3302 3342 et
3330 3303 3506 3360 opum
3528 3282 3716 3341 auxilio

2126 3373 2384 3428 subveni.
2408 3372 2556 3438 Quid
2587 3378 2672 3429 est
2697 3374 2852 3446 quod
2880 3375 3107 3443 das,aut
3134 3376 3224 3430 cui
3251 3376 3396 3432 das?
3438 3388 3637 3445 nempe
3659 3386 3719 3425 ex

2125 3463 2306 3517 multo
2333 3462 2647 3531 modicum,
2679 3467 2737 3517 et
2760 3463 2813 3518 ei
2843 3463 2940 3534 qui
2962 3481 3137 3519 omne
3168 3465 3331 3537 quod
3355 3465 3528 3520 habet
3559 3458 3721 3534 gratis

2124 3550 2304 3620 dedit,
2331 3567 2437 3605 nec
2458 3554 2581 3606 tam
2614 3551 2854 3624 ingratis
2900 3553 3138 3626 recepit,
3179 3556 3237 3608 et
3255 3554 3354 3609 hic
3384 3569 3514 3609 eum
3542 3548 3723 3606 multi-

2122 3638 2319 3710 plicat,
2349 3642 2408 3693 et
2435 3639 2491 3694 in
2524 3640 2717 3695 futuro
2775 3644 3131 3696 remunerat.
3164 3643 3274 3697 Per
3306 3658 3401 3698 me
3453 3634 3725 3696 benedicit

2122 3727 2251 3797 tibi,
2284 3732 2346 3783 ut
2375 3729 2681 3801 largiendo
2710 3733 2925 3785 crescat
2961 3734 3019 3786 et
3050 3734 3288 3803 peccata
3335 3718 3567 3798 relaxet,
3596 3729 3723 3781 utse

2132 3832 2265 3872 cum
2295 3818 2597 3889 regnando
2633 3817 2804 3874 vivas.

2665 3921 3003 3983 EPISTOLA
3039 3923 3210 3982 XXIX.

2249 4030 2322 4068 AD
2360 4030 2652 4072 WALONEM
2691 4031 2954 4082 EJUSQUE
2992 4032 3353 4073 PERTINACES
3382 4032 3452 4072 EX
3492 4023 3726 4072 PERSONA

2732 4119 3154 4161 ADALBERONIS.

2213 4192 2351 4249 Vide
2378 4192 2707 4263 Patrologiae
2736 4199 2865 4248 tom.
2914 4191 3142 4249 CXXX
3154 4193 3272 4250 VII
3293 4198 3351 4251 in
3378 4198 3721 4251 Apuanos:

2673 4283 2941 4351 BauaNSI,
2970 4286 3118 4355 epist.
3155 4286 3207 4340 3.

2679 4389 3023 4445 EPISTOLA
3058 4391 3202 4446 XXX.

2133 4493 2210 4533 AD
2251 4492 2637 4535 NOTEGARIUM
2686 4492 3011 4534 EPISCOPUM
3058 4494 3457 4536 LEODICENSEM
3505 4493 3575 4533 EX
3604 4491 3726 4533 PER‘

2716 4584 2861 4623 SONA
2889 4582 3165 4624 EIUSDEM.

2211 4655 2347 4712 Vide
2375 4655 2471 4711 ubi
2494 4674 2677 4730 supra,
2725 4659 2877 4729 epist.
2908 4659 2961 4712 4.

2680 4747 3011 4803 EPISTOLA
3054 4747 3223 4804 XXXI.

2135 4853 2575 4894 CONTROVERSIA
2606 4852 2898 4892 DIEDERICI
2918 4853 3179 4893 EPISCOPI
3211 4851 3489 4893 METENSIS
3513 4844 3730 4890 CONTRA

2797 4939 3096 4980 CAROLUM.

2174 5024 2181 5033 ‘
2202 5015 2751 5082 DIEDERICUS,SCI‘VUS
2761 5029 3057 5070 servorum
3071 5013 3728 5085 Domini,imperatorum

2131 5102 2676 5176 amator,prolisque
2697 5102 3015 5158 tutissimus
3034 5106 3191 5159 tutor
3234 5102 3451 5159 CAROLO
3463 5096 3731 5171 sanguine

2134 5192 2354 5263 nepoti,
2383 5192 2482 5247 sed
2511 5191 2644 5247 fidei
2674 5191 3183 5263 impudentissimo
3212 5189 3494 5247 violatori.

2203 5280 2403 5335 Fidem
2433 5297 2467 5335 a
2494 5279 2729 5334 nemine
2769 5295 3025 5352 unquam
3048 5280 3336 5335 bonorum
3352 5277 3639 5341 violatam,
3673 5273 3730 5325 ut

2132 5368 2303 5435 nosti,
2328 5371 2612 5442 prazsente
2639 5368 2970 5423 venerando
3002 5368 3310 5440 Notegario
3344 5365 3624 5438 episcopo,
3650 5364 3729 5415 te-

2132 5471 2243 5529 que
2273 5458 2405 5512 licet
2434 5474 2550 5512 non
2569 5456 2970 5524 nobilioribus,
2993 5461 3194 5511 tamen
3216 5456 3452 5511 veritate
3471 5450 3730 5509 excellen-

2132 5545 2375 5601 tioribus
2402 5545 2816 5619 praesentibus;
2850 5549 2987 5600 ante
3014 5545 3167 5600 beati
3209 5542 3444 5600 Joannis
3471 5555 3650 5606 aram,
3672 5536 3726 5592 in

2135 5649 2297 5692 sacra
2324 5634 2502 5693 verba
2531 5633 3051 5711 datam,levissime
3063 5629 3564 5712 transfugamecin
3581 5628 3751 5705 hanc:
