3954 6170
303 356 413 447 eos

1198 376 1441 443 sacrm
1487 372 1530 441 ι.
1574 388 1648 427 -έ
1686 372 1868 441 me
1907 356 2195 443 smmum
2231 362 2753 448 pomricxmu.

3526 382 3631 453 aio

304 522 413 569 nec
433 506 493 566 in
524 498 689 566 illam
724 504 956 581 partem
988 502 1162 563 fidem
1190 505 1431 575 habens,
1461 522 1640 563 caecus
1668 508 1725 563 te
1756 520 1921 563 amor
1951 506 2006 567 A
2082 504 2381 563 Gravitatis
2398 506 2680 582 siquidem
2696 526 2841 567 mete
2855 509 3635 577 fuerat,maledictatuataei-

304 599 603 674 regnandi
636 597 997 654 debilitatum
1030 596 1332 669 negligere
1355 595 1562 668 coegit.
1584 597 1647 651 Et
1666 596 1804 668 quid
1821 595 1925 651 mi-

297 706 433 745 rum
467 689 513 743 si
544 688 604 743 in
638 689 911 759 nepotem
940 690 1161 759 pestem
1203 684 1285 740 tui
1324 684 1705 740 sordidissimi
1733 685 1922 742 cordis

298 778 546 845 evomis,
574 777 672 849 qui
699 780 937 831 cruenta
962 792 1139 830 manu
1171 778 1228 829 et
1252 774 1325 829 ad
1356 790 1532 829 omne
1563 775 1746 828 scelus
1772 791 1920 829 sem-

296 865 856 941 per'promptissima
870 882 1001 920 cum
1019 866 1312 919 latronum
1328 879 1503 936 grege
1519 866 1575 917 et
1588 864 1775 917 furum
1801 880 1917 918 ma-

294 955 522 1026 nipulo,
539 956 679 1009 dum
697 953 861 1009 fratri
880 958 977 1009 tuo
994 953 1172 1008 nobili
1193 953 1544 1007 Francorum
1561 952 1683 1023 regi
1701 953 1917 1007 Laudu-

294 1060 440 1098 num
452 1044 745 1098 civitatem
761 1043 1185 1113 suam,inquam
1205 1057 1695 1112 suam,nunquam
1716 1041 1913 1114 utique

293 1133 484 1195 tuam,
512 1131 646 1185 dolo
668 1131 822 1184 malo
847 1129 1194 1202 subriperes,
1214 1144 1464 1199 eumque
1486 1145 1667 1199 regno
1682 1129 1911 1184 frauda-

291 1237 409 1286 res,
425 1223 484 1274 et
505 1218 943 1292 imperatoriam
966 1233 1255 1285 sororem,
1282 1217 1563 1288 regnique
1582 1216 1663 1271 sui
1684 1234 1914 1273 consor-

288 1311 414 1361 tem
447 1307 783 1374 iufamares,
816 1307 1038 1378 tuisque
1070 1304 1387 1360 mendaciis
1408 1306 1909 1362 commatulares?

288 1396 446 1451 Nihil
477 1413 742 1467 unquam
774 1395 935 1466 pensi
965 1394 1261 1460 habuistis,
1298 1393 1554 1461 dilatate,
1576 1393 1907 1462 incrassate,

287 1483 683 1557 impinguate,
706 1483 802 1556 qui
827 1500 944 1538 non
966 1487 1191 1538 secutus
1210 1486 1441 1554 patrum
1474 1487 1706 1537 tuorum
1744 1484 1910 1539 vesti-

291 1574 417 1647 gia,
444 1572 798 1644 dereliquisti
818 1571 1130 1627 Dominum
1163 1571 1446 1626 factorem
1472 1573 1660 1626 tuum.
1701 1572 1910 1627 Recor-

288 1664 436 1718 dare
453 1680 519 1718 os
545 1667 709 1717 tuum
732 1661 1041 1733 impudens
1056 1660 1284 1732 quoties
1319 1659 1498 1730 digito
1537 1676 1909 1732 compescue-

287 1752 578 1819 rim,dum
602 1752 795 1822 turpia
822 1751 879 1805 in
904 1751 1248 1804 Remensem
1270 1749 1913 1821 archiepiscopum,tur—

2026 595 2302 651 turnitate
2333 613 2621 668 premere,
2643 617 2747 655 nec
2774 601 2932 673 pensi
2954 602 3166 659 habere
3193 604 3348 677 quod
3366 605 3632 676 petulan-

2021 682 2101 738 tia
2117 685 2770 761 magistyranni,quamj
2781 690 3031 745 udicium
3047 692 3285 763 protulit
3296 692 3628 750 sacerdotis.

2020 770 2132 827 Sed
2153 791 2225 827 ne
2251 773 2543 830 silentium
2566 777 2676 831 tuis
2691 779 3006 850 conjuratis
3022 780 3282 835 videatur
3294 781 3483 837 facere
3501 798 3634 836 con-

2017 861 2350 929 fessionem,
2377 880 2666 920 summam
2698 860 2929 923 tuorum
2951 870 3230 923 scelerum
3256 870 3633 943 paucisattin-

2015 965 2172 1021 gam,
2203 954 2259 1005 et
2277 951 2347 1005 de
2380 953 2647 1009 maximis
2663 955 2907 1011 minima
2926 958 3199 1030 referam.
3228 958 3458 1013 Consilii
3485 975 3628 1031 quo-

2013 1054 2124 1109 que
2147 1038 2260 1093 mei
2285 1042 2564 1095 nonnulla
2583 1044 3047 1112 praetermittam,
3065 1048 3126 1100 ut
3152 1046 3251 1117 qui
3273 1048 3424 1101 velut
3441 1046 3630 1103 inanis

2014 1130 2143 1181 uter
2167 1126 2369 1198 spiritu
2394 1130 2741 1199 intumuisti,
2767 1149 2897 1188 meo
2915 1138 2976 1189 ut
2990 1137 3051 1188 tu
3073 1134 3283 1206 desipis
3303 1135 3625 1203 incrassati,

2015 1214 2386 1287 impinguati,
2420 1217 2664 1285 dilatati,
2700 1236 2926 1292 pressus
2954 1222 3212 1292 pondere
3245 1223 3623 1282 detumescas.

2016 1304 2129 1359 Cur
2154 1304 2437 1360 domnam
2472 1307 2678 1362 ducem
2706 1310 3024 1365 Bcatricem
3051 1328 3182 1366 cum
3204 1312 3321 1367 tilio
3348 1313 3629 1385 regnique

2011 1392 2355 1463 primatibus
2386 1412 2420 1449 a
2448 1396 2614 1451 nobis
2637 1399 2958 1469 praetendis
2990 1400 3248 1455 delusam
3279 1401 3307 1456 ?
3328 1402 3406 1457 Te
3452 1402 3629 1459 miser

2014 1497 2130 1536 non
2156 1482 2351 1549 sentis,
2373 1500 2477 1538 nec
2500 1502 2854 1558 quemquam
2890 1503 3037 1558 pene
3068 1489 3192 1543 fore
3224 1492 3335 1544 tua:
3362 1490 3629 1561 conjura-

2013 1569 2187 1624 tionis
2218 1570 2584 1642 participem.
2619 1575 2742 1629 Non
2775 1576 2947 1642 solus,
2981 1594 3087 1631 nec
3114 1577 3170 1631 in
3197 1580 3409 1650 angulo
3443 1579 3619 1637 fidem

2038 1660 2459 1733 ntegerrimam
2480 1662 2601 1718 ﬁlio
2633 1663 2814 1718 nostri
2837 1664 3075 1719 Ctesaris
3101 1669 3316 1733 astruo,
3346 1669 3408 1720 ut
3438 1669 3497 1720 tu
3520 1683 3629 1721 no-

2014 1752 2216 1803 cturno
2247 1767 2409 1805 mero
2441 1753 2686 1806 eructas.
2707 1753 2931 1807 Adsunt
2950 1769 3177 1808 mecum
3204 1754 3397 1809 Gallim
3414 1754 3628 1825 princi-

288 1840 539 1913 piorain
552 1840 821 1912 reginam
840 1836 1257 1893 dementiendo
1281 1836 1618 1909 serpentino
1647 1838 1815 1894 sibilo
1834 1839 1912 1894 ef-
1939 1822 1991 1881 Β
2014 1854 2131 1909 pes,
2164 1854 2331 1911 reges
2363 1840 2892 1907 Francorum,velis
2910 1841 3056 1896 nolis
3081 1822 3624 1914 prteclarissi—miLo-

286 1928 666 1993 fudisti.Quid
680 1928 740 1983 in
758 1927 1197 1982 Laudunensem
1218 1926 1551 1997 episcopum
1573 1926 1775 1981 feceris
1790 1927 1910 2000 ipse

285 2018 441 2074 nosti
478 2016 871 2083 metius,brevi
907 2018 966 2069 tu
998 2015 1461 2070 Lothariensium
1500 2014 1664 2087 regni
1694 2017 1908 2087 angulo

287 2103 982 2176 latitans,vanissimoque
1007 2102 1308 2176 supercilio
1328 2107 1383 2157 te
1401 2103 1503 2158 toti
1518 2120 1767 2175 praeesse
1782 2106 1906 2176 jac-

285 2194 645 2258 titans.Quid
664 2193 852 2264 neptis
884 2192 1179 2264 utriusque
1218 2196 1479 2247 nostrum
1510 2193 1825 2261 femina,te
1849 2197 1905 2248 te

285 2282 796 2348 viromelior,cum
816 2281 1023 2337 nobilis
1048 2281 1258 2335 indolis
1281 2281 1396 2335 fllio
1426 2298 1438 2335 :
1466 2281 1604 2353 quid
1618 2283 1906 2353 apostolo-

280 2389 417 2429 rum
440 2371 639 2426 vicarii
663 2370 925 2425 Ecclesia;
951 2372 1161 2424 sancite
1196 2369 1356 2425 ovilis
1378 2372 1656 2441 pastores,
1680 2387 1823 2442 quos
1844 2373 1904 2426 tu

276 2461 498 2517 canino
521 2460 699 2514 dente
717 2461 891 2513 noctu
905 2462 962 2513 et
982 2458 1236 2513 interdiu
1248 2458 1454 2513 rodere
1474 2458 1701 2514 conaris
1727 2477 1740 2515 :
1766 2459 1904 2531 quid

276 2549 378 2605 alii
413 2551 701 2621 praeterea
731 2545 1041 2618 principes,
1076 2546 1173 2618 qui
1214 2545 1356 2601 nihil
1390 2549 1489 2601 tuo
1518 2547 1635 2619 juri
1667 2548 1901 2616 debent,

273 2638 553 2710 ejusdem
576 2637 833 2692 habeant
847 2636 1214 2708 Dominoque
1231 2639 1463 2691 auctore
1482 2636 1905 2707 possideantre-

273 2726 597 2781 miniscere
624 2742 638 2780 :
662 2729 721 2781 et
740 2725 822 2780 ita
850 2725 1088 2780 tandem
1116 2724 1314 2779 inania
1345 2725 1634 2779 excutiens
1656 2726 1902 2795 somnia,

271 2816 663 2886 frontemque
676 2813 978 2869 falsissimo
993 2815 1199 2885 poculo
1219 2813 1538 2869 debrialam
1558 2830 1901 2886 expurgatis,
1934 2857 1941 2863 .

274 2904 513 2976 poteris
542 2901 742 2960 metiri
773 2903 854 2957 nil
887 2919 1008 2957 esse
1038 2903 1196 2974 quod
1220 2902 1424 2974 agisad
1453 2902 1532 2957 nil
1556 2902 1747 2959 divino
1762 2907 1904 2959 nutu

274 2992 723 3050 deveniendum
745 2991 901 3065 quod
931 2990 1172 3046 moliris.
1189 2990 1446 3055 Quorum
1464 3008 1601 3063 ergo
1624 2992 1777 3047 haud
1798 3009 1901 3065 pro

2011 1926 2332 1982 tharienses
2364 1928 2477 1982 ﬁde
2501 1928 2712 1983 devoti.
2751 1929 2847 1984 His
2877 1936 2962 1984 est
2987 1947 3138 1985 curre
3166 1931 3315 1986 filius
3358 1932 3622 1996 Caesaris,

2009 2014 2068 2068 hi
2095 2032 2200 2070 nec
2230 2032 2477 2088 regnum
2509 2022 2779 2089 quaerunt
2820 2018 3063 2089 eripere,
3099 2023 3161 2074 ut
3188 2023 3245 2075 tu
3280 2037 3385 2075 nec
3416 2036 3622 2075 conreo

2009 2108 2294 2175 gnantem
2316 2104 2638 2160 instituere.
2662 2106 2741 2161 Tu
2759 2106 2949 2162 divina
2965 2112 3021 2161 et
3036 2109 3295 2163 humana
3313 2108 3624 2164 confudisti

1999 2192 2155 2263 jura,
2180 2193 2366 2265 deque
2392 2194 2613 2266 legibus
2635 2195 2880 2250 oscitans
2896 2200 2958 2251 ut
2979 2196 3150 2252 limax
3167 2198 3223 2251 in
3248 2213 3350 2251 suo
3366 2196 3620 2253 conclavi

2006 2284 2327 2353 cornnpeta
2354 2282 2458 2337 tibi
2490 2283 2717 2339 videris.
2751 2284 2865 2339 Cur
2895 2286 3168 2356 pastorali
3209 2284 3399 2340 ofﬁcio
3432 2284 3621 2339 minas

2004 2368 2261 2425 intendis
2281 2370 2309 2425 ?
2342 2370 2511 2435 Quasi
2532 2388 2667 2427 vero
2692 2374 2752 2427 tu
2775 2376 2989 2444 pastor,
3016 2377 3073 2428 et
3094 2391 3210 2429 non
3228 2375 3396 2445 lupus
3421 2390 3618 2447 rapax,

2005 2461 2061 2514 et
2083 2458 2272 2531 potius
2302 2460 2450 2515 alter
2472 2460 2666 2526 ludas,
2698 2460 2742 2515 si
2769 2461 2943 2515 Judas
2972 2463 3283 2533 apostolus,
3304 2461 3400 2534 qui
3419 2461 3617 2516 Domi-

2006 2565 2151 2603 num
2179 2565 2347 2602 suum
2380 2548 2618 2621 triginta
2640 2548 2896 2619 prodidit
2913 2550 3225 2622 argenteis,
3242 2554 3299 2605 et
3323 2554 3382 2605 tu
3400 2550 3616 2622 episco-

2007 2652 2110 2707 pus
2124 2636 2535 2708 qniDominum
2552 2640 2714 2691 tuum
2733 2654 2931 2709 regem
2946 2638 3237 2693 timredem
3254 2639 3419 2711 regni
3433 2654 3615 2710 regno

2006 2724 2261 2797 privasti,
2279 2741 2378 2796 spe
2396 2725 2767 2781 famosissimi
2786 2731 3055 2798 quaestus.
3087 2729 3331 2782 Parvum
3355 2727 3457 2783 tibi
3483 2728 3613 2795 hoc,

2006 2830 2204 2885 pcenas
2235 2814 2305 2868 de
2338 2830 2407 2869 eo
2434 2818 2719 2885 quantum
2748 2816 2821 2870 ad
2845 2819 2900 2869 te
2932 2816 3047 2871 fine
3074 2820 3337 2871 carentes
3364 2816 3516 2870 velut
3545 2816 3617 2872 de

2003 2902 2166 2956 hoste
2181 2902 2491 2973 sumpsisti.
2506 2902 2727 2957 Siccine
2744 2903 3024 2959 Ottonum
3042 2905 3495 2975 promeruerunt
3516 2904 3613 2959 bo-

2004 2989 2208 3045 ueﬁcia
2226 2990 2254 3045 ?
2277 2990 2535 3062 Denique
2568 3008 2867 3063 nunquam
2902 2993 2974 3046 ad
2993 3009 3091 3047 eos
3118 2993 3294 3046 fidem
3322 2991 3607 3057 habuisse,

270 3084 498 3139 merito
517 3082 1081 3153 ascriptusnumero,
1107 3080 1323 3153 ligandi
1341 3081 1903 3153 solvendiquedona-
1930 3102 1977 3165 C
2004 3096 2119 3133 non
2136 3079 2309 3134 solius
2326 3078 2425 3133 filii
2439 3095 2607 3134 causa
2626 3081 3000 3136 convinceris.
3016 3082 3103 3134 An
3122 3097 3253 3135 cum
3272 3080 3608 3135 Lotharium

268 3178 368 3230 tus
380 3172 788 3239 honore,mihi
809 3171 1050 3243 indigno
1070 3170 1339 3241 pastorali
1360 3171 1515 3243 virga
1529 3170 1897 3227 commissam

269 3263 636 3319 defensurus
661 3259 971 3315 Ecclesiam
1006 3276 1019 3313 :
1054 3258 1364 3313 Ecclesiam
1389 3258 1536 3325 dico,
1570 3276 1687 3314 non
1723 3259 1895 3314 aliam

267 3368 459 3426 quam
493 3348 714 3405 summi
743 3348 988 3422 pastoris
1013 3349 1295 3419 sanguine
1317 3348 1704 3421 redemptam,
1721 3366 1895 3422 quam

265 3444 357 3507 tu,
395 3438 666 3494 divinum
690 3438 787 3509 jus
807 3440 1210 3503 contemnens,
1228 3453 1360 3491 cum
1384 3437 1496 3491 tuis
1521 3438 1897 3503 complicibus

264 3531 540 3585 lacerare
564 3530 741 3600 atque
774 3526 1055 3581 dilaniare
1086 3543 1190 3599 pro
1217 3542 1383 3599 posse
1414 3529 1511 3582 tuo
1542 3528 1846 3583 contendis
1878 3544 1891 3582 :

265 3616 627 3675 horribilem
655 3616 1109 3688 spernensillam
1135 3615 1497 3670 Dominicam
1526 3632 1747 3682 vocem,
1781 3634 1896 3689 qua

268 3710 518 3762 tonatur
538 3723 552 3760 :
575 3704 687 3772 Qui
709 3722 797 3759 vos
818 3707 1008 3775 tangit,
1035 3708 1209 3775 tangit
1223 3705 1485 3777 pupillam
1515 3705 1656 3759 oculi
1683 3707 1805 3773 mei,
1839 3708 1898 3760 et

268 3796 451 3851 aliam
486 3812 606 3867 qua
637 3794 845 3849 eodem
890 3794 1065 3849 modo
1097 3794 1308 3849 dicitur
1340 3812 1352 3848 :
1386 3794 1498 3861 Qui
1536 3810 1627 3849 eos
1675 3796 1892 3865 spernit,

268 3902 355 3938 me
378 3887 607 3955 spernit.
640 3883 760 3937 Tua
804 3883 1080 3937 hactenus
1127 3874 1366 3937 vulnera
1403 3900 1604 3937 curare
1636 3883 1892 3949 studens,

266 3973 463 4029 infndi
495 3975 694 4027 oleum
716 3976 774 4026 et
805 3971 1027 4040 vinum,
1062 3972 1218 4027 idem
1256 3972 1418 4027 mitia
1447 3977 1667 4028 secreto
1688 3990 1788 4044 per
1810 3973 1896 4027 fa-

268 4062 537 4117 miliares
556 4062 785 4116 nostros
796 4061 1012 4133 asperis
1022 4060 1249 4131 publice
1266 4060 1529 4116 miscens.
1543 4060 1769 4117 Abhinc
1789 4060 1892 4115 nisi

271 4152 587 4222 resipiscas
602 4149 846 4221 Spiritus
859 4150 1041 4204 sancti
1060 4150 1378 4222 gladio,qui
1396 4150 1535 4204 mihi
1557 4149 1896 4205 commissus

272 4244 381 4307 est,
405 4256 547 4295 cum
582 4238 688 4293 tibi
712 4238 1217 4310 computribilibus
1240 4238 1517 4294 membris
1547 4238 1893 4306 rescindam,

274 4333 453 4401 atque
474 4327 601 4400 igni
622 4327 846 4383 tradam
865 4327 1317 4399 inexstinguibili
1341 4345 1352 4383 :
1375 4330 1435 4382 ut
1453 4328 1597 4383 sicut
1615 4328 1755 4382 fides
1776 4330 1894 4395 tua,

1999 3184 2200 3239 regem
2247 3169 2623 3234 Francorum,
2668 3185 2841 3240 quem
2892 3169 3209 3242 gloriosum
3250 3185 3437 3234 vocas,
3473 3184 3607 3224 cum

1998 3257 2255 3312 maxime
2288 3256 2498 3324 oderis,
2529 3258 2683 3312 hunc
2711 3257 2951 3330 inquam
2980 3274 3110 3312 cum
3133 3275 3317 3331 regno
3332 3258 3605 3329 pellebas,

1999 3362 2209 3418 meque
2233 3362 2481 3417 regnare
2502 3347 2771 3417 cogebas,
2787 3348 2960 3401 fidem
2971 3364 3041 3401 ne
3058 3347 3109 3402 ei
3129 3351 3185 3402 et
3202 3346 3342 3401 mihi
3366 3345 3609 3420 promis-

1998 3451 2120 3489 sam
2153 3435 2466 3489 servabas?
2496 3435 2627 3490 Mihi
2659 3435 3002 3507 promissam
3053 3436 3181 3491 dico
3232 3439 3369 3491 ante
3414 3452 3604 3502 aram,

1997 3540 2172 3595 quam
2189 3522 2561 3593 impudenter
2585 3524 2872 3579 nominas.
2896 3524 3162 3580 Profecto
3182 3523 3455 3596 intelligis
3468 3524 3606 3596 quid

1994 3610 2218 3667 feceris.
2263 3612 2478 3666 Contra
2506 3613 2748 3667 fratrem
2778 3630 2974 3667 meum
3005 3631 3067 3668 ac
3100 3631 3358 3670 sororem
3383 3613 3606 3669 domini

1998 3702 2077 3755 tui
2111 3719 2204 3755 me
2238 3717 2400 3756 arma
2433 3719 2636 3773 parare
2684 3702 3041 3773 impellebas,
3097 3708 3158 3757 ut
3206 3721 3382 3759 omne
3422 3721 3605 3776 genus

1998 3797 2258 3844 nostrum
2290 3789 2516 3860 regium
2548 3791 2762 3845 mutuis
2789 3791 3493 3860 vulneribusconfoderes,
3517 3796 3605 3863 ty-

1995 3895 2211 3933 rannos
2225 3878 2461 3934 nomine
2481 3896 2684 3951 regum
2702 3880 3230 3947 substitucrcs,cum
3246 3881 3449 3953 quibus
3466 3898 3601 3936 con-

1997 3970 2219 4038 tempto
2242 3968 2564 4023 sacerdotio
2596 3969 2782 4023 vacuis
2796 3970 2939 4023 aulis
2961 3969 3230 4024 incubare
3248 3986 3461 4039 posses.
3483 3969 3602 4024 La:-

1998 4056 2135 4111 dere
2161 4073 2253 4110 me
2276 4060 2462 4129 putas,
2496 4056 2540 4111 si
2572 4073 2669 4110 eos
2700 4057 2905 4111 lmsisse
2937 4057 3111 4121 dicas,
3145 4073 3392 4128 quorum
3419 4056 3605 4127 gloria

1998 4144 2236 4216 glorior,
2271 4162 2469 4199 aversa
2490 4144 2763 4215 opinione
2797 4144 3045 4216 afﬂigor.
3066 4145 3276 4199 Verum
3304 4142 3469 4198 aliter
3495 4147 3601 4210 est,

1997 4233 2335 4288 immanitas
2365 4234 2648 4287 scelerum
2685 4237 2917 4289 tuorum
2957 4235 3241 4289 occultare
3282 4218 3335 4288 te
3370 4232 3605 4305 propria

1998 4338 2115 4377 non
2139 4322 2353 4394 patitur
2370 4321 2609 4394 flagitia.
2629 4322 2694 4376 Et
2710 4322 2972 4394 quamvis
2984 4322 3328 4395 purgatione
3347 4322 3425 4377 uti
3445 4322 3601 4389 velis,

272 4418 320 4472 si
353 4435 483 4473 non
506 4418 945 4481 contemneres,
962 4418 1109 4471 esset
1124 4421 1253 4470 cum
1268 4417 1507 4489 superis,
1536 4417 1617 4471 ita
1640 4417 1898 4472 contem-
1921 4393 1972 4450 D
1997 4428 2102 4486 per
2117 4412 2475 4467 emotionem
2494 4411 2550 4466 in
2569 4428 2874 4483 personam
2893 4416 3049 4467 tuam
3066 4411 3524 4483 pallorsubinde,
3538 4428 3604 4465 ac

274 4505 446 4562 uenti
483 4504 557 4559 sit
589 4507 872 4576 perpetuo
906 4522 1038 4560 cum
1080 4504 1299 4560 inferis.
1332 4504 1572 4569 Quando
1599 4505 1724 4576 jam
1764 4522 1897 4561 con-

273 4594 536 4650 ﬁrmatis
596 4594 848 4648 vectibus
894 4598 951 4649 ct
1000 4594 1241 4649 caelestis
1291 4594 1639 4649 Hierusalem
1694 4594 1897 4649 clausis

274 4684 464 4756 portis
486 4700 522 4737 a
552 4681 801 4754 Virginis
826 4683 944 4737 filio
977 4682 1151 4753 ipsius
1176 4682 1414 4738 civitatis
1439 4700 1649 4755 sponso
1675 4684 1896 4739 dicetur

272 4771 551 4845 reprobis
575 4788 589 4826 :
614 4770 878 4826 Discedite
897 4788 930 4826 ιι
946 4771 1403 4839 me,maledicti,in
1425 4774 1596 4842 ignem
1615 4780 1892 4839 aeternum,

272 4865 716 4933 qm‘prrrparatus
729 4867 804 4914 est
817 4859 1033 4916 diabolo
1049 4867 1099 4914 et
1111 4861 1313 4931 angelis
1326 4848 1607 4932 e’jus,sicut
1619 4861 1893 4934 scriptum

275 4954 365 5004 est
394 4967 408 5004 :
458 4949 553 5004 γε
582 4967 671 5021 qui
706 4949 970 5020 przdaris
1002 4950 1022 5002 !
1070 4966 1245 5003 nonne
1289 4957 1337 5005 et
1376 4952 1481 5021 ipse
1512 4949 1840 5021 przedaberis
1867 4951 1896 5005 ‘?

278 5038 432 5092 Cave
463 5055 537 5092 ne
568 5037 629 5091 in
659 5054 729 5092 ea
766 5038 964 5108 praeda
1010 5036 1322 5093 inveniaris
1356 5038 1412 5092 in
1455 5056 1569 5110 qua
1616 5038 1713 5109 qui
1747 5037 1897 5094 inve-

281 5128 446 5182 nitur
468 5128 543 5182 ab
574 5129 794 5181 aeterna
822 5127 1160 5182 hmreditate
1196 5128 1438 5183 extorris
1475 5128 1759 5183 redditur.

543 5212 761 5264 lnfutuet
791 5217 1023 5266 Dominus
1046 5216 1310 5265 consilium
1337 5215 1649 5281 Achitophcl.

808 5296 1145 5352 EPISTOLA
1188 5297 1383 5353 XXXII.

597 5402 939 5441 GERBERTUS
969 5403 1037 5440 EX
1066 5402 1322 5441 PERSONA
1348 5402 1582 5441 CAROLl.

359 5475 619 5531 Canows
643 5477 765 5531 sola
792 5476 893 5530 Dei
930 5476 1119 5548 gratia
1150 5475 1197 5530 si
1245 5475 1383 5548 quid
1441 5478 1546 5542 est,
1597 5477 1901 5530 DIEDERICO

293 5565 734 5635 hypocritarum
758 5564 921 5632 ideae,
949 5564 1368 5635 imperatorum
1399 5564 1454 5618 in
1465 5564 1901 5637 ﬁdissimo,pro-

291 5652 479 5727 lisque
507 5652 805 5725 parricida:
832 5670 896 5708 ac
921 5652 980 5709 in
1023 5668 1333 5708 commune
1365 5652 1512 5709 hosti
1542 5652 1688 5725 reip.

1996 4500 2238 4556 subinde
2257 4499 2753 4567 rubor,silentium
2772 4501 2827 4556 in
2851 4501 3138 4573 loquendo
3151 4501 3605 4568 subitum,verba

1997 4590 2188 4645 subita
2202 4589 2491 4662 prioribus
2510 4607 2625 4645 non
2641 4590 3196 4652 cohwrcntia,etiam
3216 4606 3330 4643 non
3347 4606 3607 4661 quaeren-

1997 4680 2148 4734 tibus
2173 4677 2380 4749 ingens
2411 4682 2773 4732 tormentum
2798 4678 3164 4733 conscientia
3186 4678 3603 4750 produnt.Eru-

1996 4769 2184 4835 besce,
2213 4766 2407 4833 miser,
2427 4770 2483 4821 et
2505 4767 2660 4838 quod
2680 4770 2732 4821 te
2750 4768 2936 4822 solum
2973 4766 3115 4821 scire
3139 4765 3372 4838 putasti,
3393 4765 3465 4821 ad
3486 4782 3607 4820 om-

1997 4855 2160 4909 nium
2193 4854 2460 4909 notitiam
2494 4855 2818 4926 pervenisse
2850 4872 3159 4927 cognosce.
3212 4855 3466 4909 Peccatis
3495 4853 3607 4909 tuis

1999 4943 2263 4998 innoxios
2288 4942 2406 4998 noli
2436 4945 2959 5011 commaculare,et
2978 4943 3113 4999 vitia
3143 4946 3241 4998 tua
3273 4943 3608 5015 turpissima

1999 5034 2245 5089 aliorum
2284 5032 2474 5088 metiri
2522 5033 2790 5088 manibus
2828 5033 2995 5089 toties
3053 5033 3310 5105 perjurio
3353 5032 3603 5100 pollutis.

2000 5125 2168 5178 Cessa
2197 5126 2560 5177 sacrosancta
2581 5122 2813 5187 violare,
2842 5126 2898 5177 et
2919 5122 3014 5194 qui
3041 5123 3206 5177 nobis
3228 5121 3431 5175 indicis
3450 5120 3608 5192 prior

1999 5211 2324 5267 remedium
2355 5210 2939 5283 pmnitentiwqumre
2959 5210 3604 5282 publicum.Perjurium

2001 5300 2293 5373 peregisti,
2327 5300 2528 5355 urbem
2557 5299 2858 5371 prOpriam
2889 5298 3108 5370 rapinis
3135 5298 3466 5366 cxhausisti,
3500 5298 3609 5352 de-

2003 5389 2307 5462 populatus
2319 5405 2377 5442 cs
2390 5387 2696 5443 Ecclesiam
2712 5386 2812 5442 tibi
2828 5389 2909 5451 (ut
2922 5387 3021 5457 ais)
3046 5386 3350 5441 creditam.
3367 5384 3606 5456 Aequic-

2004 5494 2121 5544 sco,
2145 5476 2325 5532 redde
2346 5493 2484 5549 ergo
2504 5492 2571 5531 eo
2595 5475 2751 5548 quod
2764 5476 2972 5530 abusus
2990 5491 3049 5528 es
3079 5474 3338 5529 custodia
3357 5471 3609 5527 dominae

2007 5571 2121 5621 tum
2144 5581 2320 5637 quam
2341 5563 2893 5634 humiliasti,erepta
2910 5562 3197 5628 libertate,
3217 5559 3483 5632 imposita
3499 5573 3613 5611 ser-

2011 5654 2210 5711 vitute.
2246 5654 2312 5709 Et
2341 5652 2435 5727 qui
2460 5650 2676 5727 pupilla
2707 5649 2939 5707 Domini
2983 5649 3265 5716 scriberis,
3312 5644 3511 5719 pupilli
3556 5648 3612 5727 et
