3898 6168
404 314 506 385 illi

1057 312 1109 380 II
1145 306 1498 380 SILVES’I‘BI
1530 305 1741 376 PAPJE
1778 299 1934 372 OPP.
1971 294 2155 370 PARS
2189 302 2283 368 III.
2321 335 2397 356 -
2428 301 2644 367 EPIST.
2683 304 2769 368 ΕΤ
2814 300 3091 369 DIPLOM.

3595 312 3687 379 ll!

426 445 617 509 Viduas
641 440 910 521 Iacrymis
938 460 1201 505 mensam
1226 447 1388 502 tuam
1415 439 1551 499 luxu
1582 435 1905 511 Evangelici
1938 434 2023 492 αἱ.
2040 437 2099 499 Α
2131 432 2523 521 opportunum
2553 427 2706 487 nacti
2727 428 2906 521 eritis,
2938 431 2998 486 et
3024 423 3693 521 cum_imperatricibus,et

419 538 552 596 vitis
585 517 898 606 extrusisti,
942 536 1227 609 ejusmodi
1266 532 1513 590 miseriis
1554 532 1783 588 montes
1821 542 2026 583 aureos
2125 537 2257 576 cum
2288 520 2375 575 his
2405 519 2478 575 ad
2505 519 2907 609 quosrreferre
2942 517 3241 591 putabitis,
3283 535 3375 575 me
3407 538 3612 579 servum
3636 524 3691 581 fl-

419 628 793 687 coacervasti.
831 608 1016 701 Super
1044 626 1133 683 his
1172 624 1366 682 infelix
1401 621 1714 695 ingemisce
1753 614 2023 689 privatim
2126 609 2322 701 delem
2351 608 2604 701 Caesaris
2630 608 2702 701 ab
2733 608 2928 701 exsilip
2944 608 3312 701 revocabitis,
3329 610 3426 701 qui
3450 611 3580 670 nihil
3606 613 3693 669 de-

421 722 481 775 et
500 717 745 792 publice,
769 716 1022 791 alioquin
1046 714 1179 774 audi
1211 714 1349 789 quid
1371 712 1473 768 tibi
1490 709 1843 767 intenditur:
1879 704 2023 773 Quo-

424 809 575 863 niam
603 807 808 863 venient
827 806 935 861 dies
960 806 1015 859 in
1044 812 1111 873 te,
1153 811 1203 860 et
1230 801 1636 860 circumdabant
1675 805 1742 865 te,
1785 802 1834 851 et
1863 811 2023 849 coan-

421 895 718 968 gustabunt
750 901 798 949 te
826 894 1080 966 undique,
1112 900 1162 949 et
1184 892 1255 948 ad
1291 898 1487 946 terram
1505 892 1840 962 prosternent
1870 890 1937 951 te,
1968 898 2026 937 eo

426 984 569 1059 quod
594 1001 700 1039 non
729 984 1018 1056 cognovisti
1044 989 1247 1056 tempus
1276 980 1600 1036 uisitationis
1632 983 1757 1031 tua".

515 1073 843 1130 Audiuimus
868 1072 1164 1145 superbiam
1182 1068 1370 1133 Moab,
1399 1067 1649 1140 superbus
1672 1071 1745 1119 est
1764 1061 1932 1118 valde.

427 1162 692 1242 Superbia
729 1162 842 1234 ejus
871 1168 920 1217 et
950 1162 1267 1231 arrogantia
1299 1160 1416 1230 ejus
1436 1156 1725 1229 plusquam
1750 1150 2027 1224 fortitudo.

936 1248 1271 1305 EPISTOLA
1307 1247 1523 1302 XXXIII.

502 1356 800 1401 PURGATIO
840 1353 1134 1396 GERBERTI
1179 1352 1254 1392 OB
1298 1346 1789 1391 CONTROVERSIAM
1828 1343 1862 1382 Α
1903 1341 2003 1382 513⁷

988 1474 995 1479 .
1043 1444 1117 1483 DE
1127 1441 1436 1482 SCRIPTAM.

510 1517 761 1579 Domino
806 1519 865 1574 et
891 1511 1617 1587 reverentissimoprsesuli
1644 1513 1941 1569 DIEDERICO
1969 1506 2032 1562 G.

431 1608 616 1667 fidelis
644 1606 898 1664 Caesaris.

2123 697 2288 771 liqui,
2316 696 2427 753 nisi
2453 697 2611 770 quod
2643 696 2848 753 Caesari
2881 696 3069 752 ﬁdelis
3097 697 3303 753 exstiti.
3329 698 3432 754 Vos
3450 716 3576 772 ergo
3602 701 3694 758 soli

2125 804 2271 843 onus
2312 803 2510 842 meum
2553 785 2733 854 fertis,
2773 786 2930 860 quod
2968 802 3073 841 nec
3126 785 3324 843 amicis
3372 787 3697 861 principibus

2126 874 2563 931 communicare
2612 874 2824 943 curavi,
2882 875 3066 930 donec
3123 874 3408 947 experirer
3435 877 3565 949 quid
3605 894 3698 955 per

2127 980 2262 1020 eum
2295 980 2469 1037 quem
2503 963 2867 1040 potissimum
2894 962 3091 1036 judico
3119 963 3243 1020 ﬁeri
3273 967 3476 1037 posset.

2647 1063 2986 1120 EPISTOLA
3018 1064 3207 1119 XXXV.

2307 1169 2383 1208 AD
2412 1168 2735 1210 GERALDUM
2766 1170 3040 1210 ΛΒΒΑΤΕΜ
3066 1169 3542 1211 Αυιιιωλεεκεῑκ.

2206 1241 2446 1308 Quantis
2479 1241 2948 1315 occupationibus
2989 1241 3214 1314 reipub.
3256 1242 3573 1299 detineatur
3594 1261 3708 1300 nos-

2133 1333 2245 1398 ter,
2279 1334 2341 1387 ut
2360 1331 2442 1386 ita
2473 1331 2753 1400 dicamus,
2787 1330 3118 1389 fiduciarius
3135 1334 3304 1388 Pater
3332 1332 3602 1389 Adalbero
3617 1333 3710 1390 Ile-

2137 1436 2374 1475 morum
2405 1420 2886 1493 archiepiscopus,
2910 1423 2967 1475 et
2993 1420 3233 1476 tarditas
3259 1421 3606 1494 hujuslegati
3632 1423 3709 1478 in-

2137 1508 2312 1576 dicat,
2345 1510 2404 1564 et
2432 1525 2687 1581 praesens
2706 1510 2782 1565 ab
2800 1500 2944 1565 urbe
2974 1509 3245 1565 Remensi
3259 1509 3533 1565 absentia.
3551 1510 3712 1566 Causa

2138 1597 2439 1669 negotium
2494 1598 2819 1665 continens,
2857 1601 3038 1653 status
3083 1614 3405 1669 regnorum
3442 1600 3542 1652 est.
3584 1599 3713 1655 Nam

505 1698 549 1754 Ο
571 1698 745 1754 decus
760 1695 1006 1753 Romani
1025 1692 1282 1768 imperii!
1300 1695 1606 1749 tantumne
1626 1687 1867 1746 rationis
1885 1686 2036 1761 patri
2137 1683 2277 1739 dum
2308 1702 2341 1740 a
2370 1685 2760 1741 Lothariensis
2787 1686 2950 1757 regni
2974 1686 3321 1758 primatibus
3350 1684 3568 1741 obsides
3585 1686 3714 1742 acci-

428 1787 726 1861 quondam
740 1783 1268 1858 reipub.deperisse
1285 1782 1629 1847 dicemus,ut
1650 1779 2035 1851 populuscum
2055 1773 2106 1832 B
2138 1773 2241 1844 pit,
2274 1774 2413 1828 dum
2441 1773 2558 1829 filio
2599 1774 2968 1845 imperatoris
3004 1790 3209 1846 parere
3249 1773 3410 1845 cogit
3449 1773 3547 1829 sub
3582 1775 3718 1846 regis

426 1880 658 1948 pastore
683 1876 837 1929 velut
865 1874 1141 1947 ignavum
1172 1889 1345 1944 pecus
1380 1869 1578 1943 prada
1607 1868 1679 1923 sit
1722 1867 1976 1923 hostium
2005 1865 2034 1920 ?

427 1963 907 2030 Generositatem,
940 1960 1508 2034 magnanimitatem,
1538 1956 1907 2031 prudentiam
1946 1970 2038 2009 ve-

428 2056 632 2121 stram,
661 2054 939 2125 tanquam
960 2054 1076 2106 tres
1101 2049 1442 2107 fortissimas
1463 2047 1722 2119 legiones
1736 2062 1839 2119 pro
1858 2045 2034 2100 domo

424 2142 599 2201 Israel
622 2140 923 2213 opponite,
944 2140 1149 2195 ducem
1176 2138 1264 2194 his
1284 2137 1643 2194 divinitatem
1661 2132 2036 2206 prteficitezne

425 2229 525 2303 qui
554 2229 891 2285 felicitatem
911 2231 1180 2294 vestram,
1204 2226 1451 2299 gloriam
1471 2222 1917 2281 existimavimus
1937 2237 2038 2276 no-

426 2322 630 2389 stram,
662 2316 708 2371 si
738 2317 910 2373 decus
932 2314 1517 2387 imperiiamittimus,
1546 2308 2035 2385 proindeinglorii

426 2405 763 2462 reddamur.
787 2406 856 2459 Et
884 2421 991 2460 nos
1016 2404 1252 2476 quidem
1272 2405 1395 2459 haec
1425 2401 1688 2466 dicimus,
1713 2416 1831 2455 non
1849 2402 1911 2454 ut
1931 2399 2033 2453 ad-

429 2492 753 2550 monitione
770 2492 1009 2565 egeatis,
1027 2492 1129 2548 sed
1151 2494 1213 2547 ut
1235 2493 1493 2547 mentem
1512 2492 1771 2546 nostram
1802 2503 1905 2561 pro
1935 2503 2032 2542 vo-

424 2580 824 2639 bissollicitam
842 2579 1441 2655 interpretemur.Quo
1460 2595 1674 2651 genere
1693 2578 2035 2647 interpreta-

425 2670 601 2728 tionis
628 2687 814 2743 nuper
860 2670 946 2727 usi
987 2687 1207 2738 sumus,
1240 2670 1299 2726 in
1348 2667 1737 2725 controversia
1765 2665 2032 2723 acerrimi

428 2759 880 2829 hostis,vestram
893 2759 1006 2831 maj
1015 2762 1259 2815 estatem
1272 2755 1787 2825 exacerbantis,ubi
1800 2757 2030 2827 culpam

428 2848 591 2905 infidi
626 2848 957 2921 interpretis
1002 2848 1218 2904 subisse
1256 2864 1544 2914 veremur,
1587 2847 1726 2902 dum
1777 2844 2030 2900 motibus

428 2937 761 2993 animorum
792 2937 915 3008 ejus
956 2937 1282 2994 orationem
1331 2953 1449 2992 non
1487 2935 1856 3007 aequavimus.
1889 2934 1962 2988 At
1985 2931 2031 2987 si

428 3025 551 3081 haec
564 3025 810 3082 intentio
824 3027 1031 3097 placet,
1056 3026 1328 3098 deinceps
1349 3024 1798 3091 elaborabimus,
1822 3026 1880 3078 et
1892 3020 2035 3077 ami-

428 3130 630 3170 corum
660 3117 835 3187 atque
872 3114 1244 3171 inimicorum
1290 3114 1527 3170 affectus
1559 3112 1895 3184 diligentius
1937 3127 2031 3165 ex-

428 3203 767 3276 primemus,
800 3207 863 3259 ut
885 3203 1023 3276 quid
1044 3203 1226 3275 sequi,
1260 3203 1399 3275 quid
1419 3202 1601 3257 vitare
1623 3200 1902 3263 debeatis,
1932 3216 2036 3272 per

429 3308 534 3347 nos
563 3293 737 3363 plena
756 3290 869 3347 fide
901 3291 1275 3363 pernoscatis.
1304 3290 1428 3356 Qua
1455 3289 1516 3345 in
1541 3306 1604 3344 re
1634 3289 1795 3344 vobis
1823 3289 2034 3355 lucem,

429 3378 579 3436 hosti
612 3379 882 3435 tenebras
910 3378 1175 3435 offudisse
1200 3378 1538 3450 gaudemus.
1580 3378 1793 3433 Valete.

939 3465 1275 3524 EPISTOLA
1310 3466 1522 3522 XXXIV.

501 3555 577 3594 AD
609 3552 963 3594 \VILLIGISUM
1003 3554 1400 3594 MOGUNTINUM
1430 3553 1963 3601 ARCHIEPISCOEUM.

500 3627 669 3683 Multa
699 3627 911 3682 chartis
941 3642 1056 3682 non
1078 3626 1529 3699 credimus,quze
1544 3626 1747 3699 legatis
1775 3625 2040 3682 commit-

434 3714 628 3783 timus,
648 3714 851 3770 uthuic
864 3714 1313 3770 abbatiAirardo
1330 3714 1435 3770 sibi
1459 3715 1668 3771 intimo
1687 3716 1857 3770 Pater
1875 3731 2039 3770 meus

428 3804 717 3860 Adalbero
734 3804 1045 3859 Remorum
1061 3803 1538 3877 archiepiscopus,
1552 3804 1711 3860 vobis
1727 3821 1830 3876 per
1843 3803 2040 3859 omnia

433 3893 601 3962 fidus,
635 3894 820 3949 multa
849 3892 1157 3961 commisit,
1193 3893 1263 3948 de
1289 3897 1440 3949 statu
1470 3896 1528 3949 et
1556 3911 1695 3968 pace
1716 3910 2036 3967 regnorum

431 3982 725 4041 vobiscum
755 3983 1041 4039 habenda.
1068 3985 1305 4055 insuper
1328 4000 1399 4039 ea
1424 4001 1551 4056 quae
1580 4000 1686 4057 per
1730 3984 2035 4057 epistolam

432 4071 594 4129 vobis
618 4072 979 4145 significavit,
1002 4071 1080 4127 sic
1112 4090 1173 4129 se
1208 4073 1426 4128 habere
1466 4072 1781 4129 Dominum
1832 4075 2036 4128 testem

434 4162 680 4218 invocat.
715 4163 786 4217 Ut
814 4161 920 4218 sibi
954 4161 1235 4233 sielegato
1255 4162 1496 4230 credite,
1515 4164 1710 4235 etquae
1734 4162 1894 4217 vobis
1914 4162 2034 4234 pla-

431 4253 621 4317 ceant,
655 4250 699 4303 si
733 4266 850 4305 non
879 4253 964 4305 est
989 4252 1187 4322 aptum
1217 4250 1458 4321 scriptis,
1494 4250 1545 4306 ei
1576 4251 1709 4306 vivis
1737 4249 2035 4323 rependile

432 4338 635 4394 verbis.
660 4339 795 4405 Sed,
829 4355 863 4393 ο
894 4338 973 4394 mi
1006 4337 1205 4411 pater!
1258 4358 1509 4396 mmrens
1541 4340 1715 4396 simili
1762 4341 1831 4395 de
1867 4358 2109 4423 causaD

436 4430 780 4483 mcerentem
805 4426 1009 4499 quibus
1022 4428 1242 4484 effabor
1262 4429 1448 4484 verbis
1469 4430 1497 4485 ?
1511 4431 1733 4485 Caesare
1759 4429 2035 4495 destituti,

433 4515 632 4588 praeda
656 4514 906 4570 hostium
932 4534 1130 4572 sumus
1156 4534 1171 4585 ;
1202 4518 1487 4573 Caesarem
1514 4518 1571 4573 in
1594 4518 1712 4573 filio
1739 4534 2039 4589 superesse

432 4603 780 4676 putavimus.
816 4604 859 4659 Ο
884 4604 1012 4676 quis
1039 4605 1314 4677 prodidit,
1346 4606 1471 4679 quis
1490 4607 1656 4663 nobis
1686 4607 1928 4662 alteram
1951 4607 2037 4660 lu-

433 4710 560 4749 cem
586 4693 839 4765 eripuit?
878 4710 1099 4765 agnum
1141 4695 1335 4761 matri,
1388 4711 1506 4750 non
1559 4697 1695 4768 lupo
1748 4693 2037 4750 committi

432 4781 707 4853 oportuit.
736 4781 819 4837 Me
841 4781 1076 4854 quidem
1113 4782 1332 4838 doloris
1361 4782 1695 4839 immanitas
1726 4784 1865 4839 mihi
1897 4801 2035 4838 con-

431 4870 617 4923 sulere
645 4887 761 4924 non
793 4870 1027 4941 patitur,
1058 4887 1210 4924 nunc
1240 4870 1423 4925 fertur
1449 4873 1676 4928 animus
1698 4889 1954 4943 prmceps
1976 4871 2032 4925 in

430 4958 625 5013 hostes
658 4960 847 5027 Italos,
880 4959 977 5031 qui
1033 4975 1164 5014 mea
1220 4960 1476 5015 funditus
1519 4960 1799 5031 diripiunt
1833 4978 1845 5015 :
1882 4978 2032 5015 nunc

428 5046 589 5119 quasi
622 5047 862 5103 meliora
887 5047 1232 5115 deliberans,
1265 5051 1553 5104 terrarum
1580 5049 1855 5122 loginqua
1868 5049 2030 5121 petit.

428 5135 543 5191 Sed
577 5136 715 5191 dum
748 5136 898 5191 redit
926 5135 1080 5204 Otto,
1108 5136 1361 5209 dumque
1382 5138 1608 5192 haerent
1634 5137 2032 5208 infixipectore

426 5225 633 5293 vultus,
657 5225 797 5281 dum
821 5225 1123 5281 Socraticas
1142 5226 1555 5300 disputationes
1571 5227 1745 5298 ipsius
1757 5227 2029 5298 frequen-

424 5318 511 5369 tes
541 5317 869 5381 oecurrunt,
894 5313 1233 5386 refringitur
1251 5314 1519 5387 impetus,
1539 5317 1599 5370 et
1609 5314 2029 5388 peregrinatio-

426 5402 514 5457 nis
540 5419 687 5458 mea:
719 5402 955 5458 ttedium
988 5403 1143 5475 apud
1171 5403 1360 5459 Gallos
1396 5408 1684 5477 utcunque
1720 5406 2023 5460 relevetur.

422 5492 692 5560 Consule,
726 5492 1034 5560 Pater,etsi
1052 5509 1193 5565 erga
1218 5493 1583 5563 majestatem
1605 5497 1853 5549 vestram
1870 5495 2028 5548 nulla

420 5598 553 5639 mea
578 5585 713 5639 sunt
741 5581 968 5649 merita,
1002 5585 1200 5638 tamen
1242 5599 1347 5638 nec
1378 5582 1579 5650 defuit,
1621 5600 1727 5638 nec
1772 5585 2024 5641 defectus

414 5670 624 5740 aberit,
658 5672 703 5727 si
733 5671 968 5727 fortuna
996 5674 1057 5726 ut
1085 5670 1381 5746 quondam
1400 5672 1606 5729 riserit.
1626 5673 1772 5729 Cum
1796 5675 2021 5745 tempus

2138 1862 2488 1917 Francorum
2520 1862 2806 1931 clientela,
2837 1863 3094 1934 dumque
3130 1862 3444 1917 Henricum
3475 1861 3531 1916 in
3559 1863 3719 1917 Gallia

2138 1968 2385 2024 regnare
2414 1950 2704 2024 prohibet,
2726 1955 2912 2006 vestro
2936 1950 3161 2006 nomini
3184 1950 3720 2023 convenientia,qua3

2137 2039 2399 2095 mitteret
2423 2056 2536 2095 non
2568 2040 2790 2095 habuit.
2822 2041 2896 2094 At
2933 2040 2978 2095 si
3010 2039 3170 2096 vobis
3195 2043 3432 2112 gratum
3459 2040 3578 2095 fore
3604 2057 3719 2096 sen-

2138 2128 2297 2195 serit,
2325 2131 2541 2184 vestem
2575 2144 2716 2183 auro
2749 2130 2989 2197 textam,
3027 2145 3204 2200 quam
3235 2128 3560 2184 verecunde
3586 2130 3722 2183 vete-

2136 2233 2263 2272 rem
2296 2216 2472 2284 misit,
2506 2232 2655 2271 nova
2702 2215 3056 2283 immutabit,
3101 2216 3257 2288 quod
3314 2216 3557 2271 brevitas
3592 2218 3721 2270 tem-

2136 2304 2292 2377 poris
2321 2321 2439 2359 non
2465 2303 2672 2360 habuit
2705 2320 2717 2358 :
2745 2306 2891 2359 stola
2916 2304 3150 2377 insuper
3180 2304 3416 2377 Phrygii
3438 2304 3617 2376 operis
3635 2303 3724 2358 ad-

2129 2394 2355 2465 juncta,
2389 2410 2521 2448 cum
2553 2393 2778 2449 αδδιδι-ᾖε
2807 2393 3067 2464 ejusdem
3119 2392 3374 2464 generis.
3410 2393 3625 2448 Statum
3651 2408 3725 2446 re-

2135 2481 2236 2552 gni
2269 2482 2475 2550 nostri,
2510 2482 2718 2555 quidve
2749 2486 2884 2554 agat
2909 2484 2968 2536 et
2997 2482 3272 2537 moliatur
3304 2482 3400 2538 ille
3430 2482 3585 2554 Hugo
3612 2480 3724 2536 itai-

2136 2570 2363 2634 mundi,
2394 2588 2503 2645 per
2526 2588 2624 2627 vos
2654 2571 2799 2626 scire
2821 2571 2994 2644 cupit.
3018 2573 3081 2625 In
3108 2587 3427 2627 commune
3446 2571 3553 2625 hoc
3575 2568 3729 2629 senti-

2133 2676 2285 2728 mus,
2321 2660 2478 2732 quod
2520 2658 2683 2715 vobis
2721 2662 2937 2729 ratum,
2987 2659 3155 2715 nobis
3178 2658 3723 2731 praestantissimum.

2644 2766 2986 2821 EPISTOLA
3022 2765 3236 2822 XXXVI.

2130 2871 2206 2910 AD
2240 2870 2517 2910 WIDONEM
2560 2870 2831 2911 ΑΒΒΔΤΕΜ
2874 2870 3337 2926 σΑκυΑνεΝεεΜ,
3371 2870 3444 2909 EX
3487 2864 3729 2908 Ρειιεοκλ

2725 2960 3145 2998 ADALBERONIS.

2213 3032 2346 3088 Vide
2375 3032 2709 3103 Patrologiae
2742 3039 2868 3087 tom.
2903 3030 3262 3088 CXXXVII
3299 3034 3356 3086 in
3385 3034 3728 3088 Aomanoua

2135 3123 2398 3190 Reuensr,
2431 3124 2577 3195 epist.
2614 3126 2667 3177 5.

2632 3232 2967 3287 EPISTULA
3002 3230 3237 3286 XXXVII.

2527 3336 2603 3375 AD
2633 3337 2955 3376 ROBERTUM
2985 3336 3363 3376 PALATINUM.

2210 3408 2525 3464 Plurimum
2556 3412 2613 3464 te
2662 3409 2776 3464 mei
2825 3409 3158 3465 meminisse
3206 3413 3395 3483 puto,
3427 3424 3599 3482 quem
3629 3404 3739 3460 dies

2140 3502 2450 3572 noctesque
2473 3500 2706 3572 privatis
2732 3500 2881 3555 curis
2913 3501 3217 3555 intersere.
3246 3501 3457 3573 Itaque
3489 3501 3546 3553 et
3574 3496 3741 3552 domi-

2140 3606 2278 3643 nam
2309 3606 2504 3644 meam
2528 3590 2886 3663 Theuphanu
2917 3589 3412 3660 [Theophaniam]
3439 3588 3741 3643 mcirecor-

2139 3678 2264 3733 dari
2295 3679 2489 3747 facies,
2522 3696 2698 3751 quam
2748 3696 2980 3751 semper
3030 3679 3196 3751 cupio
3253 3680 3413 3735 bene
3459 3679 3666 3745 valere,
3690 3676 3742 3729 et

2138 3784 2271 3823 cum
2300 3767 2419 3823 ﬁlio
2451 3768 2695 3823 feliciter
2736 3768 3044 3840 imperare.
3078 3767 3252 3838 Cujus
3288 3768 3656 3831 memoriam,
3686 3766 3741 3818 ut

2137 3875 2369 3930 aequum
2395 3860 2500 3924 est,
2531 3857 2897 3930 frequentem
2932 3858 3139 3925 habeo,
3168 3858 3243 3912 ad
3286 3859 3453 3930 cujus
3483 3853 3738 3913 auxilium

2138 3963 2233 4002 me
2275 3946 2734 4020 quamplurimos
2776 3946 3216 4012 declamatores,
3282 3954 3350 4003 ut
3404 3946 3576 4011 nosti,
3627 3958 3742 3998 exa-

2137 4035 2315 4090 cuisse
2345 4035 2525 4090 Gallia
2551 4035 2709 4091 testis
2734 4038 2837 4090 est.
2870 4036 3018 4108 Ergo
3049 4035 3131 4090 tui
3162 4035 3346 4091 officii
3392 4036 3505 4091 erit
3548 4030 3741 4089 rescire

2141 4126 2199 4177 et
2228 4123 2565 4190 rescribere,
2599 4141 2672 4177 an
2705 4123 2761 4177 in
2797 4123 3035 4177 Francia
3072 4125 3225 4178 velut
3270 4124 3442 4179 miles
3463 4122 3741 4178 succentu-

2138 4212 2316 4267 rialus
2345 4230 2451 4285 pro
2483 4212 2680 4267 castris
2716 4212 2953 4267 Caesaris
3000 4229 3371 4281 remaneam,
3405 4230 3481 4267 an
3524 4211 3740 4284 paratus

2139 4319 2315 4356 omne
2344 4302 2662 4373 periculum
2692 4302 2882 4357 subire
2919 4319 3018 4355 vos
3064 4301 3298 4369 adeam,
3340 4320 3416 4357 an
3466 4300 3650 4373 potius
3676 4295 3741 4349 ad

2140 4391 2248 4446 iter
2267 4392 2418 4464 quod
2445 4395 2501 4445 tu
2533 4395 2589 4446 et
2628 4391 2870 4446 domina
2900 4410 3029 4446 mea
3059 4393 3205 4447 bene
3235 4392 3470 4459 novisti,
3496 4407 3587 4445 me
3608 4402 3741 4460 pra:-

2141 4496 2367 4552 parem,
2398 4484 2459 4535 ut
2491 4480 2679 4552 Papia:
2712 4480 2769 4534 in
2792 4482 3004 4552 palatio
3028 4480 3378 4551 dispositum
3398 4485 3488 4535 est
3519 4497 3532 4535 :
3567 4475 3746 4533 simul-

2139 4586 2251 4641 que
2290 4585 2406 4623 non
2446 4569 2680 4635 tacebis,
2733 4569 2851 4633 ubi,
2892 4572 2950 4624 et
2993 4569 3249 4641 quando,
3293 4574 3355 4625 et
3406 4568 3545 4642 quid
3593 4569 3651 4620 tu
3680 4564 3744 4617 de

2137 4659 2243 4713 hac
2262 4675 2323 4713 re
2345 4658 2577 4713 sentias.
2602 4659 2717 4714 Hoc
2739 4676 2967 4731 quoque
2989 4662 3041 4713 te
3058 4675 3223 4713 nosse
3252 4658 3461 4721 velim,
3485 4671 3745 4730 quascun-

2138 4764 2250 4819 que
2282 4746 2341 4801 in
2375 4747 2582 4801 eodem
2602 4748 2817 4818 palatio
2836 4747 2970 4801 tutis
2995 4746 3227 4801 auribus
3241 4746 3517 4801 commisi
3534 4745 3604 4799 de
3621 4741 3745 4805 fide,

2137 4835 2373 4905 pietate,
2400 4835 2708 4890 stabilitate
2737 4836 2883 4889 illius
2900 4835 3105 4889 famosi
3131 4835 3532 4889 Adalberonis
3545 4831 3750 4887 archie-

2138 4923 2351 4995 piscopi
2384 4941 2523 4993 erga
2555 4924 2794 4978 herilem
2843 4925 3019 4978 nostri
3058 4924 3298 4978 Caesaris
3341 4923 3555 4988 ﬁlium,
3599 4923 3654 4974 et
3686 4920 3746 4971 ll-

2136 5012 2363 5075 denler,
2396 5013 2472 5066 sic
2500 5030 2557 5067 se
2584 5014 2980 5083 haberejuxta
3007 5014 3129 5083 ejus
3156 5012 3303 5065 seire
3332 5017 3393 5067 et
3421 5027 3611 5083 posse.

2621 5120 2957 5174 EPISTULA
2991 5120 3253 5175 XXXVIII.

2132 5226 2209 5262 AD
2260 5225 2570 5265 ECBERTUM
2616 5225 3127 5265 ARCHIEPISCOPUM
3168 5224 3630 5275 TREVIRENSEM,
3682 5219 3749 5258 EX

2570 5316 2829 5354 PERSOVA
2868 5314 3296 5354 ADALBERONIS.

2210 5388 2343 5443 Vide
2372 5389 2466 5443 ubi
2490 5405 2675 5460 Silpra,
2712 5391 2865 5459 epist.
2895 5393 2948 5442 6.

2642 5496 2975 5551 EPISTULA
3011 5497 3218 5551 XXXIX.

2289 5604 2363 5639 AD
2398 5603 2781 5641 NOTEGARIUM
2815 5602 3137 5641 EPIECOI’UM
3166 5601 3575 5640 LEODIENSEM.

2192 5676 2421 5749 Vigilias
2446 5692 2519 5731 ne
2553 5676 2659 5730 PP.
2694 5675 3092 5731 famosissima:
3115 5673 3423 5746 quondam
3452 5672 3591 5728 fidei
3612 5685 3743 5741 pro-
