3954 6170
372 373 509 434 -ἋΒ

405 493 722 554 homicidia
753 492 1088 551 exercenda.
1115 490 1444 565 Delegimus
1470 494 1690 547 certum
1706 489 1886 546 otium
1900 490 2012 543 stu-
2034 486 2090 546 A

406 586 838 657 diorum,quam
860 583 1145 638 incertum
1170 581 1468 652 negotium
1485 580 2014 650 bellorum.thuo—

405 675 567 732 niam
593 673 832 745 vestigia
856 671 1233 744 philosophias
1260 670 1399 724 dum
1425 669 1721 741 sequimur
1747 685 1861 723 non
1880 685 2014 723 con-

406 763 722 836 sequimur,
756 761 1006 834 impetus
1038 759 1437 815 tumultuantis
1468 758 1787 813 animinon
1808 774 2010 812 omnes

373 915 376 918 _
406 852 812 925 repressimus,
851 851 1024 906 modo
1057 849 1405 905 recurrimus
1431 849 1504 904 ad
1535 865 1603 902 ea
1632 865 1758 919 qua:
1787 847 2013 918 reliqui-

407 958 716 1009 mus,nunc
744 939 1027 1011 Hispaniae
1047 938 1333 1011 principes
1349 938 1573 994 adimus
1599 937 1894 996 familiaris
1914 954 2013 991 no-

368 1076 376 1080 .
409 1031 534 1098 stri,
563 1031 785 1086 abbatis
814 1028 1043 1084 Guarini
1073 1027 1477 1084 adhortatione
1509 1027 1808 1093 commoti,
1858 1026 2012 1080 hunc

407 1121 582 1174 sacris
606 1117 814 1173 litteris
841 1117 1093 1172 domina:
1126 1120 1337 1171 nostras
1362 1116 1718 1187 Theuphanu
1760 1115 2010 1186 impera-

407 1208 566 1263 tricis
597 1223 828 1280 semper
858 1207 1152 1278 Augustae,
1185 1219 1416 1274 semper
1446 1205 1735 1266 emendae,
1786 1219 2014 1274 semper

405 1297 685 1362 colendae,
719 1294 1005 1368 prioribus
1035 1293 1372 1350 divellemur
1397 1293 1613 1365 coeptis.
1657 1294 1720 1347 In
1751 1295 1913 1347 tanta
1929 1309 2014 1346 re-

408 1403 543 1442 rum
569 1383 980 1450 inconstantia,
1011 1382 1223 1438 doloris
1249 1386 1456 1449 metus,
1485 1381 1679 1452 gaudii
1705 1381 2009 1453 appetitus,

407 1473 670 1530 fidissimi
720 1471 896 1544 patris
951 1471 1200 1538 Geraldi,
1237 1487 1410 1542 quem
1442 1471 1565 1524 haec
1594 1487 1711 1524 non
1743 1473 2010 1541 tangunt,

408 1562 672 1634 specialis
720 1561 870 1616 ﬁlius
910 1561 1217 1616 Gerbertus
1269 1560 1698 1632 sequendorum
1759 1559 2015 1630 deposcit

411 1651 784 1708 sententiam.
836 1650 992 1704 Vale.
1047 1650 1234 1704 valeat
1276 1652 1441 1720 pater
1486 1648 1779 1714 Geraldus,
1830 1648 2014 1702 valeat

404 1742 587 1798 frater
614 1739 901 1805 Airaldus,
929 1739 1116 1794 valeat
1144 1737 1534 1793 sanctisstmus
1556 1737 1718 1803 ordo,
1739 1752 1902 1790 meus
1931 1736 2011 1788 al-

1047 359 1399 429 SILVES’I‘RI
1436 367 1483 424 ll
1520 357 1728 424 PAPZE
1765 357 1921 422 OPP.
1961 358 2142 421 PARS
2181 359 2271 421 ΠΙ.
2308 385 2382 405 ·--
2418 357 2631 418 EPIST.
2673 356 2756 416 ET
2790 355 3073 418 DIPLOM.

3610 353 3718 422 216

2638 480 2979 538 EPISTOLA
3014 480 3184 537 XLIX.

2254 585 2327 626 AD
2361 587 2748 626 NOTEGARIUM
2781 586 3108 626 EPISCOPUM
3147 585 3575 628 LEODICENSEM.

2185 660 2508 730 Spectabile
2523 659 2738 714 faciunt
2756 676 2972 714 nomen
2988 663 3238 714 vestrum
3252 661 3560 733 praesentia
3572 665 3725 718 tem-

2114 750 2489 821 pora,quibus
2506 765 2819 820 paucorum
2837 748 3102 803 laudatur
3121 750 3727 821 probitas,multorum

2117 838 2462 910 praedicatur
2508 837 2867 910 improbitas.
2899 837 3240 908 Speculatur
3297 856 3448 894 nunc
3503 839 3728 895 amicus

2111 931 2299 982 vester
2325 927 2688 993 Godefridus,
2717 927 2813 998 qui
2857 925 3178 982 amicorum
3203 944 3261 982 se
3310 928 3497 1000 potius
3542 945 3727 1001 quam

2111 1032 2213 1069 sua
2262 1014 2604 1082 amaverint,
2649 1014 2745 1083 qui
2778 1014 2937 1068 uxori
2985 1031 3050 1068 ac
3101 1015 3297 1069 liberis
3333 1015 3505 1070 ﬁdem
3548 1015 3728 1072 laturi

2111 1103 2326 1171 forent,
2349 1104 2393 1158 si
2422 1121 2479 1158 se
2504 1104 2710 1158 ultima
2734 1103 3014 1174 rapuisset
3047 1103 3186 1158 dies.
3243 1105 3312 1158 Et
3358 1103 3491 1176 quia
3528 1107 3728 1161 tantus

2112 1193 2196 1246 vir
2222 1193 2290 1246 de
2311 1193 2468 1248 vobis
2500 1191 2720 1264 optime
2751 1191 2945 1258 sentit,
2975 1192 3083 1246 hoc
3113 1192 3303 1246 solum
3337 1191 3547 1248 indicio
3599 1211 3728 1249 esse

2113 1283 2323 1352 potest,
2355 1284 2574 1353 quanta
2593 1281 2650 1335 in
2674 1281 2834 1335 vobis
2847 1281 3064 1334 eniteat
3082 1280 3274 1335 virtus.
3297 1281 3400 1346 Qui
3415 1299 3474 1336 se
3497 1286 3722 1351 amant,

2114 1370 2328 1441 quique
2373 1369 2459 1424 sui
2487 1373 2640 1436 sunt,
2670 1370 2936 1423 hortatur
2963 1371 3020 1423 et
3046 1369 3322 1424 admonet
3371 1374 3435 1425 ut
3465 1371 3723 1426 domina:

2114 1475 2229 1512 suae
2257 1459 2594 1530 Teuphanu,
2619 1458 2849 1529 ﬁlioque
2865 1459 2984 1528 ejus
3010 1458 3184 1512 ﬁdem
3198 1457 3724 1526 habeant,minime

2111 1545 2592 1601 viribushostium
2624 1546 2739 1600 sint
2762 1546 3012 1612 infracti,
3041 1547 3195 1601 nullo
3215 1551 3539 1603 terreantur
3563 1566 3721 1604 casu.

2113 1635 2318 1690 Aderit
2346 1636 2479 1690 laeta
2512 1635 2652 1701 dies,
2679 1652 2808 1706 quae
2839 1636 3039 1708 patria:
3064 1636 3394 1706 proditores
3425 1640 3482 1692 et
3511 1639 3725 1694 libera-

2113 1727 2266 1778 tores
2297 1739 2426 1778 vere
2450 1723 2740 1795 suppliciis
2767 1727 2824 1778 et
2861 1722 3114 1794 praemiis
3139 1723 3473 1797 distinguat,
3507 1726 3732 1799 disgre-

405 1833 501 1885 tor
539 1832 597 1884 et
654 1828 1022 1895 informator,
1058 1827 1286 1900 mcique
1319 1826 1392 1881 sit
1422 1841 1653 1880 memor
1713 1825 1772 1879 in
1805 1823 2088 1888 sanctisB
2114 1815 2229 1900 get.
2256 1811 2626 1867 FidiSSimllm
2656 1812 2817 1867 VObiS
2833 1813 3262 1868 Adalbel‘on‘em
3285 1815 3603 1870 Remorum
3634 1831 3730 1871 ar-

373 1981 377 1986 _
407 1918 804 1991 petitionibus,
838 1933 904 1971 ac
945 1915 1127 1972 Patris
1153 1917 1220 1973 Α.
1256 1913 1668 1987 archiepiscopi
1697 1915 2012 1969 Remorum

372 2071 374 2073 ,
408 2007 513 2067 sibi
545 2024 650 2084 per
681 2005 879 2064 omnia
910 2005 1119 2062 devoti.

941 2112 1278 2170 EPISTOLA
1304 2113 1477 2168 XLVI.

870 2221 939 2259 AD
969 2220 1257 2258 GERALDUM
1287 2219 1533 2257 ABBATEH
1543 2244 1555 2255 .

476 2295 564 2348 An
592 2293 907 2365 quidquam
937 2292 1142 2347 melius
1159 2290 1357 2346 amicis
1385 2289 1649 2344 divinitas
1673 2287 2014 2344 mortalibus

407 2381 755 2438 concesserit
785 2380 998 2445 nescio,
1021 2380 1067 2434 si
1098 2380 1273 2436 modo
1299 2379 1339 2434 ii
1365 2381 1500 2434 sunt
1524 2378 1622 2451 qui
1653 2377 1828 2448 digne
1852 2393 2019 2450 expe-
2069 2433 2076 2441 ,

407 2469 500 2526 titi
533 2469 821 2541 digneque
843 2468 1148 2524 videantur
1166 2467 1528 2523 habiti.Felix
1553 2467 1830 2534 dies,felix
1853 2467 2015 2521 hora.

411 2575 526 2632 qua
553 2557 713 2614 licuit
741 2557 964 2613 novisse
991 2557 1198 2623 virum,
1233 2557 1393 2628 cujus
1423 2556 1674 2612 nominis
1700 2553 2019 2611 recordatio

411 2664 617 2704 omnes
641 2665 676 2702 a
705 2647 872 2703 nobis
903 2645 1195 2702 molestias
1219 2645 1543 2702 deterserit.
1567 2646 1699 2716 Ejus
1715 2644 1759 2699 si
1779 2660 2026 2718 praesen-

410 2738 491 2793 tia
518 2739 606 2793 vel
632 2737 928 2793 interdum
960 2735 1206 2804 fruerer,
1251 2736 1572 2791 beatiorem
1604 2751 1699 2789 me
1749 2751 1866 2789 non
1904 2733 2022 2787 fru-

411 2832 531 2883 stra
558 2829 848 2899 putarem.
879 2824 1044 2890 Quod
1076 2828 1138 2879 ut
1162 2825 1346 2892 ﬁeret,
1371 2824 1533 2880 sedes
1562 2823 1703 2878 mihi
1727 2839 1844 2878 non
1864 2821 2024 2894 igno-

413 2916 556 2972 biles
587 2915 645 2970 in
679 2913 842 2970 Italia
872 2914 1307 2969 collocaveram.
1343 2912 1456 2968 Sed
1484 2911 1718 2967 involvit
1739 2911 2021 2966 mundum

412 3020 566 3059 cmca
589 3003 978 3075 fortuna,quaa
999 3000 1490 3075 prcmitcaligine,
1514 3017 1586 3055 an
1610 2999 1926 3071 praecipiet,
1947 3015 2020 3053 an

381 3144 384 3146 _
410 3092 624 3165 dirigat
653 3108 750 3146 me
775 3091 951 3146 modo
974 3091 1312 3146 tendentem
1327 3090 1456 3157 hac,
1476 3089 1650 3144 modo
1668 3089 2024 3144 illac.Adhaa-
2049 3114 2096 3174 ρ

2113 1899 2545 1972 chiepiscopum
2577 1901 2739 1956 nullo
2757 1901 2933 1956 modo
2966 1901 3172 1956 harum
3203 1919 3399 1958 rerum
3428 1903 3728 1958 conscium

2111 1989 2352 2058 facietis,
2381 1989 2477 2062 qui
2505 1993 2723 2061 quanta
2752 1992 3051 2067 prematur
3103 1991 3413 2062 tyrannide
3441 1994 3730 2047 testantur

2115 2079 2370 2150 epistolas
2395 2079 2468 2134 ad
2496 2078 2958 2152 archiepiscopos
2978 2083 3196 2134 vestros
3226 2081 3481 2149 directae,
3513 2081 3572 2136 in
3605 2081 3733 2154 qui-

2113 2168 2218 2222 bus
2245 2167 2384 2222 nihil
2416 2183 2618 2222 eorum
2652 2184 2783 2240 quas
2836 2169 3123 2224 voluerint
3153 2169 3396 2242 scripsit,
3446 2169 3546 2225 sed
3598 2187 3731 2244 quas

2113 2260 2396 2330 tyrannus
2426 2258 2724 2312 extarserit
2747 2257 3032 2313 oscitanti.

2704 2347 3042 2403 EPISTOLA
3081 2347 3142 2402 L.

2490 2451 2565 2490 AD
2596 2452 2942 2491 MATHILDEM
2977 2452 3349 2492 COMITISSAM.

2193 2525 2455 2596 Deponat
2485 2524 2723 2579 domina
2739 2541 2870 2580 mea
2887 2525 3166 2582 Mathildis
3180 2541 3420 2581 omnem
3439 2525 3734 2599 querimo-

2123 2612 2284 2667 niam
2310 2633 2322 2669 :
2344 2612 2694 2668 clarissimus
2716 2618 2904 2669 vester
2935 2616 3188 2685 conjunx
3212 2615 3552 2670 Godefridus
3580 2615 3737 2672 inter

2123 2720 2291 2776 pares
2319 2702 2659 2774 praecipuus,
2693 2719 2756 2757 ac
2808 2703 2944 2774 ipsis
2989 2703 3296 2758 victoribus
3325 2704 3731 2774 formidabilis,

2122 2793 2231 2846 hoc
2262 2792 2555 2863 praecepit.
2606 2792 2931 2848 Exhilarate
2991 2796 3276 2862 mentem,
3307 2793 3445 2865 quia
3501 2795 3736 2868 spiritus

2122 2880 2297 2935 tristis
2319 2880 2560 2935 exsiccat
2599 2897 2744 2947 ossa,
2795 2880 3032 2936 consilia
3058 2881 3270 2936 turbat.
3303 2882 3564 2937 Domina:
3591 2883 3738 2938 Teu-

2122 2969 2321 3040 phanu
2370 2968 2723 3039 imperatrici
2770 2986 3002 3040 semper
3030 2973 3298 3042 Augustae
3328 2986 3393 3025 ac
3438 2970 3556 3026 ﬁlio
3607 2973 3738 3043 ejus

2123 3073 2353 3130 semper
2365 3058 2620 3128 Augusto
2637 3073 2765 3112 cum
2788 3058 3135 3114 ﬁliisvestris
3149 3059 3327 3115 ﬁdem
3359 3059 3736 3131 purissimam

409 3148 747 3238 reni’vultus
778 3178 1120 3234 amiciinﬁxi
1150 3181 1384 3251 pectore
1417 3148 1594 3234 {eum
1620 3177 1774 3244 dico,
1810 3177 1906 3249 qui
1936 3181 2022 3231 est
2049 3148 2096 3174 υ
2123 3148 2756 3251 servatePactumcum
2771 3148 3003 3203 Francis
3019 3149 3277 3203 hostibus
3295 3150 3516 3204 nullum
3535 3149 3733 3218 facite,

411 3269 681 3326 dominus
711 3272 768 3325 et
796 3271 962 3340 pater
991 3285 1156 3324 meus
1175 3265 1468 3334 Geraldus,
1501 3267 1660 3338 cujus
1686 3264 2022 3322 deliberatio

412 3361 613 3419 nostra
644 3358 744 3416 ﬁet
771 3357 1076 3414 exsecutio.

929 3463 1269 3519 EPISTOLA
1311 3463 1509 3518 XLVII.

461 3571 530 3612 AD
564 3569 958 3610 ADTLBBIONEM
999 3570 1251 3609 VOCATUM
1282 3568 1573 3608 EPISCOPUM
1607 3554 1984 3607 γιιωυκιέκεεὶι

875 3659 941 3700 ΕΤ
963 3659 1297 3698 HERHANNUM
1313 3658 1564 3698 FRATRES.

489 3740 704 3798 Felices
729 3739 934 3814 quibus
963 3743 1213 3813 paterna
1226 3739 1406 3796 virtus
1429 3741 1726 3814 exemplar
1751 3739 1823 3795 sit
1839 3739 2027 3795 imita-

417 3830 554 3887 bile.
587 3831 785 3886 Vester
813 3829 1044 3902 genitor
1070 3830 1180 3885 hoc
1206 3830 1365 3901 petit.
1395 3829 1748 3900 Repentinus
1778 3845 1937 3884 casus
1951 3845 2022 3884 ne

413 3938 514 3978 vos
539 3921 850 3988 deterreat,
882 3919 1000 3975 ﬁlio
1019 3919 1256 3974 Caesaris
1282 3918 1457 3972 ﬁdem
1477 3935 1650 3990 quam
1679 3917 2022 3989 promisistis

413 4010 752 4067 inviolatam
783 4010 1025 4076 servate,
1057 4007 1259 4063 omnia
1287 4011 1473 4062 castra
1503 4007 1574 4062 ab
1603 4007 1867 4062 hostibus
1897 4011 2020 4062 tue-

413 4100 582 4168 mini,
615 4098 864 4172 denique
889 4115 1000 4154 nec
1036 4097 1461 4168 Scarponnam,
1494 4113 1600 4152 nec
1628 4095 1901 4152 Haidonis
1929 4112 2022 4151 ca-

415 4189 671 4256 stellum,
709 4204 816 4243 nec
845 4186 1127 4260 quidlibet
1169 4202 1370 4241 eorum
1402 4203 1530 4258 quae.
1561 4186 1718 4241 vobis
1771 4185 2020 4256 reliquit,

416 4275 1011 4348 Francisreliqueritis
1033 4292 1045 4330 :
1071 4275 1243 4330 illecti
1265 4279 1363 4330 aut
1375 4291 1523 4330 vana
1541 4292 1639 4347 spe
1668 4291 1783 4329 suae
1814 4274 2022 4330 libera-

413 4365 610 4434 tionis,
638 4367 737 4420 aut
762 4368 985 4420 terrore
1013 4364 1096 4418 sui
1124 4363 1424 4430 cruciatus,
1460 4366 1558 4417 aut
1584 4363 1685 4418 ﬁlii
1733 4362 2021 4418 Friderici.

415 4456 548 4510 Haec
559 4457 850 4527 prmcepta
869 4452 1280 4525 magnanimus
1294 4456 1460 4525 pater
1478 4453 1772 4525 generosis
1789 4452 1916 4506 ﬁliis
1933 4453 2026 4507 de-

417 4544 520 4600 dit.
555 4542 819 4600 Sentiant
847 4542 907 4598 in
951 4541 1110 4597 vobis
1138 4543 1330 4597 hostes
1360 4559 1476 4598 non
1509 4559 1568 4598 se
1595 4545 1782 4597 totum
1811 4541 2023 4615 cepisse

415 4632 814 4701 Godefridum,
848 4631 1057 4688 auxilia
1090 4630 1346 4704 undique
1369 4633 1722 4703 comparate,
1746 4631 2020 4686 liberato-

416 4737 510 4777 res
537 4720 866 4794 patriae,vos
895 4721 1113 4777 similes
1137 4720 1286 4794 patri
1309 4720 1367 4775 in
1402 4720 1680 4778 omnibus
1703 4736 2020 4792 repraesen-

412 4811 552 4866 tate.
583 4827 696 4866 xvn
729 4809 972 4866 Kalend.
999 4808 1211 4882 Aprilis
1234 4825 1329 4864 me
1359 4808 1737 4880 interpretem
1769 4807 1891 4863 ﬁeri
1919 4824 2015 4863 vo-

409 4899 516 4957 luit
542 4899 649 4957 sibi
678 4898 878 4974 suique
898 4898 1242 4955 fidissimum

910 5005 1247 5064 EPISTOLA
1285 5004 1506 5060 XLVIII.

945 5113 1018 5150 ΑΙ)
1049 5111 1486 5151 ιΝΝοΜιΝΑτυΜ.

483 5197 799 5252 Obscuram
826 5195 1131 5268 epistolam
1161 5193 1353 5248 etsinc
1368 5193 1605 5248 nomine
1621 5193 1813 5265 paucis
1833 5195 2020 5250 absol-

409 5284 616 5340 vimus.
668 5283 968 5340 I.otharius
1009 5299 1106 5337 rex
1145 5281 1397 5337 Francia:
1444 5282 1712 5354 praelatus
1764 5285 1849 5338 est
1899 5285 2018 5339 solo

409 5373 670 5440 nomine,
701 5373 862 5443 Hugo
885 5388 1019 5427 vero
1043 5388 1160 5426 non
1190 5370 1454 5440 nomine,
1482 5371 1578 5426 sed
1595 5375 1724 5426 actu
1751 5374 2015 5443 etopcre.

2126 3233 2479 3289 Francorum
2507 3251 2674 3308 reges
2704 3236 3285 3292 aversamini.Castra
3314 3237 3512 3293 omnia
3536 3237 3613 3292 sic
3641 3241 3732 3293 te-

2127 3323 2365 3391 nete,sic
2395 3323 2778 3392 defendite,ut
2809 3325 3027 3379 nullam
3050 3325 3108 3379 in
3123 3324 3210 3380 his
3231 3326 3486 3381 habeant
3502 3329 3738 3398 partem

2127 3411 2437 3468 adversarii
2469 3413 2662 3481 vestri,
2681 3413 2895 3469 scilicet
2921 3431 3106 3486 neque
3123 3431 3230 3486 pro
3248 3431 3347 3486 spe
3374 3415 3742 3472 liberationis

2129 3500 2346 3569 mariti,
2381 3519 2571 3575 neque
2599 3518 2704 3575 pro
2736 3505 2958 3557 terrore
3005 3501 3428 3575 peremptionis
3459 3504 3600 3574 ejus,
3635 3508 3743 3560 aut

2128 3589 2230 3644 ﬁlii
2258 3591 2548 3647 Friderici.
2570 3593 2700 3647 Haec
2713 3609 2765 3647 x1
2797 3591 3146 3664 Kal.Aprilis
3175 3592 3248 3647 ad
3274 3592 3495 3648 ﬂumen
3524 3593 3740 3648 Matro-

2128 3695 2266 3733 nam
2299 3696 2446 3735 mea:
2501 3680 2636 3735 ﬁdei
2668 3680 2978 3748 commisit,
3007 3697 3135 3753 quas
3191 3681 3348 3737 vobis
3391 3682 3565 3754 plena
3618 3681 3743 3738 ﬁde

2123 3767 2315 3824 retuli.

2697 3858 3031 3914 EPISTOLA
3071 3858 3156 3914 LI.

2255 3963 2330 4002 AD
2356 3963 2708 4003 SIGIFREDUM
2734 3964 2972 4003 COMITIS
3003 3964 3204 4004 ΠιλοΜ
3233 3964 3593 4006 GERBERTUS.

2194 4037 2446 4092 Nimium
2467 4053 2728 4092 amorem
2749 4037 2902 4092 circa
2921 4041 3196 4111 parentes
3209 4041 3444 4106 vestros,
3464 4038 3737 4112 quinunc

2124 4128 2342 4182 exsules
2365 4129 2496 4180 sunt
2516 4126 2817 4193 habentes,
2847 4143 2946 4181 eos
2975 4127 3049 4180 ad
3082 4128 3301 4182 ﬂumen
3327 4128 3654 4184 Matronam
3672 4147 3730 4185 xx

2125 4216 2224 4270 Kal
2237 4215 2461 4288 .Aprilis
2475 4215 2703 4270 allocuti
2723 4216 3011 4275 sumus,Et
3022 4233 3149 4288 quae
3163 4215 3459 4272 dominam
3475 4221 3740 4273 nostram

2124 4305 2443 4376 Teuphanu
2474 4305 2544 4360 de
2574 4320 2676 4358 sua
2706 4303 2980 4359 ﬁdelitate
3006 4303 3146 4359 scire
3165 4306 3595 4377 voluerunt,per
3610 4307 3740 4379 epi-

2047 4408 2100 4468 D
2126 4395 2334 4448 stolam
2358 4393 2802 4447 mandamus.Et
2819 4392 2954 4465 quia
2969 4408 3101 4446 cum
3116 4393 3519 4448 benevolentia
3539 4394 3742 4451 Ottoni

2126 4485 2183 4536 et
2212 4481 2772 4554 Heriberti,quorum
2796 4483 3056 4538 custodia
3073 4485 3392 4550 servantur,
3408 4499 3507 4538 eos
3523 4484 3744 4557 alloqui

2124 4571 2401 4639 valemus,
2445 4587 2805 4643 quascunque
2837 4575 2895 4626 et
2925 4587 3022 4626 vos
3053 4573 3111 4625 et
3162 4570 3402 4626 domina
3431 4575 3629 4627 nostra
3659 4574 3748 4629 eis

2124 4658 2404 4715 mandare
2446 4661 2617 4728 volet,
2651 4659 2854 4715 litteris
2902 4677 3006 4715 nos
3058 4660 3272 4715 habere
3325 4661 3564 4715 facietis.
3621 4662 3748 4718 Hoc

2119 4763 2355 4819 insuper
2371 4751 2570 4803 vestra:
2591 4747 2726 4803 ﬁdei
2745 4748 3187 4816 committimus,
3207 4748 3342 4821 quia
3364 4749 3408 4802 si
3431 4750 3746 4821 Hugonem

2120 4836 2279 4892 vobis
2311 4836 2369 4890 in
2425 4837 2738 4893 amicitiam
2767 4837 3193 4910 colligaveritis,
3247 4854 3455 4894 omnes
3485 4838 3750 4910 impetus

2121 4927 2476 4982 Francorum
2508 4926 2673 4982 facile
2705 4927 2958 4982 devitarc
2988 4926 3268 4995 valebitis,

2692 5016 3030 5073 EPISTULA
3057 5017 3164 5072 LII.

2293 5123 2368 5161 AD
2390 5122 2659 5161 ῡοΜιΝΑιυι
2693 5124 3059 5162 THEUPHANU
3105 5124 3564 5166 IMPERATRICEM.

2198 5195 2460 5268 Cupienti
2494 5193 2638 5250 mihi
2669 5211 2765 5250 vos
2786 5197 2944 5250 adire
2967 5196 3619 5268 secundumimperium
3652 5215 3755 5256 ve-

2122 5287 2328 5352 strum,
2356 5302 2472 5340 non
2497 5285 2711 5339 fru:tra
2727 5285 2918 5340 renisa
2934 5288 3019 5340 est
3042 5285 3332 5341 divinitas.
3354 5286 3496 5342 Nam
3528 5303 3580 5340 χι
3611 5287 3748 5344 Kal.

2119 5373 2326 5444 Aprilis
2357 5376 2552 5444 captos
2583 5374 2822 5429 comites
2855 5375 3158 5443 allocutus,
3188 5375 3592 5441 Godefridum,
3627 5393 3744 5448 pa-

409 5463 543 5534 Ejus
572 5461 910 5526 amicitiam,
940 5459 1061 5515 siin
1085 5461 1793 5532 communeexpetissetis,
1832 5462 2012 5516 ﬁlium
2117 5464 2427 5533 truumquc
2483 5463 2604 5532 ejus
2650 5462 3010 5534 Sigil‘ridum,
3045 5463 3194 5518 inter
3223 5464 3474 5519 hostium
3525 5481 3753 5522 cuneos

407 5549 848 5623 queipsiuscum
879 5548 995 5604 ﬁlio
1016 5549 1252 5604 Caesaris
1271 5549 2011 5622 colligassetis,jamdudum
2114 5552 2269 5606 solus
2289 5554 2550 5621 repertus
2566 5569 2694 5607 sum
2717 5557 3034 5608 vestrarum
3086 5553 3458 5624 partium,cui
3488 5553 3752 5611 ﬁdenter

405 5655 574 5712 reges
603 5639 953 5696 Francorum
987 5638 1176 5695 hostes
1201 5655 1315 5694 non
1349 5638 1652 5695 sentiretis.

2114 5639 2183 5695 de
2204 5640 2352 5694 statu
2371 5638 2595 5713 imperii
2612 5640 2780 5695 vestri
2805 5658 2933 5696 suas
2954 5641 3268 5699 sententias
3283 5658 3425 5697 conc
3439 5642 3744 5701 rederent.
