3954 6170
285 357 392 431 tn

1185 367 1429 431 SEC’I‘IO
1467 370 1511 434 ι.
1542 400 1618 417 -ι
1651 371 1833 431 ANTE
1869 373 2160 435 SUMMUM
2196 373 2720 440 PONTIFICATUM.

3502 377 3607 443 2l8

289 488 506 568 Scripsi
558 490 757 568 itaque
808 487 1227 550 exhortatorias
1270 494 1540 566 epistolas
1587 497 1902 552 secundum

2020 505 2238 578 palatio
2273 505 2535 562 habitum
2566 525 2599 560 v
2647 507 2778 562 Idus
2832 503 3003 563 Maias
3048 504 3235 563 subito
3266 503 3520 565 dissolvit
3547 523 3614 565 ac

285 584 650 640 intellectum
690 599 918 650 eorum,
954 584 1314 655 conjugibus,
1357 585 1571 652 liberis,
1597 585 1905 642 amiciszut

282 672 344 730 in
375 673 496 728 fide
527 677 721 728 vestra
752 676 1032 742 perstent,
1068 673 1223 728 nullo
1247 673 1500 728 hostium
1527 673 1758 729 incursu
1789 678 1904 730 ter-

282 765 553 829 reantur,
611 778 928 834 eorumque
975 763 1260 834 exemplo,
1319 762 1364 816 si
1414 762 1648 817 fortuna
1685 764 1902 835 tulerit,

286 851 557 908 exsilium
581 850 776 922 potius
831 850 1047 920 eligant
1097 866 1201 922 pro
1260 849 1373 904 fide
1420 851 1580 906 vobis
1624 852 1905 907 servanda

287 955 469 1010 quam
511 938 717 1008 patriae
748 939 933 992 solum
965 955 1097 992 cum
1147 938 1410 1010 perfidia.
1459 940 1570 994 Hos
1597 957 1704 1010 ego
1752 941 1904 994 viros

279 1026 340 1083 in
361 1025 571 1098 primis
592 1025 958 1081 charissimos
975 1026 1393 1098 habeo,quibus
1404 1029 1631 1098 gravius
1648 1028 1904 1100 estquod

276 1118 468 1170 vestra
483 1115 720 1186 negotia
743 1131 859 1169 non
886 1116 1079 1170 valent
1094 1115 1345 1186 exsequi,
1362 1132 1536 1186 quam
1561 1117 1716 1188 quod
1730 1117 1906 1187 capti-

277 1203 442 1258 vitati
464 1202 724 1258 hostium
754 1202 1020 1257 videntur
1039 1202 1395 1258 addicti.Sed
1411 1204 1545 1276 quia
1572 1203 1903 1276 principum

285 1291 572 1347 dissensio
605 1290 873 1344 interitus
887 1306 1204 1361 regnorum
1232 1294 1336 1358 est,
1353 1291 1680 1362 principum
1695 1295 1905 1347 vestro-

279 1397 418 1437 rum
434 1378 751 1435 concordia
768 1379 1094 1433 remedium
1109 1382 1408 1434 tantorum
1433 1381 1721 1435 malorum
1738 1380 1904 1436 nobis

276 1468 405 1524 fore
439 1468 689 1522 videtur.
712 1468 1015 1522 Funiculus
1028 1468 1239 1540 quippe
1266 1469 1472 1540 triplex
1499 1468 1730 1523 difficile
1750 1486 1905 1523 rum-

277 1556 464 1629 pitur.
511 1555 790 1610 Noveritis
836 1556 1012 1610 etiam
1053 1573 1218 1628 reges
1261 1557 1610 1611 Francorum
1649 1574 1754 1611 nos
1783 1573 1901 1612 non

280 1645 464 1718 aequis
489 1645 670 1699 oculis
698 1645 931 1712 intueri,
961 1663 1027 1700 eo
1046 1645 1197 1717 quod
1218 1645 1288 1700 de
1315 1649 1502 1700 vestra
1527 1645 1803 1701 fidelitate
1822 1645 1902 1702 eis

281 1734 577 1790 contraria
608 1733 948 1801 sentiamus,
975 1734 1259 1804 simulque
1274 1734 1430 1805 quod
1445 1736 1629 1788 multa
1652 1734 1899 1789 familia-

276 1824 450 1878 ritate
475 1823 742 1876 fruamur
765 1822 1146 1876 Adalberonis
1167 1821 1900 1894 archiepiscopiRcmorum
1923 1816 1974 1875 B

278 1927 456 1982 quem
488 1909 663 1963 simili
695 1909 764 1964 de
778 1926 948 1963 causa
979 1908 1328 1964 insectantes
1354 1909 1765 1964 infidissimum
1794 1909 1901 1964 sibi

277 2001 510 2070 putant.
535 1999 598 2051 In
627 1997 716 2052 his
745 1997 1017 2052 omnibus
1044 1998 1182 2068 quid
1205 2014 1309 2052 nos
1334 1998 1520 2052 velitis
1549 1999 1758 2064 facere,
1786 1996 1901 2052 etsi

276 2087 436 2141 inter
461 2087 661 2141 hostes
697 2085 787 2140 via
828 2085 1080 2156 patuerit
1127 2087 1260 2151 ulla,
1294 2103 1407 2158 quo
1453 2090 1511 2140 et
1541 2087 1772 2158 quando
1804 2103 1900 2139 ve-

269 2178 454 2229 stram
470 2173 840 2246 preesentiam
849 2190 1150 2245 possumus
1163 2174 1321 2228 adire
1336 2175 1542 2228 certius
1559 2174 1897 2246 significate.

274 2264 476 2329 nobis,
500 2263 718 2335 paratis
735 2280 840 2335 per
868 2263 1236 2318 omniavobis
1269 2264 1694 2334 obtemperare.
1710 2264 1816 2318 Res
1831 2280 1898 2318 eo

267 2351 583 2423 processit,
632 2354 694 2404 ut
723 2353 848 2422 jam
881 2368 997 2405 non
1043 2351 1114 2405 de
1157 2368 1258 2406 sua
1303 2352 1632 2422 expulsione
1673 2355 1898 2424 agatur,

265 2441 432 2511 quod
467 2440 691 2493 malum
708 2439 1008 2493 tolerabile
1023 2443 1191 2505 esset,
1217 2439 1314 2494 sed
1331 2441 1400 2494 de
1425 2439 1539 2494 vita
1552 2443 1608 2494 et
1621 2441 1901 2511 sanguine

263 2531 521 2582 certent.
545 2528 661 2581 Hoc
681 2527 823 2582 mihi
845 2544 1037 2582 secum
1061 2544 1373 2583 commune
1396 2532 1500 2595 est,
1517 2529 1676 2601 quasi
1695 2546 1753 2584 se
1773 2546 1906 2584 con-

267 2620 369 2671 tra
401 2620 654 2671 conatus
686 2615 1362 2687 regiosincitanti.Moles
1383 2617 1635 2689 denique
1663 2633 1902 2690 oppres-

277 2705 468 2759 sionis
501 2704 1086 2776 tantaest,vestrique
1109 2705 1368 2759 nominis
1399 2709 1562 2760 tanta
1588 2706 1823 2773 invidia,
1846 2708 1909 2759 ut

271 2810 407 2847 suas
423 2792 689 2846 miserias
703 2791 874 2846 nullis
887 2793 1098 2846 audeat
1110 2793 1268 2847 vobis
1282 2794 1322 2846 si
1332 2793 1605 2864 gnificare
1616 2794 1907 2865 rescriptis

270 2881 395 2936 Sed
417 2881 546 2934 haec
571 2880 832 2951 tyrannis
851 2880 894 2934 si
915 2880 1241 2948 invaluerit,
1261 2882 1532 2953 locusque
1559 2882 1632 2936 ad
1662 2898 1759 2937 vos
1775 2899 1909 2952 pro-

273 2969 553 3039 fugiendi
581 2969 833 3040 patuerit
855 2969 986 3034 sibi,
1006 2987 1123 3023 non
1153 2970 1365 3024 frustra
1381 2971 1450 3024 de
1480 2970 1639 3024 vobis
1667 2971 1910 3024 meliora

2009 595 2320 668 liquefecit.
2348 597 2736 652 Interfuerunt
2753 597 2824 652 de
2853 597 3049 652 vestris
3060 596 3295 668 quidem
3313 597 3424 652 dux
3441 595 3611 653 Caro-

2003 686 2108 754 lus,
2141 703 2335 741 comes
2353 687 2710 754 Reinharius,
2730 687 2800 742 de
2833 687 3038 742 nostris
3069 686 3610 742 HerbertusTrecas-

2005 773 2180 840 sinus,
2210 775 2309 830 sed
2343 776 2473 831 Otto
2507 776 2712 831 acriori
2743 793 2878 831 cura
2910 777 3182 843 exclusus,
3216 775 3396 832 adfuit
3429 774 3604 830 etiam

2002 863 2340 930 Gibewinus,
2379 865 2673 936 episcopus
2705 865 3095 920 Laudunensis
3121 865 3407 919 Adalbero
3429 864 3610 919 frater

2002 951 2312 1018 Gocilonis,
2352 953 2548 1007 obside
2578 953 2731 1026 pacis
2761 953 2877 1008 filio
2909 953 3100 1008 fratris
3121 954 3318 1008 Bardte
3351 953 3507 1019 dato,
3542 968 3611 1006 ea

2002 1040 2332 1095 conditione
2366 1042 2562 1108 evasit,
2598 1046 2658 1096 ut
2688 1043 2842 1113 quod
2875 1042 3172 1113 Sigifridus
3189 1059 3252 1097 ac
3270 1029 3629 1096 Godefridus‘

2001 1128 2204 1185 facturi
2224 1131 2338 1186 sint
2364 1131 2596 1186 faciant.
2629 1132 2778 1196 Quid
2804 1133 2912 1187 hoc
2925 1132 3014 1198 sit,
3036 1130 3261 1186 Francis
3281 1147 3408 1202 spes
3421 1145 3605 1196 mera,

2003 1219 2168 1274 nobis
2200 1237 2291 1274 res
2340 1221 2534 1274 certa?
2561 1221 2807 1274 Tantum
2840 1223 3117 1290 superest,
3147 1236 3320 1290 quam
3354 1217 3603 1290 patriam

2002 1308 2062 1362 in
2092 1309 2358 1363 manibus
2377 1309 2612 1364 consilio
2631 1311 2690 1364 et
2714 1307 2921 1363 auxilio
2944 1311 3000 1362 et
3019 1308 3229 1362 viribus
3246 1307 3606 1374 tenetis,hos-

2001 1397 2152 1452 tibus
2182 1398 2416 1454 consilio
2447 1398 2723 1452 etauxilio
2753 1397 3036 1452 destitutis
3067 1396 3294 1452 tradere
3312 1413 3385 1450 ne
3399 1393 3604 1450 velitis.

2005 1487 2218 1542 Urbem
2240 1487 2687 1542 Virdunensium
2739 1504 2772 1540 a
2791 1485 2988 1558 paucis
3019 1484 3388 1556 praedonibus
3417 1483 3608 1555 quiete

2001 1577 2170 1643 tueri,
2209 1575 2466 1647 inquieto
2492 1575 2757 1647 etiniquo
2776 1575 2971 1629 animo
2993 1575 3141 1642 fero,
3173 1572 3280 1627 nisi
3320 1571 3469 1628 forte
3501 1571 3608 1626 hoc

2001 1665 2206 1736 majori
2241 1665 2502 1720 differtur
2518 1665 2775 1732 consilio,
2796 1669 2857 1718 ut
2883 1663 3036 1721 unde
3060 1681 3178 1720 non
3206 1665 3440 1737 sperant
3459 1678 3610 1736 prm-

2001 1737 2155 1808 cipiti
2194 1737 2411 1792 excidio
2445 1738 2756 1791 tabescant.

2572 1826 2910 1881 EPISTOLA
2939 1827 3039 1880 LX.

2410 1929 2753 1970 GERBER‘TUS
2809 1929 3199 1971 ιΝΝοΜιΝΑτο.

2074 2005 2182 2059 Res
2213 2003 2452 2059 celanda
2480 2003 2672 2058 multis
2702 2003 2988 2058 committi
3015 2020 3132 2058 non
3163 2004 3300 2059 vult.
3336 2001 3500 2066 Quod
3523 2000 3609 2057 di-

2007 2110 2170 2147 verso
2207 2095 2352 2164 stylo
2408 2093 2574 2147 nobis
2604 2091 2892 2160 scribitur,
2927 2090 3176 2146 adversis
3215 2089 3446 2145 tractari
3495 2105 3614 2144 non

2001 2180 2215 2252 injuria
2232 2184 2488 2253 putatur.
2510 2180 2815 2236 Silentium
2847 2179 3016 2235 amici
3042 2179 3214 2234 vestri
3233 2175 3614 2234 Adalberonis

2001 2269 2302 2341 proprium
2318 2273 2552 2336 statum,
2580 2269 2864 2340 simulque
2895 2267 3273 2322 Ecclesiarum
3295 2264 3526 2321 Domini
3547 2281 3613 2320 ac

2001 2358 2200 2427 palatii
2230 2359 2580 2413 Francorum
2611 2357 2844 2412 indicat.
2866 2356 3030 2421 Quod
3051 2359 3112 2409 ut
3134 2357 3334 2426 potero
3363 2353 3615 2410 breviter

2003 2446 2323 2518 accingam.
2381 2448 2498 2518 Ego
2540 2445 2797 2501 fidelium
2840 2444 3076 2501 Caesaris
3124 2460 3241 2498 non
3273 2442 3609 2497 immemor.

2006 2533 2336 2604 ConJuratio
2369 2534 2428 2588 in
2459 2534 2640 2588 filium
2665 2533 2899 2589 Caesaris
2925 2549 2990 2588 ac
3017 2533 3073 2586 in
3101 2534 3266 2586 voset
3296 2533 3420 2585 acta
3439 2532 3524 2586 est
3555 2531 3613 2586 et

2007 2625 2218 2694 agitur,
2254 2640 2372 2678 non
2397 2624 2581 2678 solum
2597 2640 2630 2676 a
2649 2622 3022 2693 principibus,
3045 2620 3196 2675 inter
3218 2635 3361 2692 quos
3380 2617 3611 2673 Carolus

2009 2711 2118 2766 dux
2141 2711 2268 2782 jam
2303 2729 2420 2766 non
2452 2711 2510 2765 in
2545 2712 2764 2766 occulto
2789 2715 2893 2776 est,
2917 2711 3017 2764 sed
3047 2708 3222 2763 etiam
3251 2724 3284 2762 a
3315 2706 3613 2772 militibus,

2009 2817 2151 2872 quos
2183 2817 2281 2874 spe
2339 2803 2438 2854 aut
2479 2805 2636 2854 metu
2687 2799 2834 2855 allici
2866 2803 2952 2854 est
2981 2797 3266 2870 possibile.
3302 2797 3422 2850 Dux
3453 2795 3614 2866 Hugo

2008 2906 2096 2943 xiv
2129 2889 2412 2944 Kalendas
2449 2889 2578 2943 Julii
2608 2905 2808 2959 regem
2838 2905 2901 2943 ac
2931 2887 3194 2959 reginam
3236 2884 3616 2941 osculatusest

2009 2980 2245 3033 tandem
2261 2979 2468 3033 astutia
2481 2979 2888 3050 quorumdam,
2903 2981 2966 3031 ut
2983 2978 3038 3030 in
3054 2977 3179 3045 conj
3191 2975 3450 3030 uratione
3469 2971 3616 3027 tanti

272 3057 553 3124 senserit,
590 3073 753 3128 Spem
784 3061 1002 3112 certam
1037 3057 1321 3124 habuerit,
1352 3058 1450 3129 (Ιιιί
1485 3059 1642 3113 VObiS
1673 3075 1737 3112 ac
1791 3057 1908 3113 ﬁlio
1942 3095 1988 3154 ρ
2011 3066 2114 3120 viri
2154 3083 2370 3121 nomen
2396 3067 2524 3121 fore
2556 3068 2877 3138 putaretur,
2909 3065 3062 3137 quod
3101 3062 3343 3117 minime
3371 3063 3476 3122 est,
3508 3075 3614 3113 nec

282 3149 485 3201 vestro
515 3144 577 3199 in
611 3161 724 3216 quo
746 3146 923 3200 valuit
952 3145 1286 3217 suffragium
1323 3146 1634 3201 meditatus
1663 3149 1766 3201 est.

852 3251 1190 3307 EPISTOLA
1217 3251 1350 3307 LIII.

358 3358 436 3394 AD
461 3353 811 3394 ιοτΗΑῐιιυΜ
834 3356 1029 3394 REGEM
1050 3357 1120 3394 EX
1144 3356 1403 3395 PERSONA
1428 3357 1836 3398 ADALBERONIS.

365 3411 510 3466 Vide
540 3411 868 3481 Patralogiae
900 3419 1028 3466 tam.
1060 3410 1283 3466 CXXX
1298 3411 1408 3467 V11
1430 3415 1484 3466 in
1517 3415 1910 3470 ADALBERONE

278 3501 590 3567 BwENSI,
613 3503 762 3572 epist.
787 3503 836 3556 8.

852 3596 1192 3653 EPISTOLA
1223 3597 1351 3651 LIV.

356 3705 443 3743 AD
481 3704 898 3743 TREVIRENSEM
934 3703 1443 3742 ARCHIEPISCOPUM
1492 3703 1565 3741 EX
1585 3703 1843 3742 PERSONA

895 3792 1317 3831 ADALBERONIS.

369 3865 514 3919 Vide
541 3865 642 3922 ubi
669 3883 849 3938 supra,
878 3868 1026 3936 epist.
1056 3868 1107 3920 9.

875 3963 1209 4018 EPISTOLA
1241 3963 1345 4017 LV.

908 4069 986 4106 AD
1015 4068 1281 4107 EUMDEM.

373 4141 516 4194 Vide
548 4139 642 4194 ubi
666 4157 850 4212 supra,
879 4142 1028 4211 epist.
1064 4144 1148 4198 t0.

859 4237 1195 4292 EPISTULA
1226 4237 1355 4291 LVI.

918 4343 993 4380 AD
1025 4343 1296 4382 EUMDEM.

383 4415 523 4470 Vide
554 4415 648 4469 ubi
671 4432 848 4486 supra,
881 4418 1029 4486 epist.
1068 4418 1150 4472 ll.

844 4501 1184 4556 EPISTOLA
1229 4502 1382 4556 LVII.

696 4606 970 4646 OBJECTIO
995 4607 1050 4644 IN
1076 4607 1525 4646 ADALBERONEM.

370 4678 518 4734 Vide
549 4678 639 4732 ubi
675 4697 858 4750 supra,
892 4687 1040 4749 epist.
1079 4682 1167 4735 l2.

833 4766 1168 4823 EPISTOLA
1209 4768 1386 4822 LVIII.

951 4872 1268 4912 PURGATIO.

377 4928 517 4984 Vide
549 4929 640 4982 ubi
655 4945 836 5000 supra,
870 4930 1018 4999 epist.
1054 4933 1135 4984 i3.

857 5028 1189 5083 EPISTOLA
1224 5029 1347 5082 LIX.

322 5139 412 5176 AD
456 5136 737 5174 DOMINUM
770 5137 1085 5174 METENSENI
1120 5136 1447 5174 ΕΡιὸίῖοΡοΜ
1477 5134 1862 5174 DIEDERICUM.

363 5211 478 5274 Qui
513 5212 671 5263 actus
702 5211 788 5263 vel
830 5208 1125 5279 dispositio
1156 5209 1316 5279 regia
1343 5209 1401 5262 in
1433 5207 1704 5280 prensanti
1718 5207 1789 5260 sit
1817 5207 1916 5260 du-

290 5298 699 5368 bitatiolcgati
720 5298 943 5351 Henrici
970 5297 1158 5353 Idibus
1189 5297 1314 5351 Maii
1349 5297 1640 5367 patefecit,
1671 5295 1828 5365 cujus
1857 5295 1915 5349 in

288 5388 488 5443 reditu
505 5387 804 5440 curiositas
821 5385 1166 5453 sciscitandi,
1186 5385 1503 5458 etplurima
1519 5383 1913 5458 perquirendi,

293 5480 452 5532 aliud
492 5478 652 5530 vultu
679 5476 1059 5546 prastendere,
1096 5477 1248 5530 aliud
1282 5479 1475 5530 mente
1503 5492 1704 5546 gerere
1738 5473 1914 5544 signi-

297 5565 643 5621 fi.:avit.Dux
665 5565 820 5635 Hugo
841 5564 916 5618 ad
947 5567 1244 5619 sexcentos
1268 5563 1476 5618 milites
1506 5562 1806 5633 collegisse
1830 5562 1914 5616 di-

299 5655 555 5712 citur.Ea
571 5654 730 5712 fama
755 5655 1100 5709 conventum
1116 5653 1466 5710 Francorum
1490 5651 1914 5723 Compendiaco

2013 3155 2135 3209 fore
2163 3159 2432 3226 putamus
2476 3155 2582 3210 hac
2614 3157 2955 3226 tempestate
2989 3152 3291 3225 Sigifridus
3319 3164 3512 3204 comes
3543 3146 3617 3202 ad

2013 3260 2114 3297 sua
2142 3244 2332 3299 rediit.
2357 3243 2695 3299 Godefridus
2725 3260 2939 3310 comes,
2975 3242 3018 3296 si
3053 3238 3451 3296 Castrilucium
3481 3251 3615 3290 cum

2012 3333 2230 3388 Hainao
2245 3332 2492 3388 Reniero
2515 3333 2804 3399 redderet,
2827 3347 3001 3402 seque
3033 3329 3336 3400 filiumque
3358 3340 3525 3380 suum
3547 3338 3612 3377 co

2011 3422 2219 3476 mitatu
2249 3439 2314 3477 ac
2345 3421 2672 3494 episcopatu
2706 3421 2954 3492 privaret
2981 3415 3353 3472 Virdunensi:
3388 3414 3459 3469 de
3484 3411 3620 3468 reli-

2012 3529 2126 3585 quo
2160 3512 2447 3583 integram
2479 3511 2653 3566 fidem
2670 3511 3020 3565 Francorum
3040 3507 3271 3578 regibus
3301 3503 3615 3567 exhiberet,

2013 3600 2163 3655 datis
2209 3600 2502 3655 obsidibus
2544 3597 2801 3653 fortassis
2832 3598 2903 3652 ad
2941 3614 3041 3650 sua
3086 3609 3350 3650 remeare
3380 3591 3614 3645 valeret.

2015 3689 2166 3744 Finis
2193 3687 2528 3744 Theoderici
2561 3687 2717 3742 ducis
2776 3687 3076 3757 Hugonem
3120 3684 3325 3738 ducem
3365 3677 3613 3750 respicit,

2018 3781 2286 3836 Ottonem
2348 3777 2694 3832 Heribertus.
2729 3776 2932 3830 Fidum
2985 3773 3143 3828 vobis
3192 3771 3619 3826 Adalberonem

2016 3869 2506 3942 archiepiscopum
2569 3885 2676 3940 pax
2707 3868 2999 3938 sequestra
3029 3877 3180 3917 nunc
3218 3860 3455 3918 tandem
3481 3873 3618 3912 con—

2017 3959 2191 4024 ciliat,
2225 3974 2293 4013 eo
2325 3960 2513 4028 pacto,
2547 3960 2610 4011 ut
2652 3955 2886 4009 interim
2937 3952 3266 4007 instituatur
3316 3947 3616 4018 perpetua.

2018 4048 2140 4112 Qua
2167 4048 2225 4102 in
2247 4064 2308 4101 re
2320 4051 2570 4101 vestrum
2594 4056 3083 4112 suorumque,pro
3105 4051 3354 4109 quorum
3383 4032 3618 4088 nomine

2017 4137 2358 4201 antefertur,
2390 4151 2494 4188 nec
2509 4133 2631 4186 fieri
2647 4133 2835 4202 potest
2858 4133 2917 4182 ut
2931 4127 3245 4200 quidquam
3269 4121 3618 4185 instituatur,

2017 4227 2172 4298 quod
2200 4227 2403 4280 vestra:
2427 4237 2774 4291 suorumque
2806 4217 2971 4273 saluti
3000 4214 3272 4270 obsistere
3303 4209 3498 4284 possit.
3517 4208 3620 4261 La-

2018 4321 2145 4370 tens
2181 4332 2244 4369 ac
2275 4313 2480 4368 furtiva
2511 4309 2798 4383 expeditio
2854 4306 3044 4362 nescio
3071 4303 3274 4376 quibus
3299 4302 3622 4355 vestrorum

1943 4374 1995 4433 D
2020 4404 2206 4458 subito
2239 4374 2599 4458 intenditur:
2633 4400 2780 4465 Quid
2828 4402 2988 4452 trans
3017 4374 3282 4449 Rbenum
3315 4387 3620 4462 gesseritis.

2024 4512 2128 4548 nos
2159 4494 2228 4548 de
2261 4495 2446 4548 vestra
2467 4493 2646 4546 salute
2685 4491 2946 4544 laetantes
2978 4502 3095 4540 non
3123 4481 3401 4539 celabitis.

2573 4578 2910 4634 EPISTOLA
2934 4575 3060 4629 LXI.

2173 4686 2580 4726 ADALBEORONI
2607 4680 3065 4723 ARCHIEPISCOPO
3093 4676 3458 4718 GERBERTUS.

2092 4762 2162 4816 Ut
2189 4760 2442 4815 voluistis
2471 4759 2795 4813 consultum
2817 4758 3103 4821 est,mora
3129 4754 3316 4806 vestra
3347 4763 3522 4820 usque
3551 4745 3626 4800 ad

2018 4849 2472 4905 determinatum
2508 4846 2858 4918 colloquium
2918 4844 2977 4898 in
3007 4855 3317 4898 commune
3370 4836 3623 4893 laudata.

2015 4939 2281 4995 Amicitia
2307 4937 2559 5009 Hugonis
2592 4952 2707 4991 non
2735 4935 2975 5007 signiter
3005 4930 3348 5003 expetenda,
3381 4927 3478 4983 sed
3500 4943 3626 4982 om-

2018 5029 2155 5084 nino
2188 5028 2515 5083 conandum
2550 5043 2620 5079 ne
2668 5026 2816 5079 bene
2866 5024 3051 5093 coepta
3100 5021 3250 5074 male
3294 5019 3621 5072 abutamur.

2019 5119 2160 5171 Nam
2181 5114 2811 5189 quidemintelligentia
2839 5113 2960 5166 haec
2979 5114 3083 5177 est,
3123 5110 3223 5164 sed
3255 5107 3444 5162 nescio
3477 5120 3619 5177 quo-

2017 5223 2152 5260 nam
2172 5209 2336 5277 pacto
2350 5205 2528 5259 frater
2539 5201 3062 5258 vesterGodefridus
3075 5203 3247 5270 atque
3260 5193 3618 5257 Rainherius,

2016 5295 2302 5349 Gobthero
2331 5311 2460 5348 meo
2493 5309 2668 5365 quem
2683 5291 2998 5346 Turonium
3029 5289 3299 5343 miseram
3332 5285 3617 5345 dixerunt,

2016 5401 2116 5439 vos
2148 5387 2354 5455 prazsto
2385 5383 2606 5448 adfore,
2648 5385 2710 5435 ut
2737 5380 2780 5435 si
2811 5396 2983 5451 quem
3014 5377 3282 5433 nuntium
3311 5376 3431 5431 Odo
3463 5371 3619 5427 vobis

2020 5474 2296 5540 mitteret,
2345 5474 2404 5525 et
2457 5470 2666 5541 alloqui
2719 5467 2975 5540 possetis,
3011 5470 3067 5521 et
3093 5483 3220 5537 qua:
3275 5461 3622 5536 significaret

2019 5578 2196 5634 opere
2216 5561 2630 5632 adimpleretis.
2653 5560 2937 5612 Caeterum
2961 5557 3071 5610 dux
3091 5555 3250 5626 Hugo
3265 5554 3431 5607 nacta
3455 5563 3617 5634 occa-

2016 5632 2176 5707 sione
2206 5666 2271 5704 ex
2303 5648 2655 5705 dissensione
2687 5643 2934 5718 episcopi
2959 5640 3289 5704 Parisiensis
3314 5640 3372 5695 et
3400 5632 3620 5692 abbatis
