3954 6170
418 300 524 369 ειθ

1091 308 1443 371 SILVESTBI
1469 311 1517 375 II
1544 306 1751 375 PAPE
1777 308 1933 370 OPP.
1961 306 2140 369 PARS
2168 308 2241 369 III
2291 336 2363 357 -
2401 302 2618 368 EPIST.
2649 306 2735 369 ET
2762 302 3039 368 DIPLOM.

3618 298 3728 359 220

419 432 581 493 Gual.
603 430 879 495 abbatem
906 439 1170 496 nostrum
1186 439 1487 496 Airardum
1509 438 1662 496 inter
1689 440 1928 495 caeteros
1948 435 2025 501 ad
2049 447 2108 510 Α
2131 437 2416 494 bilitatem
2442 438 2519 495 ob
2556 440 2815 494 nostram
2837 429 3430 496 commendationem,
3464 424 3573 484 etsi
3591 440 3735 499 pace

420 539 480 583 se
512 524 711 581 venire
739 528 883 582 erat.
934 527 995 583 Id
1025 530 1085 583 ut
1114 533 1356 601 peragat
1383 546 1716 601 persuasum
1742 528 1812 584 iri
1860 544 2025 600 posse
2125 531 2315 584 vestra
2346 528 2468 582 fieri
2494 530 2702 600 potest,
2732 544 2804 582 ne
2829 528 3023 582 careat
3053 520 3252 580 studiis
3277 518 3483 598 quibus
3510 516 3738 593 impen-

422 612 791 673 CODﬁdimus.
825 616 1120 689 Colloquio
1150 619 1333 673 soluto
1368 635 1560 674 moras
1582 634 1783 675 omnes
1806 617 2025 684 solvite,

422 700 670 774 urbique
697 718 763 758 ac
789 704 987 760 vestris
1025 723 1123 761 vos
1146 707 1448 762 restituite.

965 812 1296 869 EPISTULA
1325 814 1475 870 LXII.

466 910 542 950 AD
573 912 908 955 BEATRICEM
934 917 1132 958 DUCEM
1165 919 1235 956 EX
1272 918 1534 958 PERSONA
1570 917 1989 958 ADALBERONIS.

510 984 642 1040 Vide
668 986 996 1056 Patrologiae
1021 997 1148 1045 tom.
1182 989 1407 1046 CXXX
1419 990 1537 1047 VII
1559 993 1616 1048 in
1638 994 2028 1047 ADALBERONE

426 1053 720 1127 Hastensi,
756 1053 911 1134 epist:
941 1062 1026 1116 14.

954 1161 1289 1218 EPISTULA
1320 1162 1494 1218 LXIII.

1043 1267 1121 1306 AD
1154 1268 1416 1307 EAMDEM.

516 1338 650 1397 Vide
674 1338 768 1395 ubi
784 1354 973 1412 supra,
1003 1342 1152 1413 epist.
1192 1345 1272 1396 15.

963 1438 1297 1495 EPISTOIA
1328 1439 1497 1511 LXIV,

1041 1544 1115 1582 AD
1141 1544 1406 1584 EAMDEM.

508 1612 644 1670 Vide
667 1612 767 1669 ubi
793 1631 975 1687 supra,
995 1618 1149 1686 epist.
1178 1619 1260 1670 l6.

968 1714 1301 1769 EPISTULA
1332 1714 1477 1770 LXV.

594 1817 667 1855 AD
696 1818 1043 1858 NITHARDUM
1070 1821 1339 1859 ABBATEM
1371 1819 1855 1860 MEDELECENSEM.

496 1889 983 1967 Scmperquidem
998 1893 1384 1963 plurimorum
1418 1886 1646 1949 utilitati
1674 1893 2025 1967 prospicien-

425 1978 583 2046 dum,
629 1981 979 2054 privatisque
1023 1983 1346 2038 commodis
1386 1984 1612 2055 publica
1641 1982 2022 2054 praeferenda.

422 2068 677 2123 Fratrem
695 2069 873 2125 Gaud.
906 2071 1236 2126 subitocum
1260 2088 1321 2126 re
1353 2072 1513 2126 omni
1538 2072 2027 2142 familiariparata

420 2172 486 2211 ac
527 2156 787 2229 paranda
815 2158 1005 2213 redire
1036 2160 1260 2230 cogitis,
1294 2161 1450 2215 nulla
1485 2160 1761 2231 temporis
1802 2159 2025 2215 ratione

418 2244 633 2300 habita.
663 2245 857 2301 Soline
907 2250 1098 2303 tantos
1142 2250 1332 2303 motus
1376 2248 1552 2303 civilis
1595 2250 1726 2303 belli
1756 2265 1871 2302 non
1902 2265 2028 2302 scn-

418 2333 710 2406 sistis?qui
736 2335 955 2391 domini
986 2353 1179 2391 rerum
1201 2355 1263 2392 ac
1292 2337 1578 2408 principes
1595 2355 1715 2392 esse
1741 2337 2024 2403 videmur,

414 2420 622 2476 itinere
634 2422 922 2495 frequenti
941 2425 1099 2496 equis
1113 2424 1319 2480 attritis
1336 2425 1576 2480 comites
1591 2426 1840 2480 rariores
1855 2425 2027 2479 habe-

419 2525 567 2567 mus.
590 2510 782 2568 Tazdio
810 2513 1146 2568 monasterii
1173 2531 1306 2568 eum
1324 2515 1475 2569 nolle
1502 2514 1691 2568 redire
1719 2512 2026 2581 dixistis,id

416 2616 488 2655 ne
518 2600 1046 2674 verumsitquoquo
1076 2604 1251 2658 modo
1276 2603 1548 2658 reducem
1576 2602 2022 2657 tenetis.Conse-

420 2687 615 2759 quitur
626 2707 766 2761 ergo
784 2693 847 2745 ut
872 2690 930 2745 in
944 2692 1051 2746 hoc
1064 2693 1431 2764 experiamur
1451 2708 1843 2764 paucorumne
1866 2707 2022 2745 eom-

421 2778 682 2847 modum,
718 2795 790 2835 an
813 2781 1151 2848 multorum,
1179 2781 1251 2836 sit
1276 2781 1434 2837 vobis
1463 2780 1788 2854 pretiosius.

950 2888 1286 2945 EPISTULA
1317 2891 1488 2945 LXVI.

556 2992 633 3031 AD
662 2992 1053 3034 NOTEGARIUM
1095 2995 1416 3034 EPISCOPUM
1450 2995 1880 3036 LEODICENSEM.

494 3064 628 3120 Vide
654 3065 982 3137 l’atrologiae
1011 3074 1137 3122 tam.
1168 3067 1395 3124 CXXX
1408 3066 1517 3123 VII
1550 3070 1605 3121 in
1633 3070 2027 3143 ADALBERONE

417 3154 700 3225 Remens,
729 3158 878 3230 epist.
907 3161 989 3212 l7.

935 3256 1272 3313 EPISTULA
1302 3257 1499 3312 LXVII.

698 3360 773 3399 AD
806 3360 1056 3401 EUMDEM
1079 3362 1151 3400 EX
1172 3362 1434 3401 PERSONA
1461 3361 1738 3402 EJUSDEM.

495 3430 631 3487 Vide
658 3432 755 3489 ubi
779 3450 957 3505 supra,
989 3437 1137 3506 epist.
1174 3438 1259 3493 18.

923 3533 1258 3589 EPISTULA
1290 3534 1508 3589 LXVIII.

855 3638 928 3677 AD
951 3638 1225 3677 ABBATEM
1257 3640 1394 3677 RAIN
1406 3640 1581 3678 ERUM.

486 3707 758 3774 Quamvis
778 3709 1219 3782 intelligentiam
1236 3716 1483 3767 vestram
1497 3728 1613 3767 non
1640 3712 1816 3767 lateat
1837 3715 2025 3767 artem

415 3799 627 3859 artium
658 3800 919 3872 regimen
948 3816 1071 3855 esse
1101 3800 1451 3868 animarum,
1487 3804 1680 3855 tamen
1717 3805 1835 3855 tam
1863 3817 2025 3856 occu-

416 3888 566 3959 patis
594 3888 652 3945 in
700 3889 904 3961 repub.
937 3890 1285 3961 suggessisse
1312 3908 1428 3944 non
1458 3889 1658 3945 inutile
1697 3890 1879 3943 visum
1914 3893 2017 3944 est.

425 3978 685 4035 Fratrem
737 3978 944 4050 Menig.
990 3996 1163 4051 quem
1195 3978 1349 4033 suavi
1404 3978 1655 4050 eloquio,
1688 3977 2021 4033 alfaloilitate

416 4070 657 4138 paterna
674 4067 1067 4125 transmarina
1088 4071 1314 4122 mutare
1332 4067 1941 4139 coegistisJimrentem
1957 4084 2021 4122 ac

415 4156 655 4215 dubium
686 4157 891 4228 quibus
934 4157 1216 4212 valuimus
1245 4156 1545 4212 sententiis
1576 4160 1821 4210 vestram
1852 4173 2021 4211 man-

414 4245 779 4301 suetudinem
809 4244 913 4301 sibi
956 4248 1155 4302 notam
1184 4246 1428 4317 experiri
1464 4245 1866 4316 persuasionis.
1901 4244 2021 4301 Erit

414 4350 555 4406 ergo
577 4333 729 4390 docti
750 4333 1046 4402 viri,more
1064 4335 1198 4389 boni
1230 4334 1457 4401 medici,
1486 4334 1708 4389 mellita
1739 4334 2019 4404 proferre,

418 4441 491 4479 ne
522 4423 712 4495 primo
747 4427 915 4494 gustu
954 4423 1167 4477 anmris
1202 4423 1435 4493 ingestis
1458 4423 1751 4489 antidotis,
1776 4424 2020 4477 salutem

412 4529 577 4567 suam
608 4510 1084 4582 formidabundus
1101 4510 1335 4581 incipiat
1360 4510 2019 4581 expavescerc.Haccon-

419 4600 659 4667 ditione,
691 4600 736 4656 si
777 4600 981 4671 placet,
1014 4598 1308 4670 suscipite;
1356 4599 1401 4652 si
1456 4599 1734 4669 displicet,
1770 4616 1842 4654 ne
1872 4599 2020 4654 forte

414 4688 727 4759 proditoris
754 4688 1070 4758 fungamur
1099 4687 1309 4754 ofﬁcio,
1338 4704 1451 4758 quo
1485 4688 1616 4742 velit
1638 4688 1825 4742 redire
1854 4704 2020 4760 (equo

415 4776 612 4833 animo
643 4775 811 4830 ferte.

947 4872 1283 4928 EPISTULA
1314 4874 1482 4928 LXIX.

517 4977 590 5021 AD
613 4978 920 5019 ECBERTUM
963 4979 1459 5019 ARCHIEPISCOPUM
1478 4979 1904 5018 TREVIRENSEM.

482 5061 607 5117 Non
636 5064 963 5116 exsecutum
996 5077 1117 5116 esse
1145 5061 1301 5132 quod
1322 5061 1392 5116 ab
1416 5061 1554 5116 urbe
1586 5060 1921 5115 Virdunensi
1944 5060 2014 5115 de

413 5150 605 5206 reditu
631 5149 826 5206 fratris
853 5150 914 5204 G.
950 5149 1350 5205 mandavimus
1380 5150 1565 5206 acrior
1594 5166 1731 5204 cura
1760 5165 2011 5222 praesen-

412 5238 557 5294 tium
575 5242 837 5310 tempore
857 5238 1065 5305 effecit,
1086 5239 1223 5294 dum
1243 5242 1301 5293 et
1321 5239 1473 5309 quod
1496 5239 1764 5293 nolumus
1779 5238 2019 5293 necessi-

410 5332 500 5384 tas
528 5327 784 5394 infert,et
808 5328 965 5399 quod
987 5328 1245 5382 volumus
1267 5328 1639 5382 aut'ci't.l\’une
1675 5327 1909 5382 tandem
1944 5346 2017 5382 ne

412 5417 560 5473 bene
592 5416 1203 5488 meritisappareumus
1227 5416 1460 5487 ingrati,
1488 5416 1808 5471 clementim
1824 5419 2020 5472 vestrae

416 5510 478 5562 ut
507 5522 809 5579 possumus
822 5505 1308 5573 remittimus,boc
1331 5523 1507 5560 unum
1538 5507 1750 5561 asolita
1774 5507 2021 5562 benevo-

415 5593 596 5652 lentia
627 5597 812 5651 vestra
837 5596 1195 5668 expetentes,
1214 5597 1273 5650 ut
1291 5594 1617 5665 experiatur
1638 5599 1879 5649 vestram
1896 5596 2027 5651 atl'a-

2126 618 2240 674 sius
2270 634 2515 695 Operam
2543 619 2681 674 dare
2708 617 3003 690 disposuit.

2672 726 3005 785 EPISTULA
3036 724 3179 780 LXX.

2345 832 2419 871 AD
2449 834 2719 873 MAIOI.UM
2751 832 3018 872 ABBATEM
3048 827 3514 869 CLUNIACENSEM.

2200 906 2315 961 Etsi
2368 907 2626 979 vigilanti
2684 923 2822 961 cura
2861 921 3033 978 super
3060 907 3247 960 vestro
3290 916 3467 975 grege
3511 896 3740 955 assidue

2130 1013 2227 1052 ore
2240 997 2395 1069 upati
2420 999 2574 1063 estis,
2611 997 3002 1069 propensioris
3031 998 3116 1049 est
3143 998 3341 1049 tamen
3374 986 3741 1049 charitatis,si

2130 1087 2299 1143 alieni
2331 1088 2525 1159 gregis
2552 1085 3125 1159 contagiointerdum
3145 1078 3484 1139 medemini.
3516 1077 3741 1135 Floria-

2131 1178 2316 1231 censis
2348 1176 2592 1232 cmnobii
2606 1178 2844 1248 prepter
2853 1172 3237 1230 reverentiam
3252 1162 3741 1226 PatrisBenedicti

2132 1280 2196 1317 su
2214 1281 2442 1318 mmum
2461 1265 2649 1319 locum
2667 1280 2843 1335 penes
2861 1262 3263 1327 monachos,ut
3276 1259 3458 1319 aiunt,
3475 1268 3745 1330 pervasor

2136 1352 2526 1424 occupavit.Si
2555 1354 2890 1419 vostacetis,
2922 1352 3048 1423 quis
3077 1346 3387 1421 loquetur?
3410 1346 3524 1399 Hoc
3553 1344 3741 1398 incor-

2131 1447 2312 1508 recto,
2338 1443 2464 1516 quis
2493 1444 2794 1516 improbus
2815 1441 3013 1497 similis
3037 1457 3153 1496 non
3186 1435 3466 1511 sperabit?
3479 1434 3591 1488 Nos
3609 1429 3741 1504 qui-

2130 1532 2266 1587 dem
2295 1533 2419 1587 hzee
2461 1533 2580 1587 zelo
2614 1531 2787 1589 divini
2822 1530 3035 1586 amoris
3066 1528 3329 1592 dicimus,
3361 1528 3418 1580 et
3446 1526 3509 1577 ut
3536 1523 3735 1576 nostro

2129 1621 2390 1675 examine
2425 1621 2467 1674 si
2498 1622 2711 1693 probus
2736 1622 2821 1676 est
2849 1618 3177 1691 recipiatur,
3208 1616 3254 1670 si
3283 1611 3579 1686 improbus
3609 1623 3740 1663 om-

2129 1709 2293 1764 nium
2327 1710 2601 1764 abbatum
2634 1726 2698 1763 ac
2730 1707 3031 1764 monastiei
3078 1705 3293 1762 ordinis
3338 1704 3628 1766 societate,
3662 1694 3741 1750 ad

2128 1815 2359 1870 pwnam
2390 1816 2506 1854 sum
2539 1797 2930 1853 damnationis
2961 1797 3233 1868 privetur.
3268 1794 3432 1859 Quod
3456 1792 3613 1848 vobis
3641 1807 3736 1847 ra-

2127 1889 2255 1942 tum
2287 1887 2492 1943 litteris
2527 1886 2727 1942 vestris
2758 1887 2922 1941 nobis
2953 1886 3053 1941 fiet
3083 1882 3565 1956 acceptissimum.

2658 1994 2991 2050 EPISTULA
3036 1995 3204 2050 LXXI.

2309 2101 2385 2140 AD
2416 2100 2735 2140 GERAIDUM
2768 2098 3045 2139 ABBATEM
3070 2097 3559 2139 AURILIACENSEM.

2198 2178 2242 2233 Ο
2275 2175 2520 2231 nimium
2544 2177 2750 2233 dilecte
2761 2176 2903 2237 Deo,
2926 2176 3128 2230 ardere
3150 2173 3312 2229 bellis
3331 2172 3533 2228 orbem
3555 2173 3742 2229 terra-

2127 2283 2258 2321 rum
2291 2267 2467 2333 vides,
2502 2270 2559 2321 et
2594 2267 2668 2320 ad
2708 2266 3183 2337 Omnipotentem
3224 2280 3431 2317 manus
3464 2279 3571 2333 pro
3588 2264 3742 2317 statu

2128 2356 2501 2411 Ecclesiarum
2520 2354 2745 2409 Domini
2766 2371 2880 2409 non
2898 2352 3095 2425 erigis!
3119 2352 3487 2407 Salutiferum
3504 2351 3740 2422 quidem

2127 2444 2238 2499 iter
2264 2444 2670 2515 eharitatisque
2710 2445 2950 2515 plenum
2982 2442 3056 2496 ad
3100 2441 3307 2495 limina
3328 2439 3481 2495 beati
3512 2439 3740 2495 Geraldi

2127 2550 2231 2589 nos
2251 2533 2463 2588 habere
2482 2532 2812 2603 eupitis:'cui
2836 2534 2966 2585 voto
2985 2531 3206 2585 utinam
3226 2530 3412 2583 faveat
3432 2527 3733 2584 Divinitas!

2126 2622 2238 2678 Sed
2270 2623 2325 2678 id
2344 2640 2518 2695 quam
2536 2621 2765 2677 difﬁcile
2793 2622 2946 2676 factu
2981 2621 3052 2675 sit
3075 2618 3240 2673 facile
3265 2617 3740 2689 intelligitur,nisi

2125 2716 2309 2767 vestra
2341 2712 2639 2767 obtineant
2686 2712 2912 2766 merita.
2946 2713 3025 2765 De
3082 2726 3218 2781 rege
3263 2707 3546 2763 Ludovico
3608 2707 3739 2778 quis

2122 2802 2403 2857 habeatur
2459 2801 2770 2868 consulitis,
2816 2804 2873 2856 et
2925 2816 2999 2856 an
3059 2800 3336 2855 exercitus
3382 2799 3737 2853 Francorum

2124 2890 2396 2946 auxilium
2414 2892 2634 2946 Borello
2651 2892 2870 2944 laturus
2894 2890 3209 2944 sit.Horum
3234 2887 3488 2959 primum
3511 2903 3547 2941 a
3567 2885 3738 2941 nobis

2044 3010 2095 3071 ο
2127 2980 2369 3035 minime
2394 2980 2574 3052 quaari
2606 2982 2864 3050 oportet,
2901 2977 3202 3050 quoniam,
3234 2980 3297 3030 ut
3327 2974 3738 3071 ait-Sallustius

2126 3086 2328 3124 omnes
2342 3068 2612 3124 homines
2633 3067 2729 3139 qui
2757 3068 2828 3121 de
2845 3067 3017 3121 rebus
3041 3066 3226 3121 dubiis
3242 3065 3547 3120 consulunt
3566 3078 3739 3134 opor-

2124 3159 2209 3211 tet
2237 3174 2358 3212 esse
2388 3160 2642 3211 remotos
2657 3157 2728 3211 ab
2750 3156 2854 3221 ira,
2876 3154 3030 3221 odio,
3054 3152 3735 3209 misericordia.Alterum

2127 3249 2325 3316 suapte
2359 3249 2562 3300 natura
2582 3246 2863 3307 adesse,ct
2886 3260 3003 3300 non
3019 3260 3140 3298 esse
3160 3242 3456 3314 mqualiter
3472 3257 3734 3312 vergens,

2126 3339 2324 3389 nostra
2354 3333 2736 3405 intelligentia
2762 3332 2945 3404 magis
2976 3331 3201 3386 videtur
3235 3331 3473 3385 tendere
3504 3330 3576 3385 ad
3615 3345 3738 3385 non

2126 3440 2267 3479 esse.
2299 3424 2527 3493 Organa
2550 3438 2743 3493 porro,
2772 3426 2969 3493 etquae
2990 3420 3148 3475 vobis
3164 3419 3335 3490 dirigi
3359 3417 3736 3490 praecepistis,

2126 3511 2184 3565 in
2217 3512 2378 3566 Italia
2395 3514 2829 3573 conservantur,
2854 3526 2992 3581 pace
3015 3525 3330 3581 regnorum
3357 3508 3508 3562 facta
3535 3506 3740 3562 vestris

2127 3601 2425 3655 obtutibus
2460 3598 2947 3671 repracsentenda.
2983 3597 3119 3662 Qum
3148 3597 3298 3652 hosti
3320 3596 3468 3667 juris
3494 3597 3649 3657 sunt,
3674 3596 3740 3648 ut

2124 3691 2313 3743 vestra
2341 3690 2615 3760 spectate,
2646 3686 3097 3742 Desiderabilem
3123 3684 3487 3755 praesentiam
3521 3682 3597 3754 pii
3627 3684 3738 3737 Pa-

2124 3777 2246 3842 tris,
2274 3777 2361 3830 vel
2393 3792 2564 3829 causa
2601 3775 2752 3829 beati
2800 3774 3047 3846 Remigii
3105 3774 3457 3828 Francorum
3489 3770 3737 3843 apostoli

2124 3863 3085 3929 desiderantibusliliisexhibete,ut
3107 3860 3737 3933 nostrumimpossibile

2123 3958 2309 4008 vestro
2331 3955 2582 4008 solvatur
2609 3952 2881 4025 possibili.

2656 4058 2985 4114 EPISTULA
3024 4060 3214 4113 LXXII.

2122 4167 2195 4203 AI)
2236 4165 2586 4203 STEPHANUM
2629 4164 2955 4215 DIACONUM,
2992 4164 3147 4202 DATA
3188 4163 3245 4200 Vl
3286 4162 3425 4201 NON.
3457 4164 3731 4202 MARTIAS.

2195 4237 2482 4307 Exsequiis
2511 4236 2733 4291 domini
2782 4236 3037 4291 Lotharii
3070 4236 3221 4307 regis
3252 4236 3514 4306 occupati
3548 4238 3735 4290 multa

2124 4327 2223 4381 tibi
2252 4326 2531 4398 quaerenti
2557 4342 2735 4395 pauca
2758 4324 3177 4396 rescripsimus.
3208 4323 3606 4379 Lotbarienses
3635 4323 3738 4379 du-

2123 4416 2259 4470 dum
2286 4416 2435 4484 eapti
2453 4432 2653 4467 omnes
2678 4414 2855 4485 elapsi
2874 4412 3530 4485 sunt,prwtercomitem
3555 4412 3739 4466 Gede-

2120 4503 2335 4557 t'ridum
2371 4545 2385 4569 ,
2412 4504 2483 4556 de
2532 4519 2644 4574 quo
2679 4502 2738 4555 in
2769 4502 2930 4556 brevi
2961 4501 3205 4556 meliora
3235 4504 3559 4573 sperantur.
3595 4500 3737 4564 Quae

2124 4609 2299 4665 penes
2328 4595 2387 4645 te
2410 4595 2651 4662 tuosque
2684 4594 2934 4663 agantur
2958 4591 3231 4656 rescribe,
3263 4594 3437 4661 atque
3468 4590 3739 4660 perhune

2122 4682 2379 4751 legatum
2414 4680 2588 4733 libros
2623 4684 2719 4733 tua
2758 4679 3038 4733 industria
3077 4680 3240 4734 nobis
3269 4679 3573 4751 reseriptos
3597 4696 3738 4735 con-

2122 4773 2411 4824 summata
2440 4769 2717 4822 eharitate
2748 4772 3002 4822 remitte.

2633 4875 2967 4928 EPISTULA
2996 4875 3212 4929 LXXIII.

2286 4981 2360 5017 an
2386 4976 2736 5017 NITHARDUM
2768 4978 3039 5017 ansarum
3071 4950 3549 5019 uenari-3cm:er

2130 5086 2137 5091 θ
2178 5063 2547 5141 .Quodvestra
2561 5062 2866 5134 praesentia
2897 5061 3186 5116 interdum
3208 5078 3325 5117 non
3358 5063 3747 5147 perfruimnr,

2115 5151 2458 5231 turbplentae
2478 5150 2556 5204 rei
2566 5151 2698 5222 pub.
2724 5150 3181 5222 imputatur.Vos
3195 5152 3385 5206 solum
3403 5153 3599 5223 gravia
3619 5156 3744 5226 pati

2117 5240 2348 5318 putatis,
2403 5256 2645 5311 quasque
2676 5240 2993 5309 asperrima
3037 5239 3259 5294 caeteris
3287 5240 3403 5293 sint
3434 5241 3739 5313 ignoratis.

2121 5329 2234 5383 Sed
2259 5346 2394 5405 tcum
2443 5332 2690 5399 agantur
2718 5328 2988 5382 homines
3024 5328 3203 5383 dubia
3244 5333 3420 5396 sorte,
3455 5331 3740 5403 mihique,

2124 5412 2503 5484 nnuf‘nostris,
2565 5417 2784 5471 incerto
2839 5422 2995 5471 certa
3057 5421 3348 5491 qumratur
3391 5419 3576 5481 sedes,
3636 5438 3743 5476 cur

2126 5496 2327 5562 tundiu
2359 5524 2533 5577 penes
2560 5524 2653 5560 me
2686 5506 2947 5577 deposita
2988 5508 3140 5561 male
3171 5507 3301 5561 lida:
3329 5507 3576 5562 fortuna”:
3610 5510 3741 5563 the-

2132 5596 2466 5651 suurizatis‘?
2506 5596 2568 5649 Et
2600 5595 2752 5667 «pila,
2778 5598 2975 5666 utpote
3014 5596 3321 5651 fidissimus
3348 5595 3620 5652 fidissimo
3648 5599 3737 5656 Io-
