3898 6168
196 328 282 391 221
1082 323 1321 389 samo
1355 321 1399 383 ι.
1438 346 1514 365 -
1548 308 1777 375 ANTE
1820 308 2120 381 summum
2156 317 2673 390 PONTIFchTEIt.
3458 336 3561 405 222

196 475 353 537 quor,
390 458 685 518 maturate
714 456 847 518 iter.
878 458 1025 518 Nam
1065 463 1163 517 aut
1200 455 1514 546 imperialis
1555 450 1689 509 cito
1734 465 1849 546 me
1872 444 1929 507 Α
1953 460 2177 517 genere
2191 456 3216 546 pervasisunt.SanctuariumDomini
3232 469 3554 546 corrupisti,

196 552 419 625 colliget
448 552 605 619 aula,
635 553 737 608 aut
774 550 1117 626 quantocius
1165 550 1370 607 omissa
1421 544 1522 602 diu
1577 542 1853 615 repetet
1950 545 2344 635 {ianctuarium
2370 549 2602 604 Domini
2637 554 2950 624 pervasisti,
3000 574 3065 612 ac
3120 542 3554 635 possides.Spe-

197 642 438 701 Hiberia.
1953 631 2129 688 lunca
2154 635 2448 692 latronum
2499 637 2649 694 facta
2693 657 2770 696 es.
2805 643 3004 699 Hostes
3035 646 3276 704 humani
3324 631 3555 722 generis

690 729 1035 786 EPISTOLA
1089 729 1303 785 LXXIV.

312 838 392 877 AD
416 835 741 877 ECBBRTUM
767 834 1280 875 ARCHIEPISCOPUM
1308 832 1380 872 EX
1408 824 1695 869 PERSONA

786 924 1189 964 ADALBERONIS
1202 950 1214 961 .

263 1000 397 1056 Vide
411 998 755 1070 Patrologia
787 1004 918 1053 tom.
963 995 1330 1066 CXXXVII,
1358 994 1421 1051 in
1451 993 1838 1052 Alamanosz

191 1091 453 1158 Βιιεηει,
487 1089 644 1162 epist.
677 1090 769 1144 20.

724 1194 1070 1251 EPISTOLA
1101 1194 1292 1249 LXXV.

360 1303 440 1342 ΣΧ
473 1300 750 1342 ΡεαεοΝΑ
780 1301 967 1339 ΕΜΜιΕ
997 1301 1232 1339 ΒΕΟῙΝΛΕ
1255 1300 1331 1337 AD
1370 1296 1641 1337 MATREM.

257 1375 539 1434 Dominae
568 1376 844 1430 Annum:
884 1372 1246 1445 imperatrici
1285 1388 1516 1445 semper
1552 1373 1828 1445 Augustae

190 1469 344 1523 Eua
366 1465 682 1539 quondam
701 1464 1095 1537 regina,nunc
1113 1464 1336 1521 lumine
1356 1465 1711 1520 Francorum
1730 1480 1826 1520 or-

188 1556 339 1612 bata.

246 1646 452 1717 Elapsa
463 1648 604 1702 sunt
616 1648 897 1718 tempora
911 1661 1181 1701 mearum
1195 1642 1524 1718 deliciarum
1536 1645 1829 1713 ,tempora

194 1732 413 1791 decoris
429 1736 574 1804 mei,
594 1752 629 1790 o
650 1735 735 1790 mi
755 1734 1026 1802 domina,
1045 1736 1104 1789 et
1120 1751 1154 1789 ο
1180 1733 1361 1788 dulcis
1384 1734 1569 1787 mater
1590 1749 1602 1787 :
1624 1732 1764 1787 dum
1780 1731 1827 1785 is

1956 721 2127 777 amici
2162 723 2240 780 tui
2271 724 2433 781 obliti
2474 726 2781 799 virginum,
2820 734 3117 807 sanctique
3162 737 3268 794 tori
3304 721 3550 796 consan-

1946 812 2247 884 guinitatis
2290 817 2349 869 et
2383 817 2659 886 muneris,
2693 823 2750 875 et
2782 821 2908 893 jam
2958 822 3017 877 in
3057 826 3231 883 sacris
3261 826 3462 885 diebus
3489 833 3551 888 et

1942 900 2001 957 in
2036 903 2210 958 sacris
2230 902 2366 959 locis
2396 905 2752 963 horrendum
2784 911 3028 984 lupanar
3055 913 3315 972 fecerunt
3344 919 3420 972 te.
3448 918 3546 973 Al-

1940 991 2088 1049 taria
2117 992 2353 1049 Domini
2401 994 2648 1050 calcibus
2695 998 2852 1055 allisa
2899 1017 2964 1056 ac
3005 1002 3291 1075 ligonibus
3340 1006 3549 1064 effossa

1939 1085 2094 1138 sunt.
2141 1082 2288 1154 Opes
2322 1082 2727 1155 religiosorum
2773 1091 2831 1143 et
2871 1105 3194 1163 pauperum
3236 1094 3455 1167 rapinae
3486 1099 3548 1152 et

1934 1170 2215 1226 incendiis
2231 1173 2560 1241 patuerunt.
2585 1174 2911 1245 Revertere,
2928 1183 3215 1237 revertere
3247 1184 3321 1239 ad
3335 1200 3545 1256 pacem

1931 1260 2314 1316 Ecclesiarum
2347 1262 2405 1315 et
2442 1261 2515 1316 ad
2546 1263 2830 1320 unitatem
2857 1283 3194 1339 regnorum,
3219 1272 3415 1329 civitas
3436 1274 3546 1329 vir-

1930 1352 2123 1405 tutum
2152 1349 2455 1420 expultrix,
2487 1368 2552 1406 ac
2580 1351 2853 1410 vitiorum
2907 1358 3209 1428 receptrix.
3242 1361 3310 1414 Et
3339 1378 3456 1431 vos,
3493 1362 3543 1421 si

1930 1440 2027 1513 qui
2062 1439 2216 1507 estis,
2248 1441 2479 1497 Domini
2511 1460 2641 1516 pars
2663 1444 2890 1514 melior,
2914 1448 3098 1504 redite
3115 1451 3173 1504 et
3188 1451 3543 1522 separamini

1928 1531 2087 1585 velut
2116 1546 2249 1585 oves
2271 1530 2554 1587 abhasdis.
2574 1533 2844 1590 Novimus
2869 1536 3281 1608 antesignanos
3310 1542 3545 1613 pollutas

1930 1618 2203 1689 civitatis,
2220 1620 2483 1676 novimus
2513 1624 2783 1679 satellites
2823 1625 3238 1698 manipulares,
3272 1645 3417 1701 quos
3449 1630 3541 1692 di-

1928 1708 2065 1762 vino
2100 1707 2295 1778 gladio
2335 1709 2625 1766 feriendos
2652 1713 2931 1769 hactenus
2967 1716 3247 1788 patientia
3288 1718 3544 1774 tulimus.

194 1843 300 1898 quo
312 1797 570 1883 florente
586 1797 1027 1895 tlorebam,quo
1040 1824 1330 1894 regnante
1346 1822 1828 1893 regnabam,con-
1852 1800 1904 1860 Β
1930 1797 2096 1852 Nunc
2122 1797 2376 1898 οξξθίίθίθ
2403 1801 2616 1898 φθῖξξίδ
2649 1818 2891 1898 ,ΡΓθδεοξξ
2934 1806 2993 1898 ei
3041 1805 3290 1898 caligine
3319 1807 3547 1898 _m701‘t_i3

190 1917 382 1987 jugem
408 1915 470 1970 in
502 1916 872 1986 perpetuum
902 1912 1137 1967 viduam
1160 1910 1318 1966 fecit.
1349 1910 1392 1965 Ο
1413 1927 1611 1965 amara
1627 1911 1750 1966 dies
1767 1929 1824 1968 v1

194 2005 481 2061 Nonarum
514 2003 888 2068 Martiarum,
912 2018 1042 2072 quae
1074 1999 1219 2055 mihi
1240 1999 1426 2054 virum
1448 1999 1822 2073 eripuit,quae

192 2111 278 2149 me
296 2095 353 2149 in
374 2095 485 2149 has
497 2092 774 2148 miserias
786 2089 1198 2162 praecipitavit!
1220 2089 1508 2161 Intelligat
1525 2091 1617 2162 pia
1632 2096 1821 2147 mater

189 2183 464 2256 gemitum
497 2184 563 2238 et
587 2180 896 2254 angustias
942 2180 1077 2235 ﬁliae
1111 2178 1408 2234 doloribus
1451 2180 1655 2252 plenas.
1690 2182 1817 2235 Non

188 2290 296 2328 esse
327 2289 425 2328 me
459 2270 702 2344 penitus
728 2270 1152 2342 praeoptarem,
1183 2267 1293 2322 nisi
1316 2268 1588 2323 Divinitas
1608 2270 1814 2325 solatio

188 2361 508 2434 reliquisset
535 2358 685 2414 mihi
710 2362 991 2413 matrem.
1026 2357 1071 2412 0
1089 2356 1326 2428 quando
1349 2356 1812 2429 videbo,quando

185 2449 466 2523 alloquar!
492 2447 691 2504 Nostri
720 2446 966 2519 quidem
990 2448 1192 2501 vestrm
1222 2444 1564 2515 praesentiae,
1581 2462 1643 2500 ac
1659 2446 1814 2518 regis

190 2540 349 2595 Cunr.
368 2538 435 2593 in
453 2536 672 2592 vicinia
688 2533 986 2590 Romarici
1002 2534 1242 2600 montis,
1268 2533 1365 2587 ubi
1381 2532 1696 2589 conﬁnium
1719 2552 1812 2589 re-

186 2645 422 2700 gnorum
442 2629 557 2695 est,
587 2643 659 2681 xv
688 2623 937 2680 Kalend.
969 2622 1146 2691 Junii,
1166 2638 1263 2676 me
1287 2637 1354 2676 ac
1387 2621 1569 2677 ﬁlium
1612 2639 1812 2679 meum

188 2733 479 2772 «currere
498 2715 726 2770 volunt.
738 2712 851 2769 Sed
866 2713 989 2766 haec
1006 2727 1173 2766 mora
1189 2711 1348 2766 mille
1363 2727 1650 2766 annorum
1666 2709 1811 2766 mihi

179 2811 273 2862 est.
296 2804 589 2862 Noveritis
613 2801 851 2858 interim
876 2800 1233 2855 Francorum
1258 2798 1546 2871 principes
1568 2800 1713 2855 mihi
1746 2816 1813 2855 ac

175 2896 285 2951 ﬁlio
309 2894 486 2949 simul
511 2893 693 2947 ﬁdem
719 2892 1086 2945 sacramento
1110 2889 1394 2942 ﬁrmasse.
1418 2889 1479 2942 In
1499 2888 1628 2956 hoc,
1664 2893 1725 2945 et
1750 2888 1811 2943 in

175 2986 429 3058 reliquis,
456 3000 590 3055 quae
609 2979 926 3052 sequenda,
951 2995 1079 3050 quae
1098 2977 1336 3032 vitanda
1357 2977 1490 3043 sint,
1508 2980 1703 3035 vestro
1721 2980 1812 3051 ju-

1930 1885 2287 1956 consopitos,
2319 1890 2606 1945 sententia
2633 1891 3024 1948 damnationis
3056 1911 3123 1949 ex
3157 1894 3360 1952 divinis
3396 1896 3542 1968 legi-

1925 1974 2035 2028 bus
2058 1978 2446 2047 promulgata,
2472 1980 2769 2036 communi
2798 1982 3063 2038 omnium
3092 1983 3384 2043 bonorum
3406 2001 3541 2044 con-
3612 2055 3617 2061 δ

1925 2063 2080 2117 sultu
2094 2066 2483 2139 percutimus.

2440 2177 2777 2234 EPISTOLA
2806 2178 3018 2235 LXXXI.

2066 2275 2143 2315 AD
2173 2280 2485 2320 scenarum
2522 2266 2639 2339 (29)
2668 2283 2940 2323 ABBATEM
2966 2286 3386 2327 TURONENSEM.

1990 2351 2097 2405 Ubi
2110 2355 2648 2427 summareligionis
2660 2373 2869 2413 norma
2881 2375 3002 2414 esse
3016 2358 3535 2425 debuit,summum

1916 2456 2040 2495 esse
2060 2441 2329 2515 illapsum
2352 2446 2568 2501 crimen
2587 2463 2705 2501 non
2729 2446 3025 2503 immerito
3048 2465 3153 2505 nos
3171 2452 3459 2520 permovit
3477 2452 3537 2507 et

1915 2532 2219 2588 exterruit.
2250 2533 2364 2589 Sed
2401 2534 2527 2607 quis
2556 2535 2665 2590 erit
2710 2538 2909 2592 auctor
2936 2538 3110 2609 hujus
3140 2540 3535 2608 correctionis,

1916 2619 2248 2678 tacentibus
2275 2624 2493 2679 cunctis
2513 2623 2858 2695 primatibus
2882 2628 3054 2683 vestri
3102 2627 3366 2684 ordinis?
3423 2631 3535 2686 Nos

1914 2707 2155 2778 quidem
2177 2713 2493 2768 venerabili
2524 2714 2719 2769 abbati
2752 2714 2956 2770 Maiolo
3005 2733 3177 2788 super
3218 2718 3306 2772 his
3349 2735 3533 2791 pauca

1913 2800 2395 2873 prmscripsimus,
2423 2802 2558 2873 quia
2589 2802 2911 2874 sapientem
2941 2804 2999 2859 in
3023 2806 3218 2878 paucis
3238 2808 3422 2863 multa
3448 2808 3534 2863 in-

1915 2886 2185 2959 telligere
2213 2890 2443 2944 scimus.
2478 2891 2616 2945 Huic
2642 2893 2807 2946 tanto
2834 2893 3091 2965 negotio,
3137 2897 3213 2961 et,
3247 2899 3311 2950 ut
3340 2896 3530 2952 verius

1912 2973 2223 3044 fateamur,
2255 2981 2433 3034 tantm
2460 2979 2714 3035 audaciae
2741 2981 3083 3037 ulciscenda;
3128 2999 3162 3036 a
3210 2983 3378 3038 nobis
3417 2985 3531 3039 dux

179 3073 321 3129 dicio
340 3076 603 3127 utemur.
626 3070 700 3124 Ut
722 3085 840 3124 non
862 3068 1049 3123 solum
1070 3067 1134 3120 H.
1161 3066 1507 3137 reginae,sed
1530 3069 1809 3124 omnium
1838 3083 1887 3145 ο
1915 3063 2248 3135 designatus
2288 3072 2390 3124 est.
2414 3069 2545 3139 Ejus
2574 3070 2926 3124 sententiam
2957 3069 3053 3141 qui
3078 3070 3238 3142 prior
3263 3075 3528 3130 nostrum

173 3161 445 3218 dicamini
481 3163 678 3215 mater
710 3173 1050 3230 regnorum.
1070 3152 1478 3210 Recordamini
1510 3158 1810 3225 praeterea

170 3254 480 3308 verborum
514 3251 859 3315 vestrorum,
909 3246 1064 3319 quod
1097 3243 1285 3299 virum
1318 3259 1515 3298 meum
1544 3261 1673 3316 prie
1708 3262 1808 3303 me

170 3341 506 3407 dilexeritis,
525 3339 797 3412 quodque
820 3337 939 3410 ipse
956 3352 1077 3408 prie
1101 3351 1198 3391 me
1216 3350 1318 3389 vos
1336 3333 1644 3388 amaverit.
1667 3338 1811 3393 Pro-

171 3434 280 3487 sint
304 3432 530 3487 anima:
548 3430 597 3500 ej
608 3447 673 3484 us
686 3428 747 3483 hi
769 3428 962 3482 dulces
979 3425 1237 3491 affectus,
1257 3426 1317 3478 et
1331 3423 1489 3494 quod
1508 3426 1812 3497 tempora-

170 3520 591 3577 literexhibere
611 3534 729 3572 non
742 3515 960 3582 valetis,
982 3512 1363 3586 spiritualiter
1392 3527 1808 3583 recompense-

170 3612 242 3666 tis
267 3628 376 3684 per
402 3612 643 3665 sanctos
669 3608 885 3673 Patres,
942 3604 1003 3660 id
1037 3607 1127 3659 est
1175 3603 1500 3674 episcopos,
1541 3602 1807 3672 abbates,

172 3700 519 3766 monachos,
556 3713 620 3751 ac
653 3712 754 3769 per
778 3710 972 3750 servos
1008 3691 1245 3749 Domini
1284 3707 1544 3764 quosque
1569 3692 1806 3766 religio-

174 3790 289 3845 sissi
296 3805 450 3844 mos.

240 3878 443 3941 (Nam.
476 3877 575 3941 76,
605 3878 696 3939 '77,
720 3876 811 3938 '78,
844 3875 935 3936 79,
970 3870 1217 3925 exhibent
1252 3870 1519 3939 epitaphia
1564 3869 1812 3927 Lotharii

177 3951 310 4014 regis
331 3948 715 4009 Francorum,
737 3946 891 4000 ducis
925 3943 1221 4007 Friderici,
1266 3941 1553 3996 Adalberti
1582 3941 1804 3996 Schola-

177 4023 289 4075 stici
318 4028 375 4075 et
414 4019 630 4074 Ottonis
682 4018 1031 4089 imperatoris.
1064 4015 1204 4069 ch
1240 4031 1403 4086 supra
1452 4014 1667 4081 seorsim
1714 4015 1798 4069 de-

176 4092 396 4145 dinam].

346 4092 396 4163 γ
718 4178 1052 4234 EPISTOLA
1087 4177 1274 4232 LXXX.

356 4284 688 4326 INVECTIVA
717 4285 773 4322 IN
800 4284 1243 4323 VIRDUNENSIUM
1279 4282 1621 4321 ECCLESIAM.

250 4360 421 4426 Quod
446 4357 779 4414 remedium
811 4357 1033 4412 morbis
1064 4356 1174 4411 tuis
1201 4354 1580 4419 inveniemus,
1608 4355 1803 4411 Virdu-
1825 4382 1880 4442 Ι)

182 4450 452 4503 nensium
472 4450 765 4501 exsecrata
779 4445 1012 4501 civitas?
1031 4446 1323 4500 Unitatem
1346 4448 1555 4499 sanctm
1569 4444 1801 4500 Domini

180 4536 447 4592 Ecclesiae
470 4533 711 4599 scidisti,
735 4534 1154 4588 sanctissimam
1193 4532 1528 4588 societatem
1561 4533 1802 4588 humani

176 4625 416 4694 generis
442 4623 744 4694 abrupisti.
776 4623 921 4686 Quid
953 4622 1108 4678 enim
1144 4621 1298 4677 aliud
1334 4621 1541 4693 egeris,
1562 4638 1691 4677 cum
1706 4638 1804 4694 pa-

176 4717 399 4769 storem
429 4715 596 4767 tuum
624 4714 913 4767 voluntate
943 4711 1295 4766 limreditarii
1327 4710 1500 4782 regis,
1519 4727 1801 4766 consensu

176 4808 227 4856 et
243 4805 447 4857 favore
462 4819 591 4856 com
604 4799 1031 4871 provincialium
1045 4800 1444 4872 episcoporum
1462 4801 1800 4866 elcctum,ac

172 4890 296 4945 insn
307 4889 739 4964 perepiscopali
756 4889 1153 4944 benedictione
1169 4888 1662 4954 donatum,adhuc
1678 4903 1802 4958 pcr-

172 4981 328 5034 tlnax
367 4979 616 5033 minime
648 4978 1005 5047 recognoscis
1024 4979 1052 5032 ?
1084 4981 1255 5049 teque
1283 4978 1435 5030 velut
1462 4977 1798 5030 membrum

168 5070 447 5121 mutilum
478 5082 548 5119 ac
574 5064 857 5130 deforme,
879 5064 999 5119 sine
1018 5064 1239 5118 unitate
1266 5063 1550 5136 corporis,
1578 5080 1643 5117 ex
1674 5065 1800 5119 olea

166 5156 221 5208 in
239 5157 570 5211 oleastrum
590 5153 843 5209 inserere
863 5154 1082 5208 tentas?
1103 5154 1234 5207 Ideo
1254 5155 1483 5223 pastore
1497 5169 1553 5206 m
1576 5169 1694 5206 non
1716 5169 1801 5206 re-

164 5244 496 5315 cognoscis,
519 5240 655 5313 quia
673 5258 874 5313 regem
920 5244 1082 5296 tuum
1104 5257 1284 5313 regno
1316 5240 1539 5311 privare
1558 5240 1795 5295 moliris.

166 5329 288 5385 Non
322 5336 409 5387 est
443 5331 530 5385 tui
556 5329 704 5401 juris
737 5346 929 5384 creare
972 5346 1148 5384 novos
1183 5347 1348 5401 rcges
1389 5346 1451 5382 ac
1486 5328 1798 5401 principes,

170 5419 221 5472 id
250 5424 343 5475 est.
378 5421 487 5475 sub
515 5418 747 5473 insolita
787 5418 1025 5471 transire
1066 5418 1229 5489 juga.
1271 5416 1682 5471 Gravissimum
1714 5421 1798 5473 est

166 5514 473 5577 precatum
513 5511 699 5573 tuum,
725 5505 899 5576 impia
927 5505 1139 5559 civitas.
1175 5505 1296 5559 Non
1330 5505 1615 5577 confregit
1646 5506 1794 5561 aries

172 5611 377 5652 muros
404 5602 553 5659 tuos,
578 5611 695 5649 non
722 5594 873 5647 fame
891 5594 1087 5648 infecti
1114 5593 1344 5660 milites,
1368 5595 1524 5648 nullo
1547 5596 1793 5650 telorum

238 5688 350 5755 {29}
384 5686 535 5741 Infra
567 5682 865 5739 Eu'rardu;
894 5686 950 5737 et
972 5681 1251 5739 Ebrardus
1282 5680 1506 5736 dicitur.

1914 3154 2162 3224 noverit,
2198 3157 2366 3213 alteri
2397 3157 2519 3213 sine
2552 3174 2719 3213 mora
2744 3158 3112 3230 signiﬁcabit.

2413 3264 2749 3321 EPISTOLA
2792 3265 3025 3321 LXXXII.

2180 3369 2254 3407 AD
2285 3370 2555 3411 ADSONEM
2582 3371 2860 3409 ΑΒΒΑΤΕΜ
2891 3373 3256 3413 DERVERSEM.

1983 3442 2209 3515 Rumpe
2229 3461 2424 3500 moras
2444 3461 2671 3512 omnes,
2696 3444 2779 3500 mi
2806 3448 3129 3518 pater,etm
3148 3450 3205 3502 et
3224 3464 3261 3502 II
3276 3448 3398 3505 Kal.
3414 3448 3523 3504 Jul.

1913 3531 2189 3601 egredere
2212 3532 2283 3587 de
2297 3533 2375 3588 Ur
2389 3533 2798 3589 Cbaldeorum.
2822 3534 3359 3606 Obtemperandum
3371 3540 3525 3593 vete-

1910 3618 2067 3674 ranis
2092 3620 2294 3675 amicis
2324 3638 2389 3676 ac
2421 3622 2479 3677 in
2524 3622 2638 3677 fide
2692 3622 2791 3677 diu
2826 3624 3109 3695 probatis.
3130 3624 3333 3680 Noster
3357 3626 3528 3681 Adal-

1908 3708 2050 3763 bero
2075 3710 2244 3780 pater
2262 3711 2487 3782 patriae,
2508 3712 2810 3783 quondam
2824 3712 2984 3768 vobis
3000 3712 3169 3779 ﬁdus,
3194 3717 3252 3768 et
3272 3731 3423 3771 nunc
3459 3715 3526 3769 ﬁ-

1912 3797 2506 3866 dissimus,morarum
2531 3800 3130 3873 impatiens,vestram
3153 3803 3368 3876 expetit
3385 3820 3530 3876 prae-

1909 3890 2180 3945 sentiam.
2206 3889 2376 3945 Nefas
2406 3890 2631 3945 absenti
2657 3890 2989 3961 signiﬁcare
3020 3908 3089 3946 ca
3118 3909 3247 3963 quae
3270 3893 3530 3948 volumus

1909 3974 2175 4046 prmsenti
2212 3975 2420 4032 dicere.
2438 3976 2770 4032 Clarissima
2784 3977 2945 4032 vobis
2966 3994 3030 4032 ac
3053 3977 3221 4032 nobis
3241 3978 3520 4032 librorum

1905 4062 2203 4119 volumina
2227 4071 2481 4120 vestrum
2510 4064 2620 4118 iter
2650 4066 2785 4119 sunt
2813 4064 3107 4119 comitata.
3146 4066 3261 4120 Hoc
3291 4068 3517 4121 tantum

1908 4151 2114 4209 dixisse
2143 4153 2406 4210 sufﬁciat.

2394 4249 2729 4305 EPISTOLA
2757 4252 3014 4306 LXXXIII.

2438 4380 2447 4385 -
2496 4355 2568 4393 ΑΒ
2600 4357 2932 4396 BOBIENSES.

1974 4430 2291 4483 Gannamcs
2319 4428 2507 4497 gratia
2536 4428 2768 4483 Domini
2811 4430 2853 4484 si
2902 4429 3040 4501 quid
3086 4432 3172 4484 est
3202 4432 3514 4502 plurimam

1903 4519 2147 4573 salutem
2203 4518 2342 4573 dicit
2390 4516 2771 4573 dilectissimis
2817 4519 2923 4575 sibi
2976 4518 3106 4575 ﬁliis
3159 4520 3516 4578 Bosisnsmus

1903 4607 2199 4678 utriusque
2228 4606 2471 4662 ordinis.

1974 4696 2114 4749 Rem
2132 4695 2372 4765 dignam
2393 4697 2698 4767 vestroque
2719 4696 2943 4751 nomini
2962 4698 3402 4754 convenientem
3422 4716 3517 4772 pe-

1903 4784 2055 4836 nitus
2087 4784 2302 4852 egistis,
2330 4787 2556 4856 patrem
2588 4786 2928 4856 quaerendo,
2951 4789 3177 4857 patrem
3210 4787 3510 4857 visitando,

1901 4872 2179 4943 quiajure
2195 4889 2290 4926 vos
2313 4889 2476 4926 veros
2494 4872 2638 4927 ﬁlios
2660 4890 2779 4927 esse
2809 4872 3099 4928 docuistis.
3136 4875 3283 4947 Ergo
3316 4880 3375 4930 et
3406 4893 3511 4948 pro

1902 4963 2087 5014 vestra
2110 4959 2497 5031 diligentia,et
2520 4978 2622 5031 pro
2641 4961 2753 5015 ﬁde
2772 4963 3221 5017 constanticirca
3236 4980 3510 5032 me,nunc

1901 5048 2108 5103 absens
2156 5053 2346 5119 grates
2386 5049 2595 5115 habeo,
2648 5052 2705 5103 et
2740 5067 2873 5105 mox
2912 5051 3165 5122 propitia
3211 5052 3507 5111 divinitate

1902 5152 2154 5206 przesens
2185 5137 2407 5192 debitas
2434 5137 2741 5194 exhibebo.
2767 5139 2883 5209 Ego
2925 5138 3158 5210 quidem
3206 5144 3263 5195 et
3294 5142 3341 5196 si
3378 5143 3507 5214 jam

1900 5227 2323 5297 prepemodum
2353 5227 2410 5280 in
2436 5229 2607 5297 portu
2634 5226 2887 5295 constiti,
2906 5244 3004 5283 vos
3018 5229 3213 5283 tamen
3237 5231 3507 5302 malignis

1904 5314 2166 5369 fluctibus
2205 5315 2412 5385 jactari
2462 5315 2659 5387 iniquo
2704 5316 2901 5371 animo
2949 5315 3099 5375 fero.
3144 5318 3255 5373 Sed
3300 5320 3507 5375 scimus

1899 5401 2213 5457 Dominum
2245 5402 2443 5457 omnia
2470 5420 2653 5473 posse,
2679 5421 2926 5474 cumque
2944 5408 3166 5459 motum
3185 5423 3352 5478 prece
3372 5423 3505 5476 pau-

1898 5507 2103 5564 perum
2161 5492 2504 5546 conlidimus
2550 5490 2776 5547 afﬂictis
2822 5508 2993 5563 opem
3053 5492 3200 5548 illico
3250 5495 3497 5549 laturum

1895 5579 2040 5635 fore.
