3954 6170
459 325 565 390 223

936 464 1274 523 EPISTOLA
1329 466 1588 526 LXXXIV.

817 571 892 611 AD
954 572 1242 612 HUGONEM
1304 573 1380 610 MA
1391 573 1603 613 RCHION
1613 573 1713 612 ΕΜ.

532 640 658 700 Non
685 641 978 699 immerito
1001 661 1099 700 vos
1120 644 1351 718 plurimi
1379 645 1550 715 facio,
1575 648 1632 702 et
1663 663 1762 702 vos
1793 649 1851 702 et
1882 650 2073 703 vestra

461 730 608 787 votis
622 734 681 786 et
699 732 962 788 laudibus
978 732 1177 800 eﬂ‘ero,
1192 734 1287 805 qui
1308 737 1427 789 tam
1447 735 1709 807 occupati
1725 735 1839 790 mei
1861 735 2067 791 memi—

464 820 613 875 nisse
645 820 988 892 dignamini.
1033 823 1188 876 Inter
1220 823 1463 878 honesta
1502 824 1632 891 hoc,
1673 824 1866 895 itaque
1920 825 2071 879 inter

460 908 753 980 praecipua
778 909 1068 983 ponimus,
1093 927 1157 965 ac
1189 910 1431 982 proinde
1464 912 1537 966 ad
1565 929 1664 967 vos
1684 913 1857 967 ﬁdem
1891 913 2068 984 pluri-

462 1011 623 1051 mam
654 997 936 1052 habemus
968 1015 980 1052 :
1017 1002 1075 1052 et
1104 1002 1165 1052 ut
1192 1000 1372 1053 nostri
1401 1000 1686 1055 memoria
1708 1017 1826 1055 non
1851 1001 2072 1056 excidat

458 1084 800 1156 propensius
826 1101 1083 1153 oramus,
1108 1090 1237 1140 etut
1259 1087 1419 1141 fessis
1444 1088 1571 1158 jam
1594 1088 1765 1143 rebus
1780 1089 1935 1143 beati
1962 1089 2068 1144 Co-

458 1172 722 1228 lumbani
743 1173 1115 1241 subveniatis,
1141 1191 1335 1248 preces
1358 1192 1502 1248 quas
1530 1177 1785 1231 valemus
1806 1177 2071 1231 absentes

458 1260 825 1319 effundimus.

960 1350 1300 1406 EPISTOLA
1336 1352 1545 1406 LXXXV
1560 1395 1573 1408 .

704 1455 779 1493 AD
807 1454 1089 1496 CONONEM
1122 1455 1401 1495 ITALICUM
1426 1456 1832 1496 MARCHIONEM.

542 1525 814 1590 Quamvis
830 1527 999 1583 nullis
1017 1527 1339 1583 ofﬁciorum
1358 1527 1578 1583 meritis
1591 1532 1836 1585 vestram
1851 1546 2079 1602 prome-

469 1629 703 1669 reamur
727 1614 997 1686 gratiam,
1027 1616 1204 1670 virtus
1239 1619 1435 1672 tamen
1483 1634 1548 1671 ac
1595 1618 1865 1673 nobilitas
1907 1617 2073 1673 vestri

467 1702 719 1773 generis,
753 1720 817 1758 ac
846 1700 1103 1775 propria,
1123 1704 1356 1759 adducit
1378 1722 1482 1775 nos
1509 1706 1579 1761 de
1598 1706 1755 1761 vobis
1772 1707 1922 1761 bene
1953 1724 2079 1762 sen-

1103 328 1456 400 SILVESTBI
1493 342 1541 400 II
1581 339 1787 401 mm
1825 340 1982 401 ore.
2022 342 2073 401 Ρ⁴

2177 341 2201 401 5
2239 343 2331 401 III.
2368 370 2442 386 -
2480 315 2698 401 ΕΡιετ.
2736 339 2823 405 ET
2854 339 3136 401 DIPLOM.

3668 336 3780 402 224

2092 472 2149 532 Α
2177 469 2309 524 vota
2321 485 2452 525 mea
2470 470 2529 525 in
2552 471 2777 545 patrem
2799 469 3010 536 creato,
3027 467 3216 523 denuo
3238 467 3391 522 totus
3406 463 3465 523 in
3488 463 3672 523 {illum
3690 482 3775 523 reo
3826 494 3827 497 η

2174 574 2398 614 nascor.
2427 559 2539 614 Nec
2582 559 2733 614 solus
2776 560 2964 613 vestro
3014 557 3236 613 honore
3285 555 3532 628 gaudeo,
3565 556 3782 629 gaudet

2173 650 2340 720 pater
2350 647 2659 718 Adalbero,
2677 663 2734 702 se
2751 663 2965 718 suaque
2980 644 3139 700 vobis
3154 662 3221 701 ex
3242 644 3437 700 animo
3452 644 3780 707 conferens,

2171 738 2335 791 tanto
2389 736 2618 802 arctius,
2673 738 2889 808 quanto
2930 735 3176 807 amplius
3215 735 3337 789 luce
3388 733 3686 806 religionis
3715 748 3783 788 ac

2168 823 2421 878 scientiae
2437 823 2726 878 collucetis
2744 841 2760 876 :
2776 823 2935 893 cujus
2962 822 3037 877 ob
3059 821 3334 876 meritum
3355 837 3643 888 amorem,
3658 820 3783 875 fere

2169 912 2507 966 continuum
2526 911 2839 966 triennium
2857 910 2915 964 in
2930 910 3167 965 Francia
3184 908 3624 982 consumpsi.lbi
3641 908 3785 963 dum

2170 999 2280 1053 iras
2301 1001 2812 1070 regum,tumultus
2826 999 3638 1071 pOpulorum,regnorumque
3668 996 3782 1050 dis-

2170 1086 2479 1147 sidentium
2506 1090 2675 1141 aestus
2698 1087 3124 1158 perfero,tanto
3156 1085 3329 1140 taedio
3360 1084 3594 1138 affectus
3626 1100 3783 1150 sum,

2173 1176 2853 1247 utcurampastoralitatis
2865 1173 3171 1244 suscepisse
3186 1190 3333 1244 pene
3345 1189 3439 1226 me
3453 1173 3784 1243 paeniteret.

2171 1267 2243 1321 At
2268 1266 2543 1337 quoniam
2577 1266 2817 1321 domina
2848 1280 2980 1319 mea
3024 1263 3399 1335 Theophania
3443 1262 3789 1336 imperatrix

2173 1371 2403 1427 semper
2418 1357 2691 1425 Augusta,
2714 1370 2808 1407 vm
2829 1352 2953 1406 Kal.
2973 1350 3154 1423 April.
3174 1350 3455 1420 proﬁcisci
3474 1367 3567 1404 me
3587 1366 3786 1405 secum

2174 1442 2546 1498 inSaxoniam
2555 1441 2932 1512 jubet,eoque
2944 1439 3226 1513 quosdam
3240 1455 3308 1493 ex
3323 1439 3468 1493 meis
3483 1439 3788 1494 monachis

2174 1548 2239 1586 ac
2262 1530 2540 1585 militibus
2561 1530 2633 1583 ab
2660 1529 2822 1583 Italia
2842 1527 3150 1583 convenire
3165 1528 3326 1598 jussi,
3352 1545 3504 1582 nunc
3531 1543 3649 1582 non
3679 1527 3788 1581 ha-

2175 1620 2347 1674 beam
2375 1618 2532 1690 quod
2563 1621 2787 1672 certum
2819 1616 3066 1672 scribam
3082 1632 3254 1687 super
3287 1615 3521 1687 organis
3541 1616 3597 1669 in
3623 1615 3793 1670 Italia

2177 1707 2467 1778 positis,ac
2488 1706 2772 1761 monacho
2790 1704 3094 1776 dirigenda
3116 1704 3215 1776 qui
3233 1721 3303 1760 ea
3325 1704 3788 1776 conducat,prse-

462 1790 592 1859 tire,
648 1792 892 1847 meliora
933 1809 1185 1864 sperare.
1240 1794 1407 1858 Quod
1444 1795 1488 1849 si
1527 1810 1560 1848 a
1606 1795 1792 1866 parvis
1824 1796 2078 1850 maxima
2103 1783 2154 1841 Β
2175 1796 2375 1850 sertim
2397 1812 2529 1849 cum
2547 1795 2669 1849 sine
2694 1794 3003 1866 praesentia
3034 1793 3288 1848 dominre
3320 1809 3466 1847 meae
3487 1793 3789 1864 Theopha-

459 1878 642 1949 iuvari
687 1883 945 1951 possunt,
988 1881 1196 1936 honori
1238 1885 1425 1937 vestro
1473 1883 1662 1938 studia
1711 1888 1909 1938 nostra
1956 1901 2074 1939 non

461 1967 707 2022 deerunt
754 1967 812 2021 in
854 1969 978 2023 loco
1028 1972 1087 2023 et
1133 1971 1420 2041 tempore.
1473 1971 1887 2038 Consultando,
1920 1972 2075 2027 bona

459 2055 634 2109 verba
661 2056 1051 2128 suggerendo,
1099 2059 1182 2124 ut,
1213 2058 1353 2112 dum
1399 2059 1559 2114 vobis
1598 2060 1833 2115 fortuna
1862 2061 2070 2128 riserit,

456 2143 561 2198 sub
612 2144 811 2199 vestris
880 2143 982 2202 alis
1035 2148 1235 2202 nostra
1289 2146 2073 2220 mediocritas'requiescere

456 2231 655 2306 possit.
733 2276 741 2295 ι

944 2323 1281 2379 EPISTOLA
1322 2324 1576 2381 LXXXVI.

566 2426 641 2466 AD
670 2427 1096 2468 THEOPHANIAM
1127 2427 1564 2470 IMPERATRICEM
1599 2430 1674 2469 EX
1704 2431 1967 2470 PERSONA

1049 2516 1477 2558 ADALBERONIS.

536 2588 668 2643 Vide
696 2588 1027 2660 Patrologiw
1053 2594 1187 2647 tom.
1220 2588 1574 2645 CXXXVII
1617 2593 1674 2645 in
1707 2592 2072 2647 ADALBERONE

460 2678 728 2747 Rauensx,
762 2681 912 2751 epist.
944 2682 1012 2735 20
1026 2724 1039 2738 .

937 2768 1275 2826 EPISTOLA
1313 2769 1591 2825 LXXXVII.

461 2860 543 2910 AD.
612 2871 1072 2914 CONSTANTINUM
1134 2875 1541 2915 SCOLASTICUM
1602 2875 2069 2915 FLORIACENSEM.

532 2943 838 3017 Sapienter
866 2949 925 3002 et
954 2950 1144 3020 per.te
1173 2948 1269 3003 ille
1310 2947 1398 3002 vir
1427 2947 1658 3003 Domini
1701 2963 2071 3018 pervasorem

2176 1884 2287 1940 niae
2309 1884 2543 1937 credere
2566 1899 2661 1937 me
2690 1898 2808 1937 non
2831 1881 3013 1936 ausim
3050 1881 3186 1936 fidei
3217 1897 3490 1936 meorum
3534 1879 3788 1935 militum

2174 1970 2307 2043 quia
2327 1971 2450 2025 Itali
2471 1971 2740 2024 sunt.Nec
2751 1969 2885 2025 satis
2902 1969 3077 2025 sciam
3099 1972 3289 2024 utrum
3314 1969 3627 2023 exercitum
3647 1972 3787 2023 ante

2174 2062 2514 2114 autumnum
2537 2058 2595 2113 in
2616 2059 2839 2113 Italiam
2853 2058 3156 2127 deducam,
3189 2076 3262 2114 an
3281 2058 3340 2113 in
3355 2056 3664 2114 Germania
3683 2057 3784 2113 de-

2173 2150 2569 2214 moremur,ut
2595 2164 2770 2219 quam
2794 2146 3074 2218 plurimas
3095 2147 3289 2219 copias
3316 2150 3519 2202 contra
3539 2144 3783 2202 Ludovi-

2178 2253 2309 2291 cum
2326 2236 2527 2308 regem
2548 2235 3035 2305 Francorum,nisi
3048 2234 3783 2308 quieverit,eomparemus,

2177 2325 2274 2397 qui
2290 2326 2488 2380 amicis
2503 2324 2563 2379 in
2574 2318 2980 2397 quietissimus,
3013 2323 3510 2395 perniciosissimis
3529 2322 3790 2379 hostibus

2176 2431 2291 2469 non
2316 2415 2565 2468 multum
2580 2413 2888 2485 inquietus,
2904 2413 3030 2485 quis
3045 2413 3136 2479 sit,
3157 2412 3412 2485 quidque
3432 2411 3503 2467 de
3525 2429 3593 2467 eo
3614 2412 3785 2467 intel-

2173 2502 2273 2574 ligi
2287 2504 2741 2573 oporteat,velox
2756 2505 2941 2557 exitus
2952 2501 3549 2572 comprobabit.Clara
3562 2500 3788 2556 indoles

2175 2590 2321 2646 divas
2343 2590 2645 2646 memorias
2668 2590 2891 2646 Ottonis
2914 2591 3172 2658 Caesaris,
3188 2606 3327 2662 pace
3350 2589 3501 2644 inter
3523 2590 3697 2644 duces
3720 2605 3788 2643 ac

2173 2679 2463 2752 principes
2484 2679 3382 2750 redintegrata,proximaaestate
3399 2676 3659 2749 legiones
3682 2676 3791 2731 mi-

2171 2768 2337 2824 litum
2367 2768 2526 2823 duxit
2568 2768 2626 2822 in
2661 2768 2974 2831 Sarmatas,
3014 2784 3157 2839 quos
3184 2784 3253 2821 ea
3281 2766 3482 2837 lingua
3513 2764 3789 2822 Guinidos

2174 2856 2592 2928 dicunt,ibique
2606 2874 2699 2911 sex
2713 2860 2770 2911 et
2782 2856 3169 2928 quadraginta
3189 2855 3357 2910 urbes
3371 2853 3789 2909 munitissimas

2172 2963 2275 3000 sua
2291 2946 2599 3016 praesentia
2619 2962 2684 3000 ac
2707 2945 2964 2999 militum
2988 2947 3199 3000 robore
3222 2943 3393 3016 cepit,
3418 2943 3591 2999 diruit
3610 2944 3789 3015 atque

460 3031 916 3104 improbandum
949 3052 1071 3091 esse
1105 3036 1347 3103 censuit,
1380 3036 1480 3090 sed
1510 3053 1636 3091 rem
1665 3036 1738 3091 ad
1776 3053 1835 3091 se
1886 3036 2075 3092 minus
2097 3070 2144 3129 Ο
2175 3032 2431 3089 vastavit.
2457 3034 2680 3089 Salutat
2695 3050 2811 3100 vos,
2835 3038 2894 3088 et
2916 3032 3246 3100 Airardum,
3265 3033 3554 3089 Adalbero
3578 3032 3791 3085 Remo-

462 3121 821 3194 significavit.
855 3124 1045 3194 Ipsum
1069 3128 1204 3179 ante
1226 3124 1477 3196 insignia
1501 3125 1741 3180 honoris
1767 3125 2070 3193 infamem,

457 3210 712 3266 fautores
759 3210 819 3266 in
848 3212 1148 3284 religiosos
1174 3214 1504 3284 augendam
1532 3213 1917 3281 infamiam,si
1936 3231 2069 3269 san-

459 3302 687 3354 ciorum
704 3298 961 3370 privetur
986 3300 1299 3368 consortio,
1315 3305 1482 3356 caute
1494 3303 1927 3374 prudenterque
1961 3303 2073 3358 dis-

457 3387 658 3443 seruit.
681 3388 901 3443 Matura
932 3405 1072 3459 ergo
1110 3388 1240 3457 iter,
1267 3392 1324 3444 et
1356 3407 1444 3445 xvi
1475 3391 1599 3446 Kal.
1637 3390 1931 3462 Septemb.
1971 3410 2075 3449 nos

459 3472 664 3542 revise,
679 3476 812 3531 utin
828 3476 917 3531 his
935 3477 1205 3533 omnibus
1227 3494 1330 3550 per
1355 3482 1412 3533 te
1445 3478 1670 3551 plenius
1697 3479 2073 3549 instruamur,

460 3560 748 3635 simulque
773 3562 987 3619 laeteris
1018 3565 1522 3621 animadversione
1555 3569 1755 3622 nostra
1776 3567 1836 3621 in
1871 3584 2072 3640 perva-

460 3666 675 3719 sorem,
694 3655 752 3708 et
776 3651 875 3724 qui
895 3654 952 3708 te
986 3670 1215 3709 caenum
1251 3654 1461 3709 nostris
1487 3654 1704 3726 putavit
1736 3655 1791 3710 in
1820 3657 2075 3726 naribus,

461 3738 533 3794 de
545 3756 604 3794 se
619 3739 836 3796 dictum
852 3741 1160 3811 existimet,
1178 3747 1351 3816 teque
1384 3742 1706 3814 thymiama
1740 3750 2077 3816 vaporatum

459 3828 723 3885 redolere
745 3832 1170 3903 perhorrescat.
1196 3832 1685 3889 Comitenturiter
1698 3835 1859 3890 tuum
1879 3836 2079 3893 Tullia-

460 3935 539 3973 na
558 3922 928 3991 opuscula,et
944 3922 1014 3977 de
1038 3922 1242 3994 repub.
1267 3929 1325 3977 et
1362 3922 1420 3976 in
1442 3923 1703 3992 Verrem,
1729 3926 1783 3978 et
1816 3942 1943 3996 quae
1970 3942 2073 3997 pro

460 4008 799 4065 defensione
832 4012 1151 4067 multorum
1185 4011 1436 4085 plurima
1465 4012 1744 4068 Romanae
1791 4015 2068 4087 eloquen-

467 4097 562 4153 tia:
592 4115 804 4171 parens
822 4100 1184 4173 conscripsit.

923 4190 1262 4246 EPISTOLA
1297 4191 1600 4249 LXXXVIII.

454 4288 537 4328 AD
568 4291 840 4333 MAIOI.UM
875 4295 1148 4334 ABBATEM
1203 4296 1652 4335 CLUNIACENSEM
1698 4297 1772 4336 EX
1821 4298 2080 4337 PERSONA

1065 4385 1486 4425 ADALBERONIS.

542 4452 675 4508 Vide
699 4454 1024 4527 Patrologiae
1051 4464 1176 4512 tom.
1214 4456 1443 4513 CXXX
1458 4456 1573 4512 VII
1610 4460 1665 4512 in
1716 4459 2078 4514 ADALBERONE

462 4543 727 4611 Reueusr,
760 4545 914 4614 epist.
945 4548 1033 4601 22.

953 4633 1296 4690 EPISTOLA
1330 4635 1583 4692 LXXXIX.

461 4735 537 4774 AD
584 4736 894 4777 scamnum
936 4723 1294 4796 [EBRARDUM]
1344 4741 1613 4780 neuneu
1672 4741 2075 4781 TURONENSFM

843 4827 949 4866 SUB
983 4830 1240 4869 PERSONA
1270 4830 1691 4870 ADALBERONIS.

542 4897 676 4953 Vide
705 4899 799 4954 ubi
816 4918 1001 4972 supra,
1036 4905 1185 4975 epist.
1220 4904 1306 4957 23.

1034 4992 1371 5047 EPISTULA
1400 4992 1502 5047 XC.

533 5093 608 5131 AD
644 5095 1086 5135 'MPERATRICEM
1117 5096 1536 5136 THEOPHANIAM
1588 5099 1662 5135 ET
1701 5097 1776 5134 AD
1809 5097 2005 5137 FILIUM

1109 5186 1416 5227 OTTONEM.

539 5256 672 5312 Vide
710 5257 802 5313 ubi
828 5275 1013 5331 supra,
1050 5262 1199 5331 epist.
1232 5262 1320 5316 24.

1014 5348 1355 5404 ΕΡΙΞΤΟΙΑ
1382 5350 1512 5405 XCI.

620 5449 695 5488 AD
726 5451 1075 5491 BAIMUNDUM
1107 5454 1579 5493 AURILIACENSEM
1612 5454 1911 5494 ABBATEM.

531 5522 861 5579 Clarissimo
876 5528 1041 5597 patre
1054 5526 1297 5581 Geraldo
1315 5527 1694 5595 orbatus,non
1717 5530 1867 5581 lotus
1884 5542 2081 5598 supcr-

2173 3139 2304 3177 rum
2326 3122 2807 3194 archiepiscopus,
2836 3121 3120 3193 simulque
3136 3137 3311 3176 omne
3338 3119 3643 3192 collegium
3668 3121 3788 3173 Au-

2174 3211 2500 3267 reliacensis
2528 3211 2808 3279 caenobii,
2829 3228 2924 3266 me
2963 3212 3235 3283 adjuncto
3268 3227 3372 3282 per
3401 3208 3597 3264 omnia
3625 3207 3789 3264 vobis

2176 3300 2560 3356 devotissimo.
2597 3301 2810 3355 lterum
2841 3300 3172 3373 iterumque
3203 3301 3404 3355 valete.

2708 3388 3042 3445 EPISTOLA
3090 3390 3244 3444 XCII.

2529 3494 2603 3532 AD
2656 3494 3017 3533 BERNARDUM
3071 3494 3423 3534 MONACHUM.

2249 3566 2489 3635 Quaeris,
2523 3566 2851 3621 dulcissime
2883 3567 3084 3635 frater,
3118 3584 3247 3638 qum
3274 3570 3331 3622 et
3361 3566 3553 3639 qualia
3573 3582 3788 3638 geran-

2178 3658 2272 3710 tur
2297 3674 2331 3710 a
2356 3674 2470 3724 me,
2504 3660 2561 3710 et
2590 3674 2662 3711 an
2695 3674 2764 3712 ea
2788 3656 2904 3713 sint
2948 3658 3259 3712 commoda
3287 3659 3345 3712 et
3386 3655 3785 3712 incommoda.

2180 3745 2317 3800 Huic
2330 3745 2595 3815 petitioni
2619 3762 2692 3800 an
2707 3745 3033 3800 satisfacere
3049 3745 3240 3816 paucis
3254 3745 3466 3818 possim
3481 3744 3786 3810 addubito,

2179 3834 2336 3906 quod
2363 3833 2531 3888 altius
2546 3850 2616 3888 ea
2636 3833 2874 3888 rimanti
2896 3835 3056 3888 nulla
3081 3851 3202 3888 esse
3239 3833 3546 3888 videantur
3578 3850 3591 3887 :
3621 3836 3723 3888 aut
3741 3832 3788 3887 si

2177 3922 2622 3995 quolibetmodo
2644 3922 3118 3991 sunt,maximam
3135 3925 3362 3995 partem
3384 3921 3793 3978 incommodo-

2177 4029 2307 4067 rum
2332 4030 2522 4067 secum
2544 4013 2802 4067 trahunt.
2834 4013 3091 4068 Primum
3115 4013 3270 4084 quod
3298 4013 3355 4067 in
3386 4011 3628 4084 publicis
3657 4028 3794 4066 cau-

2179 4100 2252 4156 sis
2277 4100 2491 4155 versari
2522 4116 2673 4154 nunc
2702 4100 3047 4156 temeritatis
3089 4104 3193 4167 est,
3216 4101 3427 4174 quippe
3459 4100 3555 4155 ubi
3593 4099 3794 4155 divina

2179 4193 2238 4244 et
2268 4190 2527 4244 humana
2552 4189 2988 4244 confunduntur
3010 4190 3165 4261 jura,
3184 4189 3789 4269 prOpterimmensam

2182 4277 2481 4333 avaritiam
2514 4277 3035 4349 perditissimorum
3067 4278 3395 4345 hominum,
3416 4277 3586 4349 idque
3598 4276 3791 4332 solum

2095 4364 2157 4423 .D
2178 4367 2408 4438 jusfore
2432 4367 2720 4435 statuitur,
2740 4367 2894 4440 quod
2921 4368 3097 4423 libido
3129 4384 3193 4422 ac
3226 4367 3307 4422 vis
3337 4383 3500 4422 more
3531 4367 3793 4421 ferarum

2179 4456 2501 4511 extorserit.
2521 4459 2621 4509 Ast
2645 4456 2699 4510 in
2726 4457 2957 4527 privatis
2972 4457 3030 4512 id
3049 4474 3168 4529 prae
3187 4474 3279 4512 me
3292 4457 3438 4522 fero,
3467 4455 3620 4530 quod
3640 4455 3792 4509 ami-

2178 4545 2349 4599 cosin
2380 4544 2630 4599 adversis
2660 4545 2818 4599 nulla
2849 4562 3152 4617 oppressus
3181 4544 3509 4601 calamitate
3534 4544 3793 4599 destitui.

2179 4634 2291 4690 Sed
2314 4650 2386 4689 an
2413 4633 2695 4689 memoria
2728 4633 2970 4705 dignum
3002 4635 3074 4689 sit
3107 4634 3350 4689 aliorum
3370 4633 3589 4706 judicio
3621 4633 3795 4688 dere-

2176 4724 2399 4796 linquo,
2424 4723 2655 4795 etquod
2678 4724 2839 4779 Italia
2880 4722 3109 4791 excessi,
3141 4741 3213 4779 ne
3241 4740 3372 4778 cum
3402 4722 3659 4778 hostibus
3684 4722 3794 4778 do-

2178 4812 2322 4868 mini
2342 4829 2407 4867 ac
2427 4811 2524 4866 filii
2546 4812 2785 4867 senioris
2800 4812 2913 4867 mei
2927 4814 2992 4868 D.
3009 4814 3076 4868 Μ.
3098 4812 3320 4869 Ottonis
3338 4812 3591 4884 quolibet
3613 4811 3797 4868 modo

2179 4903 2413 4974 cogeret
2434 4900 2663 4974 pacisci,
2685 4901 2909 4974 etquod
2925 4902 3214 4957 interdum
3238 4900 3608 4956 nobilissimis
3628 4900 3801 4956 δειλο-

2180 4990 2387 5047 laslicis
2417 4990 2849 5062 disciplinarum
2881 4991 3207 5045 liberalium
3239 4989 3424 5045 suavis
3464 4989 3489 5043 f
3493 4992 3682 5043 ructus
3720 4990 3797 5045 ad

2180 5080 2523 5135 vescendum
2553 5080 2751 5134 offero.
2770 5079 3024 5143 Quorum
3053 5081 3127 5134 ob
3145 5096 3409 5134 amorem
3438 5083 3495 5133 et
3516 5078 3572 5132 in
3591 5081 3799 5133 exacto

2182 5173 2460 5225 autumno
2492 5168 2806 5241 quamdam
2840 5168 3088 5240 figuram
3130 5167 3267 5223 editi
3305 5168 3443 5222 artis
3488 5167 3804 5222 rhetoricae

2182 5250 2502 5332 depositam
2530 5258 2585 5312 in
2614 5274 2709 5312 sex
2725 5263 2782 5312 et
2816 5257 3016 5330 viginti
3042 5258 3398 5313 membranis
3416 5256 3519 5313 sibi
3544 5257 3804 5314 invicem

2184 5347 2477 5412 connexis,
2504 5350 2561 5400 et
2582 5346 2975 5402 concatenatis
2995 5346 3053 5401 in
3082 5346 3321 5402 modum
3352 5349 3488 5401 ante
3513 5346 3808 5418 longioris

2186 5436 2441 5499 numeri,
2477 5435 2574 5507 qui
2606 5436 2671 5489 fit
2697 5452 2764 5490 ex
2791 5435 2877 5490 his
2905 5435 3208 5490 tredecim.
3241 5435 3393 5507 Opus
3421 5452 3559 5490 sane
3589 5452 3806 5508 exper-

2190 5525 2341 5579 tibus
2371 5524 2657 5591 mirabile,
2686 5525 2952 5579 studiosis
2982 5524 3140 5592 utile,
3165 5524 3237 5579 ad
3268 5541 3360 5579 res
3389 5524 3691 5579 rethorum
3714 5526 3811 5581 fu-

460 5627 581 5670 esse
604 5612 749 5670 visus
769 5629 896 5670 sum
953 5614 1065 5671 Sed
1096 5618 1149 5671 te
1182 5615 1707 5672 desiderantissime
1746 5632 1915 5673 secun
1940 5615 2060 5669 lum
2173 5629 2344 5686 gaces
2375 5615 2432 5668 et
2466 5612 2971 5686 caliginosnssimas
3003 5612 3808 5687 comprehendendas,atque
