3954 6170
226 357 317 430 e25

1099 354 1343 430 SEC’I‘IO
1379 370 1422 430 ι.
1462 407 1534 419 --
1570 357 1748 433 ANTE
1786 357 2071 436 SUMMUM
2112 365 2634 439 PONTIHCATUNL

3438 390 3540 447 2'26

221 495 275 550 in
315 493 516 550 animo
556 493 938 552 collocandus.
974 497 1121 569 Ergo
1163 497 1209 552 si
1241 497 1541 569 quisquam
1571 502 1826 554 vestrum
1847 507 1904 566 Α
1938 505 2146 558 caetera
2177 501 2255 558 sic
2291 503 2458 558 dicit:
2483 507 2780 562 «Persona
2816 505 3229 580 quidemvobis
3244 507 3371 581 jam
3398 511 3537 567 olim

222 600 350 638 cura
379 582 590 636 taiium
632 600 829 638 rerum
879 587 1268 656 permovetur,
1298 589 1357 639 et
1382 585 1438 639 in
1467 587 1683 642 musica
1704 603 1832 658 per-

221 669 508 736 discenda,
538 673 597 724 et
627 672 683 724 iu
711 669 797 725 his
829 689 954 743 quae
987 670 1133 727 ﬁunt
1155 689 1222 727 ex
1253 674 1506 743 organis,
1539 675 1696 746 quod
1727 692 1830 747 per

220 776 304 814 me
334 758 665 830 adimplere
715 776 963 830 nequeo,
996 759 1041 814 si
1075 776 1402 832 cognovero
1430 765 1653 817 certum
1689 765 1832 817 velle

220 846 436 901 domini
491 846 716 901 abbatis
761 847 1087 913 Raimuudi,
1141 849 1230 902 cui
1261 848 1460 904 omnia
1491 850 1696 917 debeo,
1731 867 1835 921 per

217 933 622 988 Constantium
683 936 1102 990 Floriacensem
1161 939 1428 1008 supplere
1469 940 1705 993 curabo.
1742 940 1835 992 Est

215 1022 363 1076 enim
391 1023 609 1077 nobilis
624 1024 989 1078 scholasticus
1010 1025 1273 1096 apprime
1291 1025 1834 1098 eruditus,mibique

213 1112 266 1164 in
283 1111 554 1166 amicitia
568 1112 694 1182 conj
708 1112 1092 1168 unctissimus.
1119 1114 1272 1180 Vale,
1291 1114 1616 1169 dulcissime
1632 1116 1830 1182 frater,

215 1217 461 1271 meaque
483 1217 717 1272 semper
744 1201 1049 1255 dilectione
1077 1205 1278 1257 mutuo
1297 1203 1830 1276 fruere,nostraque

207 1288 356 1344 bona
387 1291 598 1360 putato
631 1306 753 1344 esse
785 1291 1142 1345 communia.

759 1378 1094 1433 EPISTOLA
1122 1379 1301 1434 XCIII.

458 1481 541 1521 AD
566 1483 999 1522 ADALBERONEM
1044 1472 1576 1525 ARCHIEPISCOPUM.

276 1553 720 1626 Corruptissimi
767 1555 1046 1627 temporis
1093 1559 1198 1623 est,
1255 1575 1373 1613 non
1406 1575 1572 1631 posse
1603 1557 1835 1613 decerni

209 1644 534 1699 secundum
589 1646 929 1715 popularem
981 1645 1318 1715 opinionem
1377 1647 1516 1718 quid
1547 1647 1618 1700 sit
1650 1647 1836 1718 magis

209 1733 367 1786 utile.
388 1731 654 1800 UtileIest
683 1733 840 1803 quod
862 1733 1028 1804 agitis
1059 1734 1345 1788 sententia
1363 1736 1703 1804 multorum,
1726 1737 1834 1791 uti-

1931 591 2136 647 infami
2171 592 2604 648 conversatione
2654 599 2778 650 erat
2805 597 3051 663 famosa,
3081 597 3181 652 sed
3210 598 3545 669 hujusmodl

1932 680 2214 736 arbitratu
2247 684 2460 752 printer
2489 699 2649 754 spem
2677 684 2892 743 habita.
2927 686 3070 740 Item
3095 684 3154 740 in
3182 686 3385 741 eadem
3415 693 3546 759 post

1932 767 2245 841 aliquama.
2279 768 2568 833 Quantum
2598 787 2735 842 ergo
2761 776 2959 828 nostra
2987 773 3226 828 interest
3250 773 3466 830 vicinos
3487 781 3549 832 et

1934 857 2286 911 contribules
2310 857 2609 913 adhortari
2626 860 2972 928 studuimus,
2987 861 3030 914 si
3053 861 3161 916 hoc
3178 863 3339 918 nefas
3355 863 3543 919 elimi-

1935 944 2073 982 nare
2096 931 2408 998 nequeunt,
2427 933 2757 984 sanctorum
2791 933 3079 986 consortio
3095 933 3441 1004 privandum
3464 935 3546 990 in-

1932 1014 2260 1086 famabunt,
2287 1033 2390 1070 nec
2409 1017 2518 1070 erit
2540 1018 2743 1072 Christi
2771 1019 2954 1074 fidelis
2975 1020 3062 1075 cui
3094 1021 3216 1077 haec
3237 1022 3546 1079 ambitiosa

1934 1103 2173 1157 audacia
2197 1120 2314 1158 non
2339 1105 2437 1158 fiet
2459 1105 2825 1160 detestabilis.
2850 1108 3264 1166 Factalaudarc
3287 1129 3403 1166 non
3422 1129 3549 1183 pos-

1933 1209 2147 1259 sumus,
2184 1192 2322 1264 quid
2352 1194 2609 1249 futurum
2659 1195 2731 1249 sit
2784 1197 3090 1251 nescimus.
3125 1199 3348 1254 Clamat
3377 1202 3542 1270 alter,

1932 1278 2216 1352 simulque
2266 1298 2371 1336 nos
2402 1282 2704 1351 denotans,
2751 1283 2984 1355 inquit:
3037 1285 3150 1340 Nec
3194 1287 3388 1342 minus
3438 1306 3545 1345 nos

1934 1371 2133 1439 gravat
2153 1369 2307 1441 quod
2325 1370 2697 1441 magistratus
2718 1371 2812 1426 ille
2834 1373 3186 1441 coenobialis,
3207 1391 3380 1446 quem
3394 1379 3545 1433 stare

1934 1456 2222 1512 credimus
2252 1458 2311 1512 in
2338 1459 2550 1514 vertice
2581 1459 2907 1531 religionis,
2940 1461 3078 1516 dum
3109 1463 3270 1517 vobis
3288 1463 3546 1519 submili-

1935 1547 2037 1612 tat,
2071 1563 2105 1600 a
2131 1546 2289 1601 vobis
2320 1547 2556 1610 discors,
2609 1564 2714 1603 nos
2760 1564 3037 1604 erroneos
3055 1551 3317 1621 judicare
3351 1553 3545 1611 audet.

1937 1634 2004 1687 Et
2033 1633 2156 1705 quis
2176 1635 2331 1689 enim
2353 1636 2719 1691 fraudulenta
2748 1638 3065 1693 ambitione
3096 1641 3310 1695 elatum
3340 1639 3551 1697 audeat

1937 1722 2280 1793 approbare,
2333 1741 2464 1779 cum
2497 1728 2675 1794 pater
2729 1724 3067 1781 Benedictus
3123 1727 3276 1783 dicat
3306 1745 3546 1784 omnem

212 1821 319 1874 lius
348 1838 488 1875 cum
521 1822 717 1892 plures
737 1821 1002 1891 judicant
1022 1821 1081 1875 in
1108 1822 1249 1876 urbe
1278 1823 1497 1892 sedere,
1523 1841 1766 1896 paucam
1781 1828 1838 1880 et

1938 1811 2347 1867 exaltationem
2379 1828 2563 1884 genus
2614 1830 2734 1868 esse
2777 1814 3058 1886 superbize
3085 1815 3114 1870 Ἰ
3147 1818 3290 1872 Item
3343 1817 3401 1871 in
3432 1818 3548 1874 ﬁne

212 1909 654 1980 ignavissimam
687 1909 1034 1980 praedonum
1067 1910 1360 1966 deterrere
1394 1928 1656 1980 manum,
1704 1930 1835 1968 cum

211 1999 527 2068 praesentia
582 2000 769 2052 vestra
803 2001 921 2052 tum
948 1998 1198 2053 militum
1244 2001 1679 2058 numerositate.
1729 2003 1834 2057 Ve-

205 2090 388 2139 strum
422 2087 674 2140 fratrem
704 2103 804 2140 vos
843 2087 1052 2141 debere
1083 2087 1295 2159 alloqui
1325 2092 1586 2156 censent,
1619 2090 1820 2145 audire

207 2191 336 2245 quze
369 2175 554 2228 velint
584 2175 715 2229 Otto
755 2177 814 2228 et
845 2176 1194 2242 Heribertus,
1229 2179 1432 2231 mutua
1461 2178 1646 2232 subito
1667 2195 1836 2251 expo-

203 2267 431 2316 scentes
467 2263 776 2334 colloquia.
822 2263 1036 2327 Quibus
1068 2265 1171 2318 etsi
1201 2266 1358 2319 nulla
1385 2265 1532 2319 inest
1563 2267 1724 2335 fides,
1755 2271 1835 2321 ta-

209 2368 346 2405 men
369 2368 485 2423 pro
522 2351 757 2406 fortuna
783 2353 863 2405 eis
895 2352 1196 2408 utendum.
1228 2353 1394 2407 Certe
1429 2372 1558 2408 cum
1593 2356 1648 2408 in
1675 2359 1834 2409 metu

204 2442 702 2512 sunt,periculum
719 2442 972 2512 ipsorum
1001 2442 1072 2496 ab
1092 2441 1172 2496 eis
1188 2443 1557 2515 exiget,quod
1579 2444 1834 2516 propria-

205 2547 327 2584 non
355 2547 425 2584 ex
437 2530 629 2601 egerit
657 2531 814 2585 fides.

751 2619 1087 2676 EPISTOLA
1117 2621 1292 2676 XCIV.

842 2727 918 2764 AD
949 2727 1212 2766 EUMDEM.

276 2793 501 2851 Octavo
536 2796 662 2850 Kal.
685 2796 1232 2854 0ctob.Rcinherius
1253 2798 1587 2870 aresponsis
1619 2800 1830 2855 Remos

204 2885 404 2950 rediit,
441 2887 638 2939 vestra
681 2887 914 2958 negotia
952 2891 1334 2943 exsecuturus.
1365 2889 1494 2958 Ejus
1543 2889 1831 2943 sententia

204 2975 329 3027 haec
360 2976 476 3040 est,
509 2973 558 3028 si
593 2974 663 3028 de
685 2975 876 3030 fratris
905 2975 1138 3031 fortuna
1158 2979 1380 3031 certum
1412 2976 1590 3031 finem
1621 2993 1832 3049 cogno-

205 3079 370 3117 scere
409 3061 610 3131 vultis,
642 3079 707 3116 ac
731 3063 870 3117 nulli
901 3066 1234 3119 mortalium
1266 3065 1575 3120 indicanda
1603 3066 1710 3120 nisi
1731 3083 1828 3122 vo-
1851 3091 1900 3153 ο

200 3151 379 3205 bisnv
429 3151 561 3204 Kal.
615 3151 687 3205 ad
716 3152 1044 3207 Altovillare
1083 3153 1248 3208 fratri
1292 3169 1357 3208 ac
1382 3153 1706 3225 :comitibus
1735 3171 1828 3209 oc-

206 3256 475 3306 currere,
531 3244 809 3311 nepotem
839 3244 1092 3296 vestrum
1123 3243 1481 3310 fleeilonem,
1513 3260 1577 3298 ac
1612 3243 1831 3313 primos

202 3328 378 3382 vestri
408 3328 646 3399 generis
685 3330 1148 3401 consangnineos
1177 3331 1389 3385 iterum
1430 3349 1713 3403 nusquam
1764 3332 1834 3386 si-

202 3417 360 3470 natis
401 3417 592 3470 abire.
646 3418 850 3489 Magna
881 3436 970 3474 res
997 3420 1145 3474 serio
1177 3420 1384 3492 agitur.
1421 3421 1744 3475 Mosomum
1776 3423 1834 3475 et

200 3505 484 3560 lacer-ias
499 3505 872 3562 mutiltudine
889 3507 1136 3562 militum
1153 3510 1656 3565 communite.Dux
1673 3510 1831 3564 Cono

200 3609 304 3664 pro
318 3612 436 3650 suo
452 3595 670 3649 Ottone
683 3596 914 3650 insidias
929 3597 1182 3664 molitur,
1208 3599 1307 3653 sed
1326 3598 1491 3653 facile
1509 3597 1834 3653 remedium

203 3698 392 3752 penes
434 3700 547 3738 nos
581 3684 920 3754 reperietur.
956 3686 1347 3741 Laudunensis
1373 3686 1672 3757 episcopus
1697 3704 1834 3742 con-

201 3771 327 3825 silio
356 3771 594 3826 Ottonis
608 3777 666 3826 ct
687 3773 965 3827 Heriberti
980 3774 1082 3828 sibi
1097 3774 1415 3830 faventium
1448 3775 1653 3830 ducem
1674 3775 1833 3830 adiit.

201 3875 269 3914 eo
299 3861 422 3915 loci
450 3877 630 3932 quem
677 3861 874 3917 dicunt
915 3863 1296 3936 Dordingum,
1329 3864 1553 3928 Redite,
1581 3881 1749 3919 mora
1768 3864 1841 3918 sit

215 3951 409 4004 nulla.

772 4041 1105 4098 EPISTOLA
1134 4043 1286 4100 XCV.

637 4145 1062 4188 FLORIACENSES
1106 4150 1176 4188 EX
1208 4149 1466 4190 PERSONA
1496 4149 1837 4189 REMENSIUM

886 4238 1180 4278 ABBATUM.

276 4308 421 4364 Non
447 4309 745 4365 immerito
769 4327 873 4365 nos
889 4311 1058 4365 unius
1084 4311 1308 4384 collegii
1331 4329 1450 4369 esse
1473 4313 1834 4384 proﬁtemur,

206 4145 278 4183 AD
308 4144 589 4184 m'rnzs

210 4399 306 4470 qui
325 4403 528 4453 vestra
541 4399 809 4454 felicitate
824 4399 962 4471 erigi
973 4405 1313 4467 mur,vestro
1329 4402 1645 4458 infortunio
1659 4404 1836 4458 etiam
1860 4377 1912 4438 D

211 4489 500 4560 opinione
550 4488 997 4543 clarissimorum
1071 4491 1382 4546 hominum
1436 4492 1831 4546 humiliamur.

211 4577 376 4631 Hanc
408 4576 804 4631 sanctissiman
829 4578 1164 4633 societatem
1190 4580 1661 4652 castissimanque
1689 4581 1835 4636 ami-

210 4669 419 4722 citiam
450 4667 841 4738 quorumdam
860 4667 1038 4723 foedat
1071 4670 1312 4725 ambitio
1341 4671 1567 4737 lasciva,
1590 4671 1838 4726 detesta-

209 4756 347 4811 bilis
381 4755 645 4823 audacia,
668 4755 808 4810 dum
839 4774 943 4828 per
961 4757 1276 4812 factionem
1296 4758 1339 4812 is
1357 4759 1513 4814 vobis
1528 4759 1840 4830 praeﬁcitur

212 4851 390 4916 pater
407 4861 580 4916 quam
602 4844 879 4900 verissimi
902 4863 1016 4901 non
1034 4850 1295 4902 metuant
1313 4848 1590 4902 damnare
1620 4850 1834 4903 Patres.

213 4935 278 4988 Et
299 4932 607 5007 quomodo
635 4950 746 4989 uua
764 4938 846 4989 est
869 4936 1116 4990 Ecclesia
1147 4937 1444 5002 catholica,
1468 4940 1836 4992 cunctorum-

218 5041 331 5095 que
365 5023 626 5077 fidelium
655 5041 769 5078 una
795 5024 1058 5091 societas,
1093 5041 1126 5078 a
1156 5025 1454 5079 sententiis
1485 5042 1685 5079 eorum
1719 5043 1838 5080 non

221 5113 459 5168 deviare
496 5111 873 5180 decrevimus,
909 5113 1006 5185 qui
1037 5113 1095 5167 in
1129 5114 1372 5168 Ecclesia
1399 5113 1650 5181 Domini,
1687 5115 1842 5168 velut

221 5202 560 5256 clarissima:
583 5203 760 5256 stellae
777 5201 1036 5256 relucent
1061 5201 1116 5256 in
1144 5208 1450 5274 perpetuas
1467 5203 1837 5257 mternitates.

222 5295 306 5345 An
327 5307 446 5346 non
469 5288 820 5344 lucidissima
838 5292 1005 5345 stetla
1027 5291 1373 5345 reverendus
1392 5291 1798 5363 paterMaiolus
1814 5292 1842 5347 ἶ)

227 5397 298 5434 an
331 5398 450 5434 non
492 5377 901 5450 prmfulgidum
931 5380 1084 5434 sidus
1110 5382 1274 5450 pater
1292 5380 1581 5434 Echerdus
1613 5379 1841 5440 [Ebrar-

231 5469 364 5540 dus]
389 5469 418 5524 ?
437 5470 588 5522 alter
611 5466 668 5521 in
685 5468 944 5539 epistola,
961 5485 1134 5540 quam
1151 5468 1297 5539 patri
1317 5471 1512 5523 nostro
1527 5468 1842 5524 venerabili

232 5555 586 5613 Adalberoni
605 5554 1030 5630 archiepiscopo
1046 5573 1229 5629 nuper
1241 5555 1445 5611 direxit
1462 5558 1844 5630 (qumrchatur

237 5646 385 5708 cnim
401 5647 452 5724 ej
462 5663 527 5703 us
541 5644 832 5705 sententia
844 5645 914 5702 de
933 5645 1244 5724 praelatum
1257 5645 1438 5724 patris
1452 5645 1640 5721 vestri)
1661 5647 1718 5706 in
1728 5650 1842 5706 ter-

1937 1899 2195 1970 ejusdem
2232 1899 2510 1970 epistolas:
2554 1901 2668 1956 Etsi
2698 1902 2858 1956 vobis
2904 1919 3022 1958 non
3049 1904 3274 1959 videtur
3298 1906 3544 1975 fatuum,

1937 1991 2154 2043 (eterna
2178 1989 2438 2043 clausura
2468 1990 2593 2061 ejus
2622 1990 2694 2046 ad
2722 2007 2828 2045 nos
2861 1991 3268 2048 damnabimus
3298 1994 3556 2049 aditum.-

1937 2076 2190 2143 Faciant,
2215 2077 2478 2147 judicent
2507 2078 2785 2148 primates
2816 2081 2879 2132 ut
2923 2079 3080 2146 libet,
3119 2097 3222 2135 nos
3253 2097 3536 2154 pauperes

1937 2163 2141 2218 Christi
2159 2165 2318 2220 favor
2333 2169 2428 2219 aut
2451 2166 2629 2220 timor
2648 2166 3008 2221 saecularium
3029 2167 3098 2222 ab
3121 2169 3226 2224 hac
3253 2171 3544 2226 sententia

1936 2268 2053 2307 non
2085 2253 2311 2306 flectet»
2335 2253 2629 2308 Attendite
2662 2254 2732 2308 ad
2777 2255 2918 2322 hmc,
2952 2272 2984 2309 o
3013 2255 3148 2310 socii
3169 2262 3227 2310 et
3250 2259 3542 2314 commili-

1934 2345 2122 2407 tones,
2153 2341 2432 2395 secernite
2466 2358 2562 2395 vos
2595 2358 2724 2396 oves
2747 2342 2950 2397 Christi
2979 2343 3142 2414 abfeo
3170 2345 3266 2415 qui
3296 2363 3413 2400 non
3460 2351 3546 2401 est

1934 2433 2150 2500 pastor,
2175 2429 2273 2484 sed
2291 2431 2455 2500 lupus
2473 2431 2664 2484 ovium
2688 2430 3426 2503 depopulator.Praatendat
3438 2435 3542 2489 sibi

1931 2533 2117 2590 reges,
2155 2521 2328 2574 duces
2354 2521 2563 2587 saeculi,
2591 2521 2880 2592 principes
2923 2522 3021 2593 qui
3052 2539 3110 2576 se
3132 2521 3326 2577 favore
3353 2525 3539 2579 solum

1934 2607 2107 2662 modo
2132 2624 2330 2662 eorum
2348 2609 2768 2664 monachorum
2785 2609 3105 2681 principem
3131 2610 3397 2680 fecit,nec
3409 2629 3538 2669 eru-

1931 2695 2054 2749 buit
2066 2713 2124 2751 se
2138 2697 2402 2768 ingerere
2421 2697 2518 2770 qui
2535 2714 2601 2752 ex
2615 2697 2938 2752 humilitate
2957 2699 3238 2755 debuerat
3249 2702 3536 2775 refugere.

1932 2783 2215 2839 Hactenus
2237 2784 2567 2856 ignorantia
2596 2801 2700 2840 nos
2747 2786 3000 2842 deviasse
3047 2787 3318 2857 sufficiat,
3349 2795 3541 2847 carcat

1931 2876 2126 2926 nostro
2160 2874 2470 2936 consortio,
2503 2875 2599 2945 qui
2619 2874 2816 2928 talium
2853 2876 3090 2929 Patrum
3121 2875 3432 2933 damnatur
3443 2880 3542 2951 ju-

1931 2960 2099 3016 dicio.
2131 2961 2288 3015 Tunc
2315 2962 2481 3017 nobis
2513 2966 2737 3017 tantum
2761 2963 3014 3030 uniatur,
3039 2980 3170 3018 cum
3199 2982 3399 3020 eorum
3417 2985 3548 3022 sen-

1929 3050 2110 3104 tentia
2137 3050 2310 3104 fuerit
2357 3051 2776 3120 reconciliatus,
2811 3068 3060 3124 quorum
3093 3052 3311 3124 judicio
3343 3059 3541 3111 nostro

1932 3141 2016 3193 est
2042 3155 2195 3192 nunc
2222 3139 2508 3194 consortio
2540 3139 2812 3210 privatus.

2457 3236 2792 3292 EPISTOLA
2832 3238 3008 3293 XCVI.

2261 3341 2335 3379 AD
2367 3342 2628 3381 FRATRI-IS
2653 3343 3217 3385 BLANDINIACENSES.

2005 3411 2110 3476 Qui
2139 3427 2234 3468 me
2262 3414 2420 3469 vobis
2451 3414 2692 3470 fratrem
2731 3413 3069 3488 adoptastis,
3103 3415 3414 3475 orbitatem
3446 3437 3542 3478 ve-

1935 3503 2115 3555 stram
2147 3505 2209 3556 ut
2238 3503 2583 3558 sentiremus
2615 3518 2971 3577 magnopere
2999 3505 3294 3563 effecistis:
3340 3509 3540 3582 virque

1936 3588 2030 3643 ille
2061 3591 2404 3645 venerabilis
2425 3592 2725 3647 memoriae
2748 3610 2851 3648 nos
2880 3593 2964 3648 sui
2996 3611 3287 3650 memores
3307 3596 3364 3650 in
3383 3601 3547 3653 aeter-

1937 3695 2077 3731 num
2107 3679 2363 3734 honestis
2393 3680 2641 3735 obtinuit
2671 3681 2888 3736 officiis.
2936 3683 3084 3754 Ergo
3116 3684 3291 3755 agite,
3315 3688 3543 3757 patrem

1936 3767 2095 3822 vobis
2126 3768 2370 3838 dignum
2407 3768 2570 3823 citius
2609 3771 2909 3841 exquirite,
2945 3787 3017 3825 ne
3045 3789 3185 3842 grex
3209 3773 3543 3829 Dominicus

1939 3856 2177 3909 ﬂuctuet
2197 3857 2320 3910 sine
2360 3859 2816 3928 pastoreNostra
2848 3875 2956 3930 ope
2988 3859 3034 3913 si
3056 3859 3327 3932 indigetis
3347 3862 3539 3916 utimi-

1939 3944 2021 4008 ni,
2048 3949 2106 3999 et
2136 3945 2395 4013 consilio,
2432 3950 2489 4001 et
2514 3946 2743 4011 auxilio,
2764 3947 2930 4017 juxta
2957 3948 3105 4002 vires
3126 3964 3189 4002 ac
3217 3949 3540 4006 scientiam.

1939 4035 2137 4090 Libros
2165 4037 2392 4091 nostros
2416 4035 2780 4090 festinantius
2794 4035 3092 4103 remittite,
3116 4039 3172 4090 et
3184 4036 3229 4090 si
3257 4036 3301 4090 is
3318 4039 3414 4108 qui
3437 4055 3544 4110 per

1940 4123 2320 4179 Claudianum
2349 4125 2582 4180 rescribi
2615 4125 2831 4192 debuit,
2858 4125 3092 4197 insuper
3116 4125 3400 4191 mittetur,
3433 4127 3544 4182 erit

1938 4230 2029 4268 res
2046 4213 2386 4285 dignissima
2408 4213 2567 4268 vobis
2591 4229 2656 4268 ac
2685 4215 2872 4268 vestra
2899 4212 3200 4275 charitate.

2457 4310 2793 4366 EPISTOLA
2829 4310 3028 4366 XCVII.

2117 4417 2190 4456 EX
2233 4416 2498 4457 PERSONA
2538 4416 2720 4456 ΕΜΜίΕ
2741 4417 2970 4456 ΗΕϐΙΝίΕ
2998 4417 3071 4456 AD
3098 4417 3363 4462 MATREM.

2006 4491 2366 4562 Aggravatus
2388 4494 2472 4544 est
2492 4491 2657 4545 dolor
2673 4507 2856 4559 meus,
2879 4508 2911 4546 ο
2943 4491 3024 4546 mi
3049 4492 3306 4562 domina,
3329 4510 3361 4549 ο
3383 4491 3547 4552 dulce

1937 4579 2140 4634 matris
2167 4593 2403 4647 nomen,
2453 4580 2591 4634 dum
2611 4580 2918 4652 conjugem
2942 4580 3337 4652 perdidi.Spes
3355 4583 3411 4637 in
3431 4585 3548 4641 filio

1937 4668 2066 4735 fuit,
2094 4667 2142 4722 is
2180 4669 2359 4723 hostis
2402 4668 2582 4723 factus
2614 4672 2717 4723 est.
2739 4671 2785 4722 A
2816 4685 2910 4723 me
2939 4674 3301 4725 recesserunt
3341 4672 3565 4728 dulcis-

1938 4757 2067 4812 simi
2097 4757 2394 4829 quondam
2429 4757 2542 4811 moi
2567 4757 2736 4811 amici
2762 4758 2835 4812 ad
2863 4758 3246 4829 ignominiam
3266 4776 3457 4815 meam
3485 4778 3550 4816 ac

1936 4846 2110 4900 totius
2135 4846 2364 4918 generis
2397 4846 2535 4901 mei.
2570 4846 2993 4902 Nefandissima
3014 4847 3072 4901 in
3105 4848 3566 4919 Laudunensem.

1937 4936 2338 4990 confinxerunt
2370 4935 2728 5007 episcopum.
2757 4938 3187 5008 Persequuntur
3230 4953 3387 5006 eum,
3416 4955 3552 5010 pro-

1939 5024 2180 5096 prioque
2211 5024 2456 5094 spoliare
2509 5024 2866 5079 contendunt
2911 5025 3155 5092 honore,
3197 5028 3261 5080 ut
3290 5025 3557 5082 inuratur

1940 5114 2082 5168 mihi
2113 5113 2438 5184 ignominia
2477 5113 2857 5184 sempiterna,
2893 5131 3021 5185 quae
3075 5114 3148 5168 sit
3175 5115 3334 5186 quasi
3357 5115 3552 5186 justis-

1939 5203 2084 5257 sima
2109 5219 2280 5257 causa
2306 5201 2612 5257 amittendi
2638 5203 2876 5258 honoris
2906 5203 3040 5258 mei.
3062 5205 3292 5271 Adesto,
3317 5203 3412 5277 pia
3428 5222 3554 5261 ma-

1939 5291 2189 5359 ter,filim
2219 5291 2512 5345 doloribus
2538 5291 3081 5362 plenaeGloriantur
3095 5293 3287 5347 hostes
3302 5295 3416 5349 mei
3435 5313 3549 5350 non

1943 5395 2235 5451 supere:se
2274 5377 2415 5432 mihi
2440 5378 2700 5446 fratrem,
2719 5379 3133 5451 propinquum,
3156 5381 3429 5449 amicum,
3454 5382 3552 5452 qui

1943 5467 2214 5523 auxilium
2236 5467 2387 5521 ferre
2420 5466 2891 5538 possit.lntendat
2921 5468 2993 5523 ad
3020 5470 3141 5522 haec
3165 5469 3262 5541 pia
3291 5469 3549 5536 domina,

1942 5558 2143 5613 redeat
2172 5559 2363 5611 vestra
2403 5574 2582 5611 nurus
2618 5557 2676 5612 in
2711 5556 2984 5629 gratiam.
3037 5557 3121 5611 Sit
3150 5557 3290 5612 mihi
3320 5572 3423 5627 per
3454 5572 3553 5612 vos

1944 5645 2439 5718 exorabilis,liceat
2452 5663 2561 5724 que
2575 5663 2739 5703 suum
2759 5646 2900 5708 mihi
2917 5646 3153 5725 diligere
3167 5644 3551 5721 ﬁlium,quem
3572 5655 3575 5658 '
