3898 6168
386 407 489 479 ἒὲν

1024 396 1375 471 SILVESTRI
1413 413 1458 470 ιι
1494 392 1699 469 PAF/Ii
1738 396 1891 469 ore.
1934 393 2112 470 PARS
2151 408 2242 470 ιη.
2285 406 2499 470 EPIS'I‘.
2553 441 2620 455 -
2659 396 2743 467 ET
2780 394 3059 468 131151.081.

3602 395 3717 467 ius

386 556 586 599 meum
615 536 804 613 patior
831 538 894 592 ut
922 535 1245 593 inimicum.
1300 532 1611 606 Astringite
1642 531 1784 588 mihi
1814 531 1973 604 prin-
2014 539 2072 596 Α
2094 532 2164 588 iri
2201 532 2366 589 nobis
2392 533 2562 604 plena
2609 531 2721 587 fide
2753 548 3012 588 oramus:
3049 532 3239 586 vestra
3269 533 3717 605 vestrorumque

392 632 547 702 cipes
594 627 767 684 vestri
815 626 1004 699 regni,
1053 624 1313 697 proderit
1348 624 1429 678 eis
1468 639 1599 677 mea
1632 622 1989 692 eonjunctio.

391 720 525 775 Otto
556 720 613 773 et
641 714 969 771 Heribertus
1000 714 1241 769 comites
1262 709 1643 783 potentissimi
1670 726 1901 764 mecum
1931 709 1991 765 in

386 809 574 863 vestro
606 804 843 861 consilio
873 806 1061 858 erunt.
1096 802 1154 856 Si
1183 801 1307 857 ﬁeri
1339 802 1544 872 potest,
1577 798 1859 867 gabsolvite
1886 814 1992 853 nos

389 895 559 962 curis,
590 895 655 948 ut
686 891 895 947 mutuis
923 892 1185 946 fruamur
1208 888 1522 961 colloquiis.
1548 887 1668 954 Sin,
1690 887 1989 957 antiquam

388 982 735 1054 sapientiam
762 983 1010 1035 vestram
1028 978 1282 1050 undique
1305 976 1575 1047 colligite,
1596 974 1824 1029 Francis
1839 974 1990 1028 unde

389 1090 510 1128 non
538 1072 774 1142 sperant
819 1067 1109 1123 contraria
1141 1067 1361 1139 parate,
1414 1067 1477 1117 ut
1520 1063 1577 1117 in
1609 1080 1714 1117 nos
1744 1061 1993 1135 graviter

389 1161 629 1216 saaviens
647 1175 849 1214 eorum
872 1156 1213 1211 refundatur
1230 1153 1574 1225 impetus.Et
1596 1151 1831 1206 interim
1855 1151 1994 1223 quid

388 1250 550 1308 vobis
578 1249 651 1304 sit
668 1247 1022 1314 faciendum,
1053 1248 1111 1300 et
1127 1244 1351 1318 scriptis
1380 1242 1697 1314 significate
1723 1244 1780 1296 et
1792 1240 1994 1296 nuntio

389 1339 690 1396 fidissimo.

902 1430 1238 1489 EPISTOLA
1263 1429 1486 1486 XCVIII.

384 1542 459 1584 EX
491 1540 754 1583 PERSONA
788 1537 1197 1578 LAUDUNENSIS
1245 1535 1508 1574 EPISCOPI
1543 1536 1617 1573 AD
1670 1532 1996 1572 EPISCOPOS.

439 1615 709 1680 Quamvis
719 1611 877 1685 regia
892 1613 1172 1682 potestate
1186 1625 1289 1680 per
1300 1606 1685 1681 quorumdam
1697 1604 2000 1660 hominum

387 1704 701 1761 factionem
723 1699 1001 1774 apropria
1029 1698 1163 1753 sede
1185 1713 1314 1751 sum
1342 1696 1414 1751 ad
1446 1712 1698 1768 praesens
1724 1694 2000 1759 exclusus,

388 1790 698 1866 episcopali
711 1793 909 1845 tamen
940 1787 1127 1842 ofﬁcio
1151 1785 1396 1840 minime
1418 1800 1545 1839 sum
1575 1783 1831 1855 privatus
1854 1798 1866 1835 :
1894 1794 2000 1835 nec

2093 639 2293 679 aversa
2316 622 2459 677 tristi
2475 624 2625 678 vultu
2649 621 2957 694 accepturi,
2991 636 3268 692 prospera
3275 619 3705 692 jucundissimo

2091 713 2291 769 animo
2312 713 2483 768 laturi
2518 728 2582 766 ac
2603 710 2898 784 perlaturi.

2660 799 2998 854 EPISTOLA
3048 797 3129 855 CI.

2714 898 2787 935 AD
2813 897 2927 936 EUII
2937 895 3070 937 DEM.

2161 969 2519 1025 Multitudine
2539 985 2805 1024 curarum
2837 968 3122 1023 festinatas
3157 965 3487 1039 legationis,
3507 964 3713 1020 simul-

2094 1073 2207 1129 que
2230 1058 2447 1113 viarum
2462 1058 2785 1130 prolixitate
2809 1056 3009 1129 pressi,
3028 1055 3394 1111 desiderabili
3419 1054 3713 1126 colloquio

2092 1150 2278 1201 vestro
2311 1164 2524 1218 magna
2547 1163 2679 1200 cum
2720 1145 2991 1202 maestitia
3012 1143 3216 1216 privati
3248 1160 3468 1210 sumus,
3495 1142 3607 1197 Sed
3622 1157 3715 1196 re-

2094 1234 2228 1290 fecit
2255 1252 2361 1291 nos
2381 1236 2687 1307 praesentia
2715 1234 3037 1306 spectabilis
3058 1234 3156 1288 viri
3201 1231 3478 1299 Folmari,
3505 1230 3563 1286 in
3589 1246 3710 1304 quo

2095 1328 2285 1379 vestra
2308 1324 2782 1379 virtusintellecta
2793 1326 2898 1391 est,
2920 1323 3057 1379 dum
3072 1338 3139 1378 eo
3172 1320 3402 1376 utimini
3417 1319 3715 1381 ministro,

2100 1412 2197 1486 qui
2210 1413 2562 1467 voluntatem
2578 1411 2807 1468 Domini
2822 1411 2997 1466 etiam
3013 1426 3128 1465 non
3143 1408 3401 1464 monitus
3412 1407 3715 1463 laudabili-

2102 1505 2194 1556 ter
2245 1502 2488 1572 expleat.
2521 1500 2745 1555 Addicti
2793 1516 2934 1571 ergo
2965 1515 3159 1553 sumus
3188 1500 3393 1552 vestrae
3423 1495 3709 1563 servituti,

2103 1607 2235 1645 cum
2276 1590 2471 1657 hacre,
2502 1593 2628 1643 tum
2656 1589 2831 1644 etiam
2852 1588 3102 1660 plurima
3133 1585 3439 1642 dilectione
3464 1584 3718 1640 senioris

2104 1677 2285 1734 nostri
2304 1678 2679 1733 Adalberonis
2700 1678 2848 1732 circa
2869 1692 2996 1744 nos,
3020 1675 3116 1748 qui
3135 1691 3335 1730 earum
3353 1690 3549 1728 rerum
3564 1689 3717 1745 quas

2101 1766 2658 1840 fecimusparticipes
2684 1782 2780 1821 vos
2796 1765 2919 1820 fore
2939 1781 3044 1838 per
3065 1763 3263 1819 omnia
3283 1761 3552 1817 voluitnv
3573 1762 3709 1816 Kal.

391 1847 675 1938 damnant
693 1877 938 1934 crimina
960 1876 1100 1930 falso
1118 1875 1298 1941 illata,
1320 1889 1492 1945 quem
1512 1847 1788 1926 innocens
1812 1870 1870 1924 in
1891 1870 1998 1924 hac
2019 1847 2070 1906 B
2099 1855 2526 1945 Aprilﬁomina
2549 1856 2659 1945 {lux
2692 1853 2912 1909 Βθᾶὶτίκ
2944 1853 3097 1924 apud
3113 1850 3394 1925 Palatium
3421 1850 3715 1921 compen‘

389 1974 556 2043 parte
586 1985 704 2023 non
730 1966 1030 2022 remordet
1061 1962 1430 2019 conscientia.
1459 1960 1683 2015 Sentiat
1700 1975 1840 2031 ergo
1857 1975 1995 2031 grex

387 2056 635 2132 pastoris
664 2054 1008 2119 absentiam,
1041 2051 1285 2106 sentiam
1320 2053 1377 2105 et
1408 2065 1516 2121 ego
1555 2065 1653 2103 vos
1680 2063 1872 2101 meam
1900 2046 1997 2102 do-

386 2147 508 2202 lere
536 2144 740 2200 vicem.
789 2144 985 2214 Itaque
1026 2155 1261 2206 moneo,
1298 2153 1464 2208 rogo,
1500 2152 1627 2199 oro,
1667 2135 1903 2189 obsecro
1931 2149 1996 2188 ac

389 2249 498 2305 pro
529 2231 769 2288 nomine
800 2228 1072 2284 terribilis
1103 2243 1334 2297 semper
1362 2224 1602 2279 viventis
1629 2221 1861 2278 Domini
1894 2221 1995 2276 ob-

384 2324 588 2389 testor,
610 2338 704 2376 me
726 2317 986 2373 Ecclesiae
1004 2332 1150 2371 mea:
1172 2313 1429 2387 quolibet
1448 2310 1645 2376 modo,
1673 2325 1777 2381 per
1789 2325 1965 2380 quam
1983 2334 2001 2348 -

385 2411 528 2466 libet
556 2408 1157 2483 personam,sanctum
1180 2402 1431 2458 chrisma
1457 2398 1858 2465 tribuatis,nec
1880 2396 1996 2469 epi-

388 2499 681 2572 scopalem
704 2494 1195 2560 benedictionem,
1218 2494 1276 2545 et
1293 2489 1601 2544 missarum
1625 2485 1906 2541 solemnia
1937 2484 1997 2539 in

390 2571 526 2643 mea
562 2583 832 2659 parochia
861 2578 1169 2653 peragatis,
1203 2577 1339 2650 quia
1363 2576 1643 2647 scriptum
1673 2576 1758 2628 est
1786 2590 1798 2628 :
1847 2571 2001 2640 Quod

391 2675 493 2730 tibi
534 2673 655 2747 ﬁeri
680 2688 786 2727 non
813 2672 910 2738 vis,
949 2669 1107 2723 alteri
1140 2683 1205 2720 ne
1240 2666 1447 2737 feceris.
1490 2665 1563 2717 At
1619 2661 1665 2717 si
1724 2661 1915 2716 divina
1942 2663 2001 2715 et

389 2758 649 2819 humana
695 2756 1064 2815 contemnitis
1089 2756 1244 2828 jura,
1275 2770 1383 2808 nec
1413 2751 1622 2808 nostris
1648 2749 1882 2805 monitis
1911 2765 2000 2804 ac-

391 2848 715 2925 quiescitis:
752 2860 1083 2919 quanquam
1104 2841 1297 2898 divina
1322 2840 1545 2896 ultione
1576 2838 1694 2894 silis
1726 2836 1995 2906 feriendi,

387 2942 589 2996 tamen
617 2938 689 2994 ad
720 2936 1006 3007 majorem
1042 2930 1401 2987 audientiam
1432 2926 1827 2984 ecclesiasticae
1857 2925 2000 2998 legis

390 3045 491 3086 vos
520 3027 897 3103 provocatum
920 3021 987 3077 iri
1019 3018 1391 3094 pernoscatis.

930 3118 1266 3175 EPISTOLA
1291 3115 1465 3172 XCIX.

394 3232 466 3275 EX
489 3227 750 3273 PERSONA
775 3224 1172 3266 ADALBERONIS
1193 3218 1642 3261 ARCHIEPISCOPI
1676 3217 1751 3257 AD
1787 3216 2001 3257 BELLO-

1029 3311 1361 3351 VACENSEM.

474 3392 609 3450 Vide
630 3385 957 3457 Patrologia:
988 3391 1114 3442 tom.
1151 3378 1510 3438 CXXXVII
1526 3382 1581 3435 in
1604 3380 2001 3437 ADALBERONE

396 3484 688 3549 REMENSI,
713 3477 879 3550 epist.
916 3477 1004 3530 25.

939 3576 1279 3634 EPISTOLA
1309 3573 1370 3631 C.

475 3694 551 3735 AD
580 3686 896 3733 ECBERTUM
924 3682 1440 3733 ARCHIEPISCOPUM
1462 3680 1902 3721 TREVIRENSEM.

468 3767 758 3832 Quantum
790 3759 1047 3816 utilitatis
1060 3754 1284 3827 reipub.
1314 3753 2000 3825 contulerit,quantumve

395 3855 675 3913 collatura
702 3851 776 3908 sit
794 3866 904 3923 pax
934 3847 1086 3902 inter
1109 3861 1279 3916 reges
1306 3847 1535 3898 nostros
1558 3843 1707 3897 bene
1735 3842 1997 3908 fundata,

394 3942 559 4002 testis
576 3945 662 3998 est
673 3933 1314 3996 civitasVirduuensium
1325 3931 1468 4001 ,sine
1482 3930 1637 3986 caede
1650 3930 1999 4002 etsanguine

396 4035 520 4092 sine
547 4029 861 4095 obsidibus,
895 4026 1018 4080 sine
1054 4021 1314 4095 pecuniis
1343 4022 1401 4076 in
1430 4020 1724 4091 integrum
1752 4018 1998 4091 imperio

391 4127 578 4181 vestro
608 4118 889 4177 restituta.
919 4112 1098 4173 Testis
1114 4110 1222 4166 erit
1253 4109 1509 4177 Colonia,
1542 4109 1713 4163 rebus
1751 4108 1857 4163 sibi
1904 4108 2000 4163 diu

394 4208 697 4270 subtractis
725 4208 786 4261 in
822 4204 1119 4273 integrum
1177 4197 1566 4255 restituendis.
1603 4195 1769 4261 Quod
1799 4196 1999 4268 utique

395 4297 678 4356 maturius
697 4294 871 4360 foret,
885 4289 1019 4345 nissi
1040 4287 1227 4343 acrior
1240 4303 1377 4342 cura
1397 4301 1717 4358 regnorum
1734 4301 1920 4357 nuper
1940 4284 1998 4339 in

396 4383 757 4442 conficienda
792 4395 931 4453 pace
970 4376 1198 4449 longius
1227 4392 1334 4431 nos
1366 4374 1728 4441 detinuisset,
1764 4376 2001 4446 propter

394 4476 651 4533 inversos
666 4482 1114 4540 moresquorum
1123 4465 1258 4520 dam
1278 4463 1792 4519 nostrorum.Nunc
1808 4462 2001 4534 itaque

396 4568 628 4635 tempus
638 4560 1030 4632 opportunum
1044 4553 1193 4608 nacti
1203 4553 1494 4624 ,obsequio
1507 4555 1693 4607 vestro
1708 4550 2000 4610 adsumus.

396 4654 695 4712 Monemus
716 4646 797 4702 uti
811 4645 974 4701 Dudo
1001 4660 1065 4698 ac
1084 4641 1431 4697 Gesilbertus
1450 4657 1644 4696 comes
1672 4656 1870 4697 rerum
1902 4641 2002 4696 Ec-

398 4741 586 4799 clesiae
598 4740 799 4796 vestrae
810 4748 1141 4807 pervasores
1166 4730 1291 4786 sine
1312 4728 1587 4785 dilatione
1614 4729 2005 4785 excommuni-

395 4834 622 4888 centur.
641 4827 937 4884 Moneatur
963 4821 1166 4889 frater,
1189 4835 1263 4875 ne
1292 4818 1507 4873 amicus
1518 4817 2002 4891 vester.Adalbero

394 4921 714 4977 Remorum
730 4911 1187 4983 archiepiscopus
1201 4923 1371 4979 super
1384 4907 2003 4976 Dudone,GuidoSues-

396 5008 623 5066 sonicus
672 5002 969 5076 episcopus
1014 5014 1187 5071 super
1235 4996 1573 5063 Gesilberto,
1608 5012 1680 5050 ne
1712 4995 1859 5050 ﬁlios
1888 5013 2004 5051 sua:

396 5095 661 5153 Ecclesiae
684 5093 924 5164 impune
942 5106 1041 5145 vos
1069 5087 1284 5142 lzedere
1306 5084 1500 5139 sinant
1522 5084 1651 5139 :sed
1675 5098 2005 5140 excommu-

394 5185 618 5244 nicatos
634 5201 669 5237 ξι
680 5179 839 5235 vobis
854 5172 1568 5239 excommunicent,donec
1581 5175 2007 5244 consequantur

396 5292 432 5331 ε.
465 5272 623 5330 vobis
646 5268 877 5325 veniam
900 5266 1073 5337 digna
1098 5261 1508 5330 satisfactione,
1532 5261 1628 5333 qui
1652 5262 1841 5317 conati
1872 5266 2006 5317 sunt

394 5359 786 5422 sanctuarium
807 5354 1040 5413 Domini
1058 5352 1392 5408 haereditate
1411 5351 1702 5424 possidere
1730 5350 1878 5415 Quid
1909 5352 2005 5407 do-

394 5453 559 5511 mina
575 5444 1015 5515 uostraTheoph
1024 5442 1157 5497 ania
1168 5441 1244 5496 im
1252 5441 1502 5512 peratrix
1517 5442 2004 5512 semperAugusta

392 5536 723 5613 insequenti
760 5538 1025 5606 tempore
1053 5547 1250 5586 rerum
1283 5529 1643 5603 publicarum
1676 5529 1748 5584 sit
1779 5534 1995 5599 actura,

389 5632 662 5709 quibusve
689 5627 749 5682 in
777 5624 915 5681 locis
942 5622 1341 5687 demoratura,
1363 5623 1508 5674 etan
1526 5620 1819 5676 Saxonum
1840 5636 1997 5675 exer-

392 5708 537 5784 citus
558 5719 740 5779 victor
755 5732 790 5773 a
813 5715 1087 5773 consueto
1107 5711 1271 5771 hoste
1311 5708 1569 5782 redierit,
1605 5708 1992 5785 signiﬁcatum

2021 4442 2075 4502 Β
2101 4414 2366 4480 Rem-mat,
2398 4412 2547 4481 epist.
2577 4408 2665 4502 26:

2100 1944 2330 1999 diacum
2360 1945 2467 1999 hoc
2500 1944 2786 2010 effecerat,
2824 1946 2885 1997 ut
2915 1959 3016 1996 VIII
3050 1939 3330 1996 KalJunii
3356 1938 3427 1994 ad
3448 1939 3709 1994 Montem

2098 2032 2356 2087 Falconis
2379 2032 2626 2087 domina:
2645 2031 2904 2086 Adelaidi
2930 2027 3303 2100 imperatrici,
3321 2026 3451 2082 duci
3477 2026 3709 2092 Carolo,

2095 2136 2194 2174 rex
2209 2120 2539 2189 Ludovicus,
2572 2121 2774 2192 regina
2789 2120 3050 2185 Hemma,
3076 2118 3187 2172 dux
3211 2116 3505 2182 Henricus,
3537 2129 3712 2169 causa

2096 2209 2469 2264 conﬁciendae
2517 2208 2672 2280 pacis
2703 2209 3091 2263 occurrerent.
3127 2205 3240 2260 Sed
3270 2203 3546 2276 quoniam
3601 2218 3714 2275 per

2097 2299 2488 2370 ignorantiam
2507 2298 2757 2353 dominae
2768 2294 3153 2368 Theophanis:
3167 2291 3547 2365 imperatricis
3559 2307 3712 2346 sem-

2097 2389 2482 2459 perAugustaa
2495 2387 2603 2441 hoc
2621 2385 3021 2452 fiebat,dotum
3040 2383 3268 2438 subesse
3285 2380 3704 2452 intelligentes,

2099 2475 2181 2530 uti
2229 2491 2333 2548 per
2371 2492 2429 2530 se
2456 2473 2647 2549 potius
2685 2488 2794 2544 pax
2815 2471 3015 2543 .ﬂeret,
3060 2468 3472 2535 consuluimus,
3520 2469 3701 2538 utque

2100 2564 2259 2637 prius
2284 2581 2389 2637 per
2413 2581 2509 2619 vos
2540 2578 2668 2635 quae
2698 2559 2953 2616 conditio
2976 2558 3131 2630 pacis
3150 2558 3306 2613 foret
3330 2555 3711 2628 experiretur.

2102 2652 2581 2719 Quodlaudatum
2602 2649 2996 2720 est,vestrique
3035 2647 3259 2701 itineris
3286 2646 3422 2701 socii
3442 2642 3714 2700 denomi-

2099 2742 2220 2798 nati
2252 2760 2319 2796 xv
2338 2742 2459 2796 Kal.
2477 2739 2627 2795 Junii
2652 2739 3002 2794 Francorum
3025 2734 3312 2807 colloquio
3331 2732 3495 2788 nobis
3512 2746 3715 2787 occur-

2098 2831 2368 2887 rendum.
2411 2828 2607 2900 Ibique
2635 2828 2681 2883 si
2708 2842 2912 2898 pacem
2954 2840 3084 2880 cum
3123 2839 3262 2894 rege
3289 2820 3483 2877 senior
3512 2821 3717 2874 noster

2099 2918 2540 2989 confecerit,pro
2552 2932 2691 2989 pace
2704 2930 3020 2987 regnorum
3036 2912 3351 2985 plurimum
3366 2907 3713 2964 elaborabit.

2097 3012 2317 3082 Magnae
2345 3006 2740 3078 intelligentiae
2761 3008 2963 3059 vestra:
2995 3018 3177 3075 pauca
3199 2998 3545 3072 suggessisse
3570 2995 3717 3052 satis

2100 3103 2204 3156 est.
2239 3097 2524 3153 Caeterum
2554 3095 2625 3150 de
2655 3098 2966 3166 terra,quaa
2997 3092 3055 3146 in
3087 3090 3299 3145 nostris
3344 3087 3603 3160 partibus
3657 3085 3717 3140 vi

2103 3186 2263 3242 vobis
2285 3184 2546 3257 eripitur,
2580 3198 2887 3257 monemus
2917 3180 2992 3257 ad
3019 3195 3274 3257 praesens
3301 3179 3520 3257 tacere,
3549 3176 3711 3257 post-

2104 3258 2347 3314 modum
2371 3245 2821 3312 demonstraturi
2834 3252 2972 3325 quid
2991 3245 3196 3305 exinde
3220 3250 3410 3304 facere
3430 3245 3713 3302 debeatis.

2670 3341 3008 3398 EPISTOLA
3034 3340 3144 3396 CII.

2350 3446 2426 3485 AD
2455 3438 2795 3484 ADALBERON
2806 3440 2886 3477 ΕΜ
2926 3431 3457 3477 ARCHIEPISCOPUM.

2172 3520 2296 3586 Qua
2332 3517 2563 3581 ﬁducia,
2598 3530 2778 3588 quave
2827 3512 3053 3568 cautela
3082 3506 3371 3580 colloquia
3397 3501 3627 3562 Ottonis
3655 3504 3720 3559 et

2099 3607 2382 3665 Heriberti
2412 3604 2736 3679 expetenda
2769 3601 2931 3658 vobis
2960 3601 3078 3655 sint
3105 3597 3424 3671 providete,
3458 3611 3532 3649 ne
3560 3593 3719 3648 forte

2100 3702 2339 3772 propter
2366 3698 2712 3769 praesentem
2746 3689 3111 3747 obsidionem
3142 3683 3531 3757 Caprimontis
3562 3698 3720 3736 nova

2100 3769 2159 3842 in
2192 3769 2290 3841 vos
2311 3784 2472 3840 novis
2497 3781 2643 3837 dolis
2675 3779 3057 3849 undecunque
3078 3774 3494 3845 comparentur
3523 3769 3718 3824 consi-

2100 3876 2195 3932 lia.
2224 3874 2571 3931 Mementote
2598 3868 2765 3924 sortis
2784 3865 3027 3922 Guifridi
3051 3861 3385 3928 [Godefridi,
3417 3862 3476 3914 et
3506 3857 3718 3912 Virdu-

2100 3964 2293 4022 neusis
2321 3959 2595 4034 episc0pi,
2625 3958 2699 4013 ob
2730 3955 3133 4028 pervasiouem
3153 3951 3323 4008 castri
3342 3946 3716 4020 Luciliburgi.

2652 4045 2988 4101 EPISTOLA
3019 4043 3151 4099 CIII.

2097 4161 2173 4201 AD
2202 4157 2476 4200 DOMINAM
2509 4152 2937 4196 THEOPHANIAM
2965 4146 3408 4190 IMPERATRICEH
3458 4142 3533 4183 EX
3578 4142 3722 4182 PIR-

2595 4243 2749 4284 SONA
2784 4239 3209 4281 ADALBERONIS.

2178 4320 2314 4379 Vide
2339 4316 2664 4388 Patrologim
2695 4323 2824 4371 tom.
2866 4312 3093 4370 CXXX
3105 4309 3242 4381 VII,
3266 4310 3323 4365 in
3343 4309 3717 4364 ADALBRRONE

2646 4490 2981 4551 EPISTOLA
3009 4486 3139 4549 CIV.

2103 4600 2179 4640 AD
2230 4595 2546 4638 RCBERTUM
2601 4590 3016 4632 TREVIRENSEM
3078 4580 3603 4629 ARCHIBPISCOPUM
3644 4577 3721 4622 EX

2540 4665 2807 4706 PERSONA
2842 4661 3263 4702 ADALBERONIS.

2183 4743 2322 4801 Vide
2353 4742 2447 4798 ubi
2467 4757 2649 4812 supra,
2681 4740 2841 4809 epist.
2868 4740 2959 4793 27.

2670 4825 3007 4882 EPISTOLA
3042 4816 3149 4882 CV.

2103 4936 2180 4976 AD
2224 4931 2480 4973 FRATRES
2530 4921 3065 4966 BLANDINIACENSES
3109 4918 3181 4959 EX
3215 4914 3479 4957 PERSONA
3539 4914 3723 4954 ADAL-

2757 5002 3021 5043 BERONIS.

2185 5085 2318 5143 Vide
2347 5084 2440 5140 ubi
2464 5098 2647 5153 supra,
2679 5079 2829 5148 epist.
2857 5077 2949 5131 28.

2665 5164 3000 5221 EPISTULA
3030 5160 3160 5217 CVI.

2191 5274 2265 5312 AD
2298 5267 2609 5311 ECBERTUM
2637 5259 3147 5303 ARCHIEPISCOPUM
3180 5253 3615 5295 TREVIRENSEM.

2178 5346 2324 5410 Quia
2353 5343 2448 5397 diu
2480 5340 2676 5412 optato
2709 5333 2946 5389 consilio
2969 5334 3154 5386 vestro
3187 5345 3305 5383 non
3335 5325 3721 5399 perfruimur,

2107 5451 2226 5490 non
2248 5432 2381 5488 satis
2412 5424 2652 5504 patienti
2674 5423 2870 5479 animo
2894 5421 3227 5485 toleramus,
3262 5417 3570 5482 instamus,
3621 5429 3721 5469 ca—

2103 5539 2311 5595 susque
2333 5502 2483 5575 inter
2501 5516 2820 5586 strepentes
2851 5508 3142 5565 revincere
3160 5505 3509 5561 laboramus.
3526 5502 3723 5576 Syno-

2096 5591 2295 5669 dus—in
2335 5606 2591 5682 partibus
2636 5599 2843 5668 Rheni,
2887 5601 2949 5655 ut
2972 5597 3131 5652 fama
3164 5596 3270 5664 est,
3314 5591 3530 5649 indicta
3564 5608 3579 5648 :
3614 5608 3721 5648 no-

2092 5679 2463 5774 strorum—que
2478 5693 2879 5769 episcoporum
2895 5702 3029 5745 cum
3045 5683 3350 5746 validiores
3368 5679 3560 5739 morbi
3584 5684 3719 5746 tum
