3898 6168
171 372 247 429 229
967 340 1219 418 Semo
1254 348 1300 415 ίι.
1339 387 1411 399 --
1448 332 1633 412 ANTE
1675 356 1703 415 ε

1818 359 1977 419 LMUM
2014 356 2540 429 rerumcum.

3338 372 3445 446 ‘230

166 491 303 546 etiam
326 482 466 557 regia
491 479 741 553 negotia,
768 496 942 554 quam
966 498 1087 536 una
1117 479 1404 536 voluimus
1430 476 1714 578 intertur:
1734 484 1795 543 Α,
1832 481 1965 537 ﬁdis
1994 501 2098 539 nos
2155 491 2343 578 certos
2378 491 2604 549 reddite
2639 509 2653 549 :
2696 494 2757 550 ut
2784 513 2890 569 per
2946 498 3172 560 nostros
3217 500 3439 578 legatos

162 570 670 647 bantsynodnm.Sed
682 570 999 625 neinterim
1023 570 1143 625 otio
1174 573 1529 639 torpeamus,
1553 567 1719 622 beati

161 664 335 721 Ottonis
349 661 605 730 suffragia
622 659 696 713 ad
723 674 971 729 praesens
998 662 1268 731 expetere
1287 660 1343 712 in
1364 655 1564 709 animo
1595 661 1709 724 est,

157 755 271 809 unde
294 767 385 823 per
411 765 501 803 vos
526 747 780 801 reditum
810 748 1024 801 habere
1054 745 1440 819 disponimus,
1472 746 1534 797 ut
1568 761 1711 815 pro-

153 843 283 896 lixam
300 836 731 909 disjunctionem
750 839 1007 889 nostram
1023 852 1092 888 ea
1113 834 1520 904 conjunctione
1540 834 1715 888 casti-

152 946 327 1003 gamus.
349 928 412 980 Et
437 925 719 997 quoniam
749 941 851 995 per
882 924 1216 978 Vcrdunum
1262 923 1372 977 iter
1401 922 1570 977 nobis
1598 927 1710 987 est,

148 1035 406 1074 eocrucem
432 1021 626 1071 vestra
647 1016 891 1070 scientia
913 1020 977 1070 ut
1000 1032 1294 1086 speramus
1314 1015 1712 1081 elaboratam,

149 1108 178 1161 si
201 1107 301 1161 ﬁeri
324 1108 519 1176 potest,
571 1106 696 1159 Kal.
731 1105 1070 1159 Novembris
1100 1104 1343 1175 dirigite,
1377 1103 1566 1174 sitque
1597 1104 1714 1159 hoc

145 1197 305 1267 pignus
324 1194 612 1248 amicitiae.
648 1195 733 1247 Ita
765 1209 909 1263 opus
940 1194 1172 1263 placens
1202 1192 1338 1246 dum
1369 1192 1548 1246 oculis
1579 1208 1714 1247 cre-

142 1284 258 1337 brius
273 1284 584 1354 ingeretur,
600 1281 1011 1337 indissolubilis
1028 1296 1193 1335 amor
1214 1279 1271 1334 in
1289 1280 1408 1335 dies
1421 1296 1713 1351 augmen-

137 1373 323 1427 tabitur.

625 1457 968 1513 EPISTOLA
1012 1457 1165 1512 CVII.

134 1566 185 1606 ει
220 1564 460 1606 PERSONA
506 1564 691 1604 REGIS
746 1563 1012 1603 HUGONIS
1065 1563 1142 1601 AD
1184 1561 1459 1603 SIGUINUM
1493 1560 1707 1601 ARCHI-

340 1632 347 1641 ’
495 1648 839 1691 EPISCOPUM
878 1651 1285 1689 ssuouensnu.

182 1726 343 1799 Reguli
356 1725 632 1798 potentia
646 1724 706 1779 in
727 1724 888 1778 nullo
906 1723 1061 1777 abuti
1084 1724 1352 1790 volentes,
1370 1724 1571 1779 omnia
1600 1741 1704 1778 ne-

1825 575 2016 627 vestra
2060 575 2361 644 majestate
2419 578 2624 652 dignos
2679 601 2808 656 quae
2848 591 3147 647 sonuerint
3191 575 3428 667 chartis,

1825 662 2232 733 compleantur
2261 664 2321 719 in
2352 668 2542 725 rebus.

2360 757 2698 815 EPISTOLA
2749 764 2899 820 CXII.

1964 856 2036 893 EX
2071 856 2338 898 PERSONA
2368 861 2537 903 REGIS
2576 867 2831 907 IIUGONIS
2860 871 2934 909 AD
2967 873 3284 917 ΒοκειιυΜ

2418 952 2826 996 MARCIIIONEM.

1890 1015 2036 1079 Quia
2072 1018 2468 1079 misericordia
2495 1028 2723 1084 Domini
2764 1035 3140 1104 praeveniens,
3174 1055 3423 1110 regnum

1816 1104 2168 1162 Francorum
2201 1110 2618 1181 quietissimum
2642 1120 2805 1174 nobis
2836 1126 3096 1193 contulit,
3120 1131 3322 1183 vestrae
3342 1128 3429 1184 in-

1814 1193 2140 1263 quietudini
2164 1201 2603 1273 quamprimum
2621 1208 2921 1264 subvenire
2944 1213 3266 1282 statuimus,
3282 1233 3422 1272 con-

1812 1280 1938 1336 silio
1958 1286 2015 1336 et
2031 1286 2238 1340 auxilio
2260 1292 2591 1347 nostrorum
2615 1296 2880 1351 omnium
2896 1298 3173 1356 ﬁdelium.
3192 1302 3250 1356 Si
3280 1320 3419 1375 ergo

1811 1368 1990 1425 ﬁdem
2013 1372 2181 1427 toties
2202 1376 2366 1431 nobis
2392 1382 2714 1454 nostrisque
2731 1387 3186 1443 antecessoribus
3202 1405 3313 1460 per
3330 1392 3417 1446 in-

1809 1459 2137 1516 ternuntios
2164 1463 2421 1520 oblatam
2468 1484 2810 1528 conservare
2836 1474 3026 1540 vultis,
3052 1492 3126 1531 ne
3155 1459 3310 1549 forte
3332 1495 3425 1534 vo-

1809 1549 1956 1601 stras
1986 1552 2178 1619 partes
2195 1552 2473 1610 adeuntes
2485 1574 2632 1614 vana
2659 1577 2759 1632 spe
2778 1564 2948 1617 vestri
2980 1564 3166 1619 solatii
3188 1565 3422 1624 deluda-

1810 1652 1962 1703 mur,
1996 1654 2130 1693 mox
2164 1642 2225 1694 ut
2257 1644 2571 1707 exercitum
2605 1652 2869 1704 nostrum
2911 1668 3015 1722 per
3043 1653 3420 1724 Aquitaniam

1810 1723 2081 1781 diﬁ'usum
2126 1732 2530 1801 cognoveritis,
2564 1752 2697 1791 cum
2751 1739 2945 1808 paucis
2994 1740 3067 1794 ad
3099 1723 3203 1796 nos
3233 1760 3414 1816 usque

134 1817 249 1886 gotia
263 1814 562 1886 reipub.in
597 1811 1032 1868 consultatione
1053 1814 1111 1865 et
1131 1811 1411 1866 sententia
1438 1812 1705 1867 ﬁdelium
1734 1799 1781 1858 Β
1808 1817 2139 1883 properate,
2174 1820 2320 1882 utet
2349 1799 2529 1876 ﬁdem
2580 1799 2922 1894 promissam
2955 1799 3338 1899 conﬁrmetis:

134 1909 405 1959 nostrorum
419 1903 1040 1976 disponimus,vosque
1053 1917 1247 1956 eorum
1262 1901 1564 1974 participes
1576 1902 1704 1957 fore

132 1992 441 2063 dignissimos
454 1991 830 2063 judicamus.
870 1992 1067 2061 Itaque
1092 1990 1324 2045 honeste
1347 2007 1410 2044 ac
1438 1990 1701 2061 benigno

132 2080 287 2137 aﬁectu
304 2097 397 2136 vos
421 2096 778 2146 monemus,
803 2078 886 2133 uti
915 2081 1049 2133 ante
1076 2079 1311 2133 Kalend.
1343 2079 1704 2145 Novembris,

127 2184 220 2223 eam
244 2169 427 2236 ﬁdem,
448 2185 648 2241 quam
669 2167 871 2222 caeteri
896 2166 1060 2221 nobis
1081 2167 1471 2234 ﬁrmaverunt,
1498 2167 1705 2221 conﬁr-

128 2257 255 2311 metis
274 2258 339 2313 ob
362 2274 583 2329 pacem
604 2260 667 2311 et
697 2255 1077 2310 concordiam
1104 2259 1308 2310 sanctae
1339 2255 1574 2310 Domini
1604 2256 1703 2309 Ec-

125 2346 598 2418 desiae,totiusque
618 2344 824 2416 pepuli
843 2342 1175 2398 Christiani:
1200 2360 1271 2398 ne
1291 2343 1336 2397 si
1352 2344 1526 2410 forte,
1548 2342 1705 2414 quod

128 2450 213 2488 non
240 2439 515 2504 optamus,
559 2431 947 2506 persuasione
976 2432 1357 2502 quorumdam
1387 2447 1702 2504 pravorum

122 2521 377 2594 diligenter
395 2522 572 2578 vobis
596 2519 972 2591 exsequenda
990 2519 1173 2574 minus
1194 2520 1454 2587 audiatis,
1477 2523 1706 2574 senten-

126 2610 230 2666 tiam
252 2613 465 2668 domini
498 2628 683 2685 papa:
716 2614 776 2665 et
812 2609 1377 2683 comprovincialium
1404 2610 1702 2682 episcopo-

122 2715 214 2754 rum
241 2700 532 2757 duriorem
574 2698 909 2772 perferatis,
946 2701 1246 2771 nostraque
1271 2698 1543 2755 omnibus
1566 2701 1707 2753 nota

124 2789 455 2844 mansuetudo
479 2787 894 2861 justissimum
933 2787 1301 2842 correctionis
1329 2789 1584 2843 assumat
1612 2803 1701 2842 ze-

121 2874 209 2930 lum
242 2878 411 2950 regali
434 2876 743 2950 potentia.

611 2964 954 3021 EPISTOLA
995 2966 1171 3022 CVIII.

119 3069 173 3109 AD
212 3071 523 3115 ECBERTUM
591 3070 1105 3111 ARCHIEPISCOPUM
1158 3070 1571 3112 TREVIRENSEM
1629 3070 1700 3110 EX

522 3161 800 3201 PERSONA
828 3161 1246 3202 ADALBERONIS.

177 3230 286 3290 Vide
307 3236 652 3306 Pati-elogia
684 3241 813 3288 tom.
856 3231 1226 3303 CXXXVII,
1249 3236 1311 3291 in
1334 3234 1702 3289 ADALBERONE

123 3318 341 3393 Rmssn,
370 3327 527 3398 epist.
569 3327 669 3380 30.

651 3411 991 3468 EPISTOLA
1022 3409 1146 3467 CXI.

708 3518 784 3556 AD
812 3518 1082 3556 EUMDEM.

175 3588 291 3645 Vide
312 3592 403 3648 ubi
425 3608 628 3665 supra,
655 3592 808 3661 epist.
838 3591 897 3644 3i
915 3631 935 3644 .

658 3678 998 3734 EPISTOLA
1021 3678 1125 3733 CX.

542 3784 627 3825 AD
662 3783 1232 3823 COMPROVINCIALES.

176 3853 287 3912 Vide
307 3859 400 3913 ubi
422 3876 624 3931 supra,
667 3859 820 3928 epist.
854 3859 944 3911 32.

650 3944 986 4000 EPISTOLA
1018 3944 1144 4000 CXI.

120 4046 451 4091 lDBASILIUM
496 4052 583 4090 ΕΤ
643 4050 1108 4089 CONSTAN'I‘INUM
1156 4049 1563 4088 IMPERATORES
1592 4050 1699 4090 OR-

148 4137 447 4196 TBODOXOS,
470 4139 646 4180 HUGO
674 4139 889 4178 GRATIA
922 4139 1128 4177 DOMINI
1147 4139 1255 4178 REX
1284 4138 1658 4177 FRANCORUM.

177 4210 289 4267 Cum
319 4214 604 4269 nobilitas
644 4211 813 4266 vestri
839 4212 1090 4284 generis,
1126 4216 1253 4267 tum
1301 4211 1480 4266 etiam
1513 4212 1698 4283 gloria

124 4313 427 4369 magnorum
444 4307 713 4370 actuum,
733 4301 805 4356 ad
819 4318 1082 4356 amorem
1106 4305 1360 4356 vestrum
1380 4318 1485 4356 nos
1504 4301 1700 4357 horta-

126 4389 193 4441 tur
211 4367 263 4445 et
277 4392 445 4463 cogit.
466 4390 540 4446 Hi
577 4367 793 4464 quippe
820 4408 939 4447 esse
965 4390 1267 4459 videmini,
1285 4406 1531 4462 quorum
1551 4392 1697 4447 ami-
1724 4367 1778 4426 D

124 4477 224 4532 cilia
258 4481 389 4535 nihil
436 4480 683 4553 dignius
708 4480 767 4534 in
794 4480 1071 4535 humanis
1111 4481 1282 4535 rebus
1306 4479 1483 4552 possit
1509 4479 1696 4535 existi-

125 4567 405 4624 mariJIanc
416 4568 852 4624 sanctissimam
870 4568 1035 4623 amici
1045 4568 1697 4641 tiam,justissimamque

125 4655 408 4713 societatem
443 4658 527 4713 sic
569 4658 909 4728 expetimus,
945 4661 1007 4712 ut
1050 4674 1155 4711 nec
1183 4673 1368 4729 regna
1417 4674 1521 4712 nec
1560 4674 1697 4731 opes

125 4746 292 4797 Vestras
316 4746 373 4800 in
410 4763 484 4800 ea
512 4746 906 4817 requiramus.
941 4744 1055 4800 Sed
1101 4746 1226 4800 haec
1279 4745 1532 4800 conditio
1569 4763 1698 4818 quae

126 4833 267 4887 nostri
290 4835 432 4906 juris
478 4838 625 4890 sunt
651 4838 841 4889 vestra
882 4834 1080 4901 efﬁcit,
1110 4850 1445 4906 magnoque
1478 4834 1622 4903 usui,
1654 4836 1700 4891 si

128 4916 412 4988 placentiae
444 4927 655 4978 nostra
678 4923 1007 4994 conjunctio
1038 4922 1168 4992 erit,
1187 4938 1555 4995 magnosque
1585 4924 1703 4979 fru-

127 5008 218 5062 ctos
240 5011 451 5068 efferet.
490 5011 729 5067 Etenim
776 5012 940 5066 nobis
967 5011 1330 5066 obstantibus
1360 5028 1466 5066 nec
1490 5013 1701 5076 Gallus,

130 5098 532 5155 necGermanus
556 5100 703 5154 ﬁnes
735 5101 971 5156 lacesset
1002 5100 1247 5155 Romani
1267 5100 1519 5171 imperii.
1554 5102 1701 5173 Ergo

134 5183 293 5242 nthmc
308 5188 467 5244 bona
497 5188 961 5259 ﬁantperpetua,
982 5189 1259 5262 quoniam
1293 5192 1379 5242 est
1396 5189 1559 5243 nobis
1581 5190 1706 5244 uni-

135 5274 349 5331 cnsﬁlius
373 5283 432 5333 et
464 5279 597 5350 ipse
624 5293 742 5344 rex,
768 5294 871 5332 nec
902 5279 955 5333 ei
982 5294 1183 5350 parem
1233 5278 1291 5332 in
1324 5278 1703 5334 matrimonio

138 5365 292 5432 aptare
310 5383 644 5439 possumus,
666 5370 902 5437 propter
918 5365 1258 5420 afﬁnitatem
1276 5364 1593 5422 vicinorum
1616 5385 1705 5423 re-

141 5462 262 5519 gum,
282 5455 455 5509 ﬁliam
485 5455 674 5508 sancti
701 5453 925 5527 imperii
945 5454 1233 5525 prascipuo
1260 5453 1469 5509 aﬂ'ectu
1500 5457 1704 5527 quaeri-

142 5540 415 5608 musQnod
429 5543 479 5598 si
502 5543 633 5597 haec
659 5544 836 5614 petita
852 5542 1229 5599 serenissimis
1250 5542 1483 5601 auribus
1503 5545 1702 5601 vestris

142 5626 437 5705 placuerint,
468 5632 583 5689 aut
616 5631 835 5712 scriptis
884 5631 1302 5707 imperialibus,
1333 5634 1432 5691 aut
1484 5633 1703 5696 nuntiis

1806 1900 1923 1954 vias
1944 1902 2215 1957 exercitui
2246 1910 2596 1964 necessarias
2626 1913 2898 1969 doceatis.
2935 1913 3060 1977 Qua
3088 1916 3147 1971 in
3178 1922 3341 1989 parte
3369 1919 3421 1975 si

1807 1988 1931 2044 fore
1971 1992 2259 2059 mavultis,
2294 1995 2575 2068 nobisque
2604 2001 2797 2071 potius
2829 2002 3067 2057 obedire
3099 1988 3413 2078 delegistis,

1809 2094 1985 2148 quam
2035 2082 2354 2150 Ismaelitis,
2389 2085 2610 2156 legatos
2639 2089 2714 2143 ad
2765 2107 2870 2145 nos
2903 2108 3079 2163 usque
3109 2092 3167 2147 in
3200 2095 3416 2152 Pascha

1809 2165 2062 2237 dirigite,
2080 2169 2174 2240 qui
2194 2173 2252 2223 et
2272 2188 2376 2226 nos
2399 2173 2470 2228 de
2493 2179 2682 2232 vestra
2706 2177 2983 2234 ﬁdelitate
3013 2181 3328 2253 lmtiﬁcent,
3352 2187 3413 2240 et

1804 2270 1905 2309 vos
1935 2256 2006 2310 de
2037 2261 2234 2313 nostro
2263 2259 2511 2316 adventu
2543 2266 2899 2321 certissimos
2930 2267 3198 2325 reddant.

2340 2349 2683 2408 EPISTOLA
2708 2353 2883 2409 CXIII.

1804 2448 1881 2485 AD
1910 2449 2274 2491 ROTHARDUM
2301 2452 2825 2498 ARCHIEPISCOPUM
2855 2461 3319 2509 CAMERACENSEM
3346 2468 3420 2511 EX

2236 2542 2497 2582 PERSONA
2542 2545 2970 2593 ADALBERONIS.

1884 2609 2016 2665 Vide
2036 2610 2364 2682 Patrologiao
2407 2620 2536 2685 tom,
2567 2617 2930 2679 CXXXVII
2954 2627 3011 2680 in
3046 2630 3418 2691 ADALBBIIONE

1805 2696 2072 2767 REMENSI,
2102 2702 2251 2772 epist.
2289 2704 2380 2757 33.

2336 2790 2680 2852 EPISTOLA
2712 2796 2885 2856 CXIV.

2086 2893 2277 2933 AD.....
2305 2896 2378 2934 EX
2406 2898 2677 2939 PERSONA
2711 2902 3135 2954 ADALBERONIS.

1880 2961 2014 3019 Vide
2041 2965 2135 3019 ubi
2158 2983 2340 3037 supra,
2371 2970 2521 3039 epist.
2558 2975 2648 3029 34.

2343 3056 2682 3116 EPISTOLA
2717 3062 2870 3124 CXV.

2256 3161 2330 3201 AD
2387 3165 2667 3207 CAROLUM
2726 3169 2947 3212 DUCEM.

1882 3228 2015 3287 Vide
2037 3232 2134 3288 ubi
2157 3253 2339 3307 supra,
2362 3238 2511 3307 epist.
2542 3241 2629 3294 35.

2336 3326 2671 3382 EPISTOLA
2693 3328 2865 3385 CXVI.

2016 3410 2090 3447 AD
2117 3410 2440 3452 ROMULFUM
2470 3414 2745 3454 ABBATEM
2781 3417 3202 3468 SENONENSEM.

1873 3480 2177 3537 Divinitate
2208 3484 2458 3556 propitia
2482 3486 2633 3541 bene
2654 3488 2929 3562 valentes,
2952 3499 3017 3551 ut
3047 3502 3294 3573 amplius
3322 3522 3415 3561 va-

1806 3568 1972 3624 leatis
2002 3573 2291 3643 optamus.
2324 3573 2515 3629 Gratia
2544 3577 2602 3629 et
2625 3576 3033 3639 benevolentia
3063 3568 3417 3665 principum,

1806 3653 1887 3711 uti
1908 3674 2138 3729 semper
2161 3660 2245 3715 usi
2266 3679 2483 3730 sumus,
2500 3664 2738 3736 utimur,
2758 3683 2926 3738 spem
2956 3653 3176 3731 bonam
3201 3653 3272 3733 in.
3291 3653 3419 3737 rem

1803 3760 2134 3802 conversam
2162 3748 2252 3817 iri,
2286 3765 2387 3805 suo
2414 3752 2680 3823 tempore
2712 3761 3131 3827 exspectantes.
3171 3766 3419 3824 Ubinam

1802 3833 2167 3905 potissimum
2202 3841 2484 3894 moraturi
2508 3842 2774 3913 sequenti
2810 3848 3099 3923 tempore,
3128 3853 3414 3913 incertum

1801 3926 2041 3994 propter
2071 3924 2291 3981 incerta
2317 3931 2606 3999 tempore.
2637 3929 2809 4000 Operi
2856 3939 3076 4005 nostro,
3112 3942 3269 4012 quod
3296 3961 3415 3999 non

1799 4026 1991 4082 parvae
2022 4015 2360 4083 quantitatis
2389 4017 2513 4071 fore
2564 4016 2885 4088 scripsistis,
2915 4024 3052 4093 quia
3080 4043 3414 4086 mensuram

1798 4099 2105 4155 voluminis
2136 4101 2545 4173 ignoravimus,
2577 4105 2791 4160 solidos
2820 4107 2966 4164 duos
2992 4127 3099 4182 per
3128 4116 3402 4174 clericum

1800 4203 1973 4259 quem
1991 4189 2220 4244 misistis
2238 4192 2520 4261 misimus,
2536 4193 2808 4265 idemque
2826 4195 2872 4251 si
2905 4197 3209 4259 insinuetis
3234 4205 3408 4262 facie-

1800 4292 1929 4332 mus
1950 4278 2131 4334 donec
2161 4283 2451 4352 completo
2483 4299 2658 4353 opere
2688 4282 2922 4342 dicatis:
2958 4288 3205 4349 Sufﬁcit.

2311 4363 2650 4420 EPISTOLA
2689 4364 2884 4425 CXVII.

2174 4449 2249 4487 AD
2274 4450 2546 4491 DOMINAM
2576 4453 2893 4494 THEOPHAN
2904 4456 3030 4501 IAM.

1878 4517 2010 4575 Vide
2031 4521 2361 4593 Patrologia
2387 4529 2513 4580 tam.
2549 4524 2776 4582 CXXX
2788 4527 2919 4598 V11,
2958 4531 3014 4586 in
3041 4533 3410 4598 Anmsnonn

1802 4606 2024 4662 ReuENs
2037 4624 2076 4680 I,
2109 4611 2259 4680 epist.
2293 4613 2381 4667 36.

2299 4709 2634 4767 EPISTOLA
2683 4712 2907 4773 CXVIII.

2154 4793 2228 4834 AD
2260 4796 2499 4838 CLERUM
2528 4801 2605 4839 ET
2643 4801 3047 4846 POPULUM..."

1882 4866 2015 4923 Vide
2043 4867 2137 4923 ubi
2158 4887 2340 4941 supra,
2369 4874 2517 4942 epist.
2554 4876 2642 4929 57.

2312 4962 2691 5019 EPISSTOLA
2720 4965 2888 5021 CXIX.

1946 5047 2113 5086 EMMA
2143 5050 2430 5097 QUONDAM
2463 5052 2680 5090 REGINA
2708 5052 2949 5093 DOMINE
2979 5056 3265 5099 AUGUSTE

2395 5122 2804 5164 THEOPHANIE.

1875 5189 2060 5245 Pietas
2083 5193 2254 5248 vestri
2269 5193 2521 5248 nominis
2538 5195 2837 5255 subveniat
2854 5198 3104 5271 afflictae,
3120 5205 3178 5258 et
3197 5219 3231 5260 a
3255 5220 3406 5277 prae-

1804 5277 2050 5334 donibus
2062 5283 2451 5354 captivatmEt
2466 5284 2605 5338 mihi
2620 5289 2912 5357 quondam
2929 5289 3036 5344 fuit
3048 5295 3105 5346 et
3119 5309 3322 5364 genus,
3350 5300 3410 5350 et

1805 5366 2073 5438 dignitas,
2090 5386 2154 5423 ac
2168 5370 2393 5442 regium
2414 5388 2653 5428 nomen.
2674 5375 2834 5431 Nunc
2851 5379 3011 5449 quasi
3028 5379 3151 5435 sine
3168 5398 3404 5453 genere,

1803 5455 1926 5510 sine
1953 5456 2255 5529 dignitate,
2274 5460 2544 5516 omnibus
2563 5463 2784 5520 afﬁcior
2805 5468 3409 5536 contumeliis,ancilla

1803 5545 2025 5618 captiva
2043 5547 2573 5607 crudelissimorum
2584 5551 2834 5608 hostium
2850 5554 3097 5611 facta.Et
3111 5556 3405 5627 quomodo

1800 5631 1896 5693 ille
1912 5634 2126 5713 impius
2136 5635 2581 5697 Carolusvocem
2603 5642 3029 5700 meamaudiret
3043 5642 3141 5719 qui
3157 5644 3408 5706 vestram
