3898 6168
407 380 503 452 ‘231

1048 376 1398 450 SILVESTRI
1434 379 1482 448 'n
1520 375 1731 448 pars:
1767 389 1923 449 OPP.
1967 373 2146 450 mas
2185 381 2280 449 m.
2319 418 2390 434 —
2426 377 2642 452 a‘pis'r.
2682 391 2764 450 er
2801 385 3078 452 mpLou.

3619 383 3718 453 ἰωῇ

411 517 610 573 audire
637 514 984 589 contempsit
1009 516 1036 571 ?
1057 521 1115 572 et
1142 535 1241 574 vos
1279 517 1514 592 quidem
1541 535 1636 574 me
1661 521 1849 574 vestra
1893 536 2012 575 mc-
2032 526 2087 585 Α
2115 520 2454 587 instituistis,
2480 520 2688 576 diluvio
2719 522 2886 577 vestri
2930 539 3076 596 pene
3108 521 3444 593 absorptum
3492 525 3596 576 est.
3625 525 3715 578 In-

355 651 359 654 .
413 605 604 662 moria
633 604 872 677 dignam
900 605 1202 675 habuistis,
1235 607 1364 680 qua;
1393 607 1516 662 fieri
1544 607 1695 663 circa
1723 625 1819 663 me
1849 610 2017 664 velle-

413 694 485 748 tis
523 693 870 766 imperastis,
903 693 1109 765 hicque
1164 695 1386 768 regiam
1441 696 1647 750 urbem
1692 697 2012 768 occupavit.

417 786 624 838 Parere
649 781 817 836 alicui
868 799 986 837 non
1023 786 1190 853 putat
1246 801 1346 839 suo
1405 784 1626 839 nomini
1680 785 2013 840 convenire.

413 871 554 926 Nolo
585 870 638 925 ei
660 869 929 941 spiritum
954 873 1258 944 explicare,
1291 887 1404 945 quo
1435 872 1541 926 sibi
1561 889 1742 945 regna
1764 873 2018 928 inaniter

412 957 724 1030 promittit.
757 959 874 1013 Hoc
903 962 1130 1015 tantum
1162 977 1287 1027 oro,
1312 978 1386 1015 ne
1416 961 1473 1014 in
1510 977 1605 1016 me
1635 960 1920 1017 feminam
1949 962 2015 1016 il-

408 1047 642 1115 lidatur,
668 1047 805 1102 dum
839 1046 897 1102 in
931 1064 1124 1104 mares
1153 1049 1500 1104 retunditur.

946 1144 1283 1200 EPISTOLA
1329 1147 1452 1203 CXX
1464 1191 1475 1203 .

406 1249 648 1292 DOMINE
676 1252 960 1294 AUGUSTE
999 1251 1430 1305 THEOPHANLJE,
1484 1250 1710 1295 NOMINE
1748 1252 2012 1296 HUGONIS

822 1339 1006 1379 REGIS.
1035 1339 1092 1377 ν.
1127 1340 1166 1377 I.
1199 1340 1253 1379 D.
1285 1337 1341 1379 Κ.
1374 1341 1432 1380 ν.
1462 1341 1516 1381 Α.
1546 1343 1596 1380 Ζ.

480 1412 948 1470 Benevolentiam
1001 1428 1066 1467 ac
1109 1411 1510 1469 affabilitatem
1554 1418 1806 1470 vestram
1857 1413 2010 1470 circa

408 1519 515 1558 nos
543 1502 877 1569 sentientes,
912 1502 1136 1556 obsides
1166 1518 1199 1556 a
1221 1501 1425 1558 Carolo
1457 1503 1740 1576 accipere,
1770 1506 1827 1560 et
1857 1504 2008 1560 obsi-

407 1591 641 1646 dionem
675 1592 894 1646 solvere
917 1591 1232 1646 secundum
1247 1592 1606 1647 voluntatem
1638 1595 1890 1648 vestram
1912 1609 2010 1648 vo-

405 1679 618 1734 luimus
664 1678 1001 1734 fidissimam
1035 1679 1368 1734 societatem
1399 1697 1464 1734 ac
1509 1684 1774 1736 sanctam
1819 1681 2014 1736 amici-

405 1768 546 1822 tiam
567 1784 906 1823 conservare
941 1767 1254 1839 cupientes.
1311 1770 1490 1824 Porro
1522 1769 1614 1824 hic
1661 1770 1896 1825 Carolus
1929 1772 2010 1826 le-

404 1862 568 1930 gatos
599 1861 657 1913 et
701 1857 1014 1929 imperium
1042 1861 1293 1912 vestrum
1326 1862 1735 1926 contemnens,
1778 1876 1882 1914 nec
1915 1877 2008 1915 su-
2033 1839 2086 1898 Β

402 1963 508 2018 per
537 1947 624 2001 his
657 1945 988 2017 acquiescit,
1017 1962 1123 2000 nec
1156 1946 1420 2018 reginam
1460 1947 1758 2019 relinquit,
1792 1965 1897 2004 nec
1937 1949 2009 2003 ab

401 2035 668 2108 episcopo
702 2036 847 2089 ullos
876 2033 1102 2090 obsides
1129 2035 1351 2106 accipit.
1382 2036 1449 2090 Et
1469 2035 1561 2089 hic
1592 2036 1828 2108 quidem
1855 2037 2010 2092 vide-

402 2123 479 2178 rit
507 2123 646 2195 quid
671 2139 772 2178 sua
805 2121 909 2177 sibi
942 2121 1482 2193 prositpertinacia.
1509 2123 1770 2178 Vestram
1815 2127 2011 2178 autem

401 2211 717 2266 amicitiam
757 2211 830 2265 ad
877 2228 984 2265 nos
1024 2211 1083 2264 in
1130 2214 1476 2281 perpetuum
1531 2211 1882 2266 conﬁrmare
1913 2228 2014 2266 cu-

401 2299 645 2371 pientes,
679 2299 893 2353 sociam
926 2316 990 2353 ac
1016 2299 1358 2372 participem
1391 2299 1572 2353 nostri
1613 2301 1783 2371 regni
1815 2303 1882 2357 Λ.
1917 2302 2014 2355 de-

404 2386 686 2441 crevimus
715 2386 874 2440 vobis
907 2403 1206 2441 oceurrere
1258 2386 1332 2440 ad
1362 2387 1560 2441 villam
1593 2388 1925 2442 Satanicum
1957 2405 2010 2442 x1

403 2477 528 2531 Kal.
563 2474 696 2546 Sep,
731 2475 810 2528 Ea
840 2491 967 2546 quae
999 2476 1152 2529 inter
1181 2491 1280 2529 vos
1307 2476 1378 2530 de
1406 2476 1561 2530 bono
1595 2481 1652 2531 et
1682 2493 1848 2549 aequo
1877 2494 2007 2532 san-

402 2563 618 2630 xeritis,
668 2563 821 2618 inter
862 2579 966 2618 nos
1003 2579 1068 2618 ac
1105 2562 1288 2617 filium
1324 2567 1578 2619 vestrum
1620 2564 1741 2620 sine
1789 2567 1922 2621 dolo
1956 2568 2014 2621 et

401 2652 604 2708 fraude
635 2652 693 2708 in
726 2656 1074 2725 perpetuum
1105 2653 1518 2710 conservaturi.
1562 2727 1564 2729 ν

927 2758 1265 2816 EPISTOLA
1314 2760 1483 2827 cxxx,

722 2865 798 2903 AD
829 2865 1260 2904 TREVERENSEM
1288 2865 1345 2903 V.
1379 2866 1437 2904 ν.
1467 2865 1523 2902 D.
1559 2865 1611 2903 Κ.
1638 2864 1700 2906 Α.

481 2935 614 2993 Vide
641 2935 970 3007 Patrologiae
1001 2945 1128 2993 tom.
1163 2935 1513 2992 CXXXVII
1561 2939 1616 2992 in
1649 2940 2012 2995 ADALBERONE

403 3023 666 3094 REMENSI,
698 3029 850 3098 epist.
875 3029 962 3083 38.

938 3133 1275 3190 EPISTULA
1309 3134 1501 3190 CXXII.

401 3238 706 3280 ADALBERO
755 3235 1254 3278 ARCHiEPISCOPUS
1301 3237 1582 3279 REMENSIS
1613 3241 1687 3279 AD
1728 3240 2010 3282 CAROLUM

1094 3329 1315 3368 DUCEM.

482 3403 615 3459 Vide
641 3403 734 3456 ubi
758 3418 937 3472 supra,
971 3401 1122 3471 epist.
1157 3403 1246 3456 39.

909 3509 1246 3564 EPISTOLA
1292 3508 1508 3563 CXXIII.

438 3615 515 3656 AD
544 3612 935 3656 THIETMARUM
977 3613 1387 3653 MOGUNTINUM
1427 3611 1973 3654 ARCHIEPISCOPUM.

475 3688 697 3744 Labore
728 3685 1042 3742 obsidionis
1073 3685 1130 3739 in
1166 3685 1436 3740 Carolum
1463 3685 1830 3757 defatigatus,
1861 3703 1926 3740 ac
1958 3684 2013 3739 vi

404 3775 655 3835 febrium
705 3775 957 3847 graviter
1001 3774 1348 3846 exagitatus,
1400 3775 1689 3830 sincerum
1740 3775 2012 3830 aﬂectum

404 3883 601 3922 meum
633 3865 783 3920 circa
815 3869 891 3930 te,
945 3864 1276 3919 dulcissime
1314 3865 1514 3931 frater,
1561 3864 1848 3936 explicare
1892 3881 2009 3919 non

404 3957 542 4012 satis
559 3956 740 4011 valeo.
761 3954 876 4008 Hoc
907 3956 1135 4007 tantum
1155 3953 1438 4024 signiﬁco,
1462 3953 1710 4024 impera,
1735 3954 2012 4025 obseque-

403 4061 558 4112 mur,
594 4044 780 4115 sitque
811 4045 1008 4098 nostra
1040 4041 1295 4096 amicitia
1317 4041 1522 4096 eadem
1557 4043 1698 4096 velle
1723 4045 1894 4114 atque
1922 4059 2012 4097 ea-

403 4134 538 4189 dem
568 4135 744 4189 nolle.
805 4133 872 4186 Et
934 4131 1069 4203 quia
1113 4131 1263 4186 inter
1300 4147 1502 4202 graves
1531 4134 1700 4186 aestus
1743 4146 2012 4186 curarum

407 4224 528 4278 sola
557 4220 923 4292 philosophia
955 4219 1118 4291 quasi
1176 4220 1471 4292 quoddam
1516 4219 1843 4275 remedium
1889 4237 2010 4275 esse

406 4312 638 4382 potest,_
666 4308 993 4380 ubicunque
1024 4310 1218 4380 partes
1250 4309 1374 4380 ejus
1415 4309 1784 4381 imperfectas
1840 4309 2013 4364 habe-

2114 612 2351 677 stamus,
2377 627 2439 665 ac
2466 609 2682 681 propiis
2711 609 3031 683 sumptibus
3053 609 3334 665 fabricam
3357 610 3500 665 tanti
3531 611 3720 683 operis

2116 698 2276 753 novis
2308 698 2621 753 artiﬁcibus
2652 698 3014 770 insiguimus,
3060 716 3132 754 ne
3163 702 3352 754 vestro
3383 702 3730 770 superventu

2116 787 2184 840 ad
2202 787 2534 841 suburbana
2567 803 2846 858 cogamur
2859 787 3187 858 demigrare
3205 785 3581 842 cubilia.Huic
3598 790 3722 842 tam

2115 874 2342 947 ingenti
2359 875 2594 946 negotio
2607 875 2792 930 adhuc
2810 875 3038 930 dierum
3062 879 3121 930 15
3141 875 3389 947 spatium
3409 875 3729 942 attribuite,

2115 968 2482 1036 vestrumque
2496 964 2874 1019 architectum
2896 963 3270 1032 A.remittite,
3287 964 3383 1036 qui
3397 967 3582 1036 coepta
3599 981 3734 1036 per-

2116 1052 2267 1107 ficiat
2287 1069 2405 1108 non
2435 1053 2581 1107 meis
2630 1052 3170 1124 sumptibus,sicque
3197 1069 3302 1108 nos
3358 1052 3430 1107 ad
3456 1053 3734 1122 perstrin-

2115 1141 2365 1212 gendam
2393 1141 2509 1208 [al.,
2531 1141 3030 1213 perfringendam]
3049 1158 3241 1196 arcem
3260 1144 3636 1212 montemque
3652 1140 3730 1196 ab

2114 1229 2250 1300 ipsis
2280 1229 2568 1284 radicibus
2597 1230 3036 1286 convellendum
3069 1247 3201 1285 eum
3225 1229 3360 1286 totis
3390 1228 3638 1300 copiis,si
3660 1245 3736 1284 ea

2112 1319 2373 1390 voluptas
2397 1318 2458 1374 in
2490 1318 2688 1374 animo
2711 1321 2815 1386 est,
2847 1322 3192 1390 exspectate.

2627 1424 2962 1480 EPISTOLA.
3001 1423 3190 1480 CXXV.

2783 1529 3062 1569 INCERTO.

2185 1600 2327 1656 Cum
2340 1603 2550 1657 multos
2571 1601 2738 1658 nobis
2756 1606 2964 1657 natura
2993 1600 3738 1673 afﬂnitatejungat,multos

2113 1689 2438 1754 affectione,
2464 1691 2671 1745 nullius
2688 1689 2956 1745 amicitias
2973 1690 3190 1745 fructus
3204 1689 3430 1746 suavior
3449 1693 3534 1744 est
3550 1706 3735 1762 quam

2112 1777 2160 1832 is
2173 1779 2269 1850 qui
2286 1779 2668 1834 fundamento
2700 1779 2900 1834 nititur
2926 1778 3240 1834 charitatis.
3265 1779 3412 1833 Nam
3437 1778 3600 1849 cujus
3621 1777 3733 1833 ob-

2113 1866 2310 1939 sequia
2341 1867 2652 1939 aliquando
2699 1869 2980 1922 sensimus
3011 1870 3112 1923 aut
3141 1867 3500 1938 elegantiora
3528 1866 3736 1921 vestris

2112 1958 2210 2010 aut
2229 1955 2614 2026 jucundiora?
2634 1955 2963 2027 Deniquein
2984 1958 3148 2012 tanta
3169 1953 3605 2027 perturbatione
3624 1971 3738 2009 no-

2113 2047 2243 2099 stra:
2255 2044 2617 2114 reipub.cum
2634 2045 2939 2116 perﬁdiam
2959 2044 3206 2098 militum
3231 2043 3458 2099 assidue
3476 2042 3740 2115 patimur

2112 2133 2341 2188 assiduo
2370 2134 2564 2188 oculos
2595 2133 2668 2188 ad
2697 2149 2794 2188 vos
2821 2131 3242 2199 reducimus,ut
3272 2147 3404 2203 spes
3434 2135 3588 2186 certa
3618 2132 3736 2198 est,

2113 2238 2232 2276 non
2268 2222 2483 2276 frustra
2502 2222 2771 2277 solatium
2819 2221 3079 2277 relaturi.
3115 2223 3182 2276 Et
3212 2220 3488 2293 quoniam
3542 2238 3641 2276 vos
3670 2223 3742 2274 et.

2112 2310 2335 2380 gravari
2364 2313 2421 2364 et
2438 2309 2741 2382 defatigari
2755 2310 2862 2365 nisi
2881 2311 2938 2364 in
2967 2326 3197 2364 summa
3217 2325 3413 2364 rerum
3427 2309 3741 2364 necessitu-

2113 2399 2546 2465 dinenolumus,
2580 2400 2638 2452 Ζ.
2672 2401 2729 2453 Ζ.
2762 2399 2828 2463 Q.
2856 2401 2926 2454 Μ.
2959 2400 3018 2452 Β.
3060 2403 3118 2454 et
3147 2399 3224 2454 sic
3247 2398 3740 2470 judicatisquem-

2111 2487 2192 2541 vis
2213 2488 2389 2542 alium
2420 2491 2647 2542 tantum
2680 2504 2813 2542 cum
2836 2487 3088 2542 militum
3119 2488 3350 2553 robore,
3383 2485 3632 2541 subsidio
3664 2487 3734 2539 et

2115 2576 2175 2630 V.
2211 2576 2276 2640 Ο.
2312 2577 2376 2632 Ο.
2399 2577 2462 2630 V.
2499 2578 2560 2634 E.
2592 2577 2654 2630 X.
2685 2593 2723 2630 n
2763 2577 2886 2631 Kal.
2921 2577 3044 2631 Oct.
3101 2579 3164 2630 ut
3188 2579 3245 2630 et
3280 2575 3461 2630 nostri
3507 2574 3737 2645 refugas

2113 2665 2403 2736 perterriti
2434 2666 2696 2734 redeant,
2721 2667 2780 2720 et
2794 2666 2985 2720 hostes
3017 2663 3177 2720 novis
3197 2679 3263 2719 ac
3293 2663 3597 2735 insperatis
3629 2679 3740 2718 co-

2115 2753 2223 2826 piis
2252 2754 2636 2810 intabescant.

2621 2862 2957 2918 EPlSTOLA
2997 2860 3210 2918 CXXVI.

2779 2967 3055 3009 INCERTO.

2186 3041 2330 3108 Quia
2353 3056 2550 3098 aversa
2566 3037 2893 3096 valetudine
2922 3033 3158 3095 revelati
3183 3034 3339 3109 estis,
3372 3053 3491 3094 non
3521 3035 3745 3094 imme-

2044 3122 2092 3182 C
2124 3131 2236 3187 rito
2265 3134 2504 3203 longum
2553 3145 2867 3186 mcerorem
2887 3128 3053 3184 nobis
3080 3124 3375 3182 diminuis.
3403 3126 3744 3182 Gaudemus

2114 3221 2327 3293 quippe
2381 3221 2426 3275 si
2478 3219 2759 3292 gaudetis,
2816 3215 3113 3272 trislamur
3155 3217 3201 3271 si
3250 3215 3583 3271 tristamini.
3637 3215 3742 3270 Sic

2114 3311 2311 3364 sancta
2331 3309 2570 3364 societas
2596 3323 2776 3362 unum
2808 3311 2865 3361 et
2894 3307 3048 3362 idem
3075 3306 3330 3361 sentiens
3358 3307 3597 3359 manet:
3620 3321 3742 3358 nec

2115 3416 2220 3454 nos
2244 3397 2347 3453 soli
2367 3397 2593 3452 dulcem
2645 3396 2912 3450 affectum
2945 3398 3200 3449 vestrum
3233 3393 3385 3448 circa
3413 3410 3518 3448 nos
3547 3392 3745 3446 senti-

2115 3503 2262 3554 mus,
2297 3487 2556 3540 sentiunt
2585 3489 2642 3540 et
2686 3485 2762 3538 illi
2788 3483 2886 3555 qui
2920 3483 3261 3538 admirabile
3293 3499 3436 3554 opus
3484 3481 3675 3536 crucis
3704 3498 3744 3536 a

2112 3576 2274 3630 vobis
2305 3578 2504 3629 nostro
2556 3572 2778 3629 nomini
2827 3573 3133 3626 elaborata
3167 3587 3282 3625 non
3335 3571 3455 3625 sine
3511 3585 3746 3640 magna

2116 3663 2498 3719 oblectatione
2530 3661 2910 3733 conspiciunt,
2940 3661 2997 3714 in
3035 3677 3147 3732 quo
3197 3657 3404 3732 pignus
3457 3656 3743 3714 amicitia:

2115 3751 2501 3806 aeternitatem
2533 3749 2636 3805 sibi
2668 3749 2916 3804 affectat.

2608 3862 2946 3919 EPISTOLA
2985 3859 3222 3918 CXXVII.

2781 3971 3056 4009 INCERTO.

2179 4045 2464 4111 Molimur,
2496 4059 2798 4110 conamur,
2824 4039 2976 4114 quod
3008 4041 3270 4097 volumus
3297 4039 3542 4112 agimus,
3569 4042 3739 4113 quod

2111 4136 2381 4190 nolumus
2410 4131 2883 4204 nequimus.Eccc
2903 4131 3203 4203 Rai.atque
3234 4129 3296 4186 G.
3319 4147 3460 4202 quos
3477 4131 3732 4186 missum

2110 4223 2179 4278 iri
2210 4224 2282 4278 ad
2313 4239 2410 4278 vos
2467 4237 2643 4292 usque
2675 4219 2960 4287 innuistis,
3020 4223 3166 4275 alter
3197 4219 3362 4275 solita
3389 4217 3733 4274 valetudine

2108 4312 2403 4383 fatigatur,
2435 4310 2582 4364 alter
2613 4307 2842 4363 insolita
2869 4308 3125 4380 quidem,
3159 4307 3260 4363 sed
3283 4324 3412 4362 cum
3442 4305 3620 4362 taedio
3639 4307 3738 4362 sui

406 4415 554 4465 mus,
582 4397 848 4468 suppleat
878 4396 1161 4451 industria
1181 4401 1392 4451 vestra.
1420 4397 1507 4451 Ad
1541 4414 1794 4468 prtesens
1810 4401 2007 4452 autem
2034 4409 2086 4469 D
2109 4400 2274 4455 finita
2291 4396 2601 4471 imperium
2623 4399 2873 4452 vestrum
2896 4395 3125 4469 exsequi
3150 4395 3498 4468 quiminime
3521 4397 3740 4466 potue-

404 4485 700 4541 rescribite
730 4488 954 4538 tantum
983 4484 1137 4556 quod
1169 4485 1329 4540 deest
1353 4485 1518 4540 nobis
1544 4485 1602 4539 in
1635 4487 1824 4558 primo
1852 4487 2008 4540 volu-

401 4574 562 4632 mine
594 4573 858 4630 secundae
891 4573 1162 4628 editionis
1199 4573 1382 4628 Boetii
1428 4573 1483 4627 in
1545 4575 1692 4629 libro
1742 4575 2012 4630 Periher-

404 4665 650 4730 menias,
681 4663 790 4717 hoc
817 4665 901 4716 est
927 4661 998 4716 ab
1026 4677 1094 4716 eo
1122 4662 1246 4716 loco
1277 4661 1371 4715 ubi
1405 4663 1681 4734 scriptum
1709 4666 1794 4718 est
1834 4681 1846 4718 :
1881 4663 2013 4719 Non

403 4755 571 4808 currit
602 4767 721 4806 vero
751 4757 801 4804 et
825 4768 929 4803 non
957 4747 1181 4804 laborat.
1215 4749 1344 4805 Non
1371 4751 1586 4805 verbum
1639 4752 1754 4806 dico
1797 4770 1918 4807 cum
1946 4755 2014 4807 si-

402 4843 625 4912 gniﬁcat
655 4837 870 4912 quidem
917 4844 1139 4909 tempus,
1173 4854 1350 4910 usque
1397 4839 1468 4893 ad
1513 4857 1644 4895 eum
1689 4841 1880 4896 locum
1916 4840 2012 4896 ubi

403 4931 612 4986 dicitur
645 4948 658 4983 :
691 4931 803 4999 ipsa
828 4928 1039 4999 quidem
1058 4927 1343 4982 secundum
1366 4945 1418 4981 se
1436 4927 1578 4983 dicta
1605 4930 1761 4984 verba
1780 4931 2006 4986 nomina

400 5024 540 5086 sunt,
573 5025 621 5071 et
649 5017 956 5085 signiﬁcant
986 5015 1192 5088 aliquid
1221 5016 1303 5070 hic
1327 5020 1623 5087 praeceptis,
1658 5019 1814 5072 idem
1843 5022 2009 5090 parte

403 5106 722 5162 deficientis
743 5105 1150 5160 commentarii
1178 5105 1441 5159 beneficii
1462 5105 1628 5160 vestri
1658 5123 1774 5161 non
1795 5105 2013 5162 erimus

401 5198 782 5253 immemores
810 5195 986 5248 fidem
1018 5197 1214 5248 mente
1246 5197 1596 5263 conceptam
1629 5212 1746 5249 non
1779 5195 2012 5252 desere-

401 5304 550 5355 mus,
585 5285 742 5358 quod
774 5283 975 5338 voletis
1005 5299 1109 5352 pro
1140 5282 1355 5337 viribus
1394 5301 1796 5358 exsequemur.

911 5389 1246 5444 EPISTOLA
1279 5390 1493 5444 CXXIV.

879 5496 934 5534 Α.
964 5497 1016 5534 Β.
1050 5495 1106 5536 C.
1135 5496 1194 5533 Η.
1226 5497 1272 5534 J.
1309 5496 1364 5532 V.
1397 5497 1450 5533 Β.
1479 5496 1531 5533 Ζ.

466 5570 732 5644 Antiquis
746 5569 970 5643 palatiis
983 5567 1128 5623 meis
1147 5585 1326 5640 usque
1343 5568 1415 5622 ad
1436 5567 1822 5626 fundamenta
1851 5570 2008 5626 diru-

395 5662 490 5737 tis,
522 5662 699 5720 etiam
723 5674 1032 5736 renascens
1057 5656 1358 5737 palatium,
1379 5658 1532 5733 quod
1552 5658 1697 5715 mihi
1721 5660 2006 5736 aadificara

2109 4493 2266 4546 runt.
2296 4489 2653 4559 Exsequetur
2684 4490 2878 4541 autem
2909 4487 2973 4540 R.
3007 4503 3182 4558 quam
3215 4485 3474 4558 proxime
3503 4484 3562 4538 in
3598 4500 3736 4538 me-

2111 4579 2218 4633 lius
2237 4579 2648 4642 commutatus,
2673 4576 2830 4646 cujus
2847 4573 3133 4646 obsequiis
3159 4573 3275 4643 [al.,
3309 4573 3447 4628 olim
3473 4589 3738 4644 sequen-

2113 4667 2225 4727 tis.l
2254 4668 2653 4720 Hermannum
2671 4664 2943 4718 comitem
2959 4661 3512 4733 adforejamdudum
3527 4659 3586 4714 in
3607 4660 3742 4716 ani-

2112 4774 2208 4812 mo
2229 4754 2406 4810 est.Et
2425 4753 2559 4826 quia
2575 4753 2791 4824 quanto
2813 4750 3040 4807 silentio
3055 4753 3382 4822 quantaque
3397 4748 3509 4803 fide
3524 4752 3738 4806 nostra

2111 4847 2330 4901 secreta
2360 4841 2821 4898 commiserimus
2876 4838 3130 4908 novistis,
3161 4839 3310 4893 vices
3363 4839 3586 4892 nostras
3621 4855 3739 4893 no-

2112 4935 2325 5006 strique
2353 4930 2527 5003 legati
2559 4928 2710 5000 apud
2732 4928 3004 4983 comitem
3035 4925 3398 4981 Heribertum
3432 4941 3528 4980 vos
3549 4941 3737 4996 agere

2111 5040 2385 5096 rogamus
2411 5039 2422 5075 :
2447 5017 2648 5073 facturi
2681 5015 2959 5090 quidquid
2983 5013 3340 5088 prudentiori
3364 5012 3600 5069 consilio
3633 5012 3744 5070 de-

2112 5112 2378 5168 cernetis.
2398 5107 2701 5178 Finitoque
2729 5107 2876 5174 foro,
2901 5105 2980 5160 uti
3004 5102 3219 5171 audita,
3245 5104 3449 5169 relata,
3467 5102 3737 5172 inventa,

2113 5201 2376 5258 conferre
2409 5196 2707 5253 nobiscum
2731 5192 3076 5266 dignemini,
3111 5194 3498 5259 obsecramus,
3531 5195 3732 5249 vestro

2112 5308 2216 5363 per
2246 5287 2444 5344 omnia
2474 5286 2626 5341 usuri
2662 5284 2896 5340 consilio
2921 5283 3185 5356 sapienti.

2600 5393 2935 5449 EPISTULA
2975 5390 3236 5448 CXXVIII.

2342 5500 2416 5536 AD
2457 5498 2798 5536 ADELAIDEM
2839 5498 3087 5536 MATREM
3137 5495 3486 5535 RBGNORUM.

2181 5571 2397 5636 Quibus
2409 5572 2679 5643 angustiis
2691 5571 2931 5626 domina
2944 5570 3239 5643 quondam
3256 5569 3500 5624 [lemma
3512 5567 3740 5625 afficia-

2107 5664 2220 5734 tur,
2255 5665 2588 5738 quantoque
2603 5664 2903 5734 prematur
2928 5675 3171 5738 angore.
3196 5658 3358 5722 testis
3381 5661 3468 5718 est
3481 5657 3746 5754 epistola
