3954 6170
408 370 518 442 has

1051 364 1403 433 SI'LVESTRI
1440 360 1486 430 ii
1525 362 1726 428 pApA-z
1765 364 1921 428 ore.
1963 351 2145 425 ratis
2182 356 2280 426 m.
2319 399 2389 412 —
2426 355 2641 426 E‘PIST.
2686 353 2769 427 ET
2807 355 3089 428 DIPLOM.

3621 369 3707 431 Σὶό

413 504 575 580 parvi
597 503 809 561 laboris
839 505 962 559 tam
993 501 1281 574 occupatis
1321 500 1379 555 in
1411 497 1666 555 civilibus
1715 495 1918 562 causis,
1961 494 2017 549 Si
2053 502 2106 560 Α
2130 494 2323 551 citiam
2354 495 2603 551 scienter
2631 494 2843 550 violare
2889 495 3194 564 molimur,
3227 511 3334 552 nec
3384 500 3662 569 acceptam
3683 515 3711 553 a

413 611 555 668 ergo
592 597 648 650 te
680 610 816 648 cura
870 595 1162 646 tantarum
1196 590 1419 645 detinet
1469 605 1689 654 rerum,
1747 586 2019 641 volumen
2127 584 2339 639 nostris
2368 584 2641 656 injuriam
2664 585 3026 656 propulsare,
3059 584 3353 640 sedaKal.
3375 586 3542 641 Janu.
3563 603 3713 659 usque

412 683 757 740 Achilleidos
775 680 940 736 Statii
963 680 1270 752 diligenter
1281 695 1346 734 co
1357 677 1667 749 mpositum
1689 675 1853 730 nobis
1883 673 2019 728 diri-

2125 674 2199 729 ad
2224 673 2453 729 initium
2474 674 2962 747 Quadragesimm,
2991 675 3050 730 in
3067 675 3321 730 confinio
3347 679 3555 732 nostrae
3575 677 3718 732 Fran-

412 789 507 846 ge,
539 775 602 826 ut
626 771 934 842 sphaeram,
959 785 1134 840 quam
1161 767 1340 840 gratis
1366 769 1604 837 propter
1623 763 2022 818 difﬁcultatem
2125 762 2250 831 cite,
2272 763 2619 833 Burgundim
2640 780 2704 818 ac
2726 763 3114 819 Lothariensis
3134 764 3299 835 regni
3323 780 3616 820 occurrere
3632 782 3715 821 vo-

413 861 497 915 sui
528 877 647 915 non
679 857 941 930 poteritis
969 858 1204 923 habere,
1229 859 1326 911 tuo
1346 867 1588 909 munere
1619 853 1808 924 valeas
1839 854 2025 905 extor-

413 965 611 1022 quere.

911 1034 1246 1090 EPISTOLA
1284 1032 1514 1088 CXXXV.

901 1141 974 1178 ΑῙ)
1006 1137 1534 1179 ARCHIEPISCOPUM.

487 1215 644 1272 Sicut
668 1214 862 1271 audita
881 1211 1270 1285 peregrinatio
1293 1213 1480 1265 vestra
1503 1224 1822 1264 mcerorem
1861 1204 2026 1262 nobis

419 1303 633 1371 intulit,
666 1303 745 1358 ita
775 1303 1134 1374 permutatus
1159 1316 1362 1353 rumor
1393 1297 1555 1352 dilati
1611 1296 1838 1352 itineris
1868 1293 2028 1366 quasi

2121 850 2210 905 his
2238 852 2421 922 parati
2441 851 2807 919 sumus,sicut
2831 852 3215 924 designabitis
3248 853 3406 908 diem
3429 855 3718 922 certum,et

2124 940 2316 994 locum
2343 957 2444 995 suo
2473 940 2711 996 nomine
2733 940 3082 1012 descriptum
3105 957 3119 996 ε
3147 944 3208 996 ut
3224 957 3334 1012 pax
3359 945 3418 996 et
3435 941 3720 998 concordia

2123 1044 2459 1100 regnorum,
2489 1033 2546 1084 et
2563 1028 2937 1103 Ecclesiarum
2964 1029 3218 1098 Domini,
3232 1032 3428 1086 nostro
3449 1030 3583 1086 vitio
3597 1048 3627 1085 n
3644 1049 3699 1086 ›η

2128 1117 2490 1176 destituatur.

2622 1206 2958 1263 EPISTOLA
2996 1207 3254 1263 CXXXIX.

2201 1294 2692 1351 Eruditohomini
2722 1300 2893 1369 atque
2924 1312 3131 1368 puram
3162 1296 3361 1363 ﬁdem,
3397 1313 3526 1368 quae
3563 1296 3724 1353 hodie

417 1386 1661 1460 fructumlmtitiaeimportavit.Anxiabamur
1676 1384 1886 1456 quippe
1899 1398 2031 1437 cum
2132 1403 2448 1458 paucorum
2479 1388 2585 1452 est,
2605 1389 2937 1441 constanter
2968 1387 3213 1454 tenenti,
3248 1385 3361 1441 duo
3392 1386 3566 1441 verba
3579 1385 3726 1441 Chri-

416 1481 591 1536 vestri
603 1480 1014 1544 absentia,tum
1034 1477 1189 1549 quod
1204 1478 1380 1530 tanta;
1399 1490 1664 1546 persona:
1682 1471 1902 1526 meritis
1915 1487 2031 1526 non

418 1569 850 1641 respondebant
874 1568 1143 1622 honores.
1181 1564 1555 1618 Elaboramus
1600 1576 1763 1633 ergo,
1796 1563 1854 1614 et
1881 1558 2036 1630 quod

417 1656 665 1712 brevitas
685 1654 962 1726 temporis
989 1669 1106 1726 non
1134 1650 1338 1726 habuit
1367 1649 1551 1722 spatio
1572 1647 1851 1726 temporis
1871 1642 2038 1726 attri-

417 1728 657 1795 bumus;
691 1744 755 1782 ac
788 1716 1030 1780 munera
1069 1725 1232 1794 juxta
1261 1716 1409 1776 vires
1449 1716 1741 1793 paramus.
1771 1718 1928 1772 Vires
1954 1716 2038 1771 di-

420 1816 624 1884 cimus,
655 1815 789 1888 quia
842 1816 1018 1869 nostis
1050 1813 1203 1866 inter
1234 1827 1377 1882 quos
1431 1809 1792 1904 habitemus,
1825 1809 2041 1904 quanta
2064 1845 2114 1904 B

417 1906 664 1980 perﬁdia
677 1903 1070 1978 quorumdam
1089 1899 1614 1972 exagitemur,quia
1627 1897 1800 1952 etiam
1819 1895 2038 1952 obsidio

419 1991 813 2050 Laudunensis
847 1991 1002 2046 urbis
1025 1988 1321 2063 prasterita
1359 2004 1499 2060 pace
1540 1989 1835 2058 sequestra
1860 1985 2038 2038 inter-

415 2083 593 2140 missa
623 2085 726 2149 est,
747 2098 779 2135 x
807 2081 931 2135 Kal.
953 2079 1231 2135 Novemb.
1269 2075 1602 2149 repetenda.
1637 2073 2035 2140 Quamobrem

418 2173 564 2228 sicut
584 2169 1343 2236 monuimus,monemus,et
1367 2183 1470 2238 pro
1500 2164 1704 2220 solatio
1729 2159 2034 2217 militumsi

418 2259 860 2330 indiguerimus,
890 2262 947 2312 et
970 2274 1071 2328 pro
1098 2255 1309 2310 auxilio
1337 2271 1440 2326 cap
1454 2254 1493 2307 ti
1527 2251 1834 2307 confratris
1855 2247 2033 2304 nostri

418 2351 486 2404 Α.
520 2351 694 2420 utque
721 2349 782 2402 B.
831 2351 888 2401 et
913 2347 975 2403 G.
1007 2348 1191 2398 vestra
1221 2333 1621 2397 exhortatione
1645 2339 1938 2412 digniores
1975 2353 2033 2391 se

418 2439 838 2510 repraesentant
892 2449 1223 2507 germanos,
1275 2431 1334 2485 in
1369 2433 1528 2486 tanto
1583 2427 1913 2484 discrimine
1943 2443 2032 2481 re-

418 2543 572 2583 rum.
917 2611 1255 2668 EPISTOLA
1289 2609 1550 2665 CXXXVI.

487 2707 566 2761 Ne
591 2703 841 2778 graviter
856 2705 913 2757 et
927 2701 1123 2773 iniquo
1144 2700 1339 2756 animo
1356 2700 1506 2754 feras
1512 2699 1534 2770 j
1546 2696 1897 2753 ustissimam
1917 2709 2042 2750 cor-

414 2795 732 2852 rectionem
751 2789 1334 2857 Domini,dulcissime
1352 2785 1860 2844 fratrer.Divinitas
1877 2782 2044 2856 quip'

413 2899 486 2956 pe
515 2899 633 2938 non
662 2881 930 2952 dignatur
949 2877 1155 2950 impios
1183 2894 1284 2932 suo
1316 2873 1803 2948 flagello,a2ternis
1833 2871 2046 2928 crucia-

413 2972 566 3028 tibus
578 2986 873 3026 reservans
883 2965 1393 3039 puniendos.Disce
1408 2962 1800 3020 constantiam
1817 2976 2041 3015 scrvare

413 3063 472 3118 in
496 3058 763 3117 adversis.
790 3058 857 3112 Et
885 3056 1052 3111 siJob
1084 3059 1141 3110 et
1174 3054 1351 3110 nostri
1382 3052 1601 3109 ordinis
1649 3051 1922 3122 antiquos
1951 3066 2039 3104 sa-

413 3149 675 3206 cerdotes
725 3164 842 3203 non
880 3146 1032 3200 vales
1051 3142 1289 3210 imitari,
1317 3143 1524 3196 saltem
1552 3139 1735 3195 nostri
1762 3137 2045 3208 temporis
2066 3129 2114 3190 C

411 3233 624 3295 laicum
638 3235 963 3300 hominem,
982 3233 1200 3303 tibique
1216 3230 1479 3297 affinem,
1496 3228 1793 3300 exemplar
1806 3227 2040 3291 habeto,

413 3327 691 3383 comitem
721 3322 1122 3378 Godefridum.
1155 3321 1267 3375 Nos
1292 3319 1530 3390 quidem
1565 3322 1679 3372 tua:
1705 3313 1902 3370 salutis
1933 3313 2043 3368 im-

414 3430 707 3471 memores
730 3428 844 3467 non
859 3411 1212 3476 erimus,nec
1228 3407 1548 3480 quidquam
1570 3420 1771 3460 eorum
1791 3419 1918 3476 quae
1938 3417 2043 3472 pro

415 3520 475 3574 te
503 3501 626 3557 ﬁeri
659 3500 924 3571 oporteat
961 3497 1324 3552 intentatum
1360 3494 1776 3566 relinquemus.
1812 3489 2047 3547 Noverit

420 3606 560 3663 ergo
593 3591 633 3644 Ι.
671 3588 731 3642 ν.
761 3587 830 3652 Q.
865 3585 1065 3642 omnia
1103 3602 1230 3657 quae
1254 3584 1404 3639 circa
1430 3587 1486 3638 te
1513 3585 1665 3650 sunt,
1700 3584 1762 3636 ut
1787 3582 2044 3652 legatum

421 3681 685 3734 nostrum
702 3675 946 3732 Parisius
966 3675 1022 3729 in
1039 3674 1188 3729 festo
1210 3673 1364 3728 beati
1383 3671 1640 3744 Dionysii
1657 3669 2045 3726 certissimum

420 3763 484 3823 in
501 3766 770 3823 omnibus
805 3763 1050 3820 reddere
1069 3763 1268 3836 possit,
1302 3765 1364 3816 ut
1387 3760 1432 3816 si
1465 3759 1688 3816 obsidio
1715 3759 1914 3814 futura
1939 3761 2044 3826 est,

421 3861 482 3913 et
499 3874 617 3913 non
644 3858 748 3924 est,
768 3854 879 3910 alia
901 3857 1072 3926 atque
1090 3854 1202 3908 alia
1221 3851 1621 3922 refringantur
1649 3847 2048 3906 consilia.Vale

423 3945 687 4013 feliciter,
726 3947 784 4000 et
822 3944 930 3998 hoc
959 3959 1142 3997 unum
1187 3939 1445 4006 attende,
1490 3956 1562 3994 ne
1596 3941 1650 3992 te
1687 3936 2048 4010 praecipitem

427 4035 674 4101 dederis,
709 4036 772 4088 ut
800 4031 975 4088 satius
1005 4030 1178 4086 fuerit
1207 4029 1318 4085 alio
1365 4029 1542 4083 modo
1576 4027 1835 4097 periisse,
1871 4041 2048 4098 quam

427 4141 532 4198 per
561 4123 860 4179 interitum
883 4121 985 4176 tibi
1018 4119 1240 4192 tuisque
1260 4117 1504 4191 posteris
1523 4120 1809 4172 aeternum
1841 4130 2051 4188 oppro-

431 4213 623 4270 brium
647 4210 966 4284 reliquisse.
991 4210 1205 4264 lterum
1231 4207 1375 4275 vale,
1407 4209 1519 4262 eta
1549 4209 1590 4260 I.
1623 4206 1688 4262 V.
1724 4207 1762 4259 Ι.
1802 4204 1868 4268 Ο.
1897 4205 1955 4258 Ζ.
1980 4203 2043 4257 II.

429 4302 489 4357 Ζ.
518 4304 586 4359 Α.
612 4301 929 4374 plurimum
952 4315 1108 4364 cave,
1137 4301 1200 4351 ut
1233 4313 1267 4350 a
1296 4295 1518 4368 perﬁdo
1552 4299 1610 4350 et
1634 4294 1971 4366 impostore.

909 4397 1246 4452 EPISTOLA
1285 4395 1566 4450 CXXXVII.

2135 1475 2202 1542 ti,
2229 1479 2286 1530 et
2311 1477 2571 1530 nostrum
2624 1474 2929 1530 consilium
2960 1474 3307 1546 aperiemus,
3350 1478 3408 1530 et
3435 1474 3727 1546 proposita:
3788 1519 3799 1530 .

2139 1564 2441 1637 qumstioni
2484 1563 2920 1622 satisfaciamus.
2973 1564 3232 1619 Dicimus
3261 1567 3458 1619 autem
3488 1562 3731 1619 :Reddile

2138 1670 2256 1724 quae
2281 1660 2406 1706 sunt
2434 1651 2661 1708 Cesaris
2691 1652 2918 1721 Caesari,
2951 1664 3002 1710 et
3035 1671 3155 1727 quae
3182 1662 3308 1708 sunt
3332 1653 3434 1708 Dei
3462 1655 3608 1720 Deo,-
3634 1657 3690 1708 et
3715 1671 3728 1709 :

2137 1741 2274 1797 Sine
2298 1749 2531 1797 mortuos
2558 1743 2773 1813 sepelire
2801 1751 3039 1798 mortuos
3066 1760 3208 1798 suos.
3243 1742 3337 1798 His
3382 1742 3731 1798 animadver-

2138 1831 2232 1898 sis,
2267 1831 2523 1903 legitime
2571 1830 2829 1901 injuncta
2857 1832 2930 1887 ab
2957 1832 3225 1904 episcopo
3278 1831 3520 1886 honeste
3553 1846 3733 1903 prose-

2139 1920 2404 1992 quimini.
2421 1919 2634 1975 Contra
2647 1920 2730 1974 fas
2746 1936 2922 1991 porro
2950 1938 2984 1975 a
3008 1920 3267 1992 quolibet
3285 1920 3511 1992 prolata
3539 1918 3737 1974 devita-

2139 2009 2291 2064 hitis.
2324 2009 2450 2064 Non
2477 2007 2780 2063 inhoneste
2797 2011 3145 2064 utantursuo
3163 2012 3427 2081 tempore
3457 2007 3558 2063 filii
3584 2011 3734 2062 tene-

2138 2096 2396 2164 brarum,
2425 2096 2524 2151 ﬁlii
2551 2096 2720 2152 Belial
2749 2113 2762 2152 :
2792 2113 2898 2152 nos
2935 2097 3039 2151 ﬁlii
3098 2095 3260 2163 lucis,
3293 2095 3396 2151 filii
3446 2096 3618 2168 pacis,
3645 2094 3735 2168 qui

2135 2203 2299 2258 spem
2324 2186 2384 2240 in
2415 2185 2654 2241 homine
2682 2185 2834 2240 velut
2853 2185 3056 2240 fenum
3108 2188 3424 2252 arescente,
3459 2201 3575 2240 non
3589 2184 3743 2256 poni-

2135 2291 2283 2329 mus.
2315 2274 2456 2330 Cum
2484 2273 2762 2346 patientia
2793 2277 3189 2346 exspectemus
3234 2273 3376 2329 illud
3404 2272 3698 2346 Propheta
3724 2289 3741 2326 :

2144 2363 2273 2418 Vidi
2291 2365 2524 2435 impium
2547 2362 3004 2435 supereraltatum
3038 2370 3087 2416 et
3116 2363 3380 2418 eleuatum
3399 2378 3557 2433 super
3573 2359 3747 2414 cedro:

2137 2453 2336 2508 Libani
2349 2481 2366 2520 ,-
2416 2454 2670 2519 transivi,
2701 2459 2750 2506 et
2796 2469 2909 2506 ecce
2967 2467 3075 2506 non
3105 2458 3226 2506 erat
3241 2479 3258 2518 ,-
3285 2451 3512 2524 qnam'vi
3538 2467 3676 2517 eum,
3696 2455 3744 2504 et

2141 2549 2214 2598 est
2245 2545 2492 2598 inventus
2523 2541 2662 2598 locus
2691 2541 2826 2612 ejus.

2696 2637 3030 2694 EPISTOLA
3062 2638 3190 2694 CXL

2218 2727 2512 2785 Beneﬁciis
2540 2727 2866 2784 liberatoris
2895 2726 3078 2782 nostri
3107 2731 3300 2800 grates
3328 2727 3648 2800 persolvere
3664 2725 3754 2781 di-

2145 2833 2291 2889 gnas
2325 2834 2443 2873 non
2491 2817 2805 2872 sufﬁcimus
2828 2833 2840 2871 :
2862 2816 3040 2871 etiam
3073 2816 3337 2871 membra
3380 2818 3594 2882 nostra,
3622 2831 3756 2888 quae

2144 2907 2405 2962 infernus
2432 2905 2790 2961 absorbuisse
2817 2905 2876 2960 in
2897 2905 3054 2961 vobis
3083 2905 3232 2960 visus
3262 2909 3367 2973 est,
3387 2905 3458 2960 ab
3483 2904 3604 2975 ejus
3627 2903 3759 2959 fau-

2144 2995 2306 3051 cibus
2326 2997 2545 3067 erepta,
2572 2994 2782 3049 victore
2802 2993 3046 3061 Christo,
3081 2993 3585 3048 laetamurJ/erum
3599 2991 3765 3064 quod

2142 3085 2313 3156 hujus
2343 3082 2622 3156 temporis
2651 3085 2736 3138 est
2763 3098 3090 3149 monemus,
3124 3081 3204 3136 uti
3242 3084 3445 3136 nostro
3468 3080 3767 3152 colloquio

2145 3173 2477 3247 perdiscatis
2506 3189 2634 3244 quae
2661 3171 3011 3243 appetenda,
3031 3187 3159 3242 quae
3183 3171 3418 3226 vitanda
3435 3169 3592 3226 vobis
3619 3169 3766 3237 sint,

2145 3264 2478 3336 priusquam
2509 3261 2686 3316 nostri
2711 3260 3217 3332 regniprincipum
3250 3259 3627 3315 conventibus
3648 3258 3768 3313 mi-

2145 3351 2442 3408 sceamini.
2480 3350 2664 3406 Simul
2690 3349 2869 3405 etiam
2898 3351 2999 3404 aut
3043 3349 3249 3404 litteris
3279 3351 3379 3403 aut
3409 3347 3522 3402 ﬁdo
3555 3347 3773 3403 nuntio

2146 3440 2484 3512 signiﬁcate,
2518 3442 2711 3494 utrum
2755 3441 2879 3492 tuta
2907 3437 3169 3492 videatur
3195 3437 3352 3493 vobis
3401 3436 3476 3490 ad
3507 3452 3781 3507 praesens

2148 3529 2425 3603 profectio
2456 3530 2522 3583 Α.
2552 3529 2616 3582 H.
2645 3532 2818 3600 atque
2850 3528 2953 3581 Ra.
2991 3526 3067 3582 ad
3099 3526 3376 3582 comitem
3403 3526 3790 3593 0ttonem,et

2147 3635 2261 3692 quo
2291 3615 2666 3674 conveniant.

2670 3714 3003 3770 EPISTOLA
3042 3715 3215 3770 CXLI.

2220 3787 2438 3844 Diutius
2459 3787 2840 3844 consultando
2863 3786 3009 3841 nihil
3041 3787 3218 3840 tutius
3251 3785 3310 3841 in
3337 3801 3666 3842 commune
3682 3803 3795 3842 re—

2149 3880 2377 3950 pertum
2392 3879 2496 3945 est,
2516 3893 2690 3949 quam
2709 3893 2743 3930 a
2760 3873 3054 3946 colloquio
3075 3873 3244 3930 vestri
3257 3874 3500 3930 senioris
3530 3875 3606 3930 ad
3622 3891 3801 3947 pra:-

2149 3982 2279 4021 sens
2323 3965 2634 4030 abstinere,
2666 3963 2711 4018 si
2744 3962 2868 4017 ﬁeri
2917 3965 3108 4035 potest
3158 3963 3426 4018 honeste.
3483 3961 3542 4017 Si
3571 3966 3803 4018 autem

2150 4070 2267 4108 non
2285 4053 2518 4126 potestis
2536 4052 2647 4123 mai
2658 4068 2828 4108 orum
2848 4067 3159 4106 causarum
3183 4067 3442 4106 summas
3454 4051 3774 4122 attingere
3788 4093 3809 4119 ,

2151 4142 2289 4197 nihil
2318 4141 2426 4196 nisi
2459 4140 2753 4196 evidenter
2776 4139 2912 4194 utile
2935 4139 3176 4194 definire
3195 4139 3418 4195 bonum
3451 4141 3554 4195 est.
3590 4139 3810 4195 Porro

2150 4231 2411 4286 omnium
2445 4230 2734 4285 bonorum
2752 4228 2864 4284 fide
2891 4229 2990 4283 Ra.
3010 4227 3153 4283 feria
3175 4228 3218 4281 V
3237 4231 3490 4283 vestrum
3511 4228 3810 4299 legatum

2150 4318 2482 4374 Silvanectis
2499 4317 2942 4391 prmstolabitur,
2961 4318 3050 4372 vel
3074 4316 3376 4372 Carnotim
3407 4316 3816 4389 profecturus

2073 4416 2128 4476 ι)
2150 4408 2195 4463 si
2225 4406 2551 4474 laudabitis,
2607 4409 2666 4461 et
2695 4405 3196 4478 Compendiacum
3260 4421 3592 4460 reversurus
3624 4404 3682 4460 si
3717 4405 3823 4460 sic

504 4489 779 4546 Absentia
806 4486 1056 4542 militum
1089 4488 1430 4540 nostrorum
1461 4474 1568 4539 res.
1600 4499 1776 4556 quam
1828 4482 2050 4556 petistis
2076 4474 2106 4476 _
2152 4495 2441 4552 αηηηθιίε,

435 4581 673 4653 plenum
697 4594 814 4633 non
838 4575 1043 4631 habuit
1072 4574 1379 4640 effectum;
1405 4577 1491 4628 est
1510 4577 1706 4628 tamen
1740 4573 1798 4627 in
1830 4575 2054 4638 voto,et

433 4669 496 4727 in
529 4685 730 4725 eorum
761 4665 950 4721 reditu
977 4663 1132 4736 quod
1163 4661 1484 4734 poterimus
1511 4678 1909 4734 exsequemur.
1941 4661 2054 4716 Sed

435 4759 480 4816 si
515 4759 852 4831 perpetuam
873 4769 1076 4825 pacem
1100 4749 1322 4807 rusticis
1344 4749 1560 4807 Asineli
1584 4749 1796 4824 optatis
1825 4750 2056 4805 veniam

433 4865 586 4905 com.
623 4846 759 4901 Cen.
788 4847 847 4898 et
875 4846 936 4898 ut
961 4841 1034 4897 ad
1072 4859 1178 4896 nos
1199 4857 1378 4912 usque
1401 4858 1576 4913 quam
1604 4839 1888 4913 proxime,
1917 4843 1979 4894 ut
2000 4843 2058 4895 et

436 4939 496 4995 in
525 4935 731 4991 merita
759 4933 1170 5004 comparentur
1198 4929 1437 4985 consilia
1457 4971 1470 4998 ,
1494 4932 1552 4984 et
1582 4933 1769 4984 vestra
1793 4927 2056 4983 militaris

436 5042 644 5084 manus
678 5023 854 5094 digna
876 5021 1041 5077 nobis
1061 5020 1325 5076 conferat
1343 5019 1569 5084 solatia,
1593 5017 1759 5090 juxta
1779 5017 1934 5090 quod
1954 5033 2058 5088 per

435 5133 568 5173 eum
585 5110 1038 5187 signiﬁcabimus
1067 5109 1194 5163 Haec
1212 5108 1346 5162 tutis
1374 5107 1606 5162 auribus
1627 5105 2056 5162 committimus

433 5208 674 5282 prOpter
702 5199 950 5260 hostium
983 5198 1328 5270 multiplices
1354 5196 1609 5251 insidias.

910 5295 1249 5353 EPISTOLA
1281 5293 1592 5349 CXXXVIII.

505 5391 873 5450 Gratulamur
902 5384 1132 5444 meliori
1176 5383 1518 5440 habitudine
1549 5382 1810 5456 corporis
1841 5383 2056 5441 instau-

432 5487 563 5540 rata
587 5482 644 5536 in
676 5478 857 5545 vobis,
884 5475 1170 5547 simulque
1215 5471 1371 5545 quod
1408 5476 1667 5527 nostram
1695 5473 1836 5529 scire
1881 5473 2060 5530 volui-

432 5571 554 5628 stis.
584 5570 696 5625 Nos
715 5565 951 5639 quidem
972 5561 1220 5619 Domino
1247 5561 1500 5634 propitio
1531 5565 1588 5616 et
1605 5560 1752 5618 bene
1771 5562 2050 5632 valemus,

415 5663 492 5746 ‘et
519 5657 742 5735 optima
771 5651 1173 5750 qumquevotis
1185 5652 1475 5727 optamus,
1500 5667 1606 5710 nec
1627 5652 1879 5728 coeptam
1896 5653 2047 5716 ami-

2675 4582 3014 4640 EPISTOLA
3055 4582 3250 4640 CXLII.

2156 4689 2456 4730 ADALBERO
2502 4687 2812 4729 EPISCOPUS
2863 4690 2917 4729 R.
2977 4689 3054 4728 ET
3105 4689 3422 4730 SCHOLARIS
3468 4687 3691 4742 ΑΒΒΑΒ,
3731 4689 3837 4729 ΑΒ

2635 4779 2947 4818 CONSTANT
2976 4777 3106 4818 NUM
3132 4779 3310 4820 SUUM.

2231 4853 2722 4924 Congratulamur
2747 4850 2870 4920 tibi,
2901 4845 3230 4907 dulcissime
3253 4852 3452 4920 frater,
3469 4868 3844 4924 pervasere

2157 4943 2328 5013 atque
2358 4941 2521 4997 hoste
2541 4940 2892 5008 monasticae,
2910 4939 3226 5013 reiigionis,
3259 4940 3333 4996 ad
3359 4941 3704 4996 multorum
3727 4958 3854 4996 sa-

2156 5029 2334 5085 lutem
2353 5028 2622 5086 humanis
2643 5030 2814 5084 rebus
2845 5033 3137 5101 exempto.
3163 5031 3318 5085 Insta
3353 5033 3582 5102 ergo,et
3598 5029 3656 5084 si
3673 5029 3850 5100 jam

2157 5119 2388 5174 Patrem
2441 5124 2541 5174 tua
2571 5135 2636 5173 ac
2668 5117 2918 5173 fratrum
2947 5117 3261 5174 dilectione
3295 5117 3539 5190 dignum
3571 5118 3849 5184 habes,

2156 5207 2474 5263 habeamus
2489 5224 2621 5262 eum
2641 5209 2698 5261 et
2711 5224 2816 5262 nos
2833 5210 3182 5280 praesentem
3202 5210 3304 5262 tua
3319 5223 3498 5280 opera
3514 5207 3856 5279 proxime

2157 5296 2214 5352 in
2238 5296 2382 5351 festo
2414 5295 2565 5352 beati
2599 5295 2867 5368 Remigii,
2892 5299 2953 5350 ut
2985 5295 3220 5351 affectus
3253 5298 3454 5352 noster
3498 5311 3534 5349 a
3562 5295 3857 5352 Floria-

2159 5386 2423 5442 censibus
2452 5389 2506 5440 te
2561 5384 2806 5439 faciente
2835 5384 3132 5456 paululum
3188 5383 3579 5447 abalienatus,
3616 5387 3695 5438 te
3739 5384 3867 5441 fa—

2160 5476 2346 5530 ciente
2403 5473 2475 5528 sit
2535 5472 2848 5546 plurimum
2895 5472 3318 5528 reconciliatus.
3362 5471 3528 5538 Quod
3578 5469 3636 5526 si
3681 5472 3866 5530 haec

2162 5563 2360 5620 omnia
2377 5561 2498 5617 ﬁeri
2520 5561 2708 5616 minus
2722 5559 2966 5632 possint,
2990 5560 3157 5616 liceat
3178 5559 3344 5617 nobis
3359 5565 3417 5616 et
3433 5565 3532 5616 tua
3548 5563 3868 5619 tantum

2159 5651 2378 5732 perfrui
2398 5649 2775 5736 praesentia.si
2795 5649 2934 5728 quid
2949 5667 3204 5730 unquam
3218 5648 3598 5727 praestitimus
3631 5653 3878 5738 quod
