3954 6170
213 420 297 476 237
753 389 766 402 ’
1055 405 1295 468 sumo
1320 411 1362 466 ι.
1397 441 1463 454 -
1495 403 1675 466 ΑΜΕ
1711 402 1998 467 summm
2025 401 2552 467 PONTIFICATUM.
3359 416 3463 478 233

210 537 454 613 placuerit,
485 538 535 591 et
575 533 622 590 si
675 531 932 607 dignaris
983 539 1257 606 praestare
1316 535 1469 608 quod
1522 535 1748 607 placere
1771 540 1823 597 Α
1856 551 1964 606 ego
1996 534 2092 589 illa
2121 536 2327 589 Emma
2355 535 2652 606 quondam
2683 534 3033 592 Francorum
3068 539 3290 612 regina,
3325 534 3455 615 qua:
3567 533 3572 542 ’

208 628 365 704 possit.
1856 626 1943 677 tot
1973 622 2225 678 millibus
2255 623 2554 696 imperavi,
2571 641 2722 680 nunc
2743 642 2848 680 nec
2868 630 3203 684 vernaculos
3220 631 3460 686 comites

640 713 974 769 EPISTOLA
1023 713 1250 770 CXLIII.
1855 711 2064 778 habeo,
2091 712 2297 784 quibus
2322 712 2512 767 saltim
2537 713 2605 767 sti
2612 717 3072 785 pataconventus
3087 717 3293 773 adeam
3315 720 3463 775 tanti

257 806 301 862 Si
321 819 650 877 eam,quam
675 803 735 858 in
767 803 1034 858 maximis
1070 803 1241 877 rebus
1274 803 1750 858 benevolentiam
1855 800 2012 854 ducis
2057 799 2306 863 Henrici,
2352 817 2457 855 nec
2507 801 2873 858 desiderabili
2915 806 3223 874 praesentia
3276 812 3464 864 vestra

203 895 296 950 sine
317 875 849 960 aﬂ'ecturontulistis,
875 892 1100 947 nuncin
1126 875 1390 946 minimis
1406 893 1592 946 causis
1613 909 1754 964 prm-
1852 889 1965 943 frui
1996 889 2128 944 licet
2171 906 2341 944 causa
2399 891 2699 962 captanda:
2753 893 2950 948 salutis
2987 897 3160 967 atque
3215 897 3458 952 consilii.

201 983 340 1048 statis,
370 997 476 1036 non
504 997 740 1054 parvam
769 981 1000 1036 laudem
1027 996 1133 1034 nec
1162 980 1472 1035 minimum
1500 980 1751 1035 fructum
1852 977 2064 1034 Adsitis
2093 995 2232 1051 ergo
2265 983 2476 1034 nostrae
2503 997 2685 1034 causae
2730 981 3086 1048 differendae,
3120 1001 3237 1041 non
3271 987 3461 1042 deter-

201 1087 386 1144 sperare
414 1069 648 1124 debetis.
682 1069 1004 1124 Laborastis
1033 1069 1246 1141 quippe
1280 1072 1345 1123 ut
1370 1069 1755 1124 liberaremur
1856 1067 2148 1122 minandaa
2180 1085 2359 1140 usque
2388 1068 2461 1122 ad
2488 1071 2689 1123 mutua
2710 1071 2903 1129 verba.
2928 1073 3007 1127 De
3033 1079 3220 1130 castro
3249 1074 3457 1139 Q.G.R.

201 1161 256 1215 ab
276 1161 435 1226 hoste,
461 1159 561 1213 sed
589 1158 908 1229 contempti
939 1157 1072 1213 estis
1099 1158 1296 1225 modo,
1327 1157 1463 1230 quia
1485 1158 1755 1212 liberavit
1856 1155 2120 1223 dicimus,
2146 1173 2252 1211 nec
2282 1156 2586 1228 patiamini
2633 1158 2874 1213 fratrem
2907 1163 3158 1216 vestrum
3190 1163 3299 1218 dici
3332 1180 3462 1236 pro-

200 1265 280 1303 nos
301 1247 558 1303 Dominus
600 1247 670 1302 de
711 1263 813 1302 ore
861 1247 1063 1302 leonis.
1099 1246 1342 1302 Solitam
1376 1263 1616 1319 Operam
1643 1246 1752 1301 im-
1856 1243 2130 1308 ditorem,
2171 1263 2345 1318 quem
2387 1247 2662 1301 hactenus
2693 1248 3066 1319 probavimus
3094 1251 3154 1306 in
3187 1252 3299 1307 fide
3333 1270 3453 1309 non

197 1336 406 1408 pendite,
437 1339 495 1390 ut
522 1335 771 1407 imperio
799 1335 1038 1391 senioris
1062 1351 1130 1390 ac
1159 1335 1412 1390 domine
1438 1339 1638 1390 vestras
1660 1335 1755 1389 ille
1855 1332 1989 1387 ﬁcta
2018 1337 2486 1404 permanentem.
2523 1336 2769 1401 Interea,
2803 1337 3076 1409 quoniam
3110 1355 3304 1395 rerum
3324 1358 3455 1396 nos-

198 1425 428 1479 violentus
445 1424 643 1496 praedo
668 1425 873 1479 saltem
903 1423 1318 1496 supellectilem
1345 1427 1605 1479 nostram
1629 1423 1757 1478 red-
1856 1423 2100 1488 trarum,
2133 1427 2196 1476 ut
2243 1422 2418 1490 scitis,
2454 1427 2794 1495 procurator
2823 1443 2928 1480 nec
2959 1427 3150 1494 rediit,
3183 1444 3290 1483 nec
3319 1429 3458 1501 quid

201 1512 303 1566 dere
328 1516 576 1585 cogatur.
605 1513 730 1567 Non
756 1529 961 1568 aurum
993 1511 1327 1584 quaerimus,
1384 1528 1490 1567 nec
1539 1529 1756 1567 massas
1857 1509 1908 1564 ei
1941 1511 2240 1565 obvenerit
2261 1511 2604 1580 audivimus,
2647 1530 2721 1568 ne
2751 1530 2927 1569 vacua
2958 1531 3138 1570 manu
3187 1516 3458 1572 redeatis.

200 1601 506 1672 argenti,sed
535 1601 742 1673 quibus
769 1618 966 1656 carere
994 1601 1242 1656 dedecus
1260 1605 1366 1656 est.
1391 1600 1644 1656 Dicimus
1660 1617 1755 1654 au-
1857 1599 1963 1655 Diu
1984 1603 2369 1672 exspectatam
2384 1601 2690 1672 pecuniam
2717 1601 2773 1656 in
2793 1603 2988 1658 loculis
3002 1603 3201 1659 vestris
3227 1605 3461 1673 referte,

200 1693 290 1744 tem
316 1692 500 1756 aulaea,
525 1690 922 1760 tapetia,etiis
943 1691 1175 1757 similia,
1197 1690 1482 1762 simulque
1506 1690 1754 1761 petimus
1856 1688 2188 1743 mercedem
2222 1704 2284 1742 ac
2311 1688 2559 1760 gratiam
2579 1691 2652 1745 ob
2679 1690 2888 1746 merita
2919 1691 3200 1748 beneficia
3227 1694 3462 1750 relaturi

201 1783 408 1834 nostram
437 1779 618 1834 fidem
651 1795 768 1834 non
799 1795 866 1833 ex
892 1779 1012 1850 ejus
1035 1778 1147 1833 ﬁde
1176 1778 1459 1850 perpendi
1489 1777 1586 1850 qui
1612 1776 1753 1832 nihil
1855 1794 1987 1833 cum
2020 1794 2086 1832 ex
2115 1777 2246 1845 hoc,
2281 1781 2406 1832 tum
2433 1795 2499 1832 ex
2530 1778 2656 1832 aliis
2681 1795 3082 1850 saepenumero
3112 1781 3352 1838 collatis.

202 1882 404 1939 unquam
435 1867 754 1940 spopondit
773 1867 928 1938 quod
957 1871 1149 1922 ratum
1179 1867 1305 1922 fore
1344 1865 1680 1922 decreverit.
1782 1857 1834 1916 Β
2331 1866 2665 1922 EPISTOLA
2695 1868 2960 1924 CXLVIII.

650 1955 981 2011 EPISTOLA
1035 1956 1253 2012 CXLIV.
2019 1972 2094 2010 Αι)
2130 1971 2427 2010 REMIGIUM
2483 1971 2811 2013 monscnuu
2853 1974 3289 2016 TRBVIRENSEM.

248 2045 373 2100 Sicut
398 2045 648 2118 epistola
675 2045 818 2117 regii
851 2045 1122 2113 nominis,
1171 2063 1348 2118 quam
1395 2045 1559 2102 vobis
1601 2045 1755 2101 misi-
1925 2044 2245 2099 GERBERTUS
2266 2043 2541 2099 scholaris
2563 2045 2740 2100 abbas
2762 2047 2997 2101 Rsulclo
3021 2049 3310 2105 monacho
3330 2049 3460 2104 Tre-

195 2150 307 2200 mus,
332 2134 610 2200 continet,
651 2151 976 2201 monemus,
1007 2150 1306 2206 rogamus,
1353 2135 1750 2200 obsecramus,
1854 2131 2082 2187 virensi.

195 2226 240 2275 ut
259 2223 458 2295 exsequi
503 2223 741 2290 curetis,
797 2240 929 2278 cum
981 2239 1086 2294 pro
1126 2227 1314 2279 vestra
1352 2223 1754 2279 benevolentia
1927 2222 2670 2293 Prmgravataﬂ'ectustuus,
2693 2224 3089 2279 amantissime
3110 2226 3460 2298 frater,opus

192 2310 304 2367 circa
327 2329 442 2380 nos,
475 2315 611 2366 tum
667 2315 904 2385 propter
953 2328 1155 2383 pacem
1205 2312 1464 2368 Ecclesia
1522 2311 1751 2368 Domini
1852 2310 2215 2378 Achilleidos,
2243 2312 2400 2383 quod
2425 2311 2573 2366 bene
2592 2311 2828 2383 quidem
2859 2312 3280 2385 inccnpisti,sed
3299 2314 3459 2370 defe-

192 2417 296 2472 pace
321 2401 646 2472 principum
671 2403 1104 2472 proventuram,
1139 2400 1248 2455 nisi
1277 2401 1427 2456 forte
1459 2399 1749 2455 desidera-
1853 2397 1976 2454 cisti
2006 2399 2145 2454 dum
2176 2401 2471 2473 exemplar
2498 2400 2726 2455 defecit.
2750 2403 2946 2474 Itaque
2977 2406 3036 2457 et
3060 2420 3168 2458 nos
3191 2403 3458 2461 beneficii

191 2489 265 2543 bili
287 2490 585 2561 praesentia
610 2493 799 2544 vestra
827 2490 1193 2556 frustramur,
1219 2489 1373 2562 apud
1411 2489 1557 2546 ﬁdos
1589 2488 1751 2544 infidi
1855 2505 1973 2544 non
2023 2488 2422 2557 immemores,
2484 2489 2804 2546 difficillimi
2871 2491 3062 2564 operis
3116 2492 3460 2566 incoepimus

191 2593 239 2631 ac
257 2579 476 2650 suspecti
507 2579 824 2634 habemur.
1853 2579 2162 2649 sphaeram,
2191 2595 2318 2650 qua:
2349 2581 2407 2632 et
2436 2581 2606 2634 torno
2629 2579 2757 2650 jam
2790 2580 2862 2634 sit
2887 2581 3154 2653 expolita,
3187 2585 3246 2637 et
3274 2582 3457 2638 artiﬁ-

666 2669 1001 2723 EPISTOLA
1039 2669 1229 2723 CXLV.
1853 2665 2004 2721 ciose
2025 2667 2239 2738 equino
2260 2667 2418 2723 corio
2448 2667 2736 2723 obvoluta.
2763 2669 2874 2723 Sed
2907 2669 2951 2724 si
2979 2671 3162 2725 nimia
3188 2688 3326 2727 cura
3372 2672 3457 2727 fa-

431 2774 765 2814 PARISIENSI
791 2774 1066 2814 EPISCOPO
1095 2773 1458 2814 cessamus.
1853 2753 2055 2825 tigaris
2081 2755 2334 2810 habendi
2365 2756 2610 2830 simplici
2658 2756 2788 2812 fuco
2838 2757 3281 2828 interstinctam,
3311 2760 3463 2816 circa

243 2846 336 2902 Etsi
363 2849 567 2904 omnis
585 2847 832 2903 Ecclesia
865 2848 1144 2902 catholica
1175 2865 1290 2902 una
1327 2851 1500 2919 atque
1549 2845 1754 2902 eadem
1854 2844 2081 2899 Martias
2113 2847 2236 2912 Kal,
2261 2862 2388 2900 eam
2414 2849 2700 2918 exspecta,
2721 2845 2826 2900 nisi
2849 2847 2998 2904 forte
3010 2865 3143 2904 cum
3164 2850 3462 2905 horizonte

191 2937 490 3009 est,singulis
509 2942 718 2991 tamen
734 2936 1123 2991 sacerdotibus
1139 2936 1344 2992 modus
1359 2936 1594 3006 quidam
1610 2951 1754 3006 prae-
1859 2948 1925 2986 ac
1955 2932 2312 2988 diversorum
2343 2934 2604 2988 colorum
2651 2935 3078 3004 pulchritudine
3122 2937 3460 3010 insignitum

194 3025 391 3096 scriptus
405 3030 508 3094 est,
531 3043 653 3098 quo
671 3042 728 3080 se
748 3025 1076 3093 extendere,
1093 3025 1188 3079 ubi
1203 3025 1486 3080 terminos
1505 3025 1757 3079 debeant
1859 3021 2222 3093 praestoleris,
2257 3038 2517 3076 annuum
2548 3023 2951 3094 perhorrescas
2978 3025 3261 3081 laborem.
3283 3026 3466 3082 Caete-

194 3114 446 3170 collocare.
477 3117 682 3186 Itaque
715 3114 774 3168 in
797 3130 964 3168 causa
991 3113 1249 3168 Rotberti
1273 3112 1515 3180 abbatis,
1535 3113 1608 3168 ob
1627 3128 1754 3168 eam
1781 3149 1828 3212 C
1860 3127 1990 3166 rum
2023 3111 2092 3166 de
2127 3111 2261 3166 dato
2293 3114 2350 3165 et
2380 3115 2614 3184 accepto
2646 3112 2800 3167 inter
2848 3117 3078 3168 nostros
3119 3115 3355 3171 clientes
3386 3115 3466 3170 sic

194 3216 331 3270 quam
358 3221 654 3258 servamus
679 3219 744 3257 ac
776 3219 1006 3273 semper
1035 3201 1191 3257 vobis
1239 3218 1465 3256 servare
1497 3202 1759 3256 volumus
1785 3199 1828 3212 “
1852 3199 1984 3271 jure
2023 3200 2299 3268 constitit,
2330 3203 2391 3255 ut
2411 3200 2551 3254 nihil
2583 3200 2854 3256 redderet
2887 3203 2984 3274 qui
3016 3202 3160 3258 nihil
3197 3204 3461 3262 deberet.

191 3288 349 3358 ﬁdem,
380 3293 499 3347 haec
531 3292 650 3346 tria
671 3291 1046 3346 consultando
1069 3289 1754 3363 proponimus.Primum,
2372 3289 2707 3344 EPISTOLA
2746 3289 2959 3349 CXLIX.

191 3391 280 3431 non
306 3393 416 3433 esse
449 3379 640 3435 nostri
676 3378 822 3449 juris
864 3379 1073 3433 falcem
1105 3377 1163 3432 in
1195 3377 1385 3432 aliena
1425 3394 1610 3432 messe
1656 3393 1757 3448 po-
1933 3378 2081 3434 Satis
2108 3377 2346 3452 quidem
2380 3379 2621 3434 moleste
2666 3379 2987 3436 absentiam
3033 3385 3284 3437 vestram
3331 3382 3467 3438 feri-

189 3481 296 3521 nere
323 3486 336 3522 :
367 3469 423 3522 in
451 3486 569 3541 quo
605 3467 949 3539 multiplices
973 3466 1346 3538 rependimus
1371 3470 1562 3538 grates
1582 3467 1759 3522 etiam
1865 3484 2015 3536 mus,
2048 3467 2151 3523 sed
2178 3467 2387 3539 majori
2428 3484 2567 3522 cura
2606 3467 2929 3540 premimur
2962 3469 3036 3524 ob
3075 3470 3472 3543 ignorantiam

191 3551 402 3613 indebito
445 3557 686 3630 dignari
740 3575 846 3612 nos
887 3557 1130 3613 honore.
1181 3556 1531 3624 Secundum,
1579 3555 1760 3611 sancti
1868 3573 2070 3612 earum
2099 3574 2297 3613 rerum
2331 3574 2458 3630 quin
2479 3557 2631 3612 circa
2662 3575 2760 3613 vos
2782 3562 3083 3631 geruntur.
3126 3561 3271 3616 Nam
3311 3561 3474 3633 cujus

191 3639 397 3716 Dionysii
423 3645 764 3725 coenobium
797 3646 918 3717 ejus
948 3663 1068 3700 esse
1098 3645 1434 3701 reverentia;
1478 3663 1542 3700 ac
1577 3644 1764 3718 digni-
1865 3645 2177 3701 affectuum
2209 3663 2406 3700 sumus
2435 3647 2762 3718 participes,
2793 3648 2916 3719 ejus
2953 3652 3107 3704 certe
3135 3666 3471 3722 progressus

191 3731 310 3800 tatis,
331 3739 388 3788 ut
417 3735 636 3790 nullius
659 3735 735 3789 ibi
767 3736 1139 3806 magistratus
1163 3735 1369 3790 debeat
1401 3735 1616 3808 deponi
1663 3738 1763 3790 aut
1867 3737 1926 3790 et
1957 3735 2139 3790 exitus
2168 3735 2392 3790 viarum
2424 3735 2695 3806 ignorare
2726 3737 2966 3793 minime
2997 3738 3296 3795 debemus.
3351 3739 3476 3795 Fes-

191 3816 370 3892 imponi
399 3825 521 3881 sine
567 3823 1170 3897 comprovincialium,
1206 3841 1452 3896 quorum
1499 3825 1762 3892 interest,
1867 3825 2050 3879 tinate
2077 3842 2216 3897 ergo
2249 3827 2307 3879 et
2336 3825 2544 3880 litteris
2571 3826 2808 3897 planum
2833 3827 3020 3882 facere
3047 3828 3186 3900 quid
3208 3845 3470 3884 commu-

193 3923 428 3970 conseusu
455 3931 522 3970 ac
557 3915 757 3969 favore
789 3914 1054 3968 solemni.
1087 3914 1340 3968 Tertium
1363 3913 1762 3986 proponimus,
1869 3914 2028 3969 nium
2056 3914 2424 3986 negotiorum
2449 3931 2514 3969 ac
2545 3914 2900 3987 privatorum
2933 3915 3308 3988 postmodum
3337 3934 3471 3989 ege-

192 4000 224 4055 si
242 4019 346 4058 rem
378 4004 433 4059 in
475 4003 763 4058 dilatione
802 4003 1034 4074 ponitis,
1083 4007 1284 4057 vestra:
1336 4002 1766 4057 mansuetudini
1866 4003 2011 4069 ritis,
2044 4003 2248 4075 agatis,
2277 4020 2409 4058 mox
2440 4019 2613 4074 agere
2666 4003 3003 4074 disponatis,
3065 4005 3349 4077 simulque
3397 4004 3470 4059 si-

194 4094 611 4162 suggerendum,
657 4091 936 4164 quidquid
971 4091 1266 4146 honestius
1311 4094 1369 4145 et
1410 4091 1605 4146 utilius
1634 4107 1766 4146 cum
1870 4091 2140 4164 gnificate
2173 4092 2312 4164 quid
2334 4108 2438 4147 nos
2469 4093 2658 4147 facere
2686 4093 2888 4150 velitis.
2917 4094 2979 4147 In
3007 4093 3293 4148 electione
3323 4093 3470 4166 epis-

193 4180 600 4253 religiosissimis
633 4185 690 4236 et
720 4181 1088 4252 amplissimis
1119 4181 1250 4236 viris
1276 4181 1657 4236 inveniemus.
1870 4180 1999 4252 copi
2029 4197 2067 4234 ιι
2101 4180 2303 4235 Iduum
2327 4180 2594 4248 Februar,
2625 4181 2912 4250 habenda,
2943 4198 3054 4254 qua
3082 4181 3172 4237 die
3199 4185 3257 4237 et
3285 4182 3476 4255 potius

673 4270 1008 4325 EPISTOLA
1040 4270 1258 4325 CXLVI.
1869 4269 2057 4340 pridie
2107 4273 2297 4324 vestra
2341 4269 2810 4341 praestolabimur
2861 4287 3157 4342 responsa,
3220 4273 3280 4326 et
3337 4271 3475 4342 quid

247 4356 456 4416 Decimo
486 4361 618 4416 Kal.
647 4361 878 4414 Ianuar.
909 4375 942 4414 a
966 4377 1104 4432 rege
1137 4364 1432 4435 acceptam
1466 4359 1769 4432 epistolam
1869 4358 2041 4412 Ansel
2075 4357 2229 4430 apud
2259 4357 2500 4412 comites
2547 4359 2754 4430 egerit,
2787 4363 2846 4415 et
2889 4376 2990 4414 cur
3034 4360 3158 4430 ejus
3202 4360 3474 4415 nuntium

194 4443 502 4504 fraternitati
542 4452 749 4505 vestra
783 4449 1094 4504 direximus
1136 4467 1240 4522 per
1297 4451 1361 4505 Β.
1410 4449 1769 4523 sequivocum
1793 4445 1844 4506 D
1873 4447 2060 4502 adhuc
2092 4445 2336 4501 minime
2366 4446 2699 4515 viderimus,
2728 4451 2787 4503 et
2811 4451 3006 4503 utrum
3047 4465 3249 4520 regem
3293 4466 3358 4505 ac
3388 4465 3479 4505 co-

196 4537 330 4605 patri,
358 4539 411 4593 in
436 4555 554 4612 qua
585 4542 774 4593 vester
803 4555 868 4592 ac
895 4537 1086 4593 fratris
1101 4539 1215 4593 mei
1248 4539 1524 4594 adventus
1543 4538 1601 4592 in
1629 4537 1770 4592 urbe
1874 4537 2045 4592 mites
2071 4536 2228 4608 prius
2265 4536 2577 4590 convenire
2610 4536 2950 4604 debeamus,
2978 4541 3036 4592 et
3066 4538 3111 4591 si
3142 4538 3251 4592 iter
3291 4539 3364 4593 ad
3394 4539 3480 4593 in-

199 4620 474 4682 Remorum
507 4628 908 4700 expetebatur,
939 4645 969 4680 v
1002 4628 1126 4682 Kal.
1157 4628 1390 4683 Ianuar.
1424 4627 1769 4698 regiislega-
1867 4625 2135 4697 junctum
2162 4624 2517 4696 colloquium
2543 4625 2691 4680 Calaa
2719 4625 2949 4681 differre
2977 4626 3309 4694 debeamus,
3345 4630 3404 4682 et
3432 4626 3480 4682 si

199 4711 254 4764 lis
272 4715 481 4771 obviam
514 4716 830 4783 occursuri,
861 4716 958 4788 qui
1008 4732 1076 4771 ex
1119 4717 1384 4772 condicto
1411 4715 1646 4788 quidem
1679 4731 1771 4768 ve-
1874 4730 1943 4768 eo
1960 4712 2286 4780 venietis,et
2301 4714 2461 4784 cujus
2477 4715 2671 4769 favore
2687 4715 2810 4768 haec
2831 4718 2888 4769 et
2910 4715 2996 4769 his
3014 4715 3244 4782 similia,
3267 4714 3479 4787 plenis-

199 4809 390 4872 nerunt,
421 4806 525 4860 sed
559 4822 660 4859 vos
700 4822 818 4860 non
861 4805 1226 4860 invenerunt.
1265 4806 1444 4860 Porro
1478 4805 1774 4875 exemplar
1874 4803 2083 4860 simam
2105 4802 2281 4857 fidem
2304 4803 2376 4858 ad
2392 4803 2846 4858 voshabentibus
2861 4805 3033 4875 plena
3053 4805 3166 4860 ﬁde
3186 4803 3479 4877 deponite.

200 4889 370 4958 prioris
392 4895 652 4968 epistolae
672 4898 882 4948 nostra:
909 4911 1062 4949 nunc
1093 4893 1396 4961 mittimus,
1422 4893 1776 4966 postulantes
2448 4892 2782 4947 EPISTOLA
2814 4893 2918 4949 CL.

200 4977 365 5036 datum
389 4983 457 5037 iri
486 4983 748 5037 subitum
797 4999 1136 5054 responsum
1181 4982 1488 5038 voluntatis
1526 4980 1775 5055 propriae
1931 4980 2200 5036 Gratuita
2220 4981 2639 5036 benevolentiae
2658 4985 2858 5037 vestrae
2877 4982 3047 5038 nullis
3063 4983 3484 5056 respondemus

204 5063 345 5124 simul
369 5075 425 5126 et
453 5072 725 5128 actionis.
1879 5070 2120 5125 meritis.
2151 5071 2300 5135 Quid
2323 5070 2481 5126 enim
2515 5071 2864 5126 contulimus
2898 5071 3208 5144 aliquando
3240 5073 3483 5145 dignum

673 5161 1007 5217 EPISTOLA
1045 5161 1286 5217 CXLVII.
1878 5161 2168 5232 legatione
2189 5159 2618 5215 Boderici‘PIIoc
2644 5162 2828 5216 solum
2849 5166 3108 5234 superest
3129 5166 3190 5216 ut
3207 5162 3486 5234 intelliga-

399 5265 573 5305 ειυυ.
602 5267 884 5317 QUONDAM
910 5267 1127 5306 REGINA
1160 5266 1535 5307 FRANCORUM.
1879 5265 2010 5304 mus
2041 5248 2335 5321 quomodo
2364 5249 2583 5304 dictum
2615 5249 2704 5318 sit,
2734 5267 2807 5304 ne
2847 5250 3163 5322 cujuspiam
3213 5252 3366 5323 regis
3397 5252 3484 5306 vel

256 5339 456 5394 Acerba
489 5342 629 5394 sunt
655 5341 775 5395 haec
798 5344 1080 5413 tempora,
1106 5339 1369 5395 sacerdos
1385 5339 1782 5412 Domininqui-
1881 5339 2130 5411 episcopi
2160 5339 2469 5394 commoda
2487 5340 2684 5394 vestris
2697 5356 2760 5394 ac
2779 5339 3020 5395 senioris
3042 5339 3484 5396 vestricommo-

205 5419 287 5478 bus
306 5429 662 5483 sanctissima
683 5429 822 5484 ﬁdes
844 5429 1778 5501 usquequaquerarescit.Sedmc-
1883 5427 1968 5482 dis
1994 5426 2408 5480 anteferamus.
2450 5426 2577 5481 Non
2630 5428 2766 5482 satis
2805 5427 3016 5500 quippe
3062 5431 3220 5500 patet
3269 5430 3484 5493 utrum,
3532 5494 3538 5510 Ι

208 5521 430 5572 mentote
450 5519 612 5573 illius
633 5533 801 5590 quam
819 5535 1052 5590 semper
1067 5518 1726 5591 promisistis,quamque
1749 5535 1783 5574 a
1883 5515 2093 5571 relictis
2117 5514 2385 5570 omnibus
2411 5532 2538 5587 quae
2552 5515 2930 5589 possidemus,
2947 5516 3198 5588 jubeatis
3209 5514 3368 5585 sequi
3392 5529 3488 5568 vos

208 5603 336 5659 vobis
357 5607 810 5663 conservandam
829 5607 1064 5663 credere
1076 5608 1522 5664 malim.Moveat
1538 5625 1636 5663 vos
1654 5625 1785 5664 mea
1886 5622 1950 5662 ac
1970 5608 2157 5660 vestra
2177 5621 2189 5659 :
2209 5621 2282 5660 an
2297 5603 2550 5678 quodam
2566 5621 2779 5676 genere
2796 5605 3069 5678 loquendi
3092 5622 3191 5678 spe
3225 5602 3488 5658 consola-

212 5693 842 5773 uptlvitas,prazdonum
858 5696 1255 5772 manus.Apud
1266 5696 1782 5774 scientemloquor,
1883 5694 2038 5754 toria
2065 5696 2293 5753 tantum
2316 5710 2421 5753 nos
2439 5693 2693 5754 relevare
2722 5693 2988 5756 velitisab
3011 5693 3230 5774 impetu
3251 5689 3493 5754 saeviun-
