3954 6170
469 367 575 436 239

1108 365 1460 437 SILVESTRI
1485 366 1534 436 il
1569 365 1772 437 ΡᾹῬΕ
1810 363 1968 435 οϊιιιι
2007 369 2067 435 Pi

2175 374 2189 436 ι
2222 366 2316 436 lii.
2355 395 2425 426 ab
2461 366 2676 440 Ειδιετ.
2705 367 2794 442 ΕΤ
2828 373 3118 446 DIPLOM.

3666 385 3770 457 Ἀθ

470 498 546 556 tis
564 497 844 588 fortuna}.
876 494 994 556 Rex
1015 497 1180 574 Hugo
1227 516 1296 559 ac
1347 501 1516 560 vicini
1561 499 1836 576 episcopi,
1886 504 1945 558 et
1973 502 2070 578 qui
2105 504 2160 566 A
2183 516 2332 572 mus,
2362 501 2496 579 quia
2537 509 2739 586 vestrae
2765 507 3043 567 doctrinae
3072 509 3438 585 discipli‘nata
3465 517 3772 588 proceritas

473 579 674 645 sedem
706 590 1023 652 Remorum
1052 591 1336 660 ambiunt,
1369 592 1619 665 plurima
1663 594 1934 649 offerunt.-
1967 593 2080 649 Sed

481 680 638 734 nulla
667 697 701 734 a
732 679 898 735 nobis
925 681 1113 735 adhuc
1153 685 1385 755 recepta
1423 686 1574 750 sunt,
1608 699 1714 738 nec
1741 683 1862 738 sine
1893 686 2078 738 vestro

472 769 736 824 consultu
767 769 1084 841 quidquam
1117 781 1289 842 agere
1333 771 1626 826 molimur.
1663 773 1742 827 Ea
1779 772 1965 844 gratia
1992 789 2080 827 re-

473 873 606 928 gem
639 858 797 912 adire
831 859 1173 923 distulimus,
1208 871 1280 915 ne
1308 861 1456 916 forte
1489 861 1561 915 ab
1593 877 1662 915 eo
1708 862 1855 933 rapti
1887 864 2077 916 vestra

472 945 718 1017 imperia
755 947 1030 1019 refugisse
1065 948 1410 1015 videremur,
1462 949 1536 1004 ob
1569 949 1960 1004 dulcissimum
1989 950 2072 1004 af-

470 1033 687 1089 fectum
718 1035 875 1090 chari
899 1037 1078 1106 patris
1093 1036 1206 1091 mei
1231 1037 1608 1092 Adalberonis
1630 1037 1899 1094 omnibus
1917 1054 2074 1093 mor-

470 1124 679 1178 talibus
706 1125 1136 1194 anteponenda,
1171 1138 1298 1197 qua:
1337 1126 1400 1180 in
1439 1126 1600 1181 vobis
1640 1127 2074 1198 quodammodo

469 1210 682 1267 intueri
735 1213 1111 1268 desiderabile
1164 1218 1268 1268 est.
1317 1214 1557 1282 Caetera,
1608 1232 1736 1288 quae
1790 1215 1849 1270 in
1913 1215 2077 1270 nobis

471 1301 686 1355 mentis
714 1304 923 1368 essent,
967 1304 1025 1355 et
1068 1319 1195 1374 quae
1241 1302 1364 1357 ﬁeri
1419 1303 1570 1358 circa
1626 1319 1720 1358 vos
1779 1305 2074 1372 vellemus,

473 1389 754 1444 Roderico
783 1388 1091 1460 diligenter
1113 1392 1476 1462 exsequenda
1515 1391 1930 1448 commisimus.

463 1537 466 1539 .
1014 1479 1350 1536 EPISTOLA
1395 1480 1524 1535 CLI.

469 1581 811 1624 GERBERTUS
870 1582 1140 1624 SALUTEM
1197 1586 1304 1625 SIBI
1349 1587 1652 1626 SCRIBENTI
1695 1587 1800 1626 SUB
1841 1585 2068 1626 NOMINE

538 1669 869 1712 REVERENDI
943 1669 1150 1714 Ρλτιιιε
1219 1669 1613 1716 ΑοΑιΒεΚοΝιε
1667 1676 2069 1716 νεαουκεκειε

542 1759 827 1803 EPISCOPI.

2184 597 2395 650 nostrae
2425 595 2777 668 simplicitati
2808 615 3037 672 semper
3053 602 3162 658 fuit
3185 602 3340 658 haud
3364 604 3768 662 fastidieusau-

2181 685 2433 744 ctoritas.
2462 689 2733 746 Attamen
2769 694 2848 759 ut,
2878 692 3036 748 omni
3060 695 3308 766 ambage
3329 695 3569 763 dimota,
3598 697 3668 752 ad
3683 713 3772 753 vos

2180 776 2351 831 nudae
2376 779 2630 834 Veritatis
2677 781 2941 837 fruamur
2969 783 3218 856 quuela,
3268 784 3674 855 judicavimus,
3722 788 3776 841 et

2177 865 2411 921 firmum
2443 865 2846 940 disposuimus,
2873 872 2937 924 ut
2956 871 3114 927 vobis
3139 872 3476 929 manifestat
3501 875 3610 929 hoc
3640 880 3767 929 uos-

2177 957 2282 1011 tra:
2327 957 2634 1014 voluntatis
2682 958 2948 1030 "epistola,
3007 962 3163 1034 quod
3211 961 3271 1017 in
3321 963 3428 1018 hac
3458 979 3522 1018 re
3549 968 3770 1018 summa

2177 1051 2388 1102 nostrae
2409 1047 2736 1119 adoptionis
2783 1051 2842 1102 et
2895 1049 3264 1121 singularitAs
3321 1056 3408 1107 est
3463 1051 3772 1124 petitionis,

2174 1139 2462 1208 quatenus
2494 1137 2659 1191 nobis
2683 1137 2931 1193 indoctis
2960 1143 3019 1193 et
3049 1141 3201 1196 male
3235 1140 3630 1212 disciplinatis,
3656 1146 3776 1196 ves-

2179 1227 2269 1278 tra
2294 1227 2473 1280 solers
2503 1225 2865 1299 providentia
2903 1226 2961 1282 in
3000 1229 3244 1300 scriptis,
3280 1233 3387 1285 nec
3413 1232 3538 1284 nim
3578 1232 3635 1284 et
3662 1229 3773 1284 die-

2177 1312 2272 1381 tis,
2304 1331 2422 1369 non
2453 1318 2665 1388 praater
2689 1317 2926 1372 solitum
2957 1317 3230 1373 adhibeat
3273 1317 3528 1374 studium
3555 1324 3773 1373 συπρα-

2176 1402 2372 1470 tionis,
2401 1407 2459 1458 et
2489 1404 2547 1458 in
2579 1405 2804 1477 republ.
2837 1406 3144 1462 consilium
3193 1423 3439 1462 summae
3490 1405 3775 1462 ﬁdelitat'l

2164 1492 2295 1564 r[al.,
2325 1493 2636 1556 felicitatis]
2681 1496 2856 1568 Hujus
2876 1513 3016 1568 ergo
3041 1501 3252 1552 nostra
3265 1496 3644 1552 voluntatisin
3661 1501 3777 1552 non

2175 1582 2447 1654 neganda
2507 1583 2919 1654 insinuatione,
2975 1586 3238 1641 volumus
3288 1587 3388 1642 vos
3435 1585 3775 1642 Saxbnicam

2166 1671 2553 1728 rusticitatem
2583 1673 2920 1743 abhorrere,
2971 1675 3076 1730 sed
3125 1675 3466 1732 Grm‘cisc‘am
3519 1677 3775 1732 nostram

2165 1758 2544 1818 subtilitatem
2591 1764 2663 1819 ad
2707 1764 2771 1819 id
2828 1764 3000 1821 studii
3050 1765 3237 1837 magis
3271 1781 3371 1821 vos
3416 1769 3774 1837 provocare:

544 1834 603 1890 Si
635 1836 704 1926 {ie
741 1838 1051 1926 ξηγθογδίδίθ
1080 1837 1311 1910 ’(Ϊυωτίε,
1345 1837 1498 1893 bona
1523 1837 1810 1894 sententia
1829 1838 2070 1911 qnicun'
2091 1840 2143 1918 B
2171 1849 2446 1923 quoniam
2466 1851 2510 1906 si
2533 1851 2621 1906 est
2638 1852 2734 1925 qui
2761 1834 3360 1926 susditetillamleprud
3397 1834 3504 1909 nos
3527 1852 3775 1908 invenie-

466 1939 578 1996 que
627 1924 1081 1984 familiaritatem
1121 1927 1452 1995 praetendis,
1499 1928 1669 1984 liceat
1695 1927 2068 2000 respondere,

466 2015 568 2068 tua
599 2028 740 2085 pace
786 2031 882 2070 me
937 2015 1187 2086 positum
1241 2015 1299 2070 in
1353 2015 1621 2081 adversis,
1647 2015 1834 2072 virum
1860 2016 2074 2072 fortem

465 2104 650 2175 sequi,
687 2120 805 2158 non
835 2106 1132 2178 consequi.
1167 2105 1452 2161 Caeterum
1481 2105 1700 2177 reipub.
1735 2117 1931 2161 causas
1960 2112 2077 2160 nan

463 2191 754 2264 signiﬁco,
789 2193 1066 2264 quoniam
1099 2193 1237 2265 quid
1269 2195 1517 2250 scribam
1550 2195 1764 2250 nescio.
1799 2193 2081 2266 Specialia

457 2283 658 2336 tamen
688 2281 886 2336 fratris
921 2282 1132 2337 morbo
1159 2283 1358 2338 calculi
1384 2283 1701 2338 laborantis
1729 2283 1954 2355 plenius
1983 2293 2078 2337 ex-

457 2383 752 2440 sequerer,
801 2369 846 2422 si
890 2368 1133 2424 inventa
1181 2387 1214 2426 a
1258 2369 1546 2442 prioribus
1601 2370 1815 2426 intueri
1857 2370 2075 2427 liceret.

454 2455 618 2510 Nunc
629 2456 913 2528 particula
943 2457 1189 2512 antidoti
1216 2458 1696 2530 philoanthropos
1714 2476 1779 2514 ac
1800 2459 1922 2530 ejus
1941 2460 2077 2514 scri-

449 2547 623 2615 ptura
648 2548 974 2613 contentus,
1016 2549 1116 2601 tuo
1146 2545 1284 2602 vitio
1309 2546 1534 2618 imputa
1558 2547 1602 2602 si
1624 2547 1782 2619 quod
1806 2551 2076 2620 paratum

454 2636 538 2688 est
566 2633 640 2689 ad
670 2634 940 2702 salutem,
979 2645 1104 2690 neu
1137 2635 1418 2690 servando
1463 2635 1720 2705 diaetam,
1751 2637 1986 2692 'verteris
2016 2637 2074 2692 in

451 2721 796 2794 perniciem.
825 2722 937 2777 Nec
971 2737 1069 2776 me
1107 2726 1341 2778 auctore
1373 2739 1499 2795 qua:
1547 2722 1908 2780 medicorum
1943 2728 2076 2780 sunt

450 2815 700 2867 tractare
752 2813 911 2880 velis,
954 2813 1282 2885 praesertim
1333 2830 1466 2869 cum
1523 2813 1824 2870 scientiam
1868 2825 2073 2871 eorum

451 2902 680 2956 tantum
711 2900 1137 2968 affectaveri'm,
1171 2902 1430 2958 ofﬁcium
1463 2918 1699 2975 semper
1725 2902 1999 2975 fugerim.

996 2991 1335 3048 EPISTOLA
1373 2991 1528 3046 CLII.

955 3103 958 3106 '
1041 3097 1117 3136 AD
1139 3093 1464 3138 REMIGIUM.

522 3166 762 3226 Remoto
790 3169 957 3226 fratri
985 3170 1324 3229 Genaunos.

520 3259 582 3314 Id
614 3261 982 3314 momentum
1013 3275 1078 3315 ac
1107 3275 1176 3315 ea
1203 3260 1286 3315 vis
1315 3263 1444 3315 erat
1471 3258 1695 3316 demini
1737 3260 1853 3316 mei
1879 3264 1938 3317 et
1960 3279 2062 3336 pa-

450 3347 553 3403 tris
598 3350 714 3404 mei
765 3348 1146 3405 Adalberonis
1195 3349 1256 3405 in
1315 3348 1500 3405 causis
1563 3351 1952 3422 pendentibus
1997 3369 2065 3408 ex

456 3441 700 3506 aeterno,
734 3441 796 3492 ut
823 3454 893 3492 eo
922 3437 982 3492 in
1007 3454 1203 3493 rerum
1234 3439 1523 3510 principia
1553 3440 1807 3496 resoluto
1839 3441 1900 3496 in
1943 3441 2061 3512 priu-

452 3526 737 3582 mordiale
767 3527 940 3582 chaos
969 3528 1270 3598 putaretur
1295 3527 1548 3583 mundus
1577 3528 1780 3584 relabi.
1811 3531 1872 3584 In
1899 3531 2064 3586 tanta

452 3614 632 3687 igitur
653 3615 1111 3689 perturbatione,
1138 3620 1218 3684 et,
1247 3619 1310 3671 ut
1347 3616 1428 3672 ita
1453 3615 1664 3686 dicam,
1698 3617 2059 3689 confusione,

455 3706 792 3762 mortalium
851 3705 1175 3761 officiorum
1239 3705 1578 3775 immemor,
1621 3707 1759 3781 quid
1807 3713 2060 3781 optares,

453 3793 594 3869 quid
639 3795 886 3867 peteres,
936 3793 1219 3850 incautius
1261 3795 1622 3867 perspexisti.
1654 3797 1804 3853 Num
1852 3798 1910 3853 in
1939 3799 2064 3870 ejils

443 3881 615 3939 modi
667 3883 1020 3951 discrimine,
1060 3883 1356 3956 republica
1392 3884 1685 3954 derelicta,
1726 3885 2062 3959 demi-grano
2148 3938 2154 3945 .

457 3972 598 4029 dum
628 3973 737 4028 fuit
757 3973 830 4028 ad
866 3972 1348 4048 philosophorum
1373 3977 1730 4042 commenta,
1769 3974 2064 4032 interdum

453 4079 574 4130 non
605 4061 1178 4118 necessaria?Taceo
1205 4061 1278 4117 de
1318 4079 1438 4132 me,
1488 4062 1578 4118 cui
1633 4065 1807 4119 nullae
1849 4066 2066 4120 mortes

457 4152 919 4208 intendebantur
947 4167 961 4207 :
991 4155 1048 4206 et
1078 4151 1235 4223 quod
1277 4155 1444 4224 pater
1483 4151 1770 4209 Adalbero
1812 4169 1906 4208 me
1937 4169 2064 4208 suc-

455 4253 740 4296 cessorem
783 4240 889 4295 sibi
943 4240 1365 4313 designaverat,
1421 4257 1554 4297 cum
1580 4242 1754 4298 totius
1798 4243 1958 4311 cler’i,
2000 4244 2059 4297 et

459 4329 723 4386 omnium
750 4329 1174 4402 episcoporum,
1203 4345 1268 4386 ac
1288 4331 1678 4403 quorumdam
1704 4331 1955 4388 militum
1986 4332 2070 4388 fa-

2085 3136 2142 3212 ’c

2175 1945 2271 1996 tur
2284 1942 2608 1996 Griecorum
2637 1941 2929 1998 industria:
2953 1941 3150 2015 aliqua
3179 1943 3443 1998 scintilla.
3483 1941 3654 2012 Cujus
3687 1940 3770 1996 rei

2173 2028 2387 2101 gratia,
2401 2031 2534 2086 huic
2549 2033 2746 2086 nostro
2769 2029 3022 2103 igiriéulo
3037 2031 3240 2087 vestrm
3261 2029 3514 2086 scientiae
3535 2029 3776 2084 ﬂamina

2180 2119 2548 2175 abundanter
2568 2119 2849 2192 apposita,
2878 2120 3086 2176 humili
3116 2135 3286 2194 prece
3308 2119 3690 2192 deposcimus,
3713 2122 3778 2174 ut

2179 2205 2506 2263 Graecorum
2521 2207 2679 2263 vivax
2702 2207 3004 2281 ingenium
3021 2209 3138 2264 Deo
3173 2208 3438 2280 adiutore
3471 2207 3775 2273 suscitetis,

2179 2298 2237 2350 et
2249 2313 2356 2352 nos
2371 2296 2517 2352 arith
2525 2297 2749 2353 metica:
2763 2298 2976 2354 librum
2999 2298 3382 2365 edoceatis,ut
3390 2297 3640 2369 pleniber
3655 2296 3780 2367 ejus

2178 2383 2441 2440 instructi
2469 2384 2833 2442 decumentis
2857 2386 3074 2458 aliquid
3104 2386 3368 2459 priorum
3389 2385 3778 2458 intelligamus

2169 2471 2522 2532 subtilitatis.
2547 2474 2704 2538 'Quid
2735 2479 2931 2530 autem
2953 2475 3032 2531 'de
3053 2476 3160 2531 hac
3189 2492 3253 2531 re
3294 2474 3456 2531 vobis
3479 2473 3772 2546 agendum

2175 2563 2418 2635 placeat,
2452 2561 2659 2635 quidve
2687 2562 3005 2634 displiceat,
3029 2567 3217 2619 vestra
3237 2562 3554 2636 paternitas
3574 2561 3779 2617 litteris

2175 2651 2344 2708 nobis
2375 2653 2645 2708 nuntiare
2687 2653 2805 2708 non
2844 2651 3093 2709 differat.
3135 2653 3348 2708 Valete.
3390 2651 3595 2707 Versus
3634 2666 3780 2705 nuu-

2175 2757 2348 2812 quam
2379 2740 2702 2812 composui,
2722 2756 2826 2796 nec
2855 2741 2916 2796 in
2949 2741 3140 2797 studio
3166 2739 3376 2809 habui;
3410 2739 3550 2795 dum
3579 2738 3638 2793 in
3667 2753 3778 2794 usu

2165 2820 2452 2896 habuero,
2485 2832 2543 2883 et
2567 2828 2628 2882 in
2657 2827 2738 2883 eis
2765 2828 3002 2899 viguero
3034 2827 3152 2898 [aI.,
3181 2828 3483 2896 ﬂoruero],
3505 2830 3645 2900 quot
3667 2826 3781 2881 ha-

2173 2916 2273 2974 bet
2301 2916 2452 2973 viro's
2481 2917 2679 2986 Gallia,
2707 2919 2795 2974 tot
2815 2918 2976 2974 vobis
3015 2918 3247 2974 mittam
3277 2916 3558 2976 carmina.

2696 3015 3032 3099 'EPI'STVOLA
3078 3035 3252 3098 CLIV.

2537 3137 2876 3190 caueamus
2912 3141 3139 3190 errem
3163 3141 3412 3189 ‘czasaru.

2240 3238 2490 3297 Domino
2523 3242 2582 3296 et
2601 3229 2864 3314 glorioso
2900 3231 3106 3296 Orr‘om
3151 3239 3359 3296 Caesari
3399 3231 3626 3314 semper
3660 3237 3783 3297 Au-

2163 3333 2330 3402 gusto
2362 3331 2702 3398 Genaunos,
2733 3329 2919 3403 gratia
2960 3328 3060 3385 Dei
3093 3330 3410 3386 Remorum
3449 3329 3780 3402 epiScopus,

2163 3417 2446 3492 quidquid
2475 3406 2640 3476 tanto
2669 3418 3026 3492 imperatore
3058 3418 3324 3490 dignum.

2242 3506 2713 3579 Supereminenti
2747 3507 3164 3563 benevolentia:
3178 3497 3400 3571 vestras,
3421 3524 3535 3580 qua
3553 3497 3611 3562 in
3625 3499 3788 3563 sem-

2163 3595 2457 3668 piternum
2473 3597 2634 3670 digni
2652 3600 2840 3652 vestro
2853 3596 3186 3668 judicamur
3203 3596 3500 3669 obsequio,
3524 3586 3782 3653 fortasse

2163 3684 2331 3750 votis,
2352 3685 2452 3742 sed
2482 3686 2832 3759 respondere
2866 3702 2985 3741 non
3007 3686 3262 3756 valemus
3293 3677 3533 3742 meritis.
3561 3685 3620 3741 Si
3654 3677 3781 3759 quo

2165 3775 2322 3830 enim
2339 3774 2495 3831 tenui
2513 3774 2765 3830 scientiae
2778 3774 3030 3847 igniculo
3047 3774 3439 3844 accendimur,
3451 3765 3647 3830 totum
3666 3775 3792 3830 hoc

2165 3863 2352 3935 gloria
2370 3849 2556 3920 vestra
2572 3863 2816 3938 peperit,
2838 3863 3017 3936 patris
3030 3862 3206 3918 virtus
3223 3863 3384 3926 aluit,
3426 3862 3516 3918 avi
3533 3853 3794 3933 ima‘gni-

2162 3951 2394 4008 licentia
2423 3951 2800 4025 comparavit.
2834 3940 2981 4015 Quid
3013 3968 3152 4025 ergo
3177 3953 3204 4007 τ
3231 3939 3534 4008 Thesauris
3555 3941 3789 4006 vestris

2166 4058 2282 4098 non
2315 4041 2618 4096 inferimus
2647 4040 2934 4114 praprios,
2968 4041 3069 4097 sed
3097 4040 3459 4114 resignamus
3483 4033 3791 4111 acceptos,

2167 4147 2309 4204 quos
2339 4129 2552 4203 partim
2602 4133 2912 4200 assecutos,
2938 4130 3161 4202 partim
3193 4147 3298 4186 vos
3330 4122 3796 4204 quamproxime

2168 4222 2527 4276 assecuturos
2540 4219 2753 4276 indicio
2775 4223 2880 4288 est,
2914 4220 3159 4276 honesta
3173 4223 3231 4276 et
3250 4219 3465 4276 utilitas
3485 4216 3551 4273 ac
3570 4216 3797 4273 vestris

2169 4310 2472 4382 majestate
2489 4309 2666 4382 digna
2679 4298 2903 4383 petitio.
2927 4310 3041 4366 Nisi
3060 4311 3220 4366 enim
3242 4311 3480 4365 firmum
3499 4307 3798 4363 teneretis

459 4437 617 4488 vore,
649 4424 708 4476 et
736 4399 890 4492 quod
936 4419 1199 4474 omnium
1247 4436 1466 4488 rerum,
1517 4437 1645 4493 qua:
1677 4421 2068 4492 displicerent,
2092 4444 2146 4504 ι)
2171 4416 2235 4455 δε
2262 4400 2460 4504 ίξξυίηι
2480 4400 3001 4504 νίηξηυπξίῗτοτηξη
3025 4402 3113 4456 vel
3138 4400 3198 4454 in
3222 4399 3556 4504 εθοιξιηίιξαι
3570 4413 3797 4487 Νηίῳ

462 4525 558 4566 me
589 4511 886 4564 auctorem
917 4506 1088 4562 fuisse
1116 4506 1555 4562 contenderent.
1590 4509 1734 4563 Nam
1757 4509 1951 4578 amici,
1972 4510 2070 4584 qui

461 4597 859 4655 familiaritate
906 4595 1060 4651 beati
1091 4595 1274 4666 patris
1311 4595 1699 4652 Adalberonis
1726 4613 1958 4654 mecum
1984 4599 2067 4655 usi

461 4689 719 4755 fuerunt,
735 4693 1080 4756 mecumque
1097 4684 1543 4753 laborabant,ob
1557 4687 1828 4742 tornatile
1847 4687 2071 4760 lignum

466 4775 769 4834 deserendi
801 4777 986 4830 erant.
1015 4775 1219 4828 Patere
1249 4789 1388 4844 ergo
1428 4774 1716 4845 patienter
1751 4791 1945 4832 moras
1971 4793 2071 4833 ne-

467 4867 730 4923 cessitate
760 4863 1079 4935 impositas,
1110 4879 1176 4918 ac
1207 4862 1450 4918 meliora
1479 4866 1746 4935 tempora
1785 4869 2070 4938 exspecta,

468 4955 676 5028 quibus
705 4955 932 5010 valeant
957 4950 1279 5008 resuscitari
1303 4951 1860 5025 studiajampridem
1883 4953 1942 5010 in
1965 4971 2071 5011 no-

467 5047 556 5104 bis
581 5049 868 5102 emortua.
1001 5093 1004 5097 .
1159 5095 1162 5099 .

1003 5114 1339 5172 EPISTOLA
1367 5114 1545 5170 CLIII.

682 5225 880 5266 OTTON
890 5223 938 5264 IS
966 5220 1360 5262 INPERATORIS
1382 5222 1456 5260 AD
1472 5217 1854 5262 GEBBERTUM.

540 5301 603 5356 (Ξ.
620 5293 1098 5370 Philosophorum
1112 5292 1480 5366 peritissimo,
1497 5295 1668 5366 atque
1691 5291 1871 5350 tribus
1892 5293 2074 5368 philo-

470 5389 688 5464 sophiae
713 5387 972 5460 partibus
999 5386 1281 5451 laureato,
1315 5382 1464 5438 Orro
1495 5383 1651 5455 quod
1673 5383 1799 5455 sibi
1833 5387 1962 5457 (30).

522 5467 951 5534 Amantissimaa
964 5471 1164 5528 vestra:
1181 5470 1503 5528 dilectionis
1516 5471 1786 5526 omnibus
1797 5489 2074 5530 veneran-

471 5567 607 5627 dam
638 5566 804 5623 nobis
833 5562 1071 5635 adiungi
1098 5561 1359 5617 volumus
1388 5559 1807 5629 excellentiam,
1838 5564 1897 5616 et
1925 5563 2073 5618 tanti

467 5656 699 5738 patroni
711 5647 1128 5728 sempiternam
1141 5647 1824 5721 nobiscumstabilitatem
1836 5650 2074 5724 adopta-

548 5768 655 5845 t30)
683 5763 764 5828 At
790 5805 807 5839 ,
833 5762 1155 5843 Imperator
1184 5758 1316 5819 Otto
1340 5755 1615 5817 Gerberto
1655 5755 1932 5838 magistro
1957 5775 2084 5828 suo.

2172 4488 2472 4544 continere
2503 4477 2846 4559 primordia,
2875 4489 2962 4543 vel
2994 4505 3061 4544 ex
3090 4505 3212 4543 sese
3243 4483 3620 4561 profundere,
3657 4483 3800 4542 non

2172 4595 2376 4638 eorum
2395 4578 2623 4656 plenam
2642 4568 3528 4656 perfectamquenOtitiam'tanto
3545 4569 3805 4632 festina-

2172 4671 2310 4728 retis
2337 4669 2524 4724 studio
2546 4685 2559 4723 :
2582 4671 2640 4723 et
2657 4668 2766 4723 nisi
2781 4669 3016 4744 moralis
3035 4669 3412 4742 pliilOSOphiie
3429 4657 3806 4741 gravitatem

2174 4757 2696 4835 arnplecteremiui,
2729 4774 2845 4813 non
2876 4758 2958 4813 ita
2986 4751 3174 4814 verbis
3202 4757 3400 4813 vestris
3438 4759 3628 4812 custos
3649 4773 3806 4812 om-

2175 4852 2338 4906 nium
2360 4849 2636 4905 virtutum
2651 4848 2931 4920 impressa
2951 4836 3558 4904 essethumilitas.No’n
3577 4847 3806 4901 tamen

2173 4939 2354 4997 animi
2385 4937 2493 4994 sibi
2529 4937 2677 4993 bene
2719 4935 2931 4992 conscii
2975 4935 3147 4991 tacita
3176 4938 3262 4989 est
3301 4933 3610 5002 subtilitas,
3647 4937 3810 4990 cum

2172 5027 2314 5101 ejus,
2337 5025 2401 5084 ut
2423 5028 2505 5082 ita
2528 5026 2739 5094 dicam,
2759 5024 3076 5081 oratoriam
3094 5015 3432 5080 facultatem
3450 5015 3508 5079 et
3529 5039 3562 5078 a
3589 5039 3654 5078 se
3679 5026 3752 5078 et
3768 5040 3812 5079 ε

2173 5119 2501 5175 Graecorum
2518 5114 2678 5192 fonte
2703 5115 3093 5192 profluentem
3110 5112 3362 5170 oratorie
3375 5111 3816 5170 docuistis.Ubi

2174 5208 2367 5266 nescio
2383 5206 2523 5282 quid
2547 5205 2804 5282 divinum
2826 5192 3187 5278 exprimitur,
3208 5219 3338 5258 cum
3362 5203 3538 5258 homo
3564 5217 3820 5273 genere

2173 5297 2418 5366 Graecus,
2449 5293 2693 5368 imperio
2725 5294 3038 5361 Romanus,
3067 5291 3228 5365 quasi
3248 5288 3617 5347 hiereditario
3642 5289 3822 5362 juge

2174 5385 2473 5443 thesauros
2486 5384 2594 5440 sibi
2614 5384 2822 5440 Graece
2847 5399 2911 5438 ac
2930 5383 3210 5438 Romane:
3237 5373 3820 5454 repetit'sapien‘tie.

2175 5475 2450 5531 Paremus
2474 5490 2635 5546 ergo,
2669 5473 2877 5542 Gaesar,
2911 5469 3305 5544 imperialibus
3334 5468 3554 5536 edictis,
3576 5463 3721 5524 tum
3747 5465 3826 5525 in

2172 5565 2302 5634 hoc,
2332 5568 2456 5620 tum
2487 5562 2546 5620 in
2579 5561 2848 5640 omnibus
2881 5576 3240 5636 quaecunque
3286 5551 3480 5615 divina
3508 5553 3828 5642 maiestas

2177 5658 2371 5714 vestra
2395 5651 2726 5713 decreverit.
2749 5650 2874 5709 Non
2900 5649 3058 5710 enim
3089 5649 3284 5708 deesse
3299 5663 3604 5728 possumus
3631 5641 3832 5715 obse-
