3954 6170
230 389 308 451 ιιι
1068 392 1314 455 SESTIO
1339 395 1383 454 Ι.
1415 426 1486 441 -
1512 396 1696 456 ANTE
1723 395 2013 460 summ
2045 401 2572 466 PONTIFICATUM.

3374 411 3485 473 242

229 513 358 616 quia,
478 510 611 614 nihil
623 509 776 597 inter
793 512 1078 595 humanas
1105 533 1196 574 res
1219 518 1436 576 dulcius
1461 520 1768 600 aspicimus
1802 523 1861 588 Δ,
1883 509 2062 584 Italici
2093 529 2241 614 aeris
2269 529 2639 604 qualitatibus
2666 531 2782 610 mei
2810 532 3066 612 corporis
3113 534 3367 608 quadam
3398 532 3486 616 sui

224 609 376 662 vestro
401 603 647 684 imperio.

560 681 565 686 '
727 693 1063 772 EPIS’I‘OLA
1091 697 1241 753 CLV.

584 797 834 866 οττοκιε
859 801 933 864 AD
960 800 1342 844 GERBERTUM.

267 874 390 930 Οπο
414 873 692 948 Augustus
725 875 1046 964 imperator
1094 876 1558 934 reverentissimo
1605 894 1771 952 papae

215 964 452 1042 amasio
481 965 610 1046 (an,
829 967 832 974 ·

265 1054 386 1119 Quia
411 1054 700 1130 divinitate
735 1053 986 1128 propitia
1015 1072 1133 1111 non
1159 1057 1345 1111 solum
1375 1055 1670 1132 sanguinis
1710 1057 1772 1112 Ii-

212 1159 497 1220 nea,verum
511 1142 687 1198 etiam
705 1143 857 1216 inter
870 1147 1107 1217 cunctos
1122 1146 1396 1200 mortales
1415 1147 1667 1218 quadam
1686 1145 1770 1201 sui

211 1231 395 1308 generis
433 1231 754 1286 eminentia
805 1231 1208 1310 connectimur
1235 1233 1463 1300 affectu,
1495 1235 1770 1307 qualitate

207 1321 324 1375 circa
345 1319 562 1375 Domini
587 1321 806 1376 cultum
838 1338 955 1377 non
1004 1321 1259 1394 dispares
1303 1339 1424 1378 esse
1469 1311 1768 1382 debemus.

207 1395 408 1490 Ideoque
419 1413 616 1485 nostro
629 1409 826 1487 animo
841 1412 1093 1465 vestrum
1108 1414 1432 1488 metuentes
1445 1412 1769 1490 ingenium,

205 1498 325 1552 hunc
335 1495 592 1553 abbatem
606 1499 844 1553 Petrum
855 1503 1042 1576 vestro
1056 1515 1183 1554 com
1193 1500 1536 1556 mendamus
1549 1505 1774 1574 aposto-

205 1585 330 1651 latni,
348 1589 402 1640 ut
420 1601 549 1656 quas
569 1586 814 1641 honesta
843 1589 900 1641 et
930 1586 1091 1642 utilia
1122 1586 1273 1668 circa
1291 1605 1458 1644 suum
1477 1577 1768 1646 monaste-

206 1673 322 1750 rium
345 1673 462 1729 fore
487 1674 821 1750 agenda,et
841 1692 875 1730 a
898 1693 956 1731 se
989 1678 1047 1730 et
1066 1693 1100 1731 a
1124 1680 1321 1750 nostro
1340 1678 1530 1750 legato
1561 1694 1772 1752 cogno-

205 1763 371 1830 veritis,
395 1780 526 1818 cum
553 1762 718 1819 omni
751 1763 1052 1839 diligentia
1081 1766 1316 1846 exsequi
1347 1766 1621 1823 studeatis
1657 1784 1672 1824 ε
1707 1771 1772 1824 ut

1875 619 2104 704 generis
2123 610 2528 688 contrarietate
2550 624 2810 696 opponit.
2832 610 3117 681 Mutamur
3133 643 3272 699 ergo
3295 610 3482 704 solum

1875 700 2138 780 corpore,
2153 710 2444 766 vobiscum
2460 713 2714 768 mansuri
2732 707 3256 788 mente,vestroque
3278 700 3480 782 solatio

1874 799 2048 870 atque
2073 798 2325 855 subsidio
2357 802 2641 874 primores
2672 803 2848 859 Italia:
2868 804 3272 876 relinquimus.
3297 806 3485 879 Rugo-

1874 902 2012 941 nem
2041 887 2284 942 Tuscum
2314 881 2476 943 vobis
2505 905 2610 960 per
2639 889 2840 960 omnia
2864 885 3070 960 ﬁdum,
3204 886 3481 949 comitem

1873 971 2184 1047 Spoletinis
2212 979 2270 1030 et
2300 971 2619 1033 Camerinis
2639 973 3002 1052 praefectum,
3023 980 3112 1056 cui
3145 977 3272 1036 octo
3305 981 3483 1058 comi-

1871 1067 2042 1130 tatus,
2068 1064 2163 1136 qui
2181 1065 2286 1120 sub
2308 1064 2406 1120 lite
2433 1071 2592 1134 sunt,
2612 1071 2866 1124 vestrum
2891 1069 2963 1124 ob
2986 1086 3251 1125 amorem
3277 1073 3482 1127 contu-

1871 1150 2064 1220 limus,
2090 1156 2738 1228 nostrumquelegatum
2757 1155 2838 1211 eis
2857 1158 2927 1211 ad
2947 1174 3201 1238 praesens
3222 1157 3482 1230 praefeci-

1871 1243 2089 1330 mus,ut
2101 1241 2297 1320 populi
2317 1247 2602 1299 rectorem
2623 1245 2898 1318 habeant,
2916 1248 2974 1300 et
2989 1245 3149 1302 vobis
3165 1247 3286 1330 ejus
3307 1263 3487 1321 opera

1871 1328 2066 1386 debita
2086 1330 2314 1387 servitia
2334 1332 2666 1388 adhibeant.
3252 1328 3254 1330 ’
3360 1333 3366 1348 '

2404 1416 2741 1508 EPISTOLA
2768 1423 2940 1478 cux.

2119 1507 2411 1548 GERBERTI
2440 1510 2516 1548 AD
2537 1511 2874 1552 ADELAIDEH
2903 1511 3234 1551 ΑυσυετΑη.

1941 1579 2204 1637 Domine
2227 1583 2287 1636 et
2306 1583 2575 1654 gloriosae
2600 1586 2866 1640 Aornum
2895 1584 3114 1655 reginae
3129 1583 3485 1657 semperAu-

1871 1671 2050 1739 gusta!
2083 1668 2399 1726 Gsensarus
2430 1672 2619 1744 gratia
2650 1671 2882 1729 Domini
2907 1673 3223 1728 Remorum
3255 1672 3487 1746 episco-

1870 1772 1996 1827 pus,
2029 1763 2088 1814 et
2119 1760 2388 1815 omnibus
2429 1760 2544 1815 suis
2593 1759 2984 1817 confratribus
3027 1765 3086 1818 et
3128 1757 3484 1834 coepiscopis

205 1851 309 1905 dum
321 1855 641 1936 martyrum
653 1853 1039 1934 memoriasin
1053 1870 1368 1910 commune
1385 1854 1768 1926 honoramus,
1800 1849 1852 1910 B
1871 1847 2190 1904 Remorum
2221 1849 2516 1918 dimcesos,
2550 1851 2699 1906 bene
2725 1852 2916 1906 valere
2947 1851 3007 1906 in
3032 1851 3278 1906 Christo.

205 1955 366 2016 eorum
377 1941 734 1998 beneﬁciain
746 1959 1058 1998 commune
1071 1943 1626 2016 sentiamus.Valete.

690 2029 1028 2108 EPISTOLA
1059 2032 1235 2090 CLVI.
1371 2017 1376 2024 ’

365 2132 628 2174 οττοκις
649 2135 1041 2198 ιιιηκλτοιζιξ
1072 2137 1147 2174 ΑΒ
1177 2138 1235 2176 ιι.
1265 2137 1557 2179 ςοκιτειί.

251 2205 375 2260 Οτι-ο
401 2207 598 2288 gratia
625 2207 856 2284 Domini
890 2209 1209 2282 imperator
1250 2212 1536 2284 Augustus
1575 2213 1642 2268 R.
1675 2229 1771 2270 co-

199 2293 293 2350 miti
317 2296 588 2351 salutem.

246 2383 452 2438 Diversa
478 2383 661 2456 regni
683 2385 917 2457 negotia
936 2385 1232 2442 interdum
1261 2391 1475 2460 cogunt
1506 2406 1610 2445 nos
1635 2389 1776 2446 inci-

196 2470 301 2547 dere
315 2472 525 2548 diversa
555 2472 825 2548 imperia.
843 2474 984 2530 Hinc
997 2477 1266 2548 est,quod
1283 2476 1574 2533 abbatiam
1595 2479 1775 2534 sancti

192 2558 428 2636 Vincentii
442 2561 665 2634 Capuaé
680 2561 852 2638 sitam
871 2563 942 2640 ob
963 2564 1348 2635 quarumdam
1367 2581 1563 2640 rerum
1579 2549 1774 2638 neces-

190 2647 425 2704 situdines
448 2657 649 2723 nuper
667 2650 872 2706 Joanni
896 2638 1186 2708 monacho
1214 2638 1578 2721 donavimus,
1602 2654 1777 2709 Roth-

193 2735 310 2791 trido
330 2739 533 2794 abbate
569 2755 675 2794 nec
706 2739 1055 2810 adjudicato,
1081 2757 1186 2795 nec
1217 2741 1502 2814 deposito.
1527 2742 1776 2798 Proinde

192 2829 407 2897 respectu
433 2827 860 2903 misericordia:
881 2828 1073 2883 eidem
1099 2829 1291 2884 abbati
1315 2831 1619 2886 Rothfrido
1637 2848 1775 2886 con-

193 2913 407 2969 cedimus
434 2917 658 2971 cellam
688 2918 899 2971 sanctae
926 2907 1138 2984 Mariae,
1167 2934 1299 2972 cum
1330 2919 1605 2978 omnibus
1623 2919 1696 2975 ad
1715 2937 1776 2978 se

193 3001 595 3072 pertinentibus,
619 3003 681 3057 in
703 3004 866 3058 Marsi
888 2995 1190 3073 comitatu,
1213 3006 1270 3060 in
1291 3023 1358 3062 eo
1378 2994 1502 3062 loco
1527 3009 1623 3080 qui
1646 3007 1780 3062 dici-

1947 1936 2200 2008 Epistola
2227 1937 2398 1992 vestri
2431 1937 2686 1994 nominis
2730 1939 2862 1994 laeta
2909 1938 3192 2012 principia
3231 1937 3487 2012 pertulit,

1874 2023 2101 2079 monita
2129 2025 2380 2082 salubria
2398 2026 2620 2094 habuit,
2639 2027 2741 2082 sed
2767 2027 2912 2081 tristi
2943 2028 3059 2082 ﬁne
3089 2028 3360 2082 conclusa
3379 2031 3484 2082 est.

1865 2101 2125 2169 .Suavem
2157 2107 2572 2188 quippe—animi
2599 2115 2771 2171 vestri
2789 2115 3061 2174 aﬁ'ectnm
3085 2117 3238 2170 circa
3269 2133 3364 2170 me
3395 2133 3488 2171 os-

1873 2204 1970 2257 ten
1979 2202 2162 2270 dit,ad
2181 2204 2478 2276 propriam
2493 2205 2692 2260 sedem
2709 2204 2961 2260 reditum
2979 2209 3274 2260 maturare
3291 2205 3493 2260 admo-

1874 2293 2021 2347 nuit.
2047 2291 2160 2348 Sed
2181 2293 2320 2366 quid
2342 2293 2447 2348 sibi
2470 2295 2649 2350 voluit
2679 2298 2798 2350 tam
2820 2295 3028 2350 acerba
3045 2294 3380 2350 conclusio?
3410 2296 3495 2350 Ita

1877 2381 2035 2437 enim
2060 2399 2120 2437 se
2153 2382 2330 2439 habet
2362 2400 2376 2438 :
2410 2383 2750 2456 Cognoscite
2787 2383 2921 2456 quia
2949 2384 2995 2439 si
3041 2383 3217 2439 modo
3256 2383 3492 2455 hujusce

1877 2471 2102 2526 monita
2114 2471 2273 2543 parvi
2297 2473 2633 2544 penderitis,
2647 2465 2882 2529 utemur
2902 2478 3233 2530 nostrorum
3251 2477 3308 2529 et
3320 2469 3493 2530 rebus

1878 2564 1937 2614 et
1967 2561 2220 2616 consiliis
2262 2563 2475 2634 absque
2506 2562 2750 2618 crimine
2779 2563 2975 2618 vestri.
3008 2559 3091 2618 Me
3122 2563 3249 2623 urbi
3281 2564 3492 2619 Remo-

1878 2668 2009 2705 rum
2026 2651 2398 2724 presidente,
2413 2653 2648 2724 quando
2667 2670 2785 2708 non
2812 2653 2992 2721 licuit,
3012 2653 3162 2721 licet,
3183 2654 3267 2707 vel
3296 2651 3492 2710 licebit

1879 2725 2084 2795 vestris
2115 2740 2196 2794 uti
2245 2740 2520 2808 consiliis,
2555 2743 2612 2795 et
2640 2743 2811 2796 rebus
2828 2741 2968 2796 mihi
2995 2741 3362 2801 commissis?
3406 2743 3493 2801 An

1880 2829 2086 2883 melius
2116 2828 2274 2882 licuit
2298 2829 2540 2884 Arnulfo
2567 2847 2696 2884 eam
2724 2830 3027 2886 obtinente
3047 2831 3075 2885 ‘I
3105 2829 3217 2885 Sed
3238 2830 3331 2884 ille
3363 2846 3495 2884 eam

1877 2917 2039 2978 vobis
2069 2916 2202 2972 dolo
2235 2917 2506 2995 etfraude
2533 2919 2786 2990 abstulit,
2811 2935 2919 2989 ego
2948 2922 3150 2973 contra
3175 2920 3493 2973 multorum

1880 3008 2042 3064 dolos
2071 3012 2129 3063 et
2153 3008 2384 3063 fraudes
2403 3009 2563 3063 vobis
2588 3025 2718 3063 eam
2753 3009 2948 3064 multis
2968 3009 3172 3080 vigiliis
3193 3011 3492 3081 multoque

193 3091 578 3162 turApininici,
597 3108 732 3148 cum
753 3092 987 3165 reliquis
1007 3094 1178 3148 rebus
1198 3094 1385 3150 sancti
1406 3095 1688 3152 Vincentii
1716 3096 1773 3165 in
1815 3134 1863 3196 C
1879 3097 2078 3152 labore
2106 3097 2680 3154 conservavi.Mirum
2713 3097 2886 3153 nimis
2905 3101 2991 3154 est
3015 3100 3337 3154 vestrorum
3383 3097 3490 3152 ho-

195 3179 362 3235 eodem
381 3182 672 3237 comitatu
698 3183 916 3254 positis.
938 3182 1155 3239 Cellam
1181 3201 1414 3257 quoque
1427 3189 1638 3240 sanctae
1663 3186 1777 3248 Ma-
1817 3179 1863 3210 ν
1879 3185 2056 3242 stium
2077 3202 2178 3241 vos
2200 3202 2317 3241 non
2337 3185 2548 3241 sentire
2575 3184 2830 3241 insidias.
2867 3186 2974 3251 Qui
2997 3185 3154 3242 enim
3178 3185 3490 3240 Amulium

190 3267 266 3323 ria:
281 3269 332 3324 in
351 3271 614 3342 partibus
633 3271 967 3339 Beneventi,
989 3273 1085 3328 ubi
1123 3272 1332 3328 dicitur
1364 3273 1548 3328 Sanus
1597 3275 1776 3342 locus,

191 3373 292 3412 cum
316 3360 586 3416 omnibus
618 3361 802 3415 sancti
829 3361 1113 3418 Vincentii
1132 3363 1300 3418 rebus
1323 3362 1382 3422 in
1415 3366 1570 3426 terra
1595 3365 1776 3420 Bene-

190 3448 402 3503 ventana
427 3449 577 3504 sitis.
611 3449 778 3504 Unde
826 3451 929 3505 tibi
969 3453 1028 3505 et
1071 3445 1477 3506 Beneventan'o
1533 3451 1779 3524 principi

192 3536 546 3609 praecipimus,
583 3540 673 3604 ut,
700 3537 844 3593 sicut
873 3555 964 3593 res
992 3539 1151 3595 vobis
1182 3539 1378 3594 vicinae
1409 3544 1563 3606 sunt,
1596 3539 1676 3598 ita
1703 3543 1778 3598 ob

193 3627 414 3681 nostram
445 3627 803 3683 ﬁdelitatem
827 3628 1203 3694 ,Rothfridum
1231 3629 1502 3684 abbatem
1531 3629 1656 3702 ejus
1687 3647 1780 3687 res

189 3715 352 3770 tenere
374 3717 597 3788 juvetis
631 3716 756 3773 sine
787 3719 900 3774 ulla
921 3710 1402 3774 Contradictione.

683 3807 1019 3863 EPISTOLA
1049 3806 1248 3862 CLVII.

399 3913 674 3952 OTTONIS
704 3912 779 3950 AD
821 3913 1151 3951 ADELAIDEM
1187 3912 1525 3951 AUGUSTAM.

243 3983 482 4041 Dominae
529 3989 803 4042 Annum!
851 3986 990 4059 imp.
1048 4003 1279 4059 semper
1316 3987 1583 4059 Auguste:
1635 3987 1781 4041 Οττο

192 4074 345 4150 gratia
373 4075 612 4132 Domini
650 4076 966 4148 imperator
997 4065 1303 4149 Augustus.

244 4160 367 4224 Quia
392 4165 874 4220 secundum'vota
905 4168 962 4220 et
989 4165 1273 4221 desideria
1293 4167 1481 4220 vestra
1512 4165 1778 4221 divinitas

189 4251 322 4304 nobis
344 4254 473 4323 jura
502 4255 744 4326 imperii
778 4254 1018 4310 contulit
1043 4254 1190 4309 felici
1211 4271 1490 4321 successu,
1509 4254 1775 4310 divinita-

191 4340 281 4392 tem
306 4343 539 4412 quidem
562 4344 900 4411 adoramus,
921 4343 1080 4398 vobis
1111 4360 1242 4398 vero
1282 4347 1475 4416 grates
1507 4344 1778 4416 rependi-

190 4442 308 4481 mus.
335 4430 561 4487 Scimus
596 4433 754 4486 enim
783 4437 838 4486 et
869 4433 1246 4504 intelligimus
1271 4437 1603 4488 maternum
1636 4434 1773 4488 affe-

191 4519 334 4586 ctum,
357 4525 414 4574 et
439 4522 637 4576 studia
665 4521 1142 4594 pietatis,quibus
1161 4522 1334 4577 rebus
1372 4523 1648 4594 obsequia
1682 4539 1774 4577 ve-

190 4607 282 4660 stro
309 4609 500 4665 deesse
529 4628 651 4666 non
680 4627 1002 4682 possumus.
1025 4611 1273 4666 Proinde
1299 4612 1456 4683 quia,
1479 4611 1616 4665 dum
1648 4627 1778 4682 pro-

191 4706 476 4766 movemur,
493 4703 686 4754 vester
705 4699 896 4754 honor
916 4699 1218 4767 attollitur,
1244 4699 1532 4772 rempubl.
1549 4715 1654 4770 per
1678 4716 1778 4754 vos

190 4788 508 4854 promoveri,
544 4804 614 4842 ac
644 4792 976 4860 promotam
1008 4788 1256 4844 feliciter
1284 4787 1345 4842 in
1379 4803 1479 4843 suo
1511 4790 1664 4843 statu
1693 4804 1780 4844 re-

191 4869 234 4939 gi
261 4876 492 4932 multum
526 4893 768 4933 oramus
801 4881 1166 4949 etoptamus.
1194 4877 1407 4933 Valete.

679 4965 1016 5022 EPISTOLA
1039 4966 1265 5022 CLVIII.

585 5071 783 5112 OTTON
795 5073 840 5112 IS
867 5074 940 5111 AD
969 5072 1234 5112 GERBERT
1243 5073 1344 5113 UM.

1879 3275 1953 3331 ad
1974 3273 2145 3329 vestri
2161 3273 2326 3346 regni
2342 3275 2480 3330 conf
2481 3266 2742 3330 usionem
2757 3293 2872 3330 sua:
2889 3274 3008 3329 sedi
3025 3273 3324 3329 restituere
3341 3291 3494 3346 qua:-

1878 3368 2036 3430 runt,
2053 3381 2169 3419 non
2190 3363 2297 3418 sibi
2317 3364 2426 3421 hoc
2458 3366 2645 3418 tutum
2681 3364 2805 3418 fore
2828 3363 3177 3436 putant,nisi
3209 3380 3302 3418 me
3334 3362 3492 3435 prius

1880 3452 2139 3525 qualibet
2152 3452 2452 3508 occasione
2467 3453 2907 3526 perdant.Quod
2921 3454 3168 3507 multum
3183 3451 3493 3507 verisimile

1879 3559 2002 3598 esse
2018 3541 2231 3613 duplici
2248 3541 2510 3612 capimus
2527 3544 2899 3613 argumento,
2921 3541 3055 3613 quia
3070 3558 3161 3596 me
3183 3540 3374 3596 Remis
3392 3557 3493 3594 nu-

1881 3647 1986 3702 per
2016 3629 2203 3702 posito
2236 3647 2370 3684 eum
2398 3631 2694 3686 absolvere
2725 3629 3054 3685 decrevistis
3087 3647 3100 3683 :
3135 3633 3192 3683 et
3213 3629 3352 3700 quia
3383 3631 3493 3684 Leo

1882 3719 2176 3774 Romanus
2207 3720 2384 3774 abbas
2415 3722 2477 3774 ut
2508 3719 2837 3775 absolvatur
2865 3718 3137 3786 obtinuit,
3175 3718 3248 3773 ob
3282 3719 3492 3773 conﬁr-

1882 3809 2166 3864 mandum
2189 3805 2432 3864 senioris
2458 3807 2575 3864 mei
2603 3809 2756 3880 regis
2788 3807 3020 3864 Roberti
3053 3824 3268 3862 novum
3287 3807 3490 3878 conju-

1883 3898 2066 3970 gium,
2097 3900 2158 3952 ut
2185 3897 2326 3952 milii
2349 3914 2382 3951 a
2408 3897 2788 3956 Remensibus
2817 3914 2921 3968 per
2952 3897 3171 3951 litteras
3201 3896 3490 3966 signiﬁca-

1881 3992 2005 4042 tum
2038 3990 2141 4041 est.
2163 3987 2397 4041 Accedit
2427 3987 2500 4042 ad
2530 3987 2640 4043 hoc
2659 3987 2964 4040 discrimen
2985 3985 3126 4039 ﬁdes
3142 4002 3175 4038 a
3193 3985 3492 4057 praesenti-

1881 4077 1987 4139 bus
2004 4080 2163 4133 corte
2185 4076 2528 4131 Calmiciaca
2560 4093 2593 4137 a
2623 4075 2868 4130 Gibuiuo
2885 4074 3112 4135 Gibuini
3137 4077 3349 4145 nepote
3370 4089 3497 4144 per-

1881 4182 2032 4220 vasa.
2054 4164 2340 4231 Inﬁnitus,
2374 4164 2569 4230 credo,
2602 4167 2727 4218 erat
2755 4162 3018 4216 villarum
3062 4176 3358 4229 numerus,
3390 4178 3496 4216 nec

1881 4254 1952 4308 ad
1982 4254 2396 4324 possidendum
2427 4252 2688 4306 sufﬁcere
2719 4254 2993 4323 poterant
3020 4251 3354 4318 Remenses,
3388 4249 3496 4304 nisi

1879 4344 1952 4399 ad
1983 4343 2240 4398 colonias
2263 4341 2608 4399 obtinendas
2633 4340 3491 4406 invitarenturCatalaunenses.

1881 4433 2032 4498 Quid
2053 4433 2230 4504 ergo?
2257 4432 2302 4485 si
2329 4431 2604 4485 Arnulfus
2627 4431 3010 4486 absolvendus
3040 4433 3146 4498 est,
3165 4430 3254 4484 vel
3277 4429 3323 4483 si
3359 4429 3489 4483 Gui-

1881 4522 2171 4588 binus,ve|
2199 4521 2343 4575 alius
2370 4520 2615 4591 quilibet
2645 4520 2704 4574 in
2733 4520 2872 4574 sede
2905 4536 3036 4574 mea
3057 4518 3492 4574 intronizandus

1881 4617 1986 4680 est,
2004 4612 2256 4666 reditum
2270 4627 2469 4665 meum
2491 4611 2614 4664 sine
2636 4610 2837 4683 capitis
2855 4611 2969 4665 mei
2995 4610 3251 4680 periculo
3280 4608 3490 4662 intelli-

1881 4719 2017 4772 gere
2040 4717 2156 4755 non
2181 4703 2284 4755 est.
2302 4699 2564 4763 Quodita
2585 4716 2731 4766 esse,
2757 4701 2858 4754 sed
2880 4716 2978 4754 vos
3005 4699 3196 4753 minus
3227 4696 3489 4752 animad-

1878 4794 2123 4857 vertere,
2160 4789 2424 4844 dubitare
2452 4806 2570 4845 non
2605 4789 2808 4845 debeo.
2833 4788 2971 4846 Novi
2996 4788 3158 4850 enim
3191 4787 3380 4844 studia
3403 4802 3494 4840 ve-

1879 4883 1998 4934 stra
2023 4878 2294 4941 omnibus
2325 4877 2672 4933 mortalibus
2700 4877 3090 4951 praedicanda,
3134 4876 3267 4932 novi
3313 4873 3493 4940 animi

1877 4967 2051 5024 vestri
2083 4967 2442 5022 dulcissimos
2469 4966 2707 5021 affectus
2744 4965 2897 5022 circa
2921 4983 3037 5021 me.
3073 4965 3287 5030 Quibus
3314 4964 3362 5019 si
3399 4980 3494 5018 re-

1879 5057 2166 5130 spondere
2197 5073 2423 5129 nequeo
2472 5055 2717 5124 meritis,
2747 5055 3112 5129 respondebo
3141 5053 3302 5110 votis.
3337 5053 3490 5118 Quo-

243 5139 711 5202 Reverentissimo
742 5162 911 5221 papa
956 5145 1244 5202 Gsansnro
1277 5145 1426 5204 Orro
1457 5145 1644 5226 gratia
1674 5147 1778 5204 Dei
1877 5147 2029 5203 circa
2057 5144 2431 5202 utmeavobis
2445 5143 3236 5217 minusingeram,dequeme
3249 5143 3491 5207 omnino

193 5225 476 5300 imperator
505 5236 818 5307 Augustus.
1467 5225 1470 5226 ⁷
1879 5240 2311 5308 taceam,que_m
2331 5233 2524 5289 divina
2540 5233 2727 5307 gratia
2743 5250 2778 5289 a
2791 5233 3179 5313 periculorum
3194 5231 3492 5288 immensi-

246 5319 372 5383 Ouia
399 5325 685 5396 temporis
713 5325 1050 5382 difﬁcultate
1086 5325 1353 5381 astrictus
1392 5325 1591 5382 vestris
1628 5327 1776 5383 votis
1878 5329 1998 5382 tate
2026 5325 2252 5392 liberat,
2287 5328 2345 5380 et
2370 5324 2427 5379 in
2447 5327 2731 5397 quamtum
2764 5324 2837 5379 ad
2856 5340 2949 5378 me
2971 5323 3157 5380 solum
3179 5322 3408 5388 attinet,
3430 5321 3490 5375 in

195 5400 494 5467 satisfacere
538 5429 784 5486 nequeo,
837 5415 1169 5470 vehementi
1233 5431 1482 5470 maerore
1528 5415 1774 5480 afﬁcior,
1881 5413 2043 5471 omni
2077 5413 2354 5469 felicitate
2382 5413 2638 5485 disponit
2667 5417 2725 5467 et
2754 5416 3074 5478 conservat,
3103 5428 3207 5482 per
3238 5410 3491 5464 terribile

195 5492 384 5555 Ioreor
412 5501 581 5557 enim
609 5502 834 5574 pietatis
868 5504 1079 5560 atl‘ectu
1108 5504 1260 5560 circa
1288 5521 1402 5575 vos,
1428 5505 1529 5560 sed
1557 5508 1779 5560 natura“:
1881 5521 2097 5560 nomen
2112 5503 2639 5576 omnipotentisDei
2657 5518 2760 5558 oro
2775 5505 2832 5556 et
2844 5502 3211 5573 deprecor,ut
3223 5497 3490 5553 Remensi

199 5589 472 5645 necessitas
501 5606 611 5672 suo
627 5592 752 5663 jure
785 5593 988 5649 omnia
1009 5594 1436 5667 constringens,
1475 5594 1780 5667 qualitates
1879 5594 2146 5650 Ecclesiae
2159 5584 2430 5651 desolata
2442 5596 2500 5648 et
2513 5591 2796 5661 attritmﬁi
2813 5591 3070 5665 quolibet
3082 5587 3256 5644 modo
3270 5583 3488 5651 valetis,

257 5685 352 5756 (³1)
377 5690 472 5748 ΑΙ.
502 5691 968 5750 reverentissimo
998 5708 1162 5766 papae
1196 5692 1471 5749 Gerberto
1499 5693 1631 5750 Otto
1663 5693 1765 5751 Dei
1796 5693 1982 5767 gratia
2007 5693 2152 5766 imp.
2185 5693 2490 5765 Augustus.
