3954 6170
444 355 554 423 248

1088 357 1441 417 SILVESTRI
1469 358 1516 417 II
1558 355 1759 417 PAPE
1797 358 1954 418 OPP.
1997 359 2057 416 Pl

2168 360 2177 416 ἱ
2214 358 2305 416 ill.
2343 385 2417 401 -
2454 355 2671 417 EPIST.
2710 356 2795 414 ET
2829 355 3111 416 DIPLOM.

3644 355 3750 421 244

441 478 812 540 subveniatis.
838 476 976 546 Qua
1001 479 1280 554 quoniam
1309 479 1476 553 regni
1504 481 1855 538 Francorum
1878 483 2052 553 caput
2074 487 2130 548 Α
2153 479 2563 553 episcoporum
2587 479 2805 553 judicio
2857 479 3184 554 relinquere
3217 479 3366 540 volo.
3399 481 3514 540 Nec
3565 498 3750 541 rursus

442 575 550 640 est,
569 570 615 626 si
637 570 966 643 deperierit,
985 573 1048 625 ut
1066 569 1332 626 membra
1351 573 1666 643 sequantur
1686 587 1917 627 necesse
1943 573 2048 627 est.

2153 573 2356 625 contra
2384 570 2784 644 episcoporum
2799 570 3105 642 judicium,
3121 571 3217 627 ubi
3244 572 3432 644 major
3453 575 3752 630 auctoritas

442 662 516 718 At
541 660 835 734 quomodo
868 676 986 715 non
1011 658 1399 732 deperit,qua
1418 661 1520 715 sub
1538 659 1775 715 nomine
1804 661 2052 716 duorum
2155 658 2322 726 adsit,
2365 676 2495 714 eam
2549 659 2710 732 quasi
2748 677 2853 732 per
2899 660 3016 715 vim
3048 661 3299 716 retinere
3330 661 3590 733 dispono.
3620 662 3752 727 Qua

452 750 613 825 quasi
639 749 790 805 inter
819 750 1097 806 malleum
1127 751 1186 803 et
1236 748 1526 816 incudem,
1565 749 1859 821 disposita,
1912 750 2051 804 dum
2149 747 2367 819 judicia
2389 747 2527 803 dum
2549 752 2835 821 exspecto,
2859 748 3146 817 exsilium,
3173 751 3330 822 quod
3350 768 3384 806 a
3410 752 3601 808 multis
3623 752 3753 810 felix

452 855 657 896 eorum
702 843 974 895 neutrum
1022 842 1310 894 rectorem
1353 839 1656 911 approbat,
1701 839 1855 893 velut
1904 839 2055 894 inter

449 929 637 986 undas
656 928 834 984 maris
854 927 976 984 sine
1009 927 1229 1000 remige
1251 927 1528 983 fluctuat?
1550 926 1697 992 Quid
1722 943 1896 999 porro
1928 927 2053 983 fieri

447 1017 681 1092 putatis,
709 1017 754 1073 si
784 1017 987 1074 tertius
1017 1017 1140 1073 sine
1161 1017 1380 1089 judicio
1431 1016 1691 1072 Ecclesia
1731 1017 1805 1072 ad
1844 1034 2053 1073 nume-

447 1124 578 1165 rum
605 1107 942 1164 accesserit?
972 1107 1167 1178 Neque
1197 1123 1331 1161 vero
1363 1106 1486 1160 hac
1515 1107 1744 1178 loquor,
1774 1109 2052 1178 tanquam

433 1199 632 1269 'augur
661 1199 760 1252 aut
781 1194 1024 1251 divinus.
1052 1194 1282 1250 Memini
1300 1193 1477 1248 etiam
1509 1210 1671 1249 meos
1700 1193 2053 1267 conspirasse

444 1301 565 1342 non
591 1286 777 1340 solum
806 1282 1035 1350 milites,
1065 1283 1165 1338 sed
1215 1286 1272 1337 et
1302 1282 1557 1349 clericos,
1591 1285 1654 1336 ut
1701 1298 1872 1337 nemo
1929 1299 2051 1338 me-

446 1391 578 1430 cum
607 1373 960 1440 comederet,
996 1388 1170 1428 nemo
1202 1371 1376 1426 sacris
1407 1371 1730 1448 interesset.
1764 1371 1944 1426 Taceo
1981 1371 2052 1425 de

443 1463 660 1518 vilitate
714 1464 773 1517 et
813 1463 1172 1532 contemptu,
1217 1460 1359 1514 nihil
1408 1460 1534 1514 dico
1589 1459 1659 1514 de
1708 1458 2054 1531 gravissimis

444 1549 672 1621 injuriis
701 1565 852 1620 sape
880 1548 1021 1604 mihi
1054 1565 1087 1602 a
1106 1548 1364 1620 pluribus
1393 1548 1581 1604 illatis.
1615 1547 1702 1602 Ad
1731 1549 1853 1602 hac
1875 1550 1937 1602 ut
1966 1564 2055 1602 re-

446 1640 618 1696 deam
636 1639 976 1712 provocatis,
991 1640 1048 1693 et
1062 1641 1123 1692 ut
1141 1637 1410 1710 graviora
1431 1636 1640 1707 patiar,
1661 1637 2056 1708 minassuper-

445 1728 608 1784 addit
633 1726 892 1800 epistola.
916 1725 1062 1792 Quid
1088 1726 1256 1782 est?o
1286 1725 1477 1780 divina
1494 1723 1794 1796 majestas!
1829 1725 2054 1780 adeone

2155 839 2410 910 putatur,
2455 854 2574 893 non
2606 836 2730 892 sine
2762 839 2944 893 multo
2977 838 3176 894 dolore
3201 841 3406 896 tolero.

2687 925 3023 982 EPISTOLA
3082 927 3228 982 CLX.

2228 1013 2486 1069 Occurrit
2510 1013 2652 1069 mihi
2698 1014 2940 1070 senioris
2975 1015 3090 1071 mei
3121 1016 3275 1088 regis
3304 1017 3564 1074 Rotherti
3603 1020 3755 1076 clara

2155 1102 2348 1171 facies,
2371 1105 2534 1159 latus
2554 1106 2835 1176 aspectus,
2868 1104 3095 1160 visitata
3123 1106 3428 1178 colloquia,
3460 1123 3755 1165 sermones

2156 1192 2327 1248 vestri
2345 1192 2626 1266 sapientia
2650 1195 2707 1247 et
2737 1192 3016 1265 gravitate
3050 1194 3228 1266 pleni,
3275 1199 3398 1250 tum
3430 1196 3754 1268 principum

2156 1285 2214 1337 et
2243 1281 2647 1354 episc0porum
2678 1284 2846 1354 grata
2877 1282 3203 1351 affabilitas,
3251 1300 3380 1355 qua
3423 1285 3564 1340 mihi
3613 1287 3758 1343 dum

2155 1369 2416 1442 eripitur,
2451 1371 2572 1442 ipsa
2601 1370 3035 1442 quodammodo
3066 1371 3181 1427 vita
3219 1388 3464 1428 onerosa
3492 1379 3596 1432 est.
3623 1374 3754 1430 Sola

2156 1460 2299 1514 mihi
2323 1461 2526 1516 solatio
2545 1461 2780 1516 estclari
2813 1461 3050 1516 Casaris
3072 1461 3310 1516 Othonis
3350 1462 3554 1534 pietas,
3593 1465 3752 1520 beni-

2156 1549 2430 1616 volentia,
2452 1549 2786 1617 iiberalitas,
2806 1549 2904 1622 qui
2925 1553 3087 1605 tanto
3114 1567 3312 1605 amore
3334 1567 3432 1606 vos
3457 1556 3753 1626 vestraque

2159 1635 2362 1708 diligit,
2397 1639 2458 1690 ut
2479 1636 2598 1691 dies
2628 1640 2939 1709 noctesque
2968 1653 3196 1692 mecum
3213 1654 3544 1694 sermonem
3569 1640 3757 1695 confe-

2156 1727 2267 1791 rat,
2300 1723 2396 1779 ubi
2428 1728 2486 1778 et
2515 1725 2748 1797 quando
2777 1742 2873 1781 vos
2901 1725 3264 1781 familiariter
3293 1726 3487 1782 videre
3530 1729 3706 1801 possit
3736 1747 3750 1786 :

445 1833 541 1872 me
571 1817 941 1883 infatuatum,
958 1816 1043 1870 vel
1067 1832 1102 1870 a
1126 1817 1181 1870 te
1208 1814 1598 1869 abalienatum
1623 1815 1850 1886 putant,
1876 1816 1939 1868 ut
1967 1815 2054 1868 vel
2077 1819 2126 1878 B
2157 1830 2412 1869 coavum
2434 1813 2539 1869 sibi
2557 1816 2613 1870 et
2643 1813 2841 1869 studiis
2859 1813 3224 1870 consimilem
3246 1814 3535 1872 seniorem
3561 1834 3754 1874 meum

444 1905 1062 1979 gladiosimminentes
1076 1921 1190 1959 non
1207 1902 1872 1970 videam,velEcclesiam
1895 1907 2054 1957 tuam
2155 1919 2356 1975 regem
2391 1903 2706 1958 Robertum
2739 1903 2951 1975 alloqui
3001 1907 3060 1958 et
3095 1904 3467 1976 complexari.
3507 1904 3564 1960 Si
3617 1922 3754 1978 ergo

442 1995 751 2051 schismate
773 1993 1156 2050 confundam?
1171 1994 1287 2065 Ego
1300 2009 1434 2048 vero
1454 1992 1854 2064 improborum
1869 2009 2058 2047 versu-

445 2084 556 2140 tias
573 2087 738 2140 acute
756 2083 1065 2156 conspicio,
1084 2086 1142 2138 et
1161 2086 1362 2138 contra
1384 2081 1583 2138 omnia
1601 2081 1913 2137 schismata
1932 2080 2057 2136 uni-

444 2177 628 2230 tatem
656 2173 940 2240 Ecclesiae,
969 2172 1013 2227 si
1061 2172 1139 2227 sic
1178 2173 1474 2227 decretum
1525 2175 1630 2238 est,
1679 2174 1870 2226 morte
1924 2186 2057 2225 mea

446 2262 719 2319 defendo.
741 2264 879 2317 Peto
902 2278 1063 2333 ergo,
1079 2279 1111 2316 ο
1137 2261 1378 2316 domina
1396 2277 1527 2315 mea
1549 2276 1784 2331 semper
1801 2261 2058 2330 Augusta

447 2349 591 2406 item
621 2368 656 2406 a
681 2349 953 2406 fratribus
994 2349 1138 2405 meis
1186 2348 1556 2421 coepiscopis,
1599 2348 1697 2420 qui
1735 2364 1840 2420 pro
1889 2364 2058 2403 causa

449 2437 746 2494 traditoris
761 2437 1066 2509 Arnulphi,
1094 2436 1206 2492 sive
1220 2437 1376 2509 juste
1402 2437 1516 2492 sive
1557 2436 1768 2508 injuste
1789 2436 1891 2491 sub
1921 2452 2058 2492 ana-

449 2527 714 2583 themate
735 2525 904 2599 positi
940 2529 1093 2590 sunt,
1123 2529 1186 2580 ut
1215 2541 1307 2580 me
1339 2524 1627 2596 judicium
1669 2525 1930 2580 Ecclesia
1961 2541 2056 2580 ex-

447 2618 807 2688 spectantem
829 2615 1538 2688 patienterferant.Neque
1551 2613 1708 2669 enim
1724 2614 2054 2683 Ecclesiam,

449 2721 626 2778 quam
658 2705 1059 2779 episcoporum
1083 2703 1300 2778 judicio
1341 2704 1662 2777 regendam
1689 2703 1901 2777 accepi,
1935 2703 2057 2759 sine

2157 1993 2485 2047 Romanum
2512 1991 2642 2060 iter,
2671 1993 2827 2065 quod
2852 2009 3017 2047 causa
3059 1992 3374 2064 plurimum
3415 1993 3615 2065 synodi
3663 2011 3756 2049 me

2159 2079 2400 2147 detinet,
2421 2080 2529 2135 hoc
2547 2083 2811 2153 tempore
2825 2081 3069 2136 dilatum
3088 2081 3436 2149 fuerit,circa
3451 2082 3754 2138 Novembr.

2158 2169 2281 2223 Kal.
2298 2186 2392 2224 me
2405 2169 2826 2241 exspectabitis,
2847 2173 2904 2224 et
2926 2171 3131 2224 harum
3153 2187 3344 2225 rerum
3381 2169 3761 2243 interpretem

2159 2256 2520 2325 fidissimum,
2549 2260 2607 2312 et
2636 2274 2741 2330 per
2767 2257 2967 2313 omnia
2992 2257 3150 2313 vobis
3181 2257 3573 2315 obedientem.

2690 2347 3024 2403 EPISTOLA
3055 2346 3225 2402 CLXI.

2433 2452 2508 2490 AD
2534 2452 2988 2492 CONSTANTINUM
3014 2453 3480 2494 SCHOLASTICUM.

2229 2524 2320 2578 Vis
2347 2523 2611 2579 amicitiae
2643 2541 2790 2597 pene
2822 2524 3202 2598 impossibilia
3231 2525 3444 2598 redigit
3474 2525 3548 2580 ad
3577 2525 3762 2598 possi-

2158 2612 2316 2682 bilia,
2349 2617 2458 2669 etc.
2491 2612 2690 2668 Exstat
2718 2631 2900 2686 supra,
2934 2613 3108 2670 libello
3134 2614 3216 2670 De
3247 2631 3592 2670 numerorum
3615 2614 3768 2674 dioi-

2159 2705 2303 2760 siona
2317 2703 2565 2775 pra/ita.

1097 2885 1834 2993 EPISTOLAE
1928 2887 2299 2990 ALI/E
2395 2885 3112 2989 GERBERTI

525 3077 764 3137 Curante
811 3077 1036 3136 Andrea
1088 3079 1392 3135 Duchesm'o
1434 3079 1674 3151 primam
1727 3095 1791 3132 ex
1840 3093 1939 3136 ms.
1995 3077 2282 3148 exemplari
2331 3077 2525 3132 Jacobi
2566 3077 2848 3134 Sirmondi
2897 3077 3178 3134 Socz'etatz's
3219 3078 3349 3134 Jesu
3407 3081 3464 3134 in
3531 3078 3700 3135 lucem

2027 3175 2199 3232 editas.

1484 3337 1652 3410 (Hist.
1685 3336 1888 3394 Franc.
1919 3337 2120 3411 Script,
2153 3341 2299 3395 tom.
2329 3338 2396 3402 ll,
2428 3354 2562 3411 pag.
2596 3338 2746 3412 828.)

989 3506 1326 3563 EPISTOLA
1353 3506 1549 3564 CLXII.

573 3610 827 3652 ειεετιο
861 3611 1111 3652 ARNULH
1143 3615 1433 3655 REMORUM
1459 3610 1896 3654 ARCHIEPISCOP!
1927 3616 1962 3653 Α

997 3704 1307 3746 GERBERTO
1333 3704 1532 3744 EDITA.

536 3774 758 3832 Sancta
791 3793 855 3832 ac
887 3776 1193 3833 universali
1219 3778 1479 3833 Ecclesia
1505 3777 1800 3834 catholica
1823 3779 2069 3836 salutem

463 3866 665 3922 dicunt
692 3866 793 3922 filii
826 3867 1140 3922 Remorum
1169 3867 1528 3939 metropolis.

535 3957 688 4014 Diva
714 3958 1012 4014 memoria
1034 3961 1196 4029 patre
1217 3961 1412 4014 nostro
1439 3959 1505 4011 Α.
1541 3974 1736 4013 sensus
1763 3975 2072 4032 corporeos

463 4046 850 4120 relinquente,
865 4049 1084 4102 clarum
1099 4047 1297 4102 lumen
1318 4046 1562 4118 pastoris
1581 4047 1898 4115 amisimus,
1920 4065 2068 4120 pra-

462 4137 536 4192 da
556 4136 808 4192 hostium
831 4136 964 4192 facti
981 4153 1197 4192 sumus.
1215 4137 1412 4208 Itaque
1429 4137 1567 4191 dum
1591 4137 1886 4204 molimur,
1900 4153 2070 4192 cona-

462 4241 596 4280 mur
625 4225 771 4280 tanti
803 4225 906 4279 viri
951 4225 1228 4280 resarcire
1267 4225 1481 4280 ruinas.
1516 4226 1718 4298 Elapsa
1738 4229 1870 4281 sunt
1899 4243 2069 4282 cano-

463 4313 595 4368 nica
625 4317 914 4385 tempora,
947 4313 1169 4369 violata
1204 4317 1338 4369 sunt
1368 4316 1544 4387 leges,
1587 4315 1793 4386 quibus
1834 4319 2067 4371 cavetur

459 4403 678 4458 nullam
693 4403 888 4458 sedem
903 4403 1401 4476 ampliustriginta
1413 4404 1638 4459 dierum
1658 4404 1843 4477 spatio
1865 4421 2065 4460 vacare

460 4492 942 4564 licere.Nuncque
969 4493 1206 4547 tandem
1239 4493 1600 4566 pulsantibus
1639 4493 1832 4548 divina
1870 4495 1962 4548 lnx
2005 4510 2064 4548 se

457 4581 747 4654 apparuit,
766 4584 825 4636 et
845 4598 957 4653 quo
969 4597 1346 4653 sequeremur
1371 4581 1640 4649 ostendit,
1661 4581 1898 4654 depulso
1919 4581 2064 4636 autio

456 4670 692 4736 Christo,
727 4670 1056 4726 Simoniaca
1077 4669 1280 4725 haeresi
1309 4669 1606 4726 damnata.
1641 4670 1773 4737 Nos,
1797 4671 2060 4742 inquam,

455 4759 552 4833 qui
578 4759 827 4815 dicimur
864 4759 1114 4831 episcopi
1141 4758 1449 4815 diaceseos
1487 4760 1801 4816 Remorum
1844 4764 2059 4816 metro-

2093 3512 2141 3571 C
2170 3508 2424 3581 mysticis
2449 3509 2629 3566 abluit
2653 3509 3035 3566 sacramentis
3059 3528 3074 3580 ;
3102 3510 3279 3575 hunc,
3331 3511 3595 3584 inquam,
3635 3511 3790 3568 dici-

2170 3614 2299 3652 mus
2336 3598 2730 3654 Laudunensis
2749 3600 3014 3656 Ecclesia
3038 3600 3244 3668 filium,
3273 3602 3352 3668 et,
3381 3604 3444 3655 ut
3475 3601 3662 3656 verius
3691 3601 3792 3657 fa-

2169 3689 2416 3753 teamur,
2451 3687 2763 3766 Remensis.
2794 3689 2870 3744 Ea
2891 3689 3105 3761 quippe
3130 3689 3328 3744 civitas
3354 3690 3637 3745 Remense
3669 3694 3794 3746 ter-

2168 3775 2458 3844 ritorium,
2491 3777 2792 3833 Remensis
2821 3777 3095 3850 parochia
3125 3781 3213 3832 est
3244 3795 3256 3833 :
3292 3795 3398 3834 nec
3433 3779 3510 3834 sic
3541 3795 3576 3834 a
3606 3781 3788 3836 beato

2171 3865 2434 3938 Remigio
2465 3865 2665 3931 divisa,
2696 3871 2755 3922 ut
2782 3867 2949 3922 fieret
2974 3867 3182 3922 aliena.
3225 3867 3507 3924 Nimirum
3557 3869 3652 3923 ille
3692 3869 3793 3926 vir

2170 3955 2287 4009 Deo
2319 3955 2543 4026 plenus,
2578 3955 2859 4010 unitatem
2881 3959 3181 4028 appetens,
3205 3974 3322 4013 non
3353 3957 3686 4014 scissionem
3700 3958 3795 4012 af-

2168 4043 2408 4110 fectans,
2443 4043 2521 4098 sic
2547 4043 2714 4099 scidit
2736 4049 2797 4099 ut
2825 4045 3145 4100 cohareret
3175 4047 3328 4102 velut
3357 4063 3490 4118 pars
3517 4046 3575 4102 in
3625 4049 3789 4106 toto.

2168 4132 2236 4186 El.
2265 4131 2391 4204 quis
2415 4135 2475 4188 et
2499 4135 2748 4204 quantus
2770 4133 3008 4188 futurus
3038 4138 3184 4190 esset
3210 4135 3555 4208 intelligens,
3580 4137 3790 4192 natale

2166 4223 2355 4276 solum
2388 4221 2581 4277 beavit
2619 4223 2927 4278 sacerdotii
2973 4223 3277 4296 dignitate.
3318 4225 3592 4297 Eligimus
3630 4241 3786 4296 ergo

2164 4311 2318 4366 hunc
2362 4311 2724 4382 Arnulphum
2755 4311 2889 4366 hinc
2935 4315 3152 4380 ortum,
3183 4312 3275 4367 hic
3312 4314 3642 4379 educatum,
3684 4313 3788 4369 Si-

2168 4401 2447 4455 moniaca
2480 4401 2762 4455 hareticis
2786 4405 3102 4472 expertem,
3130 4419 3163 4456 a
3188 4402 3440 4458 factione
3471 4403 3794 4475 tyrannica

2164 4493 2480 4556 remotum,
2508 4506 2608 4544 sua
2641 4489 2844 4562 cuique
2877 4490 3072 4545 debita
3093 4491 3231 4562 jura
3257 4492 3623 4555 reddentem,
3643 4509 3796 4549 san-

2131 4611 2139 4618 -
2164 4579 2449 4632 ctuarium
2473 4578 2574 4633 Dei
2592 4595 2709 4634 non
2735 4579 3132 4650 dissipantem.
3161 4581 3288 4637 Sint
3309 4582 3506 4653 procul
3553 4581 3625 4635 ab
3653 4583 3793 4637 ele-

2165 4667 2355 4722 ctione
2388 4670 2587 4722 nostra
2617 4667 2780 4721 dolus
2811 4671 3032 4725 et.......
3068 4686 3173 4724 nec
3197 4673 3406 4740 putent
3429 4687 3560 4725 eam
3604 4670 3680 4725 ad
3715 4688 3793 4727 se

2161 4756 2453 4826 pertinere
2484 4756 2586 4811 filii
2612 4757 2807 4821 Belial,
2833 4757 2934 4812 filii
2964 4759 3118 4829 pacis
3143 4762 3200 4812 et
3233 4759 3559 4814 concordia
3596 4759 3796 4815 stabi-

453 4849 619 4920 polis,
652 4865 784 4904 cum
816 4848 977 4904 omni
1008 4849 1181 4915 clero,
1216 4847 1422 4903 diversi
1455 4848 1674 4904 ordinis
1706 4851 1918 4922 populo
1965 4867 2058 4906 ac-
2081 4847 2132 4905 D
2163 4847 2277 4901 lem
2309 4849 2366 4900 et
2395 4846 2636 4901 solidam
2671 4846 3088 4919 inperpetuum
3117 4847 3792 4916 faciantconfirmando,

451 4937 764 5005 clamante,
792 4937 1126 4994 orthodoxis
1149 4937 1382 5009 regibus
1413 4937 1625 4992 nostris
1646 4938 2061 4994 consentienti-

450 5025 576 5093 bus,
619 5025 888 5098 eligimus
926 5025 1092 5082 nobis
1146 5026 1205 5082 in
1248 5026 1553 5099 prasulem
1607 5026 1791 5082 virum
1845 5027 2058 5098 pietate

447 5119 846 5186 prastantem,
879 5116 991 5171 fide
1022 5114 1674 5188 insignem,constantia
1705 5116 2053 5183 mirabilem,

447 5203 506 5259 in
537 5204 786 5260 consiliis
802 5204 1127 5276 providum,
1141 5205 1313 5260 rebus
1328 5203 1597 5276 gerendis
1613 5208 1833 5277 aptum.
1850 5207 1911 5259 In
1940 5223 2054 5277 quo

445 5293 536 5348 ha
566 5293 822 5361 virtutes,
855 5311 982 5366 qua
1013 5294 1091 5348 sic
1135 5294 1287 5348 clare
1337 5294 1617 5362 relucent,
1666 5294 1876 5349 indicio
1922 5297 2055 5349 sunt

443 5385 682 5436 cateras
698 5382 893 5436 abesse
912 5399 1028 5437 non
1050 5398 1234 5454 posse.
1258 5383 1622 5454 Arnulphum
1644 5381 1885 5438 dicimus
1902 5383 2053 5452 regis

449 5469 924 5526 Lothariiﬁlium.
948 5471 1131 5536 Quem
1150 5471 1255 5526 etsi
1285 5473 1432 5526 altus
1456 5471 1692 5541 sanguis
1735 5470 1869 5526 vitio
1905 5474 2052 5525 tem-

441 5559 603 5633 poris
631 5560 736 5616 sub
757 5560 1128 5616 anathemate
1150 5560 1365 5632 positus
1389 5559 1582 5632 aliquo
1607 5559 1804 5614 infecit
1846 5563 2045 5615 conta-

2161 4933 2614 5000 corroborando,
2646 4934 3080 4992 subscribendo.

2657 5022 2993 5078 EPISTOLA
3045 5024 3264 5081 CLXIII.

2301 5129 2371 5168 EX
2400 5128 2656 5168 PERSONA
2684 5129 2979 5168 ARNULPH!
3011 5129 3297 5170 REMENSIS
3337 5131 3617 5172 EPISCOPI.

2230 5201 2342 5256 Etsi
2375 5201 2562 5256 adhuc
2594 5219 2782 5273 neque
2811 5202 2868 5256 in
2895 5203 3414 5276 republica,neque
3441 5203 3498 5259 in
3520 5206 3795 5277 privata,

2157 5291 2312 5344 nulla
2345 5289 2551 5346 merita
2584 5290 2750 5345 nobis
2773 5291 2908 5358 sint,
2941 5291 3028 5345 his
3048 5295 3242 5346 tamen
3269 5293 3496 5348 animus
3519 5293 3798 5352 minime

2154 5379 2334 5457 deest,
2357 5380 2769 5452 specialiusque
2793 5381 3228 5452 quodammodo
3254 5381 3676 5438 inardescimus
3701 5387 3800 5441 ad

2151 5471 2580 5541 comparandos
2601 5488 2664 5525 ac
2695 5471 3032 5526 retinendos
3061 5475 3278 5526 vestros
3300 5472 3552 5527 affectus.
3588 5472 3684 5528 Ob
3715 5475 3798 5531 id

2149 5559 2342 5631 itaque
2370 5559 2685 5614 Gerardum
2716 5559 3024 5632 antiquum
3058 5560 3304 5616 militem
3338 5564 3586 5616 vestrum
3638 5562 3790 5620 vim

437 5647 570 5723 gio;
613 5650 713 5706 sed
743 5651 940 5708 tamen
995 5649 1145 5708 hunc
1204 5652 1392 5704 mater
1444 5647 1692 5706 Ecclesia
1733 5647 2043 5722 purificans
2147 5648 2527 5718 inferentem,
2559 5667 2624 5705 ac
2645 5649 2990 5705 beneficium
3021 5649 3199 5706 nostri
3232 5649 3415 5706 fidelis
3460 5649 3785 5710 Guenirici
