3898 6168
185 371 259 431 ω
999 339 1253 410 samo
1282 341 1331 397 ι.
1372 373 1450 388 --
1480 342 1662 401 ANTE
1691 327 1978 400 Summum
2007 341 2534 404 PONTIFICATUM.
3369 339 3477 410 sic

191 481 528 570 pervagantem
541 477 1435 560 patientiafeﬁmusmtqueeum
1455 473 1746 547 quiescere
1765 469 1820 529 Α
1847 465 1922 522 lis
1945 482 2150 523 eorum
2181 466 2476 523 beneﬁciis
2505 466 2778 540 quamvis
2805 465 3142 541 ingentibus
3162 467 3370 527 oblatis
3395 471 3486 529 ind

181 555 379 656 iubeatis
407 555 654 632 oramus.
687 575 753 628 Et
775 574 820 628 si
842 573 988 629 forte
1011 561 1508 631 dissimulaverit,
1532 566 1752 618 utrum-
1852 557 2032 612 ﬂexus
2057 574 2204 611 sum.
2240 555 2548 630 Quousque
2573 575 2716 630 ergo
2751 559 2815 612 id
2834 575 3019 629 genus
3044 560 3312 616 amicitiae
3325 578 3490 617 exer-

190 645 274 748 que
296 665 618 726 monitorem
635 660 1043 735 experiatursui
1061 647 1481 730 justissimum
1502 653 1748 707 hostem.
1852 645 2034 700 cebo?
2057 645 2369 712 Consulite,
2399 661 2464 699 ac
2493 647 2776 702 solatium
2813 647 3158 719 imploranti
3209 651 3490 721 praebete,

623 778 964 836 EPISTOLA
1013 768 1218 831 CLX”.
1853 734 1968 836 etsi.
2019 751 2136 790 non
2183 735 2258 789 ob
2313 749 2447 789 mea
2493 737 2884 836 merita,_sed
2920 740 3119 836 tamen
3161 743 3220 836 ει
3249 743 3493 836 Propter

1851 826 2044 878 vestra
2073 839 2212 895 erga
2243 839 2448 877 omnes
2477 840 2716 895 semper
2747 825 2988 881 laudata
3019 827 3322 883 beneficia.

2350 912 2692 968 EPISTULA
2746 914 2996 970 CLXVII.

1929 1003 2286 1073 Conceptam
2310 1001 2571 1056 laetitiam
2601 1002 2867 1057 Romani
2892 1004 3135 1074 itineris,
3162 1024 3277 1080 quo
3303 1013 3490 1064 vester

1857 1093 2169 1150 comitatus
2198 1109 2262 1147 ac
2283 1091 2536 1147 dominae
2561 1092 2948 1163 TheOphanm
2967 1112 3198 1168 semper
3215 1100 3486 1170 Augustae

1853 1183 2117 1237 futurum
2167 1181 2482 1251 alloquium
2537 1180 2904 1251 ampliorem
2962 1184 3198 1248 fecerat,
3243 1187 3488 1243 senioris

1855 1271 1971 1326 mei
1997 1269 2311 1341 prohibitio
2359 1268 2688 1322 conturbat.
2741 1270 2908 1325 Vices
2949 1289 3089 1343 ergo
3146 1290 3304 1329 meas
3335 1278 3487 1331 velut

1857 1360 2077 1414 amicus
2127 1357 2298 1412 amici
2333 1356 2614 1412 obtinete.
2669 1358 2744 1411 Et
2782 1363 2846 1414 ut
2890 1360 3127 1432 pallium
3174 1378 3208 1415 a
3245 1363 3483 1419 domino

1858 1465 2010 1520 papa
2039 1436 2144 1518 per
2191 1463 2289 1500 vos
2346 1461 2802 1516 consequamur,
2853 1452 2910 1502 et
2951 1449 3199 1520 gratiam
3231 1451 3486 1507 dominas

1861 1540 2073 1592 nostra}
2101 1551 2205 1607 per
2233 1551 2330 1589 vos
2378 1536 2627 1606 coeptam
2678 1536 3063 1590 retineamus.
3119 1537 3290 1608 Cujus
3321 1540 3485 1594 obse-

1861 1626 2018 1698 quio,
2048 1626 2162 1679 Deo
2193 1627 2511 1689 annuente,
2558 1621 2621 1676 in
2668 1624 2891 1679 Pascha
2923 1625 3160 1692 erimus,
3196 1642 3302 1681 nec
3332 1626 3484 1698 quis-

1862 1727 2037 1783 quam
2069 1712 2178 1766 erit
2207 1712 2303 1783 qui
2335 1728 2433 1766 vos
2464 1712 2536 1766 ab
2577 1711 2706 1782 ejus
2743 1729 2810 1767 ac
2841 1713 2942 1767 lilii
2973 1713 3058 1768 sui
3103 1714 3382 1773 fidelitate
3419 1732 3486 1770 ac

235 895 275 932 Ε.
300 886 566 929 εριεςορο
594 883 954 923 TREVERENSI
989 881 1057 919 EX
1089 871 1362 917 PERSONA
1398 873 1677 913 EIUSDEM.

233 964 400 1021 Sciens
429 955 925 1020 benevolentiam,
970 953 1057 1008 vel
1108 946 1294 1022 potius
1354 947 1642 1020 pietatem
1667 961 1758 1020 ve-_

182 1059 341 1118 stram,
363 1066 467 1121 qua
496 1062 734 1117 semper
759 1045 845 1098 usi
888 1042 1022 1098 estis
1058 1040 1201 1095 circa
1244 1035 1445 1090 beatae
1495 1033 1756 1090 recorda-

179 1142 318 1200 tionis
344 1138 834 1212 praedecessorem
883 1147 1102 1196 meum,
1126 1125 1456 1182 feliciorem
1484 1141 1579 1179 me
1596 1122 1756 1195 judi-

178 1250 244 1296 co,
269 1230 307 1284 si
335 1243 455 1283 eam
488 1225 572 1279 sic
599 1223 822 1294 accipio
855 1219 938 1275 uti
977 1220 1266 1289 acceptam
1304 1214 1599 1269 terminus
1624 1229 1752 1266 nes-

176 1321 278 1375 ciat.
311 1319 492 1387 Itaque
527 1330 596 1367 ex
632 1309 959 1365 abundanti
1003 1307 1278 1362 charitate
1320 1321 1356 1357 a
1395 1302 1557 1356 vobis
1601 1301 1752 1387 facto

172 1399 908 1482 principiocongaudemus,
944 1412 1010 1449 ac
1062 1397 1259 1448 mutua
1302 1389 1611 1444 dilectione
1643 1386 1756 1441 frui

172 1474 608 1551 indissolubiliter
640 1491 936 1558 optamus.
983 1485 1051 1537 Et
1096 1481 1230 1554 quia
1272 1480 1552 1533 tumultus
1602 1474 1760 1530 dissi-

171 1584 388 1640 dentium
421 1593 779 1652 regnorum,
813 1591 879 1628 ac
925 1572 1146 1627 novitas
1193 1571 1408 1624 nostra:
1441 1564 1758 1622 ordinatio-

173 1675 238 1729 nis
261 1673 568 1726 decernere
596 1683 664 1721 ac
696 1664 1001 1737 perlicere,
1030 1660 1124 1732 qui
1145 1659 1410 1714 animose
1433 1654 1762 1726 impediunt

171 1767 356 1817 actuum
384 1761 732 1813 nostrorum
767 1748 1190 1813 moderamina,
1225 1744 1593 1800 consolidatae
1625 1758 1759 1815 pru-
1862 1744 2178 1817 ‘1““ﬁ'ff‘t”
2207 1744 2312 1817 ‘1‘“:
2341 1744 2433 1766 ’νδ
2464 1744 2536 1766 αν
2577 1744 2616 1810 σε

173 1850 337 1906 dentice
368 1849 584 1902 vestra:
619 1843 963 1912 delegamus
991 1855 1002 1892 :
1037 1838 1208 1892 simul
1244 1851 1475 1908 quoque
1527 1848 1759 1888 oramus
1788 1828 1840 1888 B
1863 1803 2094 1855 servum
2126 1800 2670 1912 pmh'birf‘fﬂis'lt;
2727 1890 2793 1912 Ν
2815 1892 2852 1912 ν

170 1888 1280 2008 p'dtgrnbi
1297 1888 1354 1977 et
1383 1888 1612 1994 quando
1632 1923 1762 1991 post
2083 1993 2100 2008 Δ
2117 1994 2150 2008 “
2179 1993 2210 2008 n
2226 1993 2242 2008 Δ
2257 1888 2710 2008 m

170 2027 378 2081 reditum
433 2025 708 2077 vestrum
755 2035 790 2072 a
838 2014 1049 2088 palatio
1100 2012 1411 2068 convenire
1454 2009 1758 2081 possimus,

166 2115 413 2185 simusque
440 2111 519 2166 ad
552 2123 816 2182 praesens
842 2104 1004 2170 certi,
1023 2103 1066 2156 si
1087 2101 1223 2174 quid
1255 2117 1452 2155 rerum
1476 2113 1755 2154 novarum

167 2201 454 2267 didiceritis,
489 2201 633 2271 post
685 2193 912 2267 plenius
963 2189 1285 2246 instruendi
1330 2189 1484 2262 quod
1528 2185 1758 2259 planius

166 2291 492 2364 pernoscetis.
529 2288 814 2359 Magnum
850 2283 1264 2354 argumentum
1298 2280 1383 2332 est
1425 2277 1482 2331 in
1515 2275 1754 2331 sanctis-

165 2382 276 2436 sima
298 2378 582 2436 amicitia.
616 2392 683 2429 ac
716 2375 891 2428 ﬁrma
932 2369 1199 2425 societate
1241 2384 1348 2422 nos
1377 2366 1434 2420 in
1467 2368 1755 2420 aeternum

163 2486 443 2535 mansuros,
477 2481 627 2521 cum
651 2461 878 2517 eisdem
913 2463 1142 2513 utamur
1181 2454 1511 2511 auctoribus
1551 2451 1757 2524 quibus

163 2557 281 2626 apud
324 2557 832 2630 praedecessorem
889 2563 1090 2601 meum
1145 2544 1201 2599 in
1247 2543 1366 2600 otio
1414 2545 1471 2597 et
1519 2539 1753 2612 negotio

164 2663 354 2719 semper
381 2645 466 2700 usi
497 2642 648 2699 estis
679 2634 1117 2708 interpretibus.

2076 1993 2150 2030 AD
2179 1993 2516 2031 RAINARDUM
2553 1994 2892 2034 MONACHUM
2926 1997 3266 2035 BOBIENSEM.

1933 2065 2180 2130 Quidam
2213 2065 2541 2131 Tetbaldus,
2577 2069 2645 2120 ut
2695 2067 2814 2139 ipse
2871 2068 3114 2132 ferebat,
3166 2071 3482 2126 monachus

1860 2157 2173 2223 Bobiensis,
2202 2155 2495 2229 praeterita
2518 2160 2743 2225 testate,
2767 2158 2838 2212 ad
2858 2175 2962 2213 nos
2982 2158 3156 2221 venit,
3179 2175 3284 2230 per
3305 2177 3480 2232 quem

1861 2251 2055 2302 nostra
2076 2245 2401 2319 scriptatibi
2425 2245 2768 2310 direximus,
2789 2248 2992 2319 quibus
3014 2253 3125 2303 tua:
3144 2249 3348 2304 litterae
3363 2265 3481 2304 non

1861 2337 1995 2391 satis
2025 2335 2399 2408 respondent.
2445 2335 2651 2407 Itaque
2685 2340 2742 2391 et
2788 2339 3088 2410 exemplar
3128 2338 3334 2411 prioris
3366 2337 3484 2409 epi-

1860 2427 2018 2481 stolae
2044 2423 2416 2490 remittimus,
2446 2426 2504 2478 et
2531 2427 2650 2481 tua:
2684 2427 3072 2498 petitionihoc
3088 2427 3262 2482 modo
3277 2444 3481 2482 consu-

1856 2515 2051 2569 limus.
2085 2513 2140 2569 Si
2174 2512 2278 2566 sub
2301 2513 2504 2582 regula
2551 2515 2734 2586 patris
2767 2516 3066 2571 Benedicti
3099 2532 3164 2571 ac
3203 2515 3483 2588 spirituali

1859 2603 2067 2658 abbate
2115 2601 2218 2656 tibi
2268 2599 2519 2656 militare
2557 2603 2808 2660 delectat
2837 2605 2896 2659 in
2947 2604 3059 2660 alio
3100 2605 3480 2672 monasterio,

1858 2708 1991 2746 mea
2015 2689 2247 2746 licentia
2277 2691 2458 2751 utere,
2507 2708 2617 2746 nec
2649 2694 2804 2748 obsit
2851 2693 2953 2748 tibi
2997 2695 3271 2749 transitus
3311 2711 3485 2749 causa

1854 2779 2170 2851 religionis,
2197 2781 2254 2833 et
2284 2778 2534 2848 imperio
2567 2781 2790 2836 abbatis
2821 2782 2905 2836 tui
2948 2783 3151 2837 factus.
3187 2783 3478 2838 Caeterum

236 2866 512 2952 .lurlmum
556 2866 1749 2952 ωξξειιιξξξ-νίςξ
1825 2887 1913 2923 ἰη
1943 2868 2135 2923 dando
2165 2870 2224 2922 et
2264 2869 2602 2937 accupiendo
2636 2870 2802 2926 frena
2848 2872 3094 2926 licentia:
3141 2873 3467 2926 relaxamus

163 2942 454 3014 mei,eoque
478 2936 740 3008 amplius
777 2949 878 2987 vos
907 2933 1172 2985 accurate
1189 2928 1391 3000 diligo,
1413 2929 1470 2980 et
1494 2943 1586 2981 am
1595 2927 1747 2997 plec-

168 3032 174 3035 _
280 3030 312 3035 λ
475 3029 491 3035 -
699 3024 711 3035 ο
867 3021 878 3035 ι
1057 3018 1091 3035 ι·
1155 3018 1166 3030 ο
1322 3013 1724 3035 _j_.-___2l!-__1_

1904 2957 2090 3024 artim,
2125 2955 2339 3029 partim
2379 2957 2791 3029 restringimus
2821 2976 2833 3014 :
2869 2960 2980 3014 hoc
3019 2960 3194 3014 modo
3242 2964 3467 3015 servata

164 3032 248 3084 tor.
280 3029 574 3084 Recordor
611 3024 830 3097 quippe
867 3018 1284 3074 honestissima:
1312 3016 1746 3079 admonitionis,

443 3117 480 3126 -.
558 3116 599 3126 ,ι
995 3107 1063 3126 ,3-
1097 3123 1142 3126 ,-
1179 3103 1556 3126 “,,-____..J-_..
1591 3101 1714 3126 -..2.-

1904 3046 2220 3113 iscretione,
2255 3046 2317 3098 ut
2348 3046 2505 3116 quod
2525 3046 2660 3117 jure
2679 3051 2735 3102 et
2762 3047 2885 3104 sine
2911 3047 3227 3103 offensione
3255 3048 3470 3102 divina-

166 3136 250 3190 qua
271 3136 355 3174 me
376 3117 516 3173 satis
542 3116 650 3171 diu
678 3131 711 3168 a
730 3107 1148 3167 communione
1171 3103 1560 3178 quorumdam
1591 3103 1745 3174 prin-

189 3207 198 3218 .
582 3204 623 3218 μ
664 3202 701 3218 ι·
831 3198 936 3218 πελ
971 3195 1184 3218 ___n_n:_
1217 3191 1578 3218 -:.._..:n......a:..
1635 3191 1744 3218 n..-

1904 3152 1980 3189 Im
2009 3135 2204 3206 legum
2237 3133 2498 3188 dandum
2525 3152 2592 3190 ac
2623 3136 3021 3210 recipiendum
3044 3137 3264 3203 est,des
3289 3153 3356 3192 ac
3376 3154 3467 3191 re-

168 3207 319 3279 Ciimm
347 3202 755 3298 δυεΡθΠάίῗίξθ
799 3198 940 3272 (Ῑυίά
971 3195 1187 3298 veniatis
1216 3191 1600 3298 Sigfliﬂfasusf'
1635 3191 1746 3292 (ξΓο
1849 3191 2162 3297 cipiasﬁec
2175 3225 2339 3294 putes
2353 3222 2424 3277 ad
2439 3191 2941 3281 meamlicentiam
2957 3191 3470 3298 pertinere,siquid

166 3312 272 3386 ἒτὲο
287 3313 385 3386 Pe?
409 3290 753 3349 venerabile
775 3302 996 3342 nomen
1014 3288 1193 3355 palm
1211 3284 1429 3386 ἵκῃ-ει,
1445 3297 1550 3354 per
1567 3298 1745 3337 "mo'
1848 3318 2097 3386 tyranno
2120 3315 2215 3369 aut
2248 3311 2425 3385 impio
2448 3317 2657 3384 sponte
2673 3284 2973 3383 tribueris;
2994 3316 3080 3370 vel
3103 3316 3173 3370 ab
3201 3314 3281 3370 eis
3302 3284 3469 3372 acce-

166 3384 306 3439 latam
321 3385 518 3450 ﬁdem,
535 3397 659 3455 qua
680 3396 739 3434 se
763 3391 1014 3448 suosque
1027 3390 1258 3447 semper
1283 3373 1454 3438 colui,
1473 3387 1546 3426 ne
1571 3387 1747 3443 cogar
1846 3373 2020 3476 p'eris.

166 3490 326 3529 eorum
339 3472 655 3530 hominum
670 3465 922 3524 oblivisci
936 3481 1082 3538 quos
1099 3464 1172 3520 ob
1189 3463 1312 3535 ejus
1324 3477 1589 3516 amorem
1604 3460 1747 3515 meis
1847 3460 1862 3476 ‘
2361 3490 2702 3547 EPISTOLA
2748 3493 2964 3548 CLXIX.

169 3563 449 3619 commodis
469 3557 762 3633 neglectis
780 3554 1072 3630 praecipue
1091 3569 1322 3624 semper
1339 3549 1531 3605 dilexi.
1558 3551 1750 3604 Domi-

2030 3587 2105 3624 AD
2136 3585 2429 3626 REMIGIUM
2467 3587 2805 3628 MONACHUM
2839 3589 3276 3628 TREVIRENSEM.

169 3669 236 3707 ηε
250 3669 380 3708 ωδε
397 3650 780 3722 Τδθορδθιηω
793 3647 1020 3700 servata
1036 3642 1178 3734 fides
1203 3640 1353 3696 Circa
1380 3656 1439 3694 5°
1464 3654 1748 3734 ξυυξιξίῖυθ
1927 3661 2131 3716 Petitio
2190 3662 2307 3726 tua,
2364 3659 2691 3716 dulcissime
2729 3663 2928 3730 frater,
2979 3663 3147 3718 toties
3191 3661 3462 3734 repetita,

167 3741 333 3810 ﬁlium,
365 3759 436 3797 ne
467 3740 630 3796 sinat
656 3753 753 3792 me
780 3735 908 3790 fore
937 3731 1187 3805 gloriam
1206 3745 1445 3785 suorum
1472 3727 1748 3796 hostium,

1904 3750 2062 3806 uibus
2083 3751 2375 3822 jactemur
2417 3750 2684 3805 ﬂuctibus
2736 3751 2872 3806 satis
2916 3727 3200 3806 ostendit.
3253 3727 3464 3820 Nescis,

169 3846 279 3902 quos
301 3833 538 3903 propter
559 3845 645 3893 se,
669 3825 714 3880 si
739 3822 976 3897 quando
1012 3819 1183 3885 valui,
1212 3817 1424 3874 abduxi
1445 3817 1506 3870 in
1539 3832 1748 3888 oppro-

1904 3839 2038 3894 escis
2069 3817 2196 3911 quas
2231 3837 2534 3909 naufragia
2561 3841 2989 3910 pertulerimus,
3019 3843 3325 3912 postquam
3357 3817 3464 3894 ate

169 3921 322 3976 brium
350 3925 409 3976 et
451 3919 887 3987 contemptum.
924 3913 1226 3968 lterumin
1272 3923 1585 3963 commune
1627 3923 1752 3975 oro,

1904 3929 2098 4002 igressi
2129 3945 2344 3983 sumus.
2373 3928 2726 3983 Gravissimis
2751 3929 2965 4002 quippe
2994 3929 3288 3984 laboribus
3313 3929 3463 3984 msti-

171 4009 448 4066 θῑοδεθοΐο
507 4025 586 4063 ne
623 4006 762 4104 Plus
796 4001 971 4104 ‘VOblS
1023 3998 1612 4104 disi-’Ii‘ieat‘serj’imsv
1665 3998 1754 4104 (fui
1856 4018 1938 4073 vis
1968 4023 2027 4073 et
2059 4016 2346 4073 continuis
2401 4034 2500 4072 eos
2551 3998 2944 4072 contraiimus
2989 4018 3226 4072 morbos
3258 4017 3464 4089 quibus

170 4102 378 4153 Vestrum
411 4095 763 4168 imperium,
796 4093 1008 4155 honor,
1043 4086 1612 4160 potestas,hactenus
1631 4085 1753 4155 pla-

1904 4108 2131 4162 estilens
2162 4109 2475 4161 autumnus
2506 4121 2653 4176 pene
2697 4105 2874 4160 vitam
2915 4105 3171 4162 extorsit.
3217 4105 3466 4160 Accessit

172 4192 388 4241 ﬁlerunt-
417 4185 621 4242 Ιῖᾶοὶιϐ
652 4185 841 4237 vestra-
868 4177 1214 4234 Ῑίδθτδίίίδιθ
1248 4191 1348 4265 mi
1367 4172 1628 4265 θζδδθηίίδ
1657 4172 1757 4228 ho'
1860 4172 1934 4251 ad
1962 4198 2083 4251 haec
2114 4196 2364 4249 violenta
2394 4172 2648 4260 fortuna,
2682 4197 2888 4249 cuncta
2933 4211 3060 4265 qua:
3104 4194 3345 4249 dederat
3372 4211 3463 4249 re-

172 4277 386 4342 nestatis,
418 4275 564 4346 fuga
595 4271 956 4342 optimarum
989 4265 1224 4331 artium,
1260 4262 1478 4318 efﬁciar
1507 4264 1755 4316 sectator

1904 4289 2065 4340 etens
2093 4301 2196 4356 per
2220 4299 2320 4338 eos
2344 4283 2653 4355 praedones
2683 4282 2780 4354 qui
2799 4284 3005 4337 urbem
3037 4283 3353 4340 Remorum
3371 4285 3467 4339 de-

174 4360 411 4431 Catilinze,
463 4362 569 4436 qui
634 4361 690 4414 in
749 4357 868 4414 otio
919 4359 979 4411 et
1043 4353 1280 4425 negotio
1328 4353 1754 4425 praeceptorum

1904 4353 2115 4446 opulati
2143 4377 2294 4428 sunt.
2325 4353 2484 4426 Nunc
2506 4353 2829 4426 amicorum
2857 4370 3247 4444 captivitatem
3287 4372 3464 4428 defle-

171 4449 303 4507 ιιι-εἱ
320 4453 485 4508 Tullii
515 4449 768 4520 diligens
790 4446 871 4502 fui
899 4446 1216 4500 exsecutor.

1904 4480 2010 4530 ius,
2039 4467 2095 4517 et
2121 4479 2194 4516 an
2215 4461 2379 4516 sedes
2410 4459 2576 4515 nobis
2605 4459 2719 4514 sint
2768 4461 3169 4531 permutandae
3203 4461 3466 4533 pervigili

657 4552 991 4609 EPISTOLA
1031 4550 1250 4606 CLXVI.
1859 4570 1996 4608 cura
2021 4551 2428 4607 deliberamus.
2466 4550 2542 4604 Eo
2586 4549 2642 4603 in
2671 4551 2848 4615 luctu,
2890 4565 3074 4620 eoque
3123 4549 3184 4603 in
3213 4565 3466 4604 maerore

227 4646 332 4701 Non
360 4646 624 4702 alienum
658 4645 743 4698 est
763 4659 796 4695 a
819 4644 1004 4694 vestra
1027 4637 1415 4703 humanitate,
1439 4637 1497 4690 et
1518 4651 1552 4689 a
1570 4649 1757 4689 sacro-
1861 4646 2057 4698 nostra
2085 4641 2270 4714 pan-ia
2298 4643 2403 4694 est,
2429 4639 2626 4696 Timor
2657 4641 2716 4693 et,
2745 4642 2968 4693 tremor
2997 4654 3195 4693 σιω-οε
3227 4637 3468 4693 circum-

176 4728 1103 4803 sanctosacerdotio,quaerentibus
1119 4725 1425 4782 οοηδίιίιιῐη
1447 4723 1756 4779 consulum
1860 4733 2020 4799 dant,
2049 4731 2244 4802 inopia
2269 4729 2415 4784 cives
2443 4728 2675 4800 premit.
2705 4727 2900 4782 Clerus
2927 4727 3221 4799 utriusque
3249 4726 3468 4782 ordinis

179 4821 462 4880 ἀίω-Νωιὶ
486 4821 830 4879 mortalium
858 4818 1168 4890 aliquando
1187 4814 1599 4888 jusjurandum
1615 4829 1758 4885 Ιπω·
1861 4827 2100 4894 propter
2127 4821 2382 4874 futuram
2422 4817 2745 4872 vastitatem
2794 4816 3061 4888 ingemit.
3110 4817 3258 4888 Ergo
3285 4815 3358 4869 sit
3387 4815 3470 4869 tui

180 4909 270 4978 hui,
297 4913 396 4967 nisi
428 4915 494 4969 ι).
525 4913 600 4968 M.
635 4908 866 4966 Othoni.
899 4907 961 4962 ld
981 4905 1052 4961 ad
1083 4905 1385 4961 dominam
1414 4919 1628 4958 meam.
1650 4901 1752 4956 Th.
1861 4911 2118 4966 muneris
2147 4925 2356 4966 manus
2385 4909 2574 4962 levare
2608 4907 2681 4961 ad
2717 4906 3192 4976 omnipotentem
3224 4921 3329 4977 ριιο
3371 4922 3472 4959 ῃο-

182 5015 227 5052 ac
249 5001 411 5058 lilium
437 5003 567 5074 eius
597 4999 727 5055 0th.
777 5000 921 5066 Aug.
969 5011 1341 5066 permanasse
1391 4995 1548 5048 ratus
1578 5009 1702 5047 sum
1736 5009 1754 5059 ;

1904 5001 1966 5056 is.
1998 5001 2065 5054 Et
2089 4999 2134 5054 si
2166 4997 2444 5054 Divinitas
2477 5011 2709 5068 pcenam
2740 4994 3091 5048 alleviaverit
3120 4993 3339 5066 peccati
3365 4993 3474 5048 cri-

183 5089 355 5162 qllippe
383 5107 519 5146 cum
547 5090 612 5143 in
641 5087 822 5142 tribus
851 5101 1032 5140 unum
1063 5083 1300 5155 quidem
1320 5081 1754 5154 QUOdammOdO
1864 5107 1992 5146 mus
2022 5105 2138 5144 non
2164 5088 2542 5142 immemores
2571 5084 2652 5138 tui
2683 5100 2786 5156 per
2811 5083 3009 5139 omnia
3036 5081 3328 5138 beneﬁcii.

658 2751 1000 2810 EPISTOLA
1041 2749 1228 2805 CLXV.

214 2849 512 2906 Plurimum
556 2844 828 2916 intelligo
869 2857 968 2896 vos
988 2839 1314 2910 intelligere
1347 2839 1542 2892 motus
1571 2833 1749 2890 animi

185 5173 554 5236 intellexerim.
603 5177 908 5247 Quousque
953 5189 1094 5245 ergo
1121 5172 1272 5226 hanc
1312 5171 1490 5225 ﬁdem
1522 5187 1758 5225 servau-
2387 5173 2720 5229 EPISTOLA
2742 5173 2930 5227 CLXX.

188 5265 293 5322 dam
319 5269 562 5325 censetis
593 5267 620 5322 ?
651 5265 786 5321 Dico
831 5262 1100 5335 equidem
1131 5260 1288 5333 quod
1329 5257 1602 5330 spoliatus
1637 5275 1757 5313 am-
2319 5271 2661 5311 arcessuros
2691 5269 3018 5312 RAIMUNDO.

189 5353 414 5423 plissimis
442 5357 620 5412 rebus
663 5352 948 5426 imperiali
979 5351 1133 5406 dono
1165 5348 1412 5411 collatis,
1444 5348 1759 5418 apostolica
1933 5349 2135 5404 Nostro
2161 5343 2624 5401 reverentissimo
2646 5343 2794 5416 patri
2828 5344 3120 5398 Ruuunno
3150 5341 3246 5396 du.
3278 5341 3478 5401 Filius.

193 5441 556 5502 benedictione
589 5440 963 5507 confirmatis,
987 5455 1092 5494 nec
1115 5455 1230 5493 una
1245 5438 1450 5492 saltem
1480 5438 1670 5493 villula
1686 5439 1761 5493 ob
1937 5437 2060 5502 Quo
2090 5435 2149 5490 in
2181 5437 2351 5506 portu
2381 5449 2552 5504 agam
2582 5429 2775 5487 navim
2817 5431 3207 5503 gubernatore
3239 5428 3475 5492 amisso,

197 5530 333 5591 ﬁdem
356 5536 651 5592 retentata
678 5534 762 5588 vel
793 5529 1156 5587 retinendam
1185 5528 1431 5582 donatus
1461 5543 1606 5584 sum.
1631 5528 1764 5584 Dico
1868 5526 2014 5583 scire
2038 5541 2156 5591 vos,
2189 5521 2514 5579 dulcissime
2540 5525 2730 5588 Pater,
2762 5525 2820 5575 et
2853 5520 3096 5593 quinam
3123 5519 3194 5572 sit
3223 5519 3403 5571 status
3423 5515 3481 5567 in

201 5623 322 5690 quod
342 5625 493 5682 inter
518 5621 886 5697 gravissimos
910 5621 1101 5676 hostes
1131 5621 1352 5675 vestros
1381 5616 1619 5690 positus,
1647 5618 1769 5675 nul-
1876 5617 2228 5676 Francorum
2261 5613 2328 5668 Β.
2360 5628 2419 5686 p.
2445 5609 2806 5686 [republica].
2841 5610 2958 5682 Ego
2991 5624 3122 5664 cum
3159 5603 3483 5660 statuissem
