3898 6168
449 338 556 404 2&7

1091 332 1450 426 suvssm
1482 337 1531 406 ιι
1565 335 1767 430 una
1805 338 1963 404 opp.
2001 339 2183 403 esas
2219 343 2314 404 III.
2353 374 2433 405 —-__
2460 343 2676 418 EPIS'I’.
2717 346 2801 409 ar
2836 347 3113 410 omam.

3614 354 3726 430 ,Ἀθ

447 488 571 538 non
628 473 924 540 dbcedere
975 491 1012 533 a
1057 474 1324 534 clientela
1374 477 1433 532 et
1460 473 1695 534 consilio
1715 472 1894 548 patris
1921 471 2040 530 mei
2062 473 2118 538 Α
2163 478 2339 535 etiam
2365 493 2432 535 ex
2463 478 2834 538 anathemate
2857 479 2916 537 in
2941 480 3245 554 praedones
3274 482 3566 544 Remends
3589 431 3732 548 urbis

449 571 608 630 beati
635 569 768 640 Ad.,
789 570 1030 642 repente
1055 567 1132 624 sic
1159 584 1228 623 eo
1258 567 1508 640 privatus
1546 583 1698 633 sum,
1729 569 1794 621 ut
1833 581 1930 620 me
1953 582 2049 620 su-

2155 569 2279 643 jam
2306 571 2698 643 promulgato.
2733 572 2903 644 Cujus
2930 577 3225 648 exemplar
3251 576 3412 634 vobis
3450 576 3731 649 mittimus,

446 679 680 736 peresse
733 674 1188 734 expavescerem-
1251 657 1474 730 Ουὶρρθ
1529 673 1660 712 cum
1691 659 1838 712 esset
1885 653 2054 710 nobis
2151 663 2216 715 ut
2240 677 2308 716 ex
2353 677 2421 715 eo
2458 664 2818 732 pernoscatis
2842 665 3002 736 cujus
3032 664 3216 720 animi
3247 665 3444 734 simus,
3471 667 3733 743 simulque

446 770 550 812 cor
569 769 747 810 unum
779 755 837 808 et
863 751 1061 808 anima
1095 767 1230 817 una,
1263 765 1370 806 nec
1399 749 1592 804 hostes
1622 746 1748 818 ejus
1777 762 1912 802 eum
1944 761 2050 817 pu-

450 846 645 898 tarent
675 841 1040 906 translatum,
1061 857 1194 896 cum
1232 855 1328 894 me
1349 853 1647 910 superesse
1673 835 2054 900 viderent,me

465 933 538 988 ad
569 931 843 987 invidiam
868 929 1054 986 Caroli
1085 933 1344 984 nostram
1366 925 1615 999 patriam
1650 928 1784 978 tunc
1817 926 1874 978 et
1903 937 2055 978 nunc

461 1020 720 1077 vexantis
776 1018 957 1091 digito
995 1019 1298 1084 notabant,
1342 1014 1440 1088 qui
1491 1030 1656 1086 reges
1698 1013 2056 1085 deponerem

465 1126 746 1183 regesque
773 1108 1126 1165 ordinarem.
1159 1108 1227 1161 Et
1254 1105 1352 1178 qui
1380 1106 1443 1158 Β.
1477 1122 1534 1176 p.
1554 1103 2053 1176 permistuseram,

460 1217 589 1254 cum
609 1200 675 1254 Β.
695 1216 752 1271 p.
777 1197 1160 1270 periclitabar,
1174 1196 1327 1250 velut
1347 1195 1404 1250 in
1422 1193 1809 1266 perditionem
1845 1193 2056 1245 nostra:

466 1307 500 1344 u
511 1289 628 1346 rbis
639 1305 771 1362 pars
785 1288 996 1359 praedae
1011 1285 1261 1341 maxima
1279 1284 1382 1340 fui.
1416 1285 1606 1356 anue
1619 1300 1712 1338 res
1731 1281 1840 1336 iter
1857 1297 2055 1335 meum

456 1377 516 1432 in
545 1377 769 1433 Italiam
791 1376 1020 1449 penitus
1043 1373 1278 1436 distulit,
1301 1372 1395 1428 ubi
1411 1376 1469 1427 et
1501 1388 1721 1444 organa
1741 1370 1917 1425 etiam
1942 1385 2057 1424 ser-

455 1469 682 1533 vantur,
698 1468 755 1521 et
769 1464 987 1538 optima
1004 1463 1193 1535 portio
1208 1479 1353 1517 mea;
1365 1459 1745 1529 supellectilis.
1761 1459 1883 1513 Non
1897 1457 2056 1512 enim

457 1553 755 1625 potuimus
771 1553 1046 1609 obsistere
1070 1550 1349 1624 praecipiti
1365 1549 1638 1611 fortunae,
1656 1564 1763 1604 nec
1782 1545 2058 1602 Divinitas

458 1642 770 1698 declaravit
796 1643 984 1697 adhuc
1002 1657 1258 1712 quonam
1284 1638 1343 1693 in
1364 1642 1534 1711 portu
1560 1655 1656 1692 me
1677 1637 1874 1692 sistere
1901 1635 2055 1691 velit.

459 1732 641 1803 Igitur
669 1732 740 1787 de
763 1747 857 1786 me
888 1733 946 1786 et
969 1730 1042 1786 de
1067 1728 1212 1784 meis
1239 1727 1485 1784 fortunis
1527 1725 1796 1798 gavisuri,
1828 1740 2061 1796 exspec-

2153 765 2260 804 nos
2285 748 2509 819 majora
2540 767 2930 823 aggressuros,
2955 770 3082 827 quas
3111 771 3211 809 suo
3239 755 3487 826 tempori
3499 773 3734 814 reserva-

2155 855 2303 894 mus.
2338 839 2548 895 Omnia
2577 841 2734 896 enim
2764 845 2992 916 tempus
3019 843 3257 898 habent.
3289 843 3538 900 Dicimus
3559 849 3736 902 tacen-

2157 928 2250 996 da,
2278 931 2536 983 tacemus
2565 928 2827 986 dicenda.
2860 931 3100 1003 Agimus
3121 931 3279 1004 quod
3310 933 3740 1008 nolumus,quod

2103 1038 2112 1044 -
2156 1019 2420 1074 volumus
2439 1017 2768 1090 nequimus.
2802 1022 2884 1075 lta
2910 1024 3046 1075 sunt
3065 1020 3263 1075 omnia
3278 1021 3450 1092 plena
3468 1025 3742 1095 perturba-

2159 1105 2350 1173 tionis,
2375 1122 2440 1160 ac
2464 1106 2654 1179 potius
2673 1107 3026 1163 confusionis
3056 1123 3072 1164 :
3109 1125 3213 1162 nec
3255 1125 3314 1162 se
3360 1107 3448 1164 sic
3490 1108 3744 1183 ingerunt

2156 1195 2500 1268 expetenda,
2519 1196 3019 1267 quemadmodum
3034 1196 3361 1252 devitanda.
3385 1198 3525 1252 Nam
3546 1198 3590 1252 si
3607 1200 3745 1254 obla-

2158 1285 2216 1337 ta
2246 1286 2393 1338 esset
2443 1283 2803 1338 rationabilis
2839 1284 3098 1351 facultas,
3133 1285 3260 1356 jam
3317 1285 3532 1342 dudum
3577 1291 3746 1343 vestra

2121 1411 2124 1413 .
2157 1371 2442 1444 colloquia
2466 1372 3154 1446 expetissemus.Regium
3178 1391 3420 1438 nomen,
3443 1375 3593 1447 quod
3609 1379 3744 1448 apud

2158 1461 2408 1514 Francos
2433 1477 2581 1531 pene
2612 1464 2949 1516 emortuum
2973 1464 3077 1529 est,
3107 1462 3336 1534 magnis
3366 1463 3742 1531 consiliis,ma-

2159 1548 2288 1623 gnis
2320 1549 2536 1603 viribus
2578 1549 3075 1605 resuscitassemus
3109 1568 3121 1605 :
3154 1552 3257 1606 sed
3297 1555 3533 1624 propter
3584 1552 3746 1627 impia

2161 1640 2700 1710 tempora,propter
2716 1639 3168 1712 perditissimoru
3180 1657 3238 1694 m
3257 1639 3454 1712 iniqua
3475 1657 3747 1696 commen-

2161 1731 2240 1795 ta,
2267 1728 2416 1782 clam
2440 1726 2665 1798 agimus
2677 1727 2830 1798 quod
2857 1728 3053 1799 palam
3070 1745 3185 1783 non
3210 1728 3746 1800 possumusﬂeniet,

462 1823 594 1876 tant
625 1819 840 1876 exitum
891 1816 1155 1874 instantis
1193 1817 1463 1874 fortunae.
1506 1814 1663 1872 Dabo
1686 1829 1924 1884 operam
1951 1820 2060 1884 pro
2084 1824 2134 1883 Β
2161 1818 2370 1882 vemet,
2405 1815 2667 1888 inquam,
2695 1815 2836 1883 dies,
2865 1819 2924 1883 et
2954 1833 3133 1890 prepe
3176 1820 3285 1885 est,
3330 1817 3391 1882 in
3432 1835 3544 1890 qua
3582 1818 3748 1873 unius-

461 1909 699 1971 viribus,
733 1925 840 1963 nec
869 1905 1186 1980 quidquam
1224 1920 1426 1960 eorum
1461 1919 1590 1976 quae
1625 1899 1752 1956 fieri
1795 1901 2062 1972 Oporteat

459 1997 878 2062 intermittam,
928 1996 1112 2050 donec
1141 1993 1352 2066 optatis
1376 1991 1642 2065 perfruar
1666 1989 1913 2056 sedibus,
1935 1988 2063 2043 red-

463 2087 718 2159 damque
742 2087 858 2140 Deo
888 2087 1021 2139 vota
1050 2099 1188 2138 mea
1215 2082 1272 2138 in
1299 2081 1458 2137 Sion.
1489 2080 1647 2149 Vale,
1667 2077 2060 2134 amantissime

458 2174 650 2240 Pater,
682 2172 871 2226 valeat
897 2170 1078 2226 frater
1104 2168 1400 2236 Ariardus,
1425 2169 1610 2222 valeat
1638 2164 2063 2221 sanctissimum

462 2259 776 2330 collegium
805 2259 910 2314 tibi
964 2259 1309 2328 subjectum,
1357 2257 1590 2328 meique
1634 2255 1756 2309 sitis
1775 2268 2064 2309 memores

461 2347 526 2406 in
548 2348 1012 2422 contemplativis
1043 2363 1176 2402 cum
1209 2350 1374 2419 patre
1401 2361 1534 2400 meo
1561 2344 1724 2399 Adal.

920 2435 1256 2492 EPISTULA
1285 2435 1498 2490 CLXXI.

572 2543 916 2584 VKNERABILI
954 2542 1153 2581 ADHUC
1184 2539 1471 2580 EPISCOPO
1503 2541 1560 2579 Α.
1593 2539 1957 2579 GERBERTOS.

539 2619 704 2674 Itane
725 2615 1006 2672 socordia:
1035 2618 1208 2687 atque
1259 2613 1445 2669 dubiis
1490 2613 1712 2669 casibus
1752 2611 2062 2679 credidisti,

469 2707 536 2760 ut
564 2704 787 2776 gladios
815 2702 1020 2758 cervici
1049 2701 1424 2758 imminentes
1453 2717 1572 2757 non
1617 2701 1828 2768 videas,
1860 2700 2065 2756 arietes

466 2811 536 2850 ac
564 2793 762 2850 vineas
788 2791 884 2848 ilia
917 2795 1015 2848 tua
1033 2792 1325 2864 pulsantes
1355 2807 1473 2847 non
1501 2791 1751 2846 sentias?
1776 2790 2066 2846 Recorda-

465 2901 552 2953 re,
585 2901 799 2957 quaaso,
833 2882 970 2956 quid
1001 2886 1194 2937 actum
1225 2881 1318 2950 sit,
1347 2899 1380 2937 ο
1403 2881 1534 2936 felix
1553 2881 1848 2953 quondam
1876 2885 1933 2936 et
1948 2881 2068 2936 dul-

467 2973 547 3027 cis
589 2972 798 3038 amice,
837 2971 940 3026 sub
993 2969 1240 3042 imperio
1289 2969 1467 3043 patris
1504 2969 1620 3025 mei
1667 2970 2062 3026 Adalheronis.

471 3061 596 3116 Divi
625 3063 774 3134 Aug.
807 3059 1061 3116 Lotharii
1091 3076 1406 3131 germanus
1434 3059 1636 3127 frater,
1667 3060 1852 3115 heres
1880 3059 2066 3130 regni,

465 3168 649 3223 regno
666 3150 931 3223 expulsus
951 3153 1056 3206 est.
1081 3150 1213 3220 Ejus
1231 3149 1446 3215 aemuli,
1462 3151 1525 3203 ut
1540 3148 1734 3221 opinio
1751 3149 2070 3204 multorum

469 3243 576 3308 est,
607 3239 762 3294 inter
800 3255 969 3310 reges
1001 3238 1178 3293 creati
1222 3241 1373 3292 sunt.
1433 3237 1557 3302 Quo
1597 3238 1731 3308 jure
1777 3237 2072 3308 legitimus

473 3328 662 3384 haeres
682 3327 1080 3383 ethredatus
1109 3329 1216 3394 est,
1256 3343 1371 3398 quo
1406 3327 1536 3397 jure
1590 3343 1772 3398 regno
1817 3325 2071 3398 privatus

472 3420 578 3481 est,
603 3419 661 3470 et
689 3432 804 3487 quo
834 3415 894 3469 in
926 3417 1230 3487 paternam
1263 3415 1503 3470 domum
1552 3414 1724 3469 rediit
1750 3416 1778 3470 ?
1809 3415 1947 3479 Quae
1977 3415 2072 3470 de-

471 3507 635 3559 creta
685 3505 1086 3559 Romanorum
1119 3502 1458 3574 pontificum
1501 3503 1752 3558 infantes
1798 3503 2072 3576 baptizari

479 3591 840 3648 vetuerunt?
882 3591 988 3656 Qui
1019 3592 1162 3646 sacri
1193 3609 1442 3648 canones
1471 3591 1808 3647 innocentes
1837 3594 2072 3664 presby-

2163 1903 2441 1976 cujusque
2472 1906 2735 1959 nostrum
2760 1905 3081 1977 probentur
3115 1909 3173 1960 et
3227 1905 3502 1977 cogitata,
3533 1908 3588 1960 et
3612 1905 3749 1961 dicta

2162 1997 2221 2048 et
2257 1993 2428 2048 facta.
2485 1993 2722 2048 Interim
2769 1993 3132 2067 praescriptas
3182 1993 3342 2050 vobis
3392 1997 3571 2050 metas
3609 2010 3750 2049 reco-

2161 2081 2444 2154 gnoscite,
2480 2098 2590 2136 nec
2611 2081 2836 2153 majora
2863 2083 3028 2153 regni
3059 2081 3301 2154 negotia
3321 2081 3503 2138 velitis
3527 2081 3746 2136 definire

2160 2170 2283 2225 sine
2314 2170 2747 2244 metropolitani
2773 2171 3154 2238 conscientia,
3183 2188 3294 2226 nec
3332 2171 3667 2226 sententiam
3695 2169 3746 2224 in

2162 2260 2252 2314 his
2279 2259 2634 2331 prmcipitate
2689 2277 2817 2332 qua:
2862 2276 2976 2331 quo
3017 2259 3216 2314 animo
3270 2260 3416 2315 fiant
3472 2257 3749 2332 ignoratis.

2167 2349 2543 2404 Prudentiam
2575 2350 2866 2422 roburque
2892 2352 3145 2404 vestrum
3168 2351 3478 2416 reservate,
3508 2353 3634 2403 tunc
3652 2347 3751 2402 for-

2166 2435 2389 2492 tissima
2415 2442 2651 2510 pectora
2679 2438 2938 2496 hostibus
2959 2454 3063 2510 pro
3096 2437 3261 2493 nobis
3291 2437 3747 2510 exposituri,cum

2169 2524 2425 2582 videritis
2449 2526 2702 2582 victricia
2728 2526 2894 2600 signa
2925 2527 3089 2583 nobis
3121 2526 3456 2582 ductoribus
3476 2523 3744 2584 anteferri.

2616 2651 2954 2707 EPISTOLA
2988 2651 3260 2708 CLXXIII.

2237 2741 2388 2796 Mare
2419 2740 2703 2796 ﬂuctuans
2731 2741 2974 2812 ingressi
3004 2740 3429 2812 naufragamur
3447 2743 3504 2796 et
3525 2738 3748 2812 ingemi-

2166 2829 2407 2899 scimus;
2439 2847 2723 2902 nusquam
2755 2835 2880 2886 tuta
2909 2831 3124 2897 littora,
3149 2848 3439 2904 nusquam
3463 2834 3652 2904 portus
3672 2846 3752 2884 oc-

2168 2919 2365 2974 currit.
2400 2921 2462 2974 In
2493 2919 2651 2975 vobis
2682 2919 2936 2991 quietem
2966 2919 3302 2992 quaerimus.
3346 2923 3409 2976 In
3435 2920 3588 2976 vobis
3613 2921 3748 2975 certe

2170 3012 2274 3075 est,
2308 3008 2464 3080 quod
2495 3025 2627 3063 cum
2675 3008 2948 3064 dederitis
2978 3025 3094 3064 non
3147 3009 3318 3076 desit,
3363 3007 3655 3079 accipienti
3677 3023 3752 3061 su-

2091 3121 2139 3182 ο
2171 3097 2367 3170 persit.
2405 3097 2658 3152 Petimus
2708 3114 2848 3170 ergo
2885 3098 3047 3153 omni
3091 3097 3304 3153 atfectu
3351 3096 3633 3154 charitatis
3666 3110 3750 3152 vos

2172 3186 2352 3241 affore
2378 3186 2572 3241 Remis
2594 3205 2632 3242 ιι
2662 3188 2786 3242 Kal.
2817 3186 3050 3258 Aprilis,
3081 3185 3126 3242 si
3149 3187 3288 3258 jure
3314 3185 3579 3243 amicitia:
3603 3182 3750 3255 quid-

2174 3292 2348 3348 quam
2379 3276 2808 3349 promeruimus
2821 3280 2920 3332 aut
2943 3276 3271 3349 promereri
3297 3294 3462 3354 posse
3484 3278 3746 3349 putamus.

2656 3401 2994 3456 EPISTOLA
3040 3401 3305 3457 CLXXIV.

2402 3505 2476 3544 AD
2509 3505 2832 3546 ROMULFUM
2859 3506 3128 3544 ΑΒΒΑΤΕΜ
3153 3506 3558 3546 εεκοκεκεεκ.

2239 3578 2440 3634 Officia
2469 3580 2657 3635 dantis
2685 3583 2744 3634 et
2768 3579 3098 3651 accipientis
3115 3579 3458 3635 muneribus
3478 3576 3664 3633 vestris
3676 3593 3757 3631 ex-

477 3685 633 3738 teros
661 3682 734 3737 ab
755 3680 1031 3736 altaribus
1047 3681 1462 3736 removerunt?
1485 3681 1620 3752 Agit,
1637 3681 2072 3737 Abrahamcum
2177 3667 2355 3724 secuti
2376 3669 2530 3724 estis.
2564 3669 2710 3723 Nihil
2739 3668 2896 3723 enim
2928 3667 3095 3723 nobis
3115 3668 3415 3740 antiquius
3434 3667 3491 3723 in
3519 3664 3760 3722 humanis

478 3773 596 3828 Deo
645 3787 899 3837 causam,
954 3773 1150 3825 utrum
1199 3769 1256 3825 in
1304 3769 1572 3825 Sodomis
1601 3770 1809 3825 debeat
1833 3771 2074 3842 perdere
2174 3759 2348 3813 renus
2375 3758 2828 3813 Clarisstmnl'nm
2867 3756 3172 3813 hominum
3211 3758 3479 3821 δοίθηίίδι
3523 3774 3644 3830 (Im
3671 3753 3760 3808 “u'

467 3859 692 3930 justum
716 3876 846 3914 cum
877 3858 1078 3930 impio,
1107 3862 1164 3913 et
1193 3861 1254 3913 tu
1284 3861 1478 3929 pastor
1507 3875 1624 3913 non
1655 3858 1883 3914 dubitas
1911 3859 2073 3914 addi-
2175 3865 2286 3920 que
2311 3845 2720 3918 multiplicibus
2739 3846 3019 3902 librorum
3043 3845 3755 3918 voluminibusexplicatlu'.

475 3965 604 4006 cere
626 3967 814 4023 preme
847 3949 1082 4006 noxium
1115 3949 1282 4004 simul
1315 3951 1374 4004 et
1410 3947 1709 4003 innoxium
1737 3949 1765 4003 ‘I
1796 3948 1908 4004 Sed
1938 3949 2063 4022 quid

2173 3936 2338 4007 Agite
2366 3953 2504 4008 ergo
2533 3940 2596 3990 ut
2623 3935 2888 4008 coepistis,
2934 3939 2991 3989 et
3039 3937 3256 3990 fluenta
3289 3937 3359 3992 Μ.
3386 3935 3546 3991 Tullii
3569 3930 3757 3988 sitienti

477 4057 587 4111 ego
612 4040 736 4095 haec
771 4039 1042 4106 minima,
1074 4055 1204 4094 cum
1257 4037 1431 4092 sciam
1464 4037 1889 4094 accusationem
1912 4021 2063 4093 tuam

2177 4026 2448 4094 przebete.
2482 4026 2550 4082 Μ.
2581 4025 2794 4079 Tullius
2823 4025 3030 4080 mediis
3057 4041 3116 4078 se
3137 4024 3371 4094 ingerat
3389 4024 3554 4090 curis,
3578 4021 3759 4095 quibus

475 4151 510 4188 a
538 4131 930 4187 sacerdotibus
955 4129 1055 4184 Dei
1081 4127 1451 4200 descriptam,
1485 4131 1543 4182 et
1571 4129 1803 4202 plenam
1818 4127 2063 4183 crimini-

2178 4116 2309 4184 post
2339 4114 2496 4168 urbis
2527 4117 2739 4169 nostrm
2764 4114 3152 4186 perditionem
3183 4113 3263 4167 sic
3299 4113 3677 4186 implicamur,
3706 4111 3758 4162 ut

478 4223 606 4287 bus,
639 4219 937 4292 gravidam
958 4199 1310 4273 sceleribus?
1331 4217 1504 4273 Electi
1530 4199 1663 4273 sunt
1673 4217 1916 4289 judices,
1933 4234 2076 4289 quo-
2179 4205 2315 4256 ante
2344 4204 2539 4292 ncnlos
2563 4202 2868 4258 hominum
2900 4202 3112 4292 felices:
3137 4199 3757 4292 ηοδίτοάυάίοίοίδδδθέ·

478 4286 608 4364 rum
629 4286 848 4379 judicio
876 4306 920 4360 si
943 4306 1212 4373 defueris,
1243 4307 1314 4361 de
1344 4306 1603 4362 absentia
1641 4286 1784 4363 nihil
1820 4286 2063 4362 lucrabe-

2179 4307 2312 4346 mur
2336 4291 2612 4346 infelices.
2638 4293 2776 4356 Quae
2806 4291 3009 4347 mundi
3035 4295 3167 4346 sunt
3193 4291 3528 4363 quaerimus,
3560 4286 3754 4345 inveni-

483 4397 584 4451 ris.
609 4398 676 4451 Et
703 4396 751 4450 si
772 4394 874 4450 adf
878 4395 1047 4463 ueris,
1072 4395 1503 4468 episcOpusesse
1523 4396 1787 4450 cessabis.
1813 4397 2063 4454 Inventus

2182 4397 2331 4448 mus,
2365 4381 2714 4453 perficimus,
2745 4384 2802 4436 ct
2829 4386 2894 4435 ut
2919 4381 2996 4435 ita
3026 4380 3210 4434 dicam
3245 4382 3536 4452 principes
3556 4375 3755 4432 sceleris

481 4489 566 4540 est
595 4485 692 4556 qui
727 4488 852 4539 tuas
869 4484 1015 4539 vices
1035 4484 1323 4539 sortiatur.
1355 4484 1530 4538 Curre
1545 4501 1686 4556 ergo
1703 4485 1839 4540 dum
1862 4484 2063 4556 aliquid

2179 4469 2312 4523 facti
2346 4486 2568 4528 sumus.
2610 4471 2716 4524 Fer
2755 4487 2948 4542 opem,
2988 4471 3175 4534 Pater,
3227 4473 3290 4523 ut
3327 4470 3614 4533 Divinitas,
3646 4481 3754 4536 qua:

475 4575 576 4628 otii
608 4554 889 4646 superest,
923 4589 1108 4644 neque
1135 4589 1294 4643 spem
1322 4576 1481 4628 tuam
1511 4554 1692 4644 pou—as
1713 4573 1772 4628 in
1805 4554 1990 4644 Ligeri
2019 4576 2077 4626 et
2179 4557 2550 4646 multitudine
2581 4561 2948 4629 peccatorum
2997 4559 3338 4620 excluditur,
3379 4559 3490 4612 tuis
3521 4554 3756 4628 precibus

480 4643 770 4736 Sequana,
798 4662 939 4716 nihil
959 4643 1311 4734 profuturus.
1335 4663 1452 4733 Ego
1475 4643 1710 4734 quidem
1729 4643 2072 4730 factionum,
2177 4645 2389 4701 inﬂexa
2434 4647 2655 4713 redeat,
2709 4664 2818 4736 nos
2854 4647 3061 4736 visitet,
3093 4650 3151 4702 et
3199 4647 3506 4703 nobiscum
3538 4643 3754 4736 habitet,

479 4751 997 4824 conspirationum,
1059 4749 1446 4822 jurisconsulti
1516 4767 1583 4806 ac
1650 4751 2063 4807 consulentium

2175 4737 2389 4806 tuaque
2444 4734 2779 4808 prementia,
2829 4735 2875 4790 si
2924 4735 3049 4790 fieri
3105 4739 3317 4806 potest,
3369 4737 3649 4799 laetemur,
3672 4727 3756 4802 qui

473 4823 754 4909 conscius,
781 4840 855 4897 ob
885 4841 1054 4896 fidele
1074 4839 1368 4896 silentium
1399 4841 1520 4894 haec
1551 4839 1650 4895 tibi
1681 4857 1851 4894 causa
1870 4840 2075 4895 veteris
2175 4823 2327 4879 ben“
2358 4823 2542 4880 Ρδίΐίδ
2562 4824 2666 4878 Αά·
2697 4824 2957 4879 absentia
2980 4823 3298 4880 "istam"?-

473 4930 741 4986 amicitim
777 4930 951 4985 habui
983 4929 1194 4993 dicere,
1229 4931 1292 4984 ut
1321 4933 1376 4984 te
1415 4929 1678 5000 lethargo
1719 4928 2070 4984 alleviarem.

477 5021 662 5075 Tuum
693 5021 766 5074 sit
792 5020 1016 5091 plenius
1045 5017 1368 5074 remedium
1395 5034 1676 5089 quaerere,
1703 5017 1800 5089 qui
1825 5017 2072 5072 etiamin

477 5108 833 5166 comitialem
867 5109 1134 5165 morbum
1169 5107 1376 5162 videris
1397 5105 1692 5161 decidisSe.
1727 5107 1877 5162 Vale.

973 5179 1302 5252 EPISTULA
1334 5197 1568 5250 CLXXII.

546 5291 850 5344 Immensae
883 5286 1301 5343 benevolentiw
1332 5303 1396 5340 ac
1427 5285 1616 5358 potius
1646 5285 1844 5357 pietati
1873 5288 2072 5341 vestrm

422 5416 432 5428 .
468 5379 621 5432 circa
648 5395 752 5433 nos
781 5379 1095 5431 immensas
1112 5375 1484 5447 rependimus
1503 5378 1708 5446 grates.
1739 5376 1946 5440 Quanti
1971 5394 2073 5431 nos

467 5467 1135 5538 habeatiscompassione
1147 5469 1329 5519 vestra
1343 5465 1602 5536 profecto
1617 5465 1963 5520 declarastis.
1976 5467 2073 5520 Dc-

470 5557 754 5612 claramus
766 5572 905 5628 ergo
919 5559 976 5612 et
994 5573 1097 5611 nos
1115 5555 1250 5628 quid
1264 5553 1322 5608 in
1341 5555 1599 5608 futurum
1618 5556 2070 5620 moliamur,non

475 5648 662 5701 solum
686 5663 752 5701 ex
771 5646 860 5702 his
882 5662 1008 5720 qum
1027 5661 1154 5700 cum
1172 5643 1527 5718 paucissimis
1550 5647 2090 5719 pernoctamus,sed

2674 4931 3002 4985 EPISTOIA
3037 4929 3275 4984 CLXXV.

2396 5037 2468 5074 AD
2507 5038 2558 5074 Ε.
2594 5036 3099 5075 ARCHIEPISCOPUM
3127 5035 3562 5074 TREVIRENSEN.

2248 5109 2534 5175 Pervenit,
2569 5108 2898 5164 beatissime
2917 5111 3103 5176 Pater,
3121 5109 3352 5181 gladius
3372 5125 3547 5180 usque
3569 5105 3637 5161 ad
3653 5099 3757 5157 anis

2177 5215 2334 5253 mam
2357 5217 2370 5253 :
2395 5198 2602 5269 gladiis
2617 5197 2869 5253 hostium
2886 5199 3140 5269 undique
3156 5197 3612 5269 perstrmgimur.
3632 5191 3755 5246 Hinc

2174 5290 2290 5343 fide
2319 5289 2604 5360 promissa
2639 5288 2871 5357 regibus
2904 5288 3252 5342 Francorum
3299 5301 3589 5358 urgemur.
3631 5279 3755 5334 Hinc

2178 5377 2449 5449 potestati
2484 5376 2753 5448 principis
2775 5376 2960 5430 Caroli
2992 5393 3239 5448 regnum
3272 5375 3342 5430 ad
3380 5392 3441 5428 se
3461 5366 3756 5428 revocantis

2178 5467 2413 5533 addicti,
2447 5470 2776 5538 permutare
2797 5465 3084 5532 dominos,
3103 5470 3201 5520 aut
3221 5466 3438 5520 exsules
3467 5461 3588 5516 fieri
3611 5456 3753 5524 cogi-

2179 5574 2330 5611 mur.
2361 5557 2475 5610 Hoc
2503 5557 2689 5611 solum
2731 5555 2851 5626 spei
2897 5557 3176 5628 superest,
3220 5553 3375 5626 quod
3415 5567 3515 5607 vos
3537 5543 3757 5623 praescia

2175 5645 2440 5701 divinitas
2466 5644 2854 5717 germanitate
2882 5644 3132 5716 quadam
3160 5643 3327 5698 nobis
3348 5639 3612 5705 devinxit,
3630 5636 3753 5690 etut
