3954 6170
263 367 350 436 κο

1116 365 1531 438 samm1.—
1557 368 1740 440 ANTE
1770 369 2059 448 sum
2085 369 2612 444 numerumn.

3427 377 3532 445 $30

260 491 467 563 invicem
493 505 665 556 onera
685 489 981 566 portemus
996 489 1204 556 effecit.
1223 492 1310 558 Ad
1339 509 1439 552 vos
1465 491 1660 566 itaque
1687 508 1822 557 con-
1843 496 1899 564 Α
1920 491 2026 555 tris
2046 491 2162 552 mei
2190 492 2345 554 beati
2359 492 2465 552 Ad.
2481 494 2555 551 ad
2573 492 2886 552 Dominum
2910 493 3221 572 discessum
3249 511 3350 556 cur
3369 498 3531 567 tanto
3568 486 3576 494 ’

261 583 472 658 fugimus
499 585 772 655 tanquam
805 582 878 640 ad
897 585 1121 638 rectum
1148 581 1505 656 praesidium,
1536 586 1818 656 tanquam

260 673 320 730 ad
350 688 491 727 aram
521 671 861 745 prudentiae,
886 675 1169 744 tanquam
1201 671 1273 726 ad
1296 671 1618 728 divinarum
1645 674 1818 743 atque

256 761 596 818 humanarum
631 761 830 832 legum
851 759 1214 831 interpretes.
1275 761 1570 833 Eruntque
1598 761 1821 832 perlata

259 851 484 908 consulta
511 848 637 905 ﬁliis
666 848 864 904 vestris
889 848 1141 912 coelestia
1171 850 1424 910 oracula.

693 974 1029 1029 EPISTOLA
1073 974 1342 1029 CLXXVI.

543 1079 600 1118 G.
635 1079 758 1118 SAL.
792 1080 950 1118 DICIT
979 1078 1038 1118 Β.
1063 1079 1172 1119 SIBI
1203 1078 1477 1118 DILECTO.

304 1152 526 1210 Grandia
540 1152 776 1224 quidem
793 1151 996 1224 poscis,
1021 1152 1348 1207 dulcissime
1381 1148 1688 1218 frater,sed
1707 1149 1818 1205 tuis

246 1242 431 1298 meritis
453 1257 568 1295 non
608 1240 1039 1295 indebita.Nam
1094 1241 1232 1313 quid
1263 1244 1349 1294 est
1379 1243 1500 1294 tam
1560 1239 1812 1312 optabile

248 1331 373 1403 quod
397 1328 794 1384 benevolentia
822 1332 922 1384 tua
953 1345 1070 1384 non
1101 1329 1508 1402 promeretur?
1525 1327 1662 1400 quid
1691 1330 1813 1382 tam

244 1418 428 1473 humile
455 1417 612 1488 quod
641 1417 893 1472 conferri
908 1417 1108 1472 amicis
1138 1419 1261 1472 hinc
1282 1421 1550 1490 tempora
1574 1417 1769 1471 sinant

244 1508 408 1578 Itaque
430 1521 558 1560 cum
591 1505 696 1560 tibi
719 1506 866 1560 desit
894 1505 1097 1561 artifex
1127 1505 1422 1572 medendi,
1456 1505 1820 1560 nobisreme-

243 1594 436 1649 diorum
462 1593 734 1661 materia,
757 1594 1187 1665 supersedimus
1218 1593 1544 1649 describere
1572 1610 1640 1648 ea
1681 1607 1813 1664 quae

245 1682 569 1737 medicorum
612 1682 943 1754 peritissimi
975 1682 1139 1738 utilia
1187 1681 1574 1754 judicaverint
1619 1680 1816 1736 vitiato

238 1769 402 1841 jecori.
426 1770 616 1834 Quem
645 1771 914 1833 morbum
935 1774 996 1825 tu
1014 1773 1282 1843 corrupte
1310 1774 1596 1842 postuma,
1639 1767 1819 1825 nostri

241 1824 521 1929 apostema,
551 1824 763 1914 an;
779 1824 1380 1915 castaneas.
1398 1824 1642 1927 ama.
1675 1824 1814 1912 dicit
1845 1843 1898 1904 Β
1921 1824 1988 1879 ch

242 1947 498 2019 appellari.

683 2053 1019 2110 EPISTOLA
1059 2053 1341 2110 CLXXVII.

421 2159 496 2199 ΔΙ)
526 2159 863 2199 κολωω-ὌΜ
896 2159 1163 2198 ΔΒΒΛΤΕΜ
1189 2155 1587 2199 εεΝσΝεΝεεΜ.

293 2231 474 2304 lagno
498 2249 779 2286 curarum
805 2232 1065 2303 pondere
1090 2231 1146 2286 in
1179 2235 1482 2286 momento
1542 2229 1823 2301 temporis

239 2318 530 2375 alleviatum
569 2321 644 2374 iri
663 2320 1062 2375 existimamus
1082 2319 1600 2376 deliberationibus
1613 2318 1826 2374 nostris

242 2407 300 2461 ad
328 2409 454 2463 utile
480 2412 539 2463 et
599 2408 910 2464 honestum
942 2425 1106 2480 usque
1137 2408 1381 2464 inﬂexis.
1435 2407 1599 2472 Quod
1628 2407 1826 2478 utique

241 2496 372 2567 puris
416 2497 720 2552 affectibus
773 2497 973 2552 vestris
1013 2496 1073 2552 in
1123 2497 1320 2552 divina
1355 2497 1742 2569 speculatione
1766 2496 1830 2547 ut

240 2589 482 2656 emptum,
521 2586 614 2641 ita
643 2586 1172 2642 consummandum
1216 2591 1321 2642 est.
1357 2585 1565 2659 Sicque
1617 2580 1828 2655 aptiori

238 2672 342 2730 loco
371 2679 580 2730 mutua
609 2674 1031 2746 perfruendum
1063 2675 1364 2733 charitate.

673 2799 1010 2855 EPISTOLA
1055 2799 1366 2856 CLXXVIII.

389 2905 461 2942 AD
509 2904 833 2944 BRUNONEM
865 2906 1189 2944 EPISCOPUM
1219 2906 1651 2948 LINGONENSEM.

296 2977 651 3034 Serenissimi
678 2977 918 3048 Augusti
941 2977 1161 3032 domini
1178 2978 1358 3033 nostri
1382 2978 1824 3034 desiderabilem

240 3069 588 3138 praesentiam
617 3072 869 3124 vestram
891 3084 1061 3123 causa
1090 3068 1452 3125 consultandi
1467 3069 1817 3139 jamdudum

241 3161 508 3229 exoptant.
536 3158 746 3214 Moneo
771 3173 910 3229 ergo
942 3173 1042 3212 vos
1067 3160 1240 3230 atque
1273 3174 1416 3229 rogo
1439 3173 1608 3212 causa
1637 3155 1835 3212 salutis

243 3245 390 3301 totius
416 3246 776 3323 reipublicae,
809 3245 1246 3320 quamprimum
1277 3249 1570 3302 maturare
1602 3246 1730 3301 iter.
1766 3248 1836 3301 Et

242 3335 354 3405 quia
380 3353 472 3392 vos
503 3337 668 3410 apud
691 3335 965 3391 Roceium
1000 3336 1191 3391 audivi
1215 3353 1318 3410 pro
1343 3354 1476 3392 mea
1506 3337 1834 3404 salute,me-

237 3439 348 3481 rear
366 3444 515 3482 nunc
545 3427 886 3482 Silvanectis
909 3426 1093 3482 audiri
1114 3443 1220 3499 pro
1247 3427 1513 3484 omnium
1540 3427 1829 3484 bonorum

237 3513 576 3572 liberatione.

705 3642 1038 3698 EPISTOLA
1084 3643 1344 3697 CLXXIX.

309 3747 374 3783 AD
402 3747 730 3786 ECBERTUH
763 3747 1278 3787 ARCHIEPISCOPUM
1305 3749 1738 3788 TREVIRENSEM.

293 3818 391 3874 Etsi
416 3820 802 3892 prudentiam
828 3825 1078 3876 vestram
1110 3821 1170 3875 in
1197 3822 1391 3876 multis
1407 3825 1676 3893 expertus
1690 3821 1825 3890 sim,

238 3924 394 3980 nuper
406 3914 608 3964 tamen
638 3910 954 3981 plurimum
969 3909 1380 3976 intellexi,cum
1401 3910 1829 3982 querimoniam

235 4012 383 4066 quam
412 4015 480 4053 ex
512 4015 770 4071 persona
789 4001 886 4053 Ar.
907 3997 1322 4070 archiepiscopi
1350 4000 1826 4067 subornaveram,

235 4087 398 4141 subtili
428 4105 719 4160 responso
744 4087 1176 4160 perstrinxistis.
1202 4088 1425 4142 Veritus
1453 4089 1648 4160 itaque
1675 4106 1824 4157 sum,

237 4171 527 4231 famulante
553 4175 933 4242 conscientia,
968 4193 1041 4232 ne
1063 4176 1118 4230 in
1149 4176 1329 4231 oculis
1349 4177 1550 4232 vestris
1571 4177 1829 4248 displice-

238 4276 359 4331 rem,
383 4265 479 4336 qui
512 4264 901 4335 mihimetipsi
935 4264 1236 4337 displicere
1260 4265 1384 4336 jam
1418 4282 1730 4337 coeperam,
1756 4283 1824 4321 eo

238 4351 363 4419 quod
383 4369 494 4407 non
511 4353 710 4407 socius
735 4352 1028 4418 vitiorum,
1060 4353 1158 4407 sed
1183 4354 1455 4424 princeps
1481 4354 1828 4424 dijudicarer

237 4442 600 4497 maximorum
656 4445 961 4498 scelerum.
1018 4445 1111 4497 llle
1143 4460 1274 4515 ego,
1308 4443 1530 4514 quisub
1579 4443 1826 4516 imperio

238 4525 391 4584 beatae.
409 4532 716 4586 memoriae
737 4532 914 4604 patris
935 4533 1047 4586 mei
1070 4533 1172 4586 Ad.
1188 4532 1567 4586 militaveram
1588 4533 1643 4586 in
1662 4534 1825 4587 sclio-

233 4618 278 4670 la
290 4623 540 4675 omnium
561 4623 1026 4687 virtutum,nunc
1048 4638 1158 4694 ego
1176 4621 1398 4694 regiam
1419 4622 1608 4676 incolo
1632 4623 1825 4676 aulam

237 4722 344 4762 cum
379 4711 776 4766 sacerdotibus
798 4711 896 4765 Dei
925 4711 1098 4765 verba
1126 4711 1254 4765 vitm
1287 4711 1734 4766 conferens.Nec
1751 4711 1825 4766 ob

238 4811 470 4853 amorem
489 4799 684 4854 Caroli
717 4801 802 4853 vel
829 4800 1052 4854 Arnulfl
1077 4816 1276 4871 passus
1302 4816 1429 4853 sum
1460 4799 1670 4854 diutius
1702 4799 1828 4854 ﬂeri

240 4899 495 4953 organum
527 4887 768 4954 diaboli,
803 4904 909 4959 pro
937 4889 1243 4943 mendacio
1274 4892 1478 4943 contra
1524 4888 1828 4944 veritatem

240 4973 736 5032 deelamando.0ro
758 4977 952 5050 itaque
971 4978 1209 5050 antiqua
1223 4979 1625 5033 benevolentia
1643 4982 1832 5034 vestra

243 5059 420 5130 dignus
459 5065 728 5120 inveniri.
749 5067 971 5138 Quippe
1018 5067 1444 5122 existimatione
1477 5071 1661 5122 vestra
1689 5084 1828 5123 con-

241 5149 511 5208 scientiam
547 5172 744 5209 meam
778 5155 985 5222 detexi,
1023 5158 1084 5210 ut
1113 5174 1176 5210 ex
1202 5175 1295 5211 me
1316 5156 1671 5229 pernoscatis
1691 5155 1830 5229 quid

245 5235 300 5290 de
326 5242 650 5310 perditione
674 5244 984 5299 Remorum
1020 5245 1340 5317 intelligere
1368 5244 1646 5302 debeatis.

718 5369 1049 5425 EPISTULA
1090 5371 1325 5426 CLXXX.

354 5470 425 5506 AD
450 5471 884 5512 ADALBERONEM
914 5476 1234 5514 EPISCOI’UM
1263 5477 1703 5515 VIRDUNENSEM.

304 5540 570 5598 Omnium
585 5546 952 5601 consiliorum
968 5563 1232 5602 meorum
1246 5545 1510 5618 participi
1524 5565 1588 5614 ac
1601 5547 1829 5603 conscio

250 5642 344 5683 non
375 5636 558 5689 multa
581 5636 749 5691 verba
771 5638 1022 5691 facturus
1043 5654 1189 5691 sum.
1217 5636 1364 5691 Satis
1381 5636 1536 5691 enim
1559 5640 1686 5708 post
1722 5639 1817 5692 Pa—

1921 584 2187 654 tempore
2215 582 2408 642 Remis
2434 588 2833 641 commoratus
2867 602 3020 653 sum,
3051 602 3164 658 quo
3193 590 3326 644 ante
3348 588 3538 662 perdi-

1921 671 2144 732 tionem
2160 673 2313 730 urbis
2331 676 2532 746 etpost
2547 674 2936 746 perditionem
2954 675 3114 734 abire
3131 678 3533 735 contenderim

1924 760 2142 834 Smpius
2199 778 2432 834 quoque
2481 762 2620 818 illud
2647 763 3067 822 Terentianum
3118 766 3536 838 recepistis:Si

1923 867 2041 905 non
2065 852 2254 923 potest
2283 850 2407 906 fieri
2440 852 2596 923 quod
2623 852 2725 922 vis,
2769 852 2828 907 id
2861 853 2998 908 velis
3029 855 3186 926 quod
3234 855 3434 928 possis.
3463 857 3533 913 Et

1926 955 2080 992 nunc
2120 938 2353 1011 quidem
2374 940 2791 996 beneﬁciorum
2822 958 2888 997 ac
2917 942 3146 1014 pietatis
3167 947 3368 1000 vestrae
3384 943 3536 1001 circa

1922 1041 2018 1079 me
2049 1042 2168 1080 non
2199 1024 2534 1092 immemor,
2557 1029 2904 1100 conceptum
2959 1045 3220 1085 amorem
3252 1046 3393 1102 erga
3437 1047 3536 1086 vos

1924 1116 2260 1186 vestrosque
2312 1130 2610 1182 conservo,
2673 1133 2860 1188 eoque
2913 1134 3008 1173 me
3041 1118 3360 1177 beatiorem
3407 1118 3533 1176 ﬁeri

1913 1201 2132 1272 judico.
2159 1202 2463 1266 Quomodo
2491 1204 2649 1258 enim
2682 1221 2801 1260 non
2828 1205 3068 1278 diligam
3091 1207 3396 1278 diligentes
3412 1225 3531 1263 me.

1921 1290 2120 1346 Sentio
2148 1291 2362 1363 quippe
2384 1309 2486 1347 vos
2516 1293 2906 1349 condelectari
2935 1296 3089 1366 quod
3119 1297 3529 1352 sceleratorum

1788 1379 1817 1470 εξ
1917 1379 2223 1436 hominum
2241 1381 2621 1437 conciliabula
2632 1382 3118 1455 etfugerim,quod
3135 1383 3535 1440 communioni

1921 1468 2316 1525 ecclesiasticae
2341 1470 2640 1526 restitutus
2693 1471 2825 1527 sim.
2904 1473 3072 1545 Agite
3130 1489 3268 1545 ergo
3304 1489 3536 1528 causam

1923 1558 2094 1614 amici
2124 1558 2292 1614 solito
2325 1575 2512 1625 more,
2545 1560 2604 1615 id
2625 1564 2712 1616 est
2745 1566 2807 1617 ut
2832 1562 3020 1617 Lelius
3049 1562 3120 1616 ab
3151 1561 3418 1617 Helvetiis
3445 1563 3536 1617 vel

1923 1646 2120 1702 Suevis
2142 1647 2363 1715 redeat,
2395 1650 2618 1720 Aquilae
2642 1651 2852 1706 dilecto
2876 1651 3204 1722 diligendus
3233 1650 3536 1723 conquira-

1922 1738 2016 1789 tur
2039 1751 2164 1808 par,
2184 1739 2248 1791 ut
2276 1752 2518 1810 operum
2544 1741 2881 1797 nostrorum
2908 1740 2982 1798 sit
2997 1739 3539 1799 tlnisconsummata

1995 1823 2189 1881 aritas.

2423 1936 2761 1992 EPISTOLA
2793 1937 3048 1993 CLXXXI.

1993 2047 2420 2119 Prascipuamac
2438 2045 2791 2118 singularem
2809 2044 3377 2100 amicitiamvestram
3394 2045 3534 2104 dum

1923 2135 2133 2190 arctius
2152 2133 2905 2209 amplectimur,multorum
2935 2133 3245 2192 hominum
3259 2133 3538 2198 invidiam

1923 2224 2265 2291 toleramus,
2318 2223 2684 2294 maximeque
2723 2239 2926 2280 eorum
2947 2223 3045 2298 qui
3076 2223 3318 2282 senioris
3361 2222 3534 2278 vestri

1925 2315 2128 2367 contra
2159 2329 2263 2370 nos
2286 2311 2526 2368 consilia
2565 2311 2937 2366 conturbant.
2972 2311 3184 2372 Crescit
3226 2311 3446 2372 malum
3476 2309 3537 2380 in

1927 2401 2067 2456 dies.
2100 2399 2785 2472 Multiplicenturinimici
2819 2400 3430 2474 nostri,majoremque
3449 2416 3540 2466 su-

1929 2492 2096 2544 munt
2114 2490 2413 2544 audaciam
2436 2505 2535 2561 spe
2554 2486 2955 2544 dissidentium
2976 2487 3377 2560 regnorum.Si
3398 2503 3538 2560 ergo

1931 2594 2000 2632 ea
2029 2577 2088 2632 in
2115 2578 2277 2632 vobis
2307 2580 2392 2633 est
2420 2576 2598 2631 virtus
2641 2592 2815 2648 quam
2844 2575 3132 2634 credimus
3157 2579 3215 2630 et
3250 2579 3540 2647 optamus,

1931 2667 2246 2726 sentiamus
2275 2683 2392 2721 non
2409 2665 2575 2721 nobis
2600 2665 2802 2721 obesse
2831 2665 2986 2736 quod
3004 2667 3255 2724 vestrum
3273 2680 3540 2730 amorem

1931 2755 2120 2810 amori
2138 2755 2288 2827 regis
2323 2752 3341 2828 O.praeposuimus.Sentiantinimici
3360 2751 3545 2810 nostri

1930 2860 2035 2916 per
2062 2861 2160 2899 vos
2185 2843 2450 2898 stabilem
2475 2860 2596 2906 esse
2627 2858 2944 2912 regnorum
2967 2842 3542 2916 concordiam,quam

1931 2932 2056 2986 sine
2087 2949 2188 2986 suo
2217 2933 2478 2986 consulto
2506 2947 2671 3003 posse
2704 2931 2828 2985 fieri
2857 2932 3170 3002 negant.Et
3199 2931 3335 3004 quia
3361 2931 3545 2994 credi-

1934 3021 2143 3076 bilibus
2168 3021 2373 3092 legatis
2396 3019 2550 3074 inter
2565 3019 2759 3074 hostes
2782 3017 3027 3074 difﬁcilis
3055 3017 3368 3086 estvia,vos
3393 3018 3547 3089 lega-

1863 3123 1912 3188 α
1937 3113 2134 3178 torum
2193 3111 2526 3164 nostrorum
2564 3106 2712 3162 vices
2743 3108 2989 3178 explete,
3025 3107 3183 3180 quod
3230 3107 3542 3170 honestum

1925 3197 2264 3270 judicabitis
2299 3214 2404 3270 pro
2429 3195 2595 3252 nobis
2613 3195 2913 3269 spondete.
2948 3194 3038 3260 Sic
3061 3195 3131 3250 de
3162 3195 3329 3254 nobis
3345 3195 3549 3262 absen-

1933 3287 2089 3343 tibus
2115 3285 2450 3360 praasumite
2507 3287 2789 3358 tanquam
2845 3284 2915 3338 de
2959 3283 3372 3356 praesentibus;
3406 3287 3464 3348 et
3501 3283 3548 3340 si

1935 3376 2077 3449 quid
2107 3377 2363 3432 salutare
2393 3373 2713 3447 reperietis,
2742 3389 3176 3447 quamprimum
3209 3371 3415 3438 litteris
3457 3373 3543 3433 vel

1933 3465 2152 3520 nuntiis
2185 3465 2525 3536 significate,
2558 3467 2621 3527 ut
2649 3462 3052 3535 ignorantibus
3073 3460 3282 3522 nostris
3324 3461 3546 3526 aemulis

1931 3571 2036 3627 per
2069 3553 2375 3609 fidissimos
2405 3551 2796 3608 internuntios
2822 3550 3116 3624 utriusque
3145 3549 3325 3622 partis
3361 3552 3548 3622 empta

1933 3643 2191 3698 amicitia
2220 3643 2654 3697 corroboretur.
2690 3641 2808 3695 Hoc
2832 3639 2962 3695 ideo
2987 3638 3253 3706 dicimus,
3276 3638 3411 3712 quia
3428 3657 3550 3700 ma-

1925 3732 2072 3804 joris
2104 3731 2460 3787 auctoritatis
2507 3732 2728 3804 legatos
2757 3747 2890 3784 cum
2922 3728 3006 3792 sui
3037 3745 3254 3802 magno
3292 3728 3546 3801 periculo

1931 3822 2054 3878 sine
2088 3826 2245 3878 certa
2273 3839 2443 3876 causa
2472 3820 2703 3876 mittere
2731 3821 3020 3887 nolumus,
3051 3822 3110 3874 et
3134 3820 3270 3892 quia
3288 3835 3542 3878 conven-

1931 3915 2024 3966 tus
2048 3928 2254 3983 regum
2273 3909 2596 3966 laboriosus
2611 3912 2716 3978 est,
2736 3913 2794 3964 et
2813 3909 2922 3966 hoc
2938 3912 3201 3980 tempore
3229 3925 3332 3980 per
3350 3908 3550 3962 omnia

1933 4000 2152 4056 inutilis
2182 4003 2422 4072 prepter
2451 3998 2752 4054 malivolos
2783 3998 3079 4069 utriusque
3109 3995 3477 4069 ραι-ωδ.ουοᾶ
3501 3997 3548 4050 si

1930 4106 2240 4162 pravorum
2263 4089 2568 4142 hominum
2600 4086 2845 4142 consilia
2859 4085 3212 4140 convaluisse
3234 4084 3546 4150 senseritis,

1931 4193 2038 4232 nec
2069 4178 2376 4232 honestam
2407 4177 2466 4229 et
2497 4173 2700 4229 utilem
2727 4189 2892 4246 posse
2946 4172 3072 4228 fieri
3101 4171 3439 4240 amicitiam,
3466 4171 3551 4228 in-

1929 4265 2133 4337 primis
2159 4263 2312 4335 quod
2341 4262 2662 4317 maximum
2695 4266 2777 4317 est
2798 4261 3104 4317 consilium
3131 4260 3302 4315 simul
3321 4263 3380 4314 et
3396 4260 3552 4315 auxi-

1934 4356 2074 4410 lium
2109 4373 2142 4408 a
2164 4354 2326 4408 vobis
2356 4353 2758 4423 imploramus.
2787 4353 2982 4423 Neque
3009 4367 3115 4405 nos
3159 4349 3354 4404 deludi
3401 4366 3548 4406 vana

1937 4442 2363 4514 exspectatione
2397 4442 2769 4513 sinatis,quos
2809 4441 2972 4496 omni
3017 4455 3232 4510 genere
3268 4439 3546 4494 amicitia-

1932 4550 2062 4587 rum
2099 4537 2156 4586 et
2181 4531 2486 4586 affinitatis
2515 4532 2722 4603 dignos
2739 4532 3015 4585 hactenus
3043 4530 3294 4584 duxistis.

2415 4655 2750 4712 EPISTOLA
2791 4654 3070 4715 CLXXXII,

2001 4745 2270 4801 Felicitas
2298 4748 2486 4801 vestra
2514 4745 2759 4816 gloriam
2775 4743 2944 4799 simul
2982 4741 3151 4798 nobis
3168 4741 3318 4816 parit
3334 4745 3392 4798 et
3407 4743 3552 4798 sola-

1930 4835 2101 4891 tium.
2136 4835 2242 4892 Ubi
2271 4834 2428 4891 enim
2458 4836 2542 4888 est
2573 4851 2688 4888 una
2718 4834 2941 4900 caro,et
2965 4849 3110 4886 unus
3127 4829 3462 4904 sanguis,ibi
3494 4832 3552 4886 et

1932 4942 2080 4979 unus
2108 4923 2364 4982 affectus.
2399 4922 2554 4980 Abiit
2580 4922 2675 4976 illa
2708 4921 2850 4987 dies,
2885 4937 2993 4975 nec
3039 4921 3239 4978 redeat
3267 4937 3546 4994 unquam,

1930 5014 1992 5070 in
2018 5031 2130 5085 qua
2158 5015 2343 5067 vester
2366 5028 2580 5067 mceror
2600 5008 3029 5066 ineluctabilem
3047 5009 3212 5066 nobis
3233 5008 3551 5088 paritdolo-

1932 5119 2084 5160 rem.
2117 5103 2185 5157 Et
2207 5119 2360 5155 nunc
2393 5101 2631 5174 quidem
2650 5099 2707 5153 in
2732 5116 2894 5172 pace,
2923 5099 3071 5160 sicut
3091 5101 3149 5153 et
3174 5101 3309 5156 tunc
3357 5097 3416 5151 in
3443 5114 3548 5151 an-

1933 5191 2256 5264 gustia,uo.s
2271 5193 2582 5263 nostraque
2606 5191 2792 5244 vestro
2817 5187 3222 5244 condonamus
3241 5185 3512 5260 obsequio
3534 5202 3547 5241 :

1931 5283 1996 5334 ut
2025 5279 2069 5334 si
2093 5280 2231 5352 quid
2253 5296 2533 5352 magnum
2556 5280 2859 5352 vestraque
2888 5275 3130 5350 dignum
3150 5275 3436 5332 memoria
3462 5275 3548 5338 vel

1931 5368 1986 5423 vi
2009 5370 2094 5430 vel
2113 5368 2350 5442 ingenio
2368 5367 2607 5440 aggredi
2622 5367 3142 5436 conamini,nostra
3153 5364 3399 5424 utamini
3418 5379 3550 5437 ope-

1935 5475 2022 5527 ra,
2060 5457 2385 5529 diligentia,
2442 5456 2706 5522 consilio,
2764 5454 3275 5527 ingenio,viribus.
3309 5450 3470 5516 Quod
3502 5449 3546 5501 si

1939 5547 2120 5621 quieti
2146 5551 2204 5602 et
2224 5546 2448 5602 silentio
2480 5545 2738 5600 studetis.
2773 5548 2830 5599 et
2859 5543 2932 5598 ad
2959 5559 3212 5617 prazsens
3240 5544 3298 5595 et
3317 5539 3548 5606 inniter-

1937 5654 2080 5692 num
2113 5635 2280 5691 liceat
2307 5633 2473 5690 nobis
2490 5633 2742 5706 gaudere
2768 5631 2923 5688 vobis
2943 5648 3070 5688 cum
3089 5647 3226 5704 pace
3259 5631 3312 5683 et
3330 5625 3542 5703 quiete,
