3954 6170
408 369 506 433 ἏΞΗ

1048 377 1402 439 SILVESTRI
1440 382 1485 439 lI
1525 383 1726 442 PAPIE
1765 382 1920 443 OPP.
1962 381 2140 442 PARS
2178 386 2270 444 IlI.
2307 411 2380 430 ι·-
2417 385 2629 443 EPIST.
2669 383 2753 444 ΕΓ
2787 382 3065 448 DIPLOM.

3603 383 3705 450 23%

409 505 522 562 Nec
545 505 870 582 glorientur
894 526 1000 566 eam
1013 510 1087 566 uli
1103 510 1273 567 vestri
1287 510 1537 569 nominis
1567 514 1694 586 plus
1713 531 1833 571 sese
1849 514 2012 572 obes-
2037 542 2091 600 Α
2113 514 2351 589 proprio
2400 515 2597 572 labore
2631 514 2824 571 multis
2855 514 3178 588 sumptibus
3207 510 3706 585 exaedificavimus,

403 617 462 656 se
493 617 669 674 quam
692 618 788 657 vos
825 602 1116 674 prodesse.
1152 602 1254 670 Sit,
1285 603 1328 658 si
1361 604 1482 659 fieri
1513 607 1878 676 potest,inter
1904 624 2008 663 nos

408 707 473 745 ac
496 690 784 746 seniorem
805 695 1051 747 vestrum
1071 693 1342 748 honestus
1360 694 1588 749 habitus
1601 695 2005 752 amicitiarum.

413 779 767 835 Prmscribite
785 781 1082 852 sequenda
1099 783 1155 835 et
1168 781 1533 848 vitanda,nec
1545 783 1849 854 patiamini
1863 784 2009 840 dolis

408 871 465 924 et
493 868 791 924 fraudibus
815 887 919 925 nos
941 869 1350 938 circumscribi,
1370 871 1466 942 qui
1494 873 1782 928 nullorum
1815 873 2006 930 homi-

411 974 553 1013 num
571 958 890 1014 amicitiam
921 965 1122 1015 contra
1145 978 1242 1015 vos
1264 961 1618 1017 decrevimus
1647 963 1826 1037 sequi.

879 1049 1215 1105 EPISTOLA
1255 1050 1558 1105 CLXXXIII.

480 1135 736 1176 EPISCOPI
755 1137 1040 1175 REMORUM
1075 1137 1405 1177 DKECESEOS
1423 1136 1691 1177 SALUTEM
1718 1137 1941 1178 DICUNT

809 1209 1314 1247 REVERENTISSIMO
1350 1210 1521 1248 PATRI
1549 1210 1606 1250 ιι.

483 1279 769 1344 Quoniam
820 1280 1002 1335 frater
1028 1283 1084 1335 et
1115 1281 1466 1353 cmpiscopus
1493 1285 1688 1338 noster
1734 1285 1800 1337 Α.
1860 1283 2013 1339 infra

409 1384 576 1423 suam
609 1368 917 1424 Ecclesiam
951 1372 1169 1442 captus,
1199 1373 1438 1441 propter
1482 1370 1597 1425 vim
1631 1371 1904 1439 hostium,
1950 1377 2014 1428 ut

404 1455 607 1522 fertur,
637 1473 755 1513 non
781 1457 912 1514 satis
937 1474 1064 1529 qua:
1097 1457 1179 1512 sui
1225 1458 1372 1528 juris
1403 1463 1534 1514 sunt
1563 1460 1795 1532 exsequi
1841 1463 2010 1529 valet,

398 1561 505 1600 nos
517 1545 698 1600 nostri
717 1545 889 1601 officii
908 1564 1023 1602 non
1040 1549 1587 1621 immemores,quod
1609 1550 1743 1605 olim
1757 1549 1818 1605 in
1833 1551 2014 1606 famo-

405 1632 660 1690 sissimas
679 1636 982 1706 praedones
1006 1654 1106 1692 suo
1131 1637 1367 1692 consilio
1401 1639 2014 1711 feceramus,repetivi-

406 1739 556 1777 mus.
591 1724 704 1778 Hoc
730 1724 947 1791 addito,
973 1727 1127 1797 quod
1149 1725 1206 1780 in
1233 1726 1362 1782 cibo
1393 1729 1450 1780 et
1474 1731 1613 1799 potu
1642 1731 1844 1784 contra
1867 1729 2009 1783 divi-

403 1830 540 1867 num
553 1830 618 1868 ac
632 1814 952 1869 humanum
964 1815 1056 1886 jus
1073 1817 1228 1870 nulla
1241 1817 1632 1872 misericordia
1645 1819 1803 1873 abusi
1821 1835 2015 1876 sumus

402 1905 466 1956 ut
497 1901 653 1972 ipse;
683 1903 783 1958 sed
818 1904 1052 1978 insuper
1109 1905 1280 1960 duces
1309 1909 1366 1961 et
1387 1906 1644 1973 comites,
1671 1911 1728 1962 et
1755 1909 2013 1965 conscios

408 1991 587 2045 totius
617 1992 882 2047 factionis
920 1995 1292 2050 anathemate
1324 1994 2014 2070 damnavimus,eamque

398 2079 707 2135 Ecclesiam
726 2080 965 2137 adivino
985 2083 1173 2137 ofﬁcio
1187 2084 1846 2156 suspendimus.Cmteris
1865 2086 2016 2142 Chri-

399 2169 600 2224 stianis
631 2169 895 2225 fidelibus
947 2171 1210 2226 sufficere
1251 2189 1415 2243 posse
1438 2174 1792 2244 judicantes.
1820 2176 2016 2247 Itaque

407 2258 622 2312 decreti
651 2262 821 2330 atque
840 2261 1225 2315 anathematis
1242 2263 1537 2333 exemplar
1550 2263 1707 2318 vobis
1727 2263 2013 2318 mittimus

403 2350 730 2418 nostraeque
761 2349 1063 2404 sententiis
1092 2367 1190 2405 vos
1222 2351 1621 2423 faverc,atque
1648 2351 1802 2406 idem
1821 2351 2010 2408 facere

400 2434 724 2504 hortamur,
760 2455 1086 2503 monemus,
1120 2456 1372 2497 oramus.

859 2526 1199 2582 EPISTOLA
1240 2529 1536 2584 CLXXXIV.

782 2612 855 2653 AD
882 2614 1301 2654 GARINBERTUM
1329 2618 1621 2655 ΑΒΒΑΤΕΜ.

473 2685 638 2750 Quod
670 2686 850 2741 nostri
880 2703 1077 2742 curam
1103 2687 1320 2758 geritis,
1350 2689 1677 2761 nostrisque
1726 2691 2004 2746 lmtamini

399 2774 743 2843 commodis,
767 2775 987 2831 debitas
1009 2777 1385 2845 rependimus
1403 2782 1614 2849 grates.
1635 2779 1745 2834 Nec
1772 2779 1848 2835 sic
1870 2781 2006 2836 locis

400 2861 764 2934 disparamur
792 2864 1050 2931 remotis,
1071 2883 1175 2921 nec
1201 2866 1503 2922 eautimur
1528 2868 2000 2934 fortuna,divini-

392 2953 511 3006 tate
542 2951 811 3023 propitia,
870 2957 930 3008 ut
954 2955 1221 3027 antiquas
1271 2973 1386 3012 non
1418 2958 1710 3013 valeamus
1740 2976 2004 3015 exercere

397 3040 696 3097 amicitias.
729 3043 1055 3098 Procurabo
1083 3043 1260 3116 igitur
1288 3047 1442 3116 quod
1456 3046 1786 3118 jussistis,et
1814 3049 2005 3120 quoad

399 3133 603 3201 potero
637 3132 1008 3204 persuasione
1061 3135 1149 3188 vel
1181 3135 1368 3205 gratia
1413 3136 1804 3208 Augustorum
1837 3138 1940 3205 uti,
1973 3157 2006 3194 a
2029 3154 2076 3214 α

396 3219 602 3274 vicinia
615 3221 931 3276 Remorum
948 3223 1146 3294 procul
1163 3223 1466 3278 dimovebo
1481 3225 1792 3280 exercitum
1804 3227 2009 3288 ,donec

397 3305 456 3362 in
496 3308 639 3364 urbe
664 3309 1062 3373 recondatis,si
1093 3309 1229 3382 quid
1259 3310 1470 3366 residui
1492 3313 1716 3367 habetis
1751 3314 1808 3368 in
1833 3315 2005 3387 agris.

399 3397 710 3452 Procurate
725 3397 917 3470 itaque
936 3403 993 3454 et
1005 3416 1100 3453 vos
1113 3400 1293 3455 tilium
1315 3417 1510 3454 meum
1528 3401 2010 3473 Aquilam,donec

396 3501 502 3557 per
521 3485 983 3542 ﬂdissimosmihi
999 3487 1307 3542 remittatis
1323 3488 1637 3544 amicos.Et
1668 3507 1740 3544 ne
1772 3490 2010 3564 ignore-

397 3573 469 3628 tis
495 3591 623 3646 quae
646 3575 895 3646 synodus
917 3575 1319 3647 episcoporum
1339 3579 1552 3632 nostras
1575 3577 1884 3634 diceceseos
1908 3581 2006 3635 de-

398 3663 662 3725 creverit,
693 3665 990 3736 exemplar
1018 3681 1213 3718 rerum
1249 3668 1540 3737 gestarum
1592 3667 1751 3722 vobis
1780 3670 2012 3724 nostris-

397 3767 507 3823 que
535 3751 703 3806 mitto
729 3751 913 3818 sociis,
957 3757 1020 3808 ut
1049 3753 1253 3808 exinde
1284 3755 1639 3826 pernoscatis
1663 3755 1799 3829 quid
1825 3758 2005 3830 sequi,

399 3839 538 3914 quid
570 3839 750 3896 vitare
778 3841 1051 3897 debeatis.

874 3931 1210 3986 EPISTOLA
1252 3931 1525 3987 CLXXXV.

398 4015 682 4057 LIBRI.LU8
713 4015 949 4057 REPUDII
992 4018 1285 4058 GERBERTI
1312 4017 1632 4059 ARNULPHO
1676 4019 2006 4060 ARCHIEPIS~

1120 4091 1291 4130 COPO.

467 4162 572 4218 Diu
595 4164 958 4236 multumque
986 4164 1129 4218 mihi
1171 4163 1228 4219 in
1253 4163 1450 4220 animo
1494 4163 1795 4236 replicanti
1817 4162 2006 4218 infeli-

394 4267 520 4306 cem
543 4253 757 4305 statum
781 4255 991 4306 nostra:
1016 4252 1192 4318 urbis,
1235 4269 1341 4307 nec
1363 4252 1580 4308 exitum
1619 4255 1909 4307 malorum
1930 4252 2004 4307 si-

394 4353 468 4395 ne
497 4341 689 4409 strage
713 4338 1003 4394 bonorum
1034 4341 1370 4412 reperienti,
1407 4358 1475 4396 ea
1506 4342 1744 4396 tandem
1769 4345 2002 4396 senten-

397 4425 478 4482 tia
503 4425 738 4498 placuit,
753 4444 881 4499 quae
901 4431 960 4483 et
977 4430 1355 4500 praesentibus
1400 4431 1736 4486 mederetur
1779 4431 2002 4484 incom-
2030 4443 2081 4500 1)

397 4515 609 4577 modis,
632 4520 690 4570 et
710 4514 767 4570 in
795 4517 1054 4572 futurum
1079 4521 1429 4588 praecaveret
1458 4519 1677 4573 amicis.
1709 4521 2006 4573 Permuta-

399 4619 527 4658 mus
557 4602 749 4676 itaque
782 4604 968 4660 solum
1007 4605 1151 4670 solo,
1213 4605 1539 4660 dominium
1572 4606 1854 4673 dominio,
1886 4623 2004 4660 ves-

395 4693 599 4763 traque
615 4691 894 4747 beneficia
906 4693 1299 4765 emancipanti
1315 4693 1471 4748 vobis
1498 4695 1820 4767 nostrisque
1833 4712 2008 4750 temu-

397 4779 464 4835 lis
493 4779 567 4834 ad
599 4778 875 4834 invidiam
899 4781 1301 4854 relinquimus,
1333 4799 1404 4836 ne
1438 4783 1728 4838 fidelitatis
1754 4783 2003 4853 promis-

396 4885 471 4923 sa:
503 4869 636 4924 hinc
667 4886 1001 4941 arguamur,
1047 4870 1182 4927 inde
1206 4889 1420 4943 genere
1485 4871 1872 4927 amicitiarum
1931 4872 2004 4927 ad

395 4961 666 5030 patruum
695 4961 944 5013 vestrum
965 4960 1119 5032 quod
1142 4961 1415 5015 ammodo
1437 4978 1495 5016 se
1511 4961 1850 5016 habentium
1873 4978 2004 5033 per-

395 5045 921 5117 stringamur.Nihil
955 5048 1112 5102 enim
1147 5049 1314 5104 alteri
1343 5049 1588 5104 debetur
1618 5067 1686 5104 eo
1721 5066 1834 5121 quo
1865 5049 2002 5103 vivi-

395 5151 523 5189 mus
553 5137 744 5207 pacto,
773 5135 884 5190 fide
915 5135 972 5190 in
996 5137 1237 5192 alteram
1263 5142 1486 5208 partem
1518 5141 1823 5211 praetenta.
1860 5138 2004 5192 Nam

393 5222 438 5276 si
468 5239 566 5278 vos
618 5225 806 5279 salvos
857 5241 978 5280 esse
1009 5228 1290 5292 volumus,
1321 5227 1615 5299 quomodo
1646 5228 1852 5299 patruo
1879 5243 2001 5280 ves-

393 5315 484 5367 tro
516 5329 835 5384 praesumus
865 5313 892 5369 ?
922 5316 1066 5369 Item
1094 5314 1138 5369 si
1198 5318 1402 5386 patruo
1426 5319 1613 5370 vestro
1660 5332 2000 5388 praesumus,

393 5400 690 5473 quomodo
721 5419 820 5457 vos
868 5419 988 5458 esse
1045 5405 1232 5458 salvos
1286 5405 1546 5458 volumus
1579 5406 1608 5457 ?
1639 5404 1792 5458 Hanc
1838 5404 2004 5458 litem

391 5491 470 5545 sic
519 5489 866 5558 dirimimus,
913 5492 987 5548 ad
1036 5493 1176 5548 alios
1230 5492 1633 5564 demigrando,
1690 5509 1794 5547 nec
1847 5491 2006 5547 vobis

387 5595 494 5633 nec
521 5577 601 5634 illi
660 5579 978 5652 quidquam
1011 5585 1221 5654 praeter
1263 5581 1725 5637 benevolentiam
1787 5579 2002 5635 debea-

392 5684 522 5723 mus
547 5669 884 5744 gratuitam.
908 5670 1047 5726 Eam
1076 5670 1120 5725 si
1151 5669 1593 5743 an’iplectimini,
1619 5669 1845 5736 domos,
1867 5688 2007 5742 quas

2113 604 2253 661 mihi
2285 604 2542 677 meisque
2565 622 2694 660 cum
2726 621 2824 660 sua
2841 605 3175 677 supellectili
3208 606 3714 661 reservate.Eccle-

2110 694 2218 748 sias
2241 711 2489 766 quoque,
2525 712 2664 768 quas
2685 695 3038 749 solemnibus
3064 711 3130 748 ac
3156 694 3431 767 legitimis
3453 693 3712 749 donatio-

2109 783 2442 854 nibusjuxta
2469 801 2694 839 morem
2709 783 3018 856 provinciae
3051 783 3339 838 consecuti
3362 785 3714 849 sumus,nul-

2108 873 2176 926 lis
2205 872 2548 943 preejudiciis
2565 871 2772 944 attingi
2799 888 3054 938 oramus,
3089 871 3160 925 de
3193 871 3416 943 reliquo
3439 887 3552 926 non
3572 872 3718 926 mul-

2109 964 2232 1015 tum
2260 961 2763 1031 deprecaturi.Hoc
2776 960 2926 1015 facto
2951 977 3044 1015 me
3069 960 3210 1015 olim
3242 959 3425 1014 libera
3454 960 3598 1015 colla
3616 977 3718 1031 ge-

2023 1101 2026 1106 .
2111 1053 2335 1104 rentem
2364 1050 2437 1103 ad
2459 1049 2734 1121 obsequia
2762 1054 2948 1104 vestra
2977 1049 3217 1104 honeste
3245 1048 3577 1103 invitabitis.
3606 1049 3720 1104 Nec

2111 1139 2350 1192 dubium
2364 1137 2492 1200 erit,
2510 1137 2554 1192 si
2582 1139 2684 1193 hos
2698 1139 2980 1193 terminos
2993 1137 3717 1209 praetergrediemini,quin

2112 1227 2310 1281 omnia
2341 1244 2468 1299 quae
2500 1226 2934 1298 possidebamus
2965 1229 3028 1280 ut
3059 1243 3093 1280 a
3127 1226 3322 1280 multis
3372 1225 3718 1298 accepimus.

2112 1317 2334 1371 aemulis
2357 1316 2575 1372 nostris
2603 1319 2965 1370 sacramento
2999 1313 3377 1380 contuleritis,
3412 1318 3546 1368 tunc
3587 1331 3721 1370 cum

2112 1405 2430 1459 secundum
2464 1405 2730 1460 affectum
2756 1407 3010 1458 vestrum
3036 1402 3394 1457 acutisssima
3422 1419 3530 1474 pro
3562 1402 3722 1458 vobis

2113 1493 2460 1549 dictaremus
2501 1493 2756 1548 consilia.
2813 1494 2925 1548 Nec
2955 1492 3385 1563 praeteritorum
3431 1492 3721 1548 malorum

2115 1583 2434 1652 poterimus
2467 1582 2740 1650 oblivisci,
2775 1598 2906 1637 cum
2951 1580 3329 1655 praesentibus
3377 1579 3724 1636 admonebi-

2114 1686 2246 1726 mur
2267 1671 2523 1742 judiciis.

2584 1813 2921 1870 EPISTOLA
2960 1813 3259 1869 CLXXXVI.

2223 1919 2472 1959 ELECTIO
2499 1920 2786 1960 GERBERTI
2839 1919 3125 1958 REMORUM
3149 1907 3609 1957 ancmzmscorl'.

2189 2028 2432 2101 Semper
2462 2027 2718 2101 quidem,
2752 2026 3102 2083 dilectissimi
3137 2023 3581 2096 fratres,judicia
3615 2022 3718 2080 Dei

2110 2117 2268 2188 justa
2317 2121 2470 2183 sunt,
2504 2117 2603 2172 sed
2636 2116 2927 2172 interdum
2952 2117 3192 2171 occulta.
3220 2115 3359 2168 Ecce
3410 2112 3567 2168 enim
3593 2113 3724 2183 post

2115 2206 2557 2261 dissolutionem
2581 2205 2766 2260 beatae
2784 2203 3082 2259 memoria:
3107 2202 3286 2257 Patris
3311 2203 3379 2255 A.
3408 2200 3721 2273 quemdam

2112 2311 2179 2348 ex
2211 2294 2372 2365 regio
2392 2294 2611 2349 semine
2629 2294 3014 2366 prodeuntem
3041 2291 3206 2347 nobis
3221 2290 3595 2362 Ecclesiaeque
3613 2289 3721 2346 Re-

2113 2384 2299 2440 mensi
2326 2385 2773 2458 prmfecimus,et
2794 2384 3048 2439 clamore
3066 2379 3716 2452 multitudinisimpulsi,

2110 2475 2405 2547 Scriptura
2437 2474 2686 2541 dicente,
2717 2475 2834 2528 Vox
2848 2473 3038 2545 populi
3059 2490 3162 2528 vox
3177 2472 3364 2538 Dei,et
3383 2473 3716 2526 sanctorum

2109 2579 2400 2619 canonum
2431 2562 2702 2618 institutis
2732 2562 3083 2618 desiderium
3106 2577 3172 2616 ac
3202 2564 3334 2616 vota
3356 2559 3492 2615 cleri
3523 2575 3588 2614 ac
3619 2573 3721 2629 po-

2111 2653 2227 2724 puli
2261 2652 2318 2706 in
2343 2653 2623 2708 electione
2653 2652 2904 2723 episcopi
2937 2650 3400 2724 perquirentium
3424 2647 3721 2719 :caligavit

2109 2740 2257 2794 acies
2283 2740 2493 2795 mentis
2512 2744 2723 2797 nostrae
2738 2740 2991 2794 litteram
3013 2738 3240 2794 incaute
3261 2735 3718 2808 sequendo,con-

2105 2829 2338 2883 cordem
2365 2828 2706 2884 sententiam
2726 2827 3047 2883 divinarum
3068 2827 3493 2898 Scripturarum
3508 2839 3714 2895 parum

2106 2916 2654 2990 investigando.Non
2678 2920 2802 2972 erat
2823 2916 3037 2988 quippe
3069 2931 3174 2971 vox
3232 2914 3334 2969 Dei
3363 2931 3468 2969 vox
3517 2912 3715 2985 papuli

2107 3005 2408 3060 clamantis
2433 3022 2444 3060 :
2467 3004 2756 3075 Cruci/ige,
2789 3005 3054 3075 cruciﬁge.
3093 3005 3240 3076 Ergo
3266 3019 3382 3057 non
3403 3001 3596 3057 amnis
3610 3016 3718 3055 vox

2108 3093 2305 3167 populi
2324 3111 2426 3149 vox
2455 3093 2552 3149 Dei
2570 3097 2676 3160 est;
2706 3110 2811 3148 nec
2830 3093 3019 3148 omnis
3046 3092 3182 3147 cleri
3211 3095 3268 3147 et
3293 3090 3488 3164 populi
3513 3091 3642 3144 vota
3660 3091 3719 3143 et

2111 3182 2392 3238 desideria
2422 3181 2478 3236 in
2499 3182 2778 3238 electione
2835 3181 3085 3255 episcopi
3134 3178 3521 3253 perquirenda
3561 3180 3715 3244 sunt,

2107 3273 2208 3327 sed
2231 3274 2456 3327 tantum
2488 3272 2832 3343 simpliciset
2852 3271 3190 3343 incorrupti,
3225 3270 3280 3325 id
3315 3272 3399 3324 est
3427 3283 3526 3340 spe
3553 3283 3711 3339 quas-

2109 3365 2226 3415 stus
2255 3361 2493 3416 minime
2525 3362 2709 3416 electi.
2735 3360 3051 3415 Sententiae
3074 3361 3310 3414 Patrum
3329 3355 3712 3429 exponenda.

2109 3451 2231 3504 Non
2256 3449 2443 3511 liceat,
2476 3448 2684 3520 inquit,
2714 3448 2894 3504 turbis
2920 3448 3266 3502 electionem
3299 3447 3486 3500 facere
3509 3459 3717 3498 eorum

2109 3538 2204 3610 qui
2234 3538 2307 3592 ad
2337 3537 2722 3593 sacerdotium
2753 3540 3160 3609 provocantur,
3208 3535 3309 3590 sed
3332 3532 3613 3605 judicium
3646 3531 3720 3586 sit

2109 3626 2532 3699 episCOporum,
2567 3630 2628 3680 ut
2664 3643 2799 3681 eum
2831 3625 2935 3692 igsi
2960 3625 3058 3698 qui
3087 3622 3446 3680 ordinandus
3475 3624 3560 3676 est
3581 3635 3717 3693 pro-

2109 3716 2270 3781 bent,
2302 3715 2346 3769 si
2375 3714 2433 3768 in
2465 3714 2577 3770 fide
2608 3717 2668 3769 et
2716 3714 2772 3768 in
2806 3713 3111 3786 episcopali
3139 3713 3255 3767 vita
3317 3711 3554 3766 edoctus
3607 3710 3717 3762 est.

2109 3804 2220 3858 Nos
2249 3803 2424 3876 igitur
2453 3803 2705 3876 episcopi
2726 3805 3040 3858 Remorum
3071 3803 3380 3858 dioeceseos
3397 3797 3719 3855 secundum

2107 3892 2211 3947 has
2235 3893 2671 3949 constitutiones
2703 3895 2960 3959 Patrum,
3021 3892 3219 3947 favore
3267 3893 3325 3945 et
3352 3885 3724 3946 conniventia

2110 3982 2406 4054 utriusque
2433 3981 2706 4054 principis
2732 3981 2911 4037 nostri
2939 3981 3139 4036 domni
3165 3979 3378 4052 Ugonis
3391 3975 3723 4048 Augusti,et

2108 4063 2567 4118 excellentissimi
2590 4062 2742 4135 regis
2759 4062 3498 4133 Roberti,assensu.’quoque
3511 4073 3720 4113 eorum

2106 4150 2204 4222 qui
2233 4151 2333 4205 Dei
2358 4155 2491 4206 sunt
2522 4151 2578 4205 in
2612 4153 2766 4208 clero
2793 4155 2850 4206 et
2880 4153 3112 4223 populo~
3149 4149 3417 4222 eligimus
3442 4146 3608 4202 nobis
3630 4163 3727 4201 ar-

2107 4240 2532 4312 chiepiscopum
2565 4241 2836 4296 abbatem
2858 4240 3195 4295 Gerbertum
3207 4241 3376 4294 astate
3397 4239 3720 4302 maturum,

2107 4331 2315 4384 natura
2345 4328 3052 4401 prudentem,docibilem,
3069 4324 3720 4393 atfabilem,misericor-

2107 4418 2262 4485 dem,
2296 4435 2402 4473 nec
2420 4418 2783 4490 prmferimus
2801 4417 2880 4472 illi
2897 4434 3102 4490 vagam
3121 4415 3728 4480 adolescentiam,am-

2105 4506 2387 4561 bitionem
2420 4525 2478 4561 se
2509 4507 2900 4573 extollentem,
2920 4505 3121 4561 omnia
3149 4509 3368 4560 temere
3386 4503 3726 4559 ministran-

2109 4598 2264 4659 tem;
2293 4594 2410 4650 imo
2443 4612 2548 4650 nec
2592 4595 2801 4650 talibus
2825 4595 3120 4667 subjugari
3167 4594 3460 4665 patienter
3516 4591 3725 4647 auditu

2107 4683 2472 4757 perferimus,
2504 4701 2751 4756 quorum
2788 4684 3070 4756 sapientia
3087 4687 3145 4738 et
3173 4681 3412 4738 consilio
3442 4680 3728 4736 Ecclesia-

2107 4774 2248 4830 stica
2271 4790 2336 4829 ac
2355 4773 2541 4828 civilia
2561 4774 2695 4844 jura
2715 4773 3109 4828 administrari
3129 4789 3247 4828 non
3277 4787 3443 4843 posse
3481 4769 3727 4825 scimus.

2109 4863 2367 4935 Cumque
2399 4862 2456 4916 in
2491 4879 2838 4934 unoquoque
2866 4861 3133 4933 episcopo
3160 4861 3232 4914 sit
3275 4862 3383 4915 hoc
3415 4858 3730 4931 speculan-

2107 4951 2270 5018 dum,
2303 4950 2556 5005 maxime
2581 4955 2775 5005 tamen
2799 4950 2857 5004 in
2889 4966 2957 5004 eo
2989 4949 3329 5022 quicaateris
3355 4954 3562 5020 praeest
3591 4962 3730 5001 me-

2105 5039 2486 5110 tropolitano.
2503 5039 2778 5111 Eligimus
2796 5042 2988 5111 itaque
3002 5039 3154 5093 hunc
3170 5035 3726 5106 Gerbertum,qui“'

2105 5127 2231 5183 fuit.
2266 5129 2440 5199 Hujus
2468 5129 2639 5182 vitam
2682 5144 2747 5182 ac
2778 5145 2971 5183 mores
3001 5144 3034 5182 a
3063 5143 3242 5200 puero
3286 5125 3736 5192 novimus,.stu-

2107 5217 2268 5271 dium
2299 5217 2356 5272 in
2396 5217 2602 5272 divinis
2629 5234 2694 5272 ac
2726 5216 2996 5272 humanis
3019 5217 3190 5272 rebus
3223 5214 3442 5288 experti
3493 5229 3729 5269 sumus.

2106 5305 2281 5376 Hujus
2309 5306 2558 5361 consiliis
2583 5323 2648 5362 ac
2676 5305 3012 5378 magisterio
3040 5305 3346 5360 informari
3374 5303 3731 5376 quaerimus.

2104 5394 2234 5464 Ejus
2265 5396 2608 5450 electionem
2624 5395 3033 5450 subscribendo
3054 5391 3741 5459 confirmamus,stabili-

2105 5501 2253 5551 mus,
2285 5485 2729 5539 corroboramus
2763 5484 3060 5540 communi
3105 5483 3370 5538 omnium
3422 5481 3737 5537 bonorum

2105 5574 2386 5628 consultu.
