3898 6168
213 375 294 444 ὶδᾷ

599 496 945 558 EPISTOLA
969 497 1311 558 CLXXXVII.

212 611 455 659 PROFESSIO
483 609 629 651 FIDE!
651 607 957 647 GERBERTI
987 607 1289 648 REMORUM
1307 606 1758 650 ARCHIEPISCOPI.

259 689 348 761 Ego
363 685 641 742 Gerbertus
663 679 856 754 gratia
877 679 987 735 Dei
1024 682 1422 751 praeveniente
1449 700 1582 739 mox
1609 682 1761 737 futu-

203 795 272 835 rus
293 774 712 846 archiepiscopus
727 771 1087 836 Remorum,
1119 775 1259 826 ante
1289 772 1486 827 omnia
1509 770 1643 826 ﬁdei
1660 771 1762 825 do-

200 869 410 924 cumenta
435 862 611 918 verbis
658 857 1030 931 simplicibus
1068 875 1292 926 assero,
1326 859 1384 915 id
1429 865 1515 916 est
1535 862 1764 916 Patrem

196 961 237 1014 et
257 954 438 1020 Filium,
470 955 525 1007 et
547 949 820 1022 Spiritum
853 949 1169 1014 sanctum,
1222 965 1403 1004 unum
1437 951 1618 1005 Deum
1645 963 1766 1002 esse

196 1044 435 1108 conﬁrmo,
479 1044 770 1110 totamque
797 1036 856 1092 in
889 1034 1196 1090 Trinitate
1227 1036 1502 1092 deitatem
1525 1053 1765 1093 ccessen-

195 1134 342 1189 tialem
361 1125 960 1186 etconsubstantialem
987 1127 1058 1179 et
1077 1127 1495 1181 coaeternalem
1509 1129 1563 1181 et
1576 1124 1767 1181 omni-

194 1225 429 1294 potentem
459 1215 1044 1290 praedico.Singulam
1073 1231 1377 1286 quamque
1407 1215 1466 1268 in
1491 1214 1767 1268 Trinitate

193 1324 436 1383 personam
449 1321 643 1360 verum
661 1304 929 1369 Deum,et
944 1304 1012 1356 to
1023 1304 1114 1355 t‘as
1139 1304 1257 1354 tres
1279 1303 1570 1356 Personas
1585 1317 1768 1369 unum

192 1400 328 1455 Deum
351 1394 630 1467 proﬁteor.
651 1389 1133 1447 lncarna‘tionem
1155 1388 1421 1443 divinam
1457 1406 1573 1444 non
1595 1390 1652 1442 in
1666 1390 1769 1442 Pa-

193 1491 270 1554 tre,
291 1502 451 1558 neque
476 1484 538 1538 in
553 1481 767 1555 Spiritu
789 1478 1130 1545 sancto,sed
1156 1477 1214 1531 in
1231 1476 1383 1532 Filio
1400 1479 1632 1532 tantum
1653 1493 1770 1532 cre-

190 1576 258 1641 do,
280 1579 330 1628 ut
353 1573 442 1646 qui
465 1574 592 1627 erat
619 1570 678 1624 in
712 1566 1013 1624 divinitate
1048 1565 1152 1620 Dei
1182 1563 1383 1620 Patris
1434 1565 1625 1632 Filius,
1648 1564 1770 1636 ipse

191 1665 312 1720 ﬂeret
328 1662 378 1716 in
405 1661 644 1716 homine
667 1656 863 1713 matris
887 1655 1072 1722 ﬁlius,
1095 1655 1243 1708 Deus
1275 1670 1464 1708 verus
1493 1670 1560 1708 ex
1578 1655 1768 1721 Patre,

191 1755 324 1809 homo
351 1767 508 1806 verus
541 1765 610 1803 ex
624 1744 1094 1802 matre.Carnem
1117 1759 1181 1796 ex
1207 1741 1442 1796 matris
1463 1741 1772 1796 visceribus

198 1842 473 1903 habentem,
510 1839 573 1891 et
599 1835 855 1891 animam
868 1833 1195 1887 humanam
1212 1829 1583 1884 rationalem
1602 1828 1771 1883 simul

191 1929 233 1988 in
255 1946 308 1984 eo
335 1927 629 1998 utriusque
675 1927 916 1988 naturae,
952 1921 1013 1976 id
1037 1921 1125 1974 est
1147 1917 1466 1974 hominem
1490 1921 1548 1973 et
1562 1920 1769 1986 Deum,

190 2035 319 2073 unam
345 2031 686 2090 personam,
742 2027 925 2068 unum
959 2008 1168 2076 ﬁlium,
1200 2024 1394 2062 unum
1452 2007 1768 2075 Christum,

191 2123 322 2162 unum
348 2104 1101 2169 Dominum,creaturarum
1116 2095 1389 2152 omnium
1413 2113 1544 2168 quae
1559 2097 1694 2150 sunt
1713 2098 1772 2149 et

189 2195 349 2267 Spiritu
371 2197 600 2259 sancto,
630 2189 934 2245 conﬁteor.
971 2189 1212 2241 Passum
1237 2201 1362 2239 esse
1386 2201 1526 2239 vera
1581 2184 1771 2238 carnis

186 2285 413 2357 passione,
432 2284 749 2336 mortuum
772 2293 908 2332 vera
937 2273 1198 2346 corporis
1226 2273 1312 2328 sui
1346 2276 1759 2338 morte,resur-

185 2370 345 2426 rexisse
370 2387 496 2426 vera
529 2368 728 2423 carnis
758 2382 873 2420 sum
904 2361 1356 2427 resurrectione,
1391 2365 1450 2414 et
1479 2377 1616 2415 vera
1642 2359 1763 2414 ani-

187 2463 286 2512 mae‘
309 2457 751 2520 resurrectione,
785 2454 846 2508 in
875 2469 990 2525 qua
1021 2449 1214 2505 veniet
1235 2449 1505 2520 judicare
1522 2449 1678 2504 vivos
1707 2452 1766 2505 et

189 2551 415 2615 mortuos,
439 2561 662 2602 assero.
688 2542 828 2597 Novi
861 2544 920 2595 et
947 2539 1169 2594 Veteris
1197 2539 1549 2594 Testamenti
1583 2555 1765 2592 unum

189 2637 520 2708 eamdemque
545 2632 733 2689 credo
761 2633 1059 2685 auctorem
1077 2631 1133 2682 et
1155 2627 1460 2682 dominum
1477 2630 1535 2681 et
1555 2628 1763 2682 Deum.

184 2723 434 2780 Diabolum
456 2741 578 2778 non
614 2737 726 2793 per
754 2718 1176 2785 conditionem,
1207 2717 1307 2771 sed
1327 2733 1431 2788 per
1454 2715 1766 2771 arbitrium

185 2813 356 2868 factum
397 2811 795 2868 essemalum.
832 2806 1018 2862 Credo
1048 2805 1419 2876 hujus,quam
1451 2807 1764 2876 gestamus,

183 2906 223 2956 et
247 2919 346 2958 non
371 2902 632 2966 alterius,
665 2897 860 2954 carnis
885 2893 1586 2950 resurrectionem.Credo
1608 2893 1770 2964 judi-

185 2991 302 3045 cium
329 2991 612 3056 futurum,
644 2991 703 3042 et
730 2988 1069 3056 recepturos
1100 2982 1354 3053 singulos
1383 2997 1488 3052 pro
1514 2981 1604 3036 his
1637 2999 1765 3054 quae

182 3083 434 3150 gesserunt
447 3080 535 3134 vel
562 3092 770 3150 pcenas
795 3074 882 3128 vel
898 3068 1410 3145 praimia.Nuptias
1428 3085 1547 3124 non
1573 3070 1766 3142 prohi-

183 3167 523 3234 beo,secunda
537 3161 928 3221 matrimonia
947 3177 1065 3216 non
1089 3157 1610 3213 damno.Carnium
1625 3175 1768 3228 prae-
1793 3141 1840 3201 Ο

183 3256 464 3328 ceptionem
497 3272 627 3311 non
663 3254 854 3323 culpo.
913 3245 1332 3305 Pcenitentibus
1387 3246 1767 3304 reconciliatis

183 3345 555 3400 communicari
594 3341 815 3397 debere
835 3337 1142 3393 confiteor.
1173 3336 1235 3388 In
1255 3334 1544 3405 baptismo
1568 3335 1768 3392 omnia

189 3434 461 3503 peccata,id
480 3437 570 3488 est
587 3435 710 3486 tam
732 3427 878 3484 illud
892 3424 1174 3496 originale
1191 3425 1761 3495 contractum,quam

183 3537 234 3575 ea
257 3539 368 3594 quae
410 3518 743 3578 voluntarie
777 3515 1031 3572 admissa
1060 3512 1433 3580 sunt,dimitti
1478 3512 1673 3576 credo,
1705 3515 1773 3568 Et

185 3613 308 3665 utra
319 3606 992 3666 Ecclesiamcatholicam
1013 3604 1235 3658 nullum
1251 3601 1454 3657 salvari
1467 3600 1767 3657 conﬁteor.

183 3698 374 3755 Sanctas
393 3701 656 3773 synodos
705 3699 980 3770 quatuor,
1031 3708 1174 3766 quas
1223 3691 1554 3747 universalis
1583 3696 1772 3748 mater

184 3787 386 3845 Ecclesia
409 3789 753 3853 confirmat,
799 3784 1108 3840 conﬁrmo.

590 3875 934 3932 EPISTOLA
969 3871 1324 3928 CLXXXVIII.

518 3984 557 4024 G
567 3981 872 4023 ERBERTUS
901 3979 1125 4017 OTTONI
1157 3973 1395 4014 CESARI.

236 4057 460 4114 Domino
495 4055 759 4131 glorioso
788 4054 1001 4108 Or'roru
1035 4049 1241 4106 Caesari
1266 4066 1500 4122 semper
1514 4049 1770 4121 Augusto

188 4142 540 4202 Romanorum
565 4142 1242 4216 imperatoriGEaeEaTUs
1273 4139 1772 4213 episcopusdebile

199 4237 444 4292 servitutis
469 4233 844 4307 obsequium.

243 4325 563 4380 Absentiam
582 4327 838 4378 vestram
853 4319 1218 4393 longitudine
1247 4322 1535 4373 terrarum
1553 4318 1769 4389 disjun-

1075 368 1324 432 SEC'I‘IO
1352 375 1394 433 I.
1426 404 1492 420 -
1517 374 1696 432 ANTE
1723 371 2032 432 SUMMUM
2061 373 2582 436 PONTIFICATUM.

3396 372 3504 438 ξεᾶ

1780 501 2212 572 Aspirantem,
2273 505 2522 562 reddite.
2587 507 2796 562 Eorum
2851 503 3220 562 conditiones
3269 503 3507 562 tantum

1868 595 2244 649 mementote
2276 594 2372 666 qui
2392 596 2627 666 capiunt
2641 599 2698 650 et
2727 595 3061 668 capiuntur,
3092 610 3167 648 ne
3194 594 3350 665 capti
3379 599 3513 669 post

1866 679 2206 737 libertatem
2241 687 2339 738 aut
2368 701 2472 754 per
2512 701 2571 738 se
2597 688 2696 739 aut
2724 701 2826 755 per
2877 700 3014 739 suos
3047 680 3370 753 capientes,
3419 686 3510 742 vel

1868 770 2097 827 amicos
2119 772 2470 843 capientium
2497 789 2600 846 pro
2646 789 2816 828 causa
2835 770 3132 845 captionis
3161 770 3381 830 laedere
3410 792 3506 833 va-

1867 858 2054 914 leant.

2348 931 2686 988 EPISTOLA
2726 933 3035 989 CLXXXIX.

2374 1019 2714 1060 GERBERTUS
2741 1022 2969 1061 OTTONI
2979 1045 2992 1058 .

1944 1071 2193 1128 Domino
2221 1075 2696 1132 excellentissimo
2730 1077 2963 1132 O'r'rom
3028 1073 3240 1129 Caesari
3273 1093 3507 1151 semper

1865 1162 2147 1232 Augusto,
2179 1179 2412 1217 suorum
2447 1165 2846 1237 episcoporum
2877 1164 3166 1220 minimus
3197 1181 3430 1240 semper
3446 1171 3506 1225 et

1867 1250 2082 1322 ubique
2111 1251 2318 1307 dehitm
2340 1253 2626 1308 servitutis
2656 1254 2954 1326 obsequia.

1941 1340 2083 1394 Cum
2106 1340 2556 1398 interhumanas
2582 1360 2672 1398 res
2703 1343 2846 1396 nihil
2879 1341 3108 1396 dulcius
3137 1346 3328 1400 vestro
3344 1346 3498 1418 aspi-

1867 1426 2088 1482 ciamus
2103 1428 2624 1499 imperio,sollicitis
2635 1448 2738 1502 pro
2757 1430 2916 1485 vobis
2933 1430 3082 1484 nihil
3098 1429 3318 1488 dulcius
3331 1433 3503 1505 signi-

1869 1517 2043 1572 ﬁcare
2063 1518 2526 1590 potuistis,quam
2544 1521 2713 1574 vestri
2733 1518 2965 1590 imperii
2986 1535 3284 1575 summam
3314 1522 3494 1593 glori-

1873 1623 1966 1660 am
1982 1623 2267 1662 summam
2287 1624 2417 1662 cum
2432 1608 2711 1680 dignitate
2725 1607 3213 1670 constantiam,Et
3225 1626 3495 1680 quamam

1872 1698 2026 1748 certe
2055 1695 2317 1766 majorin
2349 1696 2609 1767 principe
2639 1695 2868 1768 gloria?
2890 1712 3021 1766 quae
3054 1695 3401 1751 laudabilior
3432 1695 3492 1750 in

1871 1799 2100 1837 summo
2133 1783 2276 1838 duce
2303 1785 2650 1856 constantia,
2687 1800 2863 1856 quam
2894 1783 3155 1854 legiones
3183 1783 3491 1855 cogere,in

1796 1857 1846 1914 Β
1870 1871 2140 1926 hostilem
2163 1875 2376 1926 terram
2395 1872 2744 1945 irrumpere,
2782 1871 3042 1926 hostium
3072 1871 3364 1942 impetum
3382 1889 3492 1927 sua

1872 1959 2180 2031 praesentia
2209 1960 2510 2029 sustinere,
2563 1961 2816 2032 seipsum
2849 1975 2956 2030 pro
2983 1959 3191 2030 patria,
3221 1977 3326 2032 pro
3355 1960 3492 2015 reli-

1873 2049 2067 2118 gione,
2097 2065 2203 2119 pro
2229 2066 2468 2104 suorum
2499 2050 2702 2122 reique
2732 2048 2977 2120 publicae
3003 2049 3185 2103 salute
3217 2047 3493 2104 maximis

1871 2136 2141 2208 periculis
2171 2153 2472 2209 opponere
2501 2140 2528 2194 ?
2557 2139 2694 2203 Quae
2722 2137 2874 2191 facta
2888 2153 3063 2208 quam
3088 2136 3286 2191 felices
3302 2135 3496 2191 exitus

1870 2225 2220 2280 habuerunt.
2262 2227 2466 2282 Minori
2492 2243 2691 2282 sumus
2740 2224 2928 2279 affecti
2968 2241 3106 2280 cura
3137 2224 3210 2280 ob
3242 2223 3490 2296 legatio-

1871 2331 2006 2370 nem
2044 2315 2251 2370 Leonis
2284 2313 2510 2372 abbatis
2542 2314 2704 2370 vobis
2757 2314 3033 2369 directam
3061 2329 3234 2386 super
3255 2312 3352 2368 illo
3383 2313 3493 2367 Ar-

1869 2404 2054 2469 nulfo,
2084 2404 2184 2458 sed
2202 2421 2391 2477 neque
2409 2404 2610 2459 animo
2642 2402 2854 2457 insedit
2876 2420 2945 2457 ea
2970 2402 3204 2475 legatio,
3222 2419 3348 2473 quae
3366 2417 3500 2458 om-

1868 2492 2006 2547 nino
2029 2493 2173 2548 falsa
2203 2495 2310 2560 est,
2339 2493 2440 2548 sed
2459 2509 2589 2564 qua:
2603 2491 2714 2546 Leo
2736 2491 2910 2546 abbas
2943 2509 2975 2546 a
2995 2491 3141 2548 meis
3164 2489 3334 2545 Gallis
3349 2505 3490 2562 pro-

1869 2580 2045 2635 missa
2074 2579 2270 2651 exigit,
2305 2598 2443 2635 vera
2462 2579 2588 2634 fore
2619 2579 2851 2649 putavit.
2884 2581 2997 2634 Aut
3040 2579 3084 2634 si
3110 2579 3190 2634 ita
3214 2581 3318 2646 est,
3353 2582 3489 2638 novi

1868 2668 2201 2740 ingenitam
2255 2669 2421 2724 vobis
2479 2667 2963 2736 benevolentiam,
2992 2668 3203 2724 talibus
3259 2666 3408 2722 ausis
3433 2669 3494 2723 et

1866 2757 2009 2811 velle
2038 2760 2097 2811 et
2117 2772 2288 2827 posse
2322 2754 2622 2811 obsistere.
2657 2756 2722 2809 Et
2747 2756 2981 2827 quoiam
3012 2758 3209 2811 noster
3234 2755 3346 2810 Leo
3379 2754 3491 2810 iter

1867 2861 2033 2900 suum
2067 2844 2141 2900 ad
2165 2861 2269 2899 vos
2313 2841 2632 2899 intenderit
2684 2845 2950 2912 volando,
2983 2847 3046 2898 ut
3073 2844 3196 2917 ipse
3237 2843 3488 2916 scripsit,

1865 2950 1918 2987 Vl
1953 2934 2035 2987 Id.
2071 2932 2234 3003 Sept.
2275 2931 2510 3005 quando
2542 2930 2798 3002 primum
2839 2933 3011 2986 allata
3039 2932 3195 2986 venit
3223 2931 3489 3002 epistola,

1865 3021 2100 3092 iniquis,
2133 3022 2196 3074 ut
2230 3022 2429 3092 credo,
2468 3019 3004 3087 memorataventis,
3037 3019 3179 3075 nihil
3197 3019 3491 3090 superAr-

1867 3110 2026 3166 nulfo
2060 3112 2397 3166 consultum
2415 3113 2522 3166 est.
2557 3110 2669 3166 Sed
2693 3110 2806 3165 fert
2825 3126 3018 3165 secum
3051 3108 3157 3164 alia
3171 3109 3234 3163 ut
3259 3105 3491 3178 magnis

1866 3199 2104 3254 iuventa
2161 3198 2444 3272 ingeniis,
2505 3201 2586 3256 ita
2615 3199 2843 3272 magnis
2895 3198 3154 3254 ﬁnienda
3212 3194 3489 3251 consiliis.

1865 3289 2170 3343 IEternum
2199 3291 2329 3344 vale
2356 3290 2517 3345 vobis
2547 3291 2732 3345 vester
2776 3289 2838 3344 G.
2869 3289 2936 3343 Et
2965 3288 3100 3361 quia
3128 3289 3192 3341 ut
3219 3283 3491 3356 magniﬁ-

1869 3394 1960 3433 ces
1981 3377 2298 3454 magniﬁce
2318 3379 2630 3452 magniﬁcu
2643 3396 2698 3434 m
2721 3377 2969 3434 Sasbach
2981 3373 3494 3440 contulistis,mter-

1870 3487 1946 3526 no
1973 3468 2226 3542 imperio
2265 3473 2453 3524 vestro
2482 3471 2768 3524 aeternum
2797 3483 2854 3522 se
2887 3466 3117 3523 dedicat
3147 3466 3332 3520 vester
3358 3462 3492 3518 Ger-

1871 3559 2088 3614 bertus.
2115 3560 2187 3614 Et
2217 3557 2354 3630 quia
2383 3559 2449 3612 R.
2475 3557 2533 3612 S.
2566 3559 2629 3614 V.
2663 3559 2728 3612 D.
2757 3559 2978 3612 aeterno
3002 3552 3275 3627 obsequio
3299 3555 3488 3609 vestro

1873 3663 1930 3701 se
1961 3648 2263 3719 mancipat
2283 3646 2346 3701 G.
2375 3650 2581 3702 vester.
2615 3647 2756 3701 Hinc
2785 3661 2816 3701 a
2845 3645 3008 3701 vobis
3032 3643 3348 3702 liberaliter
3373 3642 3490 3698 col-

1872 3737 2012 3802 lata,
2041 3736 2144 3791 sed
2177 3752 2212 3790 a
2243 3736 2498 3807 quodam
2531 3735 2721 3790 nescio
2755 3751 2854 3789 cur
2884 3735 3098 3803 ablata,
3131 3731 3353 3789 restitui
3381 3731 3492 3788 sibi

1874 3825 2040 3896 petiit
2091 3826 2281 3878 vester
2309 3825 2372 3878 G.
2410 3825 2709 3879 Extremus
2754 3839 3138 3880 numerorum
3186 3820 3348 3878 abaci
3369 3838 3490 3878 ves-

1873 3917 2030 3969 trum
2065 3912 2322 3968 deﬁniat.

2203 3992 2216 4006 ’
2423 3983 2758 4041 EPISTOLA
2801 3982 2948 4038 CXC.

1949 4058 2204 4113 Domino
2233 4058 2288 4109 et
2309 4055 2775 4110 reverentissimo
2807 4055 2957 4126 patri
2983 4055 3062 4110 ill.
3095 4055 3156 4109 G.
3192 4051 3358 4108 ﬁlius.

1950 4144 2350 4202 Sanctissimas
2378 4143 2657 4199 amicitias
2689 4142 3164 4218 ﬁrmissimasque
3188 4143 3488 4200 societates

1872 4235 2161 4293 luculenta
2173 4234 2435 4288 oratione
2453 4250 2627 4305 quam
2645 4233 3112 4306 dulces,quamve
3125 4233 3290 4290 utiles
3301 4239 3490 4292 essent

1891 4322 2265 4396 expressistis,
2297 4339 2504 4394 meque
2533 4325 2694 4378 tanto
2726 4322 2917 4378 fructu
2948 4323 3260 4380 divinitatis
3304 4325 3486 4396 parti-

190 4409 244 4464 cti
263 4414 487 4470 omnino
506 4413 759 4468 moleste
779 4411 1039 4465 ferimus.
1071 4410 1138 4463 Et
1161 4408 1316 4480 quod
1348 4408 1503 4462 fama
1525 4407 1771 4463 nimium
1799 4435 1851 4494 Ι)
1874 4413 2059 4485 cipem
2112 4411 2445 4484 sociumque
2477 4429 2598 4466 esse
2643 4415 2702 4466 et
2727 4411 2850 4466 fore
2883 4413 3104 4485 dignati
3137 4413 3288 4468 estis.
3337 4413 3482 4479 Quid

189 4498 317 4556 devia
336 4521 532 4558 rerum
569 4503 849 4575 praeclare
890 4499 1121 4573 quidem
1157 4516 1192 4552 a
1210 4499 1367 4553 vobis
1389 4503 1774 4570 gestarum,ut

188 4603 402 4663 semper,
435 4611 548 4648 nec
575 4593 758 4646 ullam
785 4590 948 4646 voLis
977 4588 1291 4644 scintillam
1322 4588 1532 4642 attulit.
1555 4588 1636 4642 De
1659 4591 1773 4643 vita

189 4681 230 4730 el
252 4684 494 4738 moribus
527 4679 852 4737 Harmandi
909 4677 1134 4733 comitis
1178 4677 1286 4730 hoc
1335 4679 1654 4746 temporea
1677 4691 1771 4729 me

191 4765 402 4825 alienum
435 4775 545 4838 est,
583 4771 665 4825 ita
703 4770 950 4840 gemitus
999 4770 1056 4820 et
1108 4764 1352 4835 suspiria
1389 4765 1582 4819 fratris
1607 4768 1665 4818 et
1695 4764 1768 4818 si-

193 4858 427 4924 gniﬁcare
447 4878 592 4916 mea
623 4858 783 4914 vobis
814 4856 1131 4930 plurimum
1164 4854 1362 4910 refert.
1389 4854 1770 4926 Conqueritur

191 4945 362 5020 quippe
385 4950 478 5005 ille
504 4948 722 5004 nobilis
753 4948 834 5001 vir
871 4947 1113 5001 fratrem
1147 4961 1312 5000 suum
1338 4943 1489 5014 apud
1504 4943 1766 4998 Gorziam

187 5030 308 5089 fame
332 5038 522 5092 necari
545 5040 754 5091 contra
785 5053 944 5089 suam
967 5049 1322 5103 suorumque
1355 5031 1636 5086 natalium
1680 5031 1768 5086 di-

189 5123 450 5190 gnitatem,
512 5123 975 5196 ignominimque
1003 5121 1158 5176 ducit
1206 5121 1314 5175 hoc
1370 5120 1759 5192 sempiternae.

187 5206 312 5270 Quod
340 5214 382 5268 si
413 5230 624 5268 verum
649 5216 750 5278 est,
783 5212 918 5284 quid
951 5211 1058 5265 sibi
1090 5211 1289 5265 volunt
1317 5211 1440 5263 tam
1474 5209 1601 5264 dira
1629 5225 1761 5280 sup-

189 5298 361 5364 Plicia?
391 5304 555 5375 quod
578 5319 759 5373 genus
784 5301 984 5356 mortis
1022 5299 1284 5354 acerbius
1313 5298 1468 5353 fame
1496 5299 1522 5353 ‘2
1556 5298 1762 5354 Omnia

190 5399 446 5452 pinnarum
496 5407 719 5461 genera
762 5391 883 5444 sola
934 5390 1120 5443 fames
1145 5391 1466 5459 exsuperat,
1509 5390 1760 5442 mortem

187 5471 331 5542 ipsam
361 5477 714 5542 contemnit,
765 5494 830 5531 ac
861 5493 989 5532 eam
1041 5478 1244 5531 contra
1317 5480 1535 5530 natura:
1595 5492 1758 5530 usum

191 5562 301 5620 inse
328 5570 632 5640 provocat.
667 5567 1002 5630 Removere,
1055 5582 1270 5636 quwso,
1319 5567 1440 5618 tam
1501 5564 1759 5619 immane

194 5655 337 5720 nefas,
358 5661 415 5711 et
452 5655 684 5730 petenti
725 5655 885 5710 fratri
933 5654 1174 5710 fratrem
1219 5653 1426 5718 adhuc,
1478 5657 1538 5707 ut
1597 5653 1754 5720 dicit,

1873 4503 2032 4556 enim
2067 4505 2154 4556 est
2183 4500 2338 4556 aliud
2362 4517 2498 4555 vera
2524 4500 2797 4568 amicitia,
2820 4501 2928 4557 nisi
2956 4502 3267 4558 divinitatis
3288 4503 3488 4574 praeci-

1871 4607 2051 4663 puum
2082 4607 2293 4644 munus
2320 4591 2348 4645 ‘l
2381 4591 2493 4645 Hac
2521 4589 2696 4662 igitur
2726 4589 2982 4646 amicitia
3031 4595 3218 4646 vestra
3277 4591 3481 4660 fretus,

1872 4679 2059 4750 deque
2091 4695 2158 4733 ea
2188 4679 2334 4734 bene
2361 4695 2739 4750 praesumens,
2773 4682 2947 4750 atque
2970 4680 3028 4734 in
3049 4683 3345 4750 posterum
3367 4697 3485 4736 me-

1870 4767 2015 4822 liora
2032 4784 2291 4838 sperans,
2310 4768 2532 4822 Arnulfi
2564 4767 2815 4823 reditum
2835 4769 2909 4823 ad
2927 4770 3132 4825 urbem
3161 4769 3480 4825 Remorum

1869 4872 1984 4910 non
2015 4872 2349 4928 expavesco,
2384 4857 2484 4911 sed
2504 4857 2550 4912 si
2580 4857 2660 4910 ita
2691 4857 3041 4928 pervenerit,
3075 4860 3136 4912 ut
3153 4857 3478 4928 Hungerius

1867 4945 1964 5017 qui
1992 4945 2170 4999 voluit
2197 4944 2426 5013 retulit;
2463 4946 2535 5000 ob
2576 4961 2752 5017 quam
2781 4962 3013 5001 causam
3044 4947 3115 5001 de
3147 4946 3264 5000 Hur
3313 4947 3480 5003 Chal-

1867 5033 2125 5088 daeorum
2155 5032 2383 5088 liberari
2417 5033 2668 5100 confido,
2700 5033 3014 5106 vestrisque
3042 5035 3330 5107 obsequiis
3358 5053 3478 5092 non

1865 5119 2079 5176 deesse.
2115 5121 2394 5193 Quodque
2423 5137 2657 5193 semper
2677 5121 2850 5186 volui,
2873 5139 3106 5196 semper
3135 5123 3477 5196 optavi,haac

1862 5225 2031 5264 causa
2060 5211 2334 5266 comitem
2365 5211 2726 5266 individuum
2759 5211 3164 5285 efﬁciet,eique
3215 5213 3475 5270 solemne

1861 5297 2176 5368 imperium
2205 5299 2588 5370 appellamus.
2619 5298 2808 5363 Quare
2839 5300 2979 5372 quid
3026 5300 3267 5369 dulcius,
3326 5303 3465 5375 quid

1860 5386 2224 5456 praestantius
2236 5387 2263 5440 ‘?
2283 5387 2402 5441 Non
2424 5403 2563 5458 ergo
2581 5387 2983 5460 suspirandum
3001 5405 3104 5459 pro
3121 5406 3289 5444 causa
3301 5388 3470 5443 amici

1869 5475 2029 5530 vobis
2058 5475 2184 5542 fuit,
2219 5476 2305 5530 vel
2340 5475 2470 5542 erit,
2502 5492 2634 5530 cum
2665 5493 2732 5530 ex
2764 5479 3044 5545 toto,cum
3078 5495 3143 5533 ex
3175 5476 3469 5532 communi

1859 5565 1988 5618 voto
2021 5566 2078 5618 et
2106 5564 2523 5620 deliberatione
2560 5567 2766 5621 cuncta
2796 5566 3191 5637 provenerint,
3240 5563 3467 5634 sintque

1858 5656 2205 5726 proventura
2223 5653 2520 5710 divinitate
2545 5654 2815 5728 propitia,
2839 5654 2996 5712 vobis
3015 5651 3464 5724 consulentibus,
