  <div class='ocr_page' id='page_1' title='image "/cluster/home/n/w/nwhite01/storage/ocr_20150623/139/hvd.32044054759998/134.png"; bbox 0 0 3954 6170; ppageno 0'>
   <div class='ocr_carea' id='block_1_1' title="bbox 250 386 358 455">
    <p class='ocr_par' dir='ltr' id='par_1_1' title="bbox 250 386 358 455">
     <span class='ocr_line' id='line_1_1' title="bbox 250 386 358 455; baseline -0.009 0"><span class='ocrx_word' id='word_1_1' title='bbox 250 386 358 455; x_wconf 68' lang='grc' dir='ltr'><strong>ευ</strong></span> 
     </span>
    </p>
   </div>
   <div class='ocr_carea' id='block_1_2' title="bbox 1165 383 2672 467">
    <p class='ocr_par' dir='ltr' id='par_1_2' title="bbox 1165 383 2672 467">
     <span class='ocr_line' id='line_1_2' title="bbox 1165 383 2672 467; baseline 0.009 -13"><span class='ocrx_word' id='word_1_2' title='bbox 1165 383 1416 457; x_wconf 63' lang='grc' dir='ltr'><strong>πεπυ</strong></span> <span class='ocrx_word' id='word_1_3' title='bbox 1441 393 1488 456; x_wconf 90' lang='grc' dir='ltr'><strong>ῐ.</strong></span> <span class='ocrx_word' id='word_1_4' title='bbox 1520 413 1594 444; x_wconf 65' lang='grc' dir='ltr'><strong>ὸ-</strong></span> <span class='ocrx_word' id='word_1_5' title='bbox 1617 388 1800 459; x_wconf 70' lang='grc' dir='ltr'><strong>ΛΝΤΕ</strong></span> <span class='ocrx_word' id='word_1_6' title='bbox 1825 387 2116 461; x_wconf 67' lang='lat' dir='ltr'><strong>suum</strong></span> <span class='ocrx_word' id='word_1_7' title='bbox 2139 393 2672 467; x_wconf 62' lang='lat' dir='ltr'><strong>PONTIFICATUK.</strong></span> 
     </span>
    </p>
   </div>
   <div class='ocr_carea' id='block_1_3' title="bbox 3480 411 3586 479">
    <p class='ocr_par' dir='ltr' id='par_1_3' title="bbox 3480 411 3586 479">
     <span class='ocr_line' id='line_1_3' title="bbox 3480 411 3586 479; baseline 0.009 -1"><span class='ocrx_word' id='word_1_8' title='bbox 3480 411 3586 479; x_wconf 69' lang='lat'><strong>258</strong></span> 
     </span>
    </p>
   </div>
   <div class='ocr_carea' id='block_1_4' title="bbox 255 494 3587 614">
    <p class='ocr_par' dir='ltr' id='par_1_4' title="bbox 255 494 3587 614">
     <span class='ocr_line' id='line_1_4' title="bbox 255 494 3587 614; baseline 0.008 -43"><span class='ocrx_word' id='word_1_9' title='bbox 255 515 569 614; x_wconf 42' lang='lat' dir='ltr'><strong>proximus.</strong></span> <span class='ocrx_word' id='word_1_10' title='bbox 824 515 906 614; x_wconf 31' lang='lat' dir='ltr'><strong>‘Et</strong></span> <span class='ocrx_word' id='word_1_11' title='bbox 943 513 1180 614; x_wconf 72' lang='lat' dir='ltr'><strong>divinus</strong></span> <span class='ocrx_word' id='word_1_12' title='bbox 1206 533 1440 614; x_wconf 69' lang='lat' dir='ltr'><strong>sermo:</strong></span> <span class='ocrx_word' id='word_1_13' title='bbox 1568 522 2034 614; x_wconf 67' lang='lat' dir='ltr'><strong>Mnctuariert</strong></span> <span class='ocrx_word' id='word_1_14' title='bbox 2067 523 2354 614; x_wconf 75' lang='lat' dir='ltr'><strong>superbia,</strong></span> <span class='ocrx_word' id='word_1_15' title='bbox 2382 529 2571 584; x_wconf 83' lang='lat' dir='ltr'><strong>vestra</strong></span> <span class='ocrx_word' id='word_1_16' title='bbox 2587 531 3027 606; x_wconf 80' lang='lat' dir='ltr'><strong>vestmrumque</strong></span> <span class='ocrx_word' id='word_1_17' title='bbox 3047 541 3180 592; x_wconf 80' lang='lat' dir='ltr'><strong>usus</strong></span> <span class='ocrx_word' id='word_1_18' title='bbox 3209 494 3587 614; x_wconf 73' lang='lat' dir='ltr'><strong>amicitia,qui</strong></span> 
     </span>
    </p>
   </div>
   <div class='ocr_carea' id='block_1_5' title="bbox 257 606 1874 680">
    <p class='ocr_par' dir='ltr' id='par_1_5' title="bbox 257 606 1874 680">
     <span class='ocr_line' id='line_1_5' title="bbox 257 606 1874 680; baseline 0.004 -19"><span class='ocrx_word' id='word_1_19' title='bbox 257 621 370 662; x_wconf 80' lang='lat' dir='ltr'><strong>meo</strong></span> <span class='ocrx_word' id='word_1_20' title='bbox 397 606 640 678; x_wconf 64' lang='lat' dir='ltr'><strong>We,</strong></span> <span class='ocrx_word' id='word_1_21' title='bbox 671 606 732 662; x_wconf 91' lang='lat' dir='ltr'><strong>id</strong></span> <span class='ocrx_word' id='word_1_22' title='bbox 753 609 844 663; x_wconf 84' lang='lat' dir='ltr'><strong>est</strong></span> <span class='ocrx_word' id='word_1_23' title='bbox 872 621 906 663; x_wconf 92' lang='lat' dir='ltr'><strong>a</strong></span> <span class='ocrx_word' id='word_1_24' title='bbox 933 607 1102 680; x_wconf 84' lang='lat' dir='ltr'><strong>regni</strong></span> <span class='ocrx_word' id='word_1_25' title='bbox 1153 607 1545 666; x_wconf 76' lang='lat' dir='ltr'><strong>fundamento</strong></span> <span class='ocrx_word' id='word_1_26' title='bbox 1593 615 1650 666; x_wconf 84' lang='lat' dir='ltr'><strong>et</strong></span> <span class='ocrx_word' id='word_1_27' title='bbox 1676 611 1748 666; x_wconf 82' lang='lat' dir='ltr'><strong>ab</strong></span> <span class='ocrx_word' id='word_1_28' title='bbox 1782 627 1874 666; x_wconf 89' lang='lat' dir='ltr'><strong>ar-</strong></span> 
     </span>
    </p>
   </div>
   <div class='ocr_carea' id='block_1_6' title="bbox 252 694 1872 770">
    <p class='ocr_par' dir='ltr' id='par_1_6' title="bbox 252 694 1872 770">
     <span class='ocr_line' id='line_1_6' title="bbox 252 694 1872 770; baseline 0.004 -22"><span class='ocrx_word' id='word_1_29' title='bbox 252 711 339 749; x_wconf 86' lang='lat' dir='ltr'><strong>ce.</strong></span> <span class='ocrx_word' id='word_1_30' title='bbox 367 694 488 749; x_wconf 72' lang='lat' dir='ltr'><strong>Hec</strong></span> <span class='ocrx_word' id='word_1_31' title='bbox 518 696 736 750; x_wconf 81' lang='lat' dir='ltr'><strong>factum</strong></span> <span class='ocrx_word' id='word_1_32' title='bbox 761 697 861 769; x_wconf 88' lang='lat' dir='ltr'><strong>qui</strong></span> <span class='ocrx_word' id='word_1_33' title='bbox 895 696 1010 751; x_wconf 88' lang='lat' dir='ltr'><strong>doli</strong></span> <span class='ocrx_word' id='word_1_34' title='bbox 1045 695 1419 765; x_wconf 79' lang='lat' dir='ltr'><strong>comitentur,</strong></span> <span class='ocrx_word' id='word_1_35' title='bbox 1445 698 1508 753; x_wconf 88' lang='lat' dir='ltr'><strong>in</strong></span> <span class='ocrx_word' id='word_1_36' title='bbox 1537 703 1738 770; x_wconf 86' lang='lat' dir='ltr'><strong>aperto</strong></span> <span class='ocrx_word' id='word_1_37' title='bbox 1766 704 1872 754; x_wconf 87' lang='lat' dir='ltr'><strong>est.</strong></span> 
     </span>
    </p>
   </div>
   <div class='ocr_carea' id='block_1_7' title="bbox 255 783 1875 859">
    <p class='ocr_par' dir='ltr' id='par_1_7' title="bbox 255 783 1875 859">
     <span class='ocr_line' id='line_1_7' title="bbox 255 783 1875 859; baseline 0.002 -21"><span class='ocrx_word' id='word_1_38' title='bbox 255 784 370 838; x_wconf 77' lang='lat' dir='ltr'><strong>Hoc</strong></span> <span class='ocrx_word' id='word_1_39' title='bbox 389 783 553 838; x_wconf 89' lang='lat' dir='ltr'><strong>enim</strong></span> <span class='ocrx_word' id='word_1_40' title='bbox 571 787 869 847; x_wconf 85' lang='lat' dir='ltr'><strong>concesso,</strong></span> <span class='ocrx_word' id='word_1_41' title='bbox 893 785 1143 856; x_wconf 82' lang='lat' dir='ltr'><strong>dignitas</strong></span> <span class='ocrx_word' id='word_1_42' title='bbox 1159 787 1246 841; x_wconf 86' lang='lat' dir='ltr'><strong>vel</strong></span> <span class='ocrx_word' id='word_1_43' title='bbox 1261 787 1453 859; x_wconf 88' lang='lat' dir='ltr'><strong>potius</strong></span> <span class='ocrx_word' id='word_1_44' title='bbox 1468 789 1717 859; x_wconf 78' lang='lat' dir='ltr'><strong>gravitas</strong></span> <span class='ocrx_word' id='word_1_45' title='bbox 1737 804 1875 843; x_wconf 88' lang='lat' dir='ltr'><strong>con-</strong></span> 
     </span>
    </p>
   </div>
   <div class='ocr_carea' id='block_1_8' title="bbox 253 873 1876 949">
    <p class='ocr_par' dir='ltr' id='par_1_8' title="bbox 253 873 1876 949">
     <span class='ocr_line' id='line_1_8' title="bbox 253 873 1876 949; baseline 0.003 -22"><span class='ocrx_word' id='word_1_46' title='bbox 253 873 922 941; x_wconf 76' lang='lat' dir='ltr'><strong>funditursacerdot&#39;alis,</strong></span> <span class='ocrx_word' id='word_1_47' title='bbox 945 875 1296 948; x_wconf 64' lang='lat' dir='ltr'><strong>statusregji</strong></span> <span class='ocrx_word' id='word_1_48' title='bbox 1328 876 1876 949; x_wconf 89' lang='lat' dir='ltr'><strong>periclitatur.Quod</strong></span> 
     </span>
    </p>
   </div>
   <div class='ocr_carea' id='block_1_9' title="bbox 252 962 1873 1038">
    <p class='ocr_par' dir='ltr' id='par_1_9' title="bbox 252 962 1873 1038">
     <span class='ocr_line' id='line_1_9' title="bbox 252 962 1873 1038; baseline 0.003 -22"><span class='ocrx_word' id='word_1_49' title='bbox 252 963 298 1016; x_wconf 87' lang='lat' dir='ltr'><strong>si</strong></span> <span class='ocrx_word' id='word_1_50' title='bbox 352 963 466 1016; x_wconf 88' lang='lat' dir='ltr'><strong>hoc</strong></span> <span class='ocrx_word' id='word_1_51' title='bbox 521 962 866 1017; x_wconf 74' lang='lat' dir='ltr'><strong>inconsultis</strong></span> <span class='ocrx_word' id='word_1_52' title='bbox 907 964 1189 1036; x_wconf 86' lang='lat' dir='ltr'><strong>episcopis</strong></span> <span class='ocrx_word' id='word_1_53' title='bbox 1220 965 1432 1036; x_wconf 89' lang='lat' dir='ltr'><strong>agitur,</strong></span> <span class='ocrx_word' id='word_1_54' title='bbox 1467 965 1873 1038; x_wconf 87' lang='lat' dir='ltr'><strong>episcoporum</strong></span> 
     </span>
    </p>
   </div>
   <div class='ocr_carea' id='block_1_10' title="bbox 251 1049 1878 1128">
    <p class='ocr_par' dir='ltr' id='par_1_10' title="bbox 251 1049 1878 1128">
     <span class='ocr_line' id='line_1_10' title="bbox 251 1049 1878 1128; baseline 0.004 -24"><span class='ocrx_word' id='word_1_55' title='bbox 251 1049 543 1122; x_wconf 79' lang='lat' dir='ltr'><strong>potestas,</strong></span> <span class='ocrx_word' id='word_1_56' title='bbox 577 1051 848 1122; x_wconf 73' lang='lat' dir='ltr'><strong>gravitas,</strong></span> <span class='ocrx_word' id='word_1_57' title='bbox 874 1052 1124 1123; x_wconf 80' lang='lat' dir='ltr'><strong>dignitas</strong></span> <span class='ocrx_word' id='word_1_58' title='bbox 1141 1055 1493 1108; x_wconf 79' lang='lat' dir='ltr'><strong>annullatur.</strong></span> <span class='ocrx_word' id='word_1_59' title='bbox 1529 1055 1635 1119; x_wconf 90' lang='lat' dir='ltr'><strong>Qui</strong></span> <span class='ocrx_word' id='word_1_60' title='bbox 1663 1055 1878 1128; x_wconf 88' lang='lat' dir='ltr'><strong>episco-</strong></span> 
     </span>
    </p>
   </div>
   <div class='ocr_carea' id='block_1_11' title="bbox 252 1135 1874 1216">
    <p class='ocr_par' dir='ltr' id='par_1_11' title="bbox 252 1135 1874 1216">
     <span class='ocr_line' id='line_1_11' title="bbox 252 1135 1874 1216; baseline 0.004 -23"><span class='ocrx_word' id='word_1_61' title='bbox 252 1135 394 1212; x_wconf 78' lang='lat' dir='ltr'><strong>puni</strong></span> <span class='ocrx_word' id='word_1_62' title='bbox 427 1141 694 1212; x_wconf 81' lang='lat' dir='ltr'><strong>quamvis</strong></span> <span class='ocrx_word' id='word_1_63' title='bbox 713 1144 1054 1196; x_wconf 75' lang='lat' dir='ltr'><strong>sceleratum</strong></span> <span class='ocrx_word' id='word_1_64' title='bbox 1075 1143 1396 1198; x_wconf 88' lang='lat' dir='ltr'><strong>sacerdotio</strong></span> <span class='ocrx_word' id='word_1_65' title='bbox 1411 1143 1638 1216; x_wconf 85' lang='lat' dir='ltr'><strong>privare</strong></span> <span class='ocrx_word' id='word_1_66' title='bbox 1653 1161 1757 1200; x_wconf 91' lang='lat' dir='ltr'><strong>nec</strong></span> <span class='ocrx_word' id='word_1_67' title='bbox 1771 1157 1874 1216; x_wconf 80' lang='lat' dir='ltr'><strong>pu-</strong></span> 
     </span>
    </p>
   </div>
   <div class='ocr_carea' id='block_1_12' title="bbox 251 1227 1874 1304">
    <p class='ocr_par' dir='ltr' id='par_1_12' title="bbox 251 1227 1874 1304">
     <span class='ocr_line' id='line_1_12' title="bbox 251 1227 1874 1304; baseline 0.003 -22"><span class='ocrx_word' id='word_1_68' title='bbox 251 1232 514 1296; x_wconf 82' lang='lat' dir='ltr'><strong>tuerun‘t,</strong></span> <span class='ocrx_word' id='word_1_69' title='bbox 547 1245 653 1284; x_wconf 89' lang='lat' dir='ltr'><strong>nec</strong></span> <span class='ocrx_word' id='word_1_70' title='bbox 673 1229 1020 1285; x_wconf 83' lang='lat' dir='ltr'><strong>debuerunt.</strong></span> <span class='ocrx_word' id='word_1_71' title='bbox 1052 1232 1109 1286; x_wconf 91' lang='lat' dir='ltr'><strong>Si</strong></span> <span class='ocrx_word' id='word_1_72' title='bbox 1139 1247 1272 1286; x_wconf 89' lang='lat' dir='ltr'><strong>vero</strong></span> <span class='ocrx_word' id='word_1_73' title='bbox 1299 1233 1596 1300; x_wconf 83' lang='lat' dir='ltr'><strong>consultis,</strong></span> <span class='ocrx_word' id='word_1_74' title='bbox 1627 1227 1731 1304; x_wconf 84' lang='lat' dir='ltr'><strong>ipsi</strong></span> <span class='ocrx_word' id='word_1_75' title='bbox 1759 1249 1874 1288; x_wconf 62' lang='lat' dir='ltr'><strong>sua:</strong></span> 
     </span>
    </p>
   </div>
   <div class='ocr_carea' id='block_1_13' title="bbox 257 1316 1872 1391">
    <p class='ocr_par' dir='ltr' id='par_1_13' title="bbox 257 1316 1872 1391">
     <span class='ocr_line' id='line_1_13' title="bbox 257 1316 1872 1391; baseline 0.002 -20"><span class='ocrx_word' id='word_1_76' title='bbox 257 1316 656 1372; x_wconf 83' lang='lat' dir='ltr'><strong>dam&#39;natiOnis</strong></span> <span class='ocrx_word' id='word_1_77' title='bbox 688 1321 862 1373; x_wconf 84' lang='lat' dir='ltr'><strong>testes</strong></span> <span class='ocrx_word' id='word_1_78' title='bbox 891 1323 1046 1382; x_wconf 89' lang='lat' dir='ltr'><strong>sunt,</strong></span> <span class='ocrx_word' id='word_1_79' title='bbox 1077 1320 1173 1391; x_wconf 85' lang='lat' dir='ltr'><strong>qui</strong></span> <span class='ocrx_word' id='word_1_80' title='bbox 1204 1336 1237 1374; x_wconf 93' lang='lat' dir='ltr'><strong>a</strong></span> <span class='ocrx_word' id='word_1_81' title='bbox 1263 1333 1320 1374; x_wconf 89' lang='lat' dir='ltr'><strong>se</strong></span> <span class='ocrx_word' id='word_1_82' title='bbox 1345 1336 1464 1375; x_wconf 91' lang='lat' dir='ltr'><strong>non</strong></span> <span class='ocrx_word' id='word_1_83' title='bbox 1491 1321 1872 1391; x_wconf 67' lang='lat' dir='ltr'><strong>judicandum</strong></span> 
     </span>
    </p>
   </div>
   <div class='ocr_carea' id='block_1_14' title="bbox 241 1403 1875 1481">
    <p class='ocr_par' dir='ltr' id='par_1_14' title="bbox 241 1403 1875 1481">
     <span class='ocr_line' id='line_1_14' title="bbox 241 1403 1875 1481; baseline 0.002 -21"><span class='ocrx_word' id='word_1_84' title='bbox 241 1403 683 1478; x_wconf 79' lang='lat' dir='ltr'><strong>judicaverunt.</strong></span> <span class='ocrx_word' id='word_1_85' title='bbox 718 1408 787 1462; x_wconf 88' lang='lat' dir='ltr'><strong>Et</strong></span> <span class='ocrx_word' id='word_1_86' title='bbox 820 1409 917 1480; x_wconf 86' lang='lat' dir='ltr'><strong>qui</strong></span> <span class='ocrx_word' id='word_1_87' title='bbox 943 1412 1143 1464; x_wconf 85' lang='lat' dir='ltr'><strong>contra</strong></span> <span class='ocrx_word' id='word_1_88' title='bbox 1177 1409 1595 1481; x_wconf 90' lang='lat' dir='ltr'><strong>professionem</strong></span> <span class='ocrx_word' id='word_1_89' title='bbox 1621 1426 1785 1464; x_wconf 89' lang='lat' dir='ltr'><strong>suam</strong></span> <span class='ocrx_word' id='word_1_90' title='bbox 1817 1413 1875 1463; x_wconf 89' lang='lat' dir='ltr'><strong>et</strong></span> 
     </span>
    </p>
   </div>
   <div class='ocr_carea' id='block_1_15' title="bbox 256 1487 1872 1569">
    <p class='ocr_par' dir='ltr' id='par_1_15' title="bbox 256 1487 1872 1569">
     <span class='ocr_line' id='line_1_15' title="bbox 256 1487 1872 1569; baseline 0.001 -20"><span class='ocrx_word' id='word_1_91' title='bbox 256 1495 745 1567; x_wconf 67' lang='lat' dir='ltr'><strong>subscriptionem</strong></span> <span class='ocrx_word' id='word_1_92' title='bbox 769 1507 932 1551; x_wconf 84' lang='lat' dir='ltr'><strong>suam</strong></span> <span class='ocrx_word' id='word_1_93' title='bbox 959 1497 1017 1552; x_wconf 89' lang='lat' dir='ltr'><strong>in</strong></span> <span class='ocrx_word' id='word_1_94' title='bbox 1049 1487 1243 1552; x_wconf 82' lang='lat' dir='ltr'><strong>libello</strong></span> <span class='ocrx_word' id='word_1_95' title='bbox 1261 1498 1642 1554; x_wconf 88' lang='lat' dir='ltr'><strong>abdicationis</strong></span> <span class='ocrx_word' id='word_1_96' title='bbox 1667 1515 1700 1552; x_wconf 96' lang='lat' dir='ltr'><strong>a</strong></span> <span class='ocrx_word' id='word_1_97' title='bbox 1731 1498 1872 1569; x_wconf 87' lang='lat' dir='ltr'><strong>seip-</strong></span> 
     </span>
    </p>
   </div>
   <div class='ocr_carea' id='block_1_16' title="bbox 252 1583 1873 1657">
    <p class='ocr_par' dir='ltr' id='par_1_16' title="bbox 252 1583 1873 1657">
     <span class='ocr_line' id='line_1_16' title="bbox 252 1583 1873 1657; baseline 0.002 -18"><span class='ocrx_word' id='word_1_98' title='bbox 252 1583 328 1640; x_wconf 83' lang='lat' dir='ltr'><strong>s&#39;is</strong></span> <span class='ocrx_word' id='word_1_99' title='bbox 368 1585 590 1639; x_wconf 81' lang='lat' dir='ltr'><strong>factam</strong></span> <span class='ocrx_word' id='word_1_100' title='bbox 629 1586 826 1640; x_wconf 86' lang='lat' dir='ltr'><strong>venire</strong></span> <span class='ocrx_word' id='word_1_101' title='bbox 873 1591 1382 1657; x_wconf 59' lang='lat' dir='ltr'><strong>prasumpseruut.</strong></span> <span class='ocrx_word' id='word_1_102' title='bbox 1430 1587 1753 1642; x_wconf 85' lang='lat' dir='ltr'><strong>Reducetur</strong></span> <span class='ocrx_word' id='word_1_103' title='bbox 1799 1587 1873 1642; x_wconf 89' lang='lat' dir='ltr'><strong>ad</strong></span> 
     </span>
    </p>
   </div>
   <div class='ocr_carea' id='block_1_17' title="bbox 253 1673 1870 1748">
    <p class='ocr_par' dir='ltr' id='par_1_17' title="bbox 253 1673 1870 1748">
     <span class='ocr_line' id='line_1_17' title="bbox 253 1673 1870 1748; baseline 0.001 -20"><span class='ocrx_word' id='word_1_104' title='bbox 253 1673 611 1729; x_wconf 82' lang='lat' dir='ltr'><strong>memoriam</strong></span> <span class='ocrx_word' id='word_1_105' title='bbox 639 1674 762 1744; x_wconf 87' lang='lat' dir='ltr'><strong>ejus</strong></span> <span class='ocrx_word' id='word_1_106' title='bbox 790 1674 998 1746; x_wconf 86' lang='lat' dir='ltr'><strong>captio,</strong></span> <span class='ocrx_word' id='word_1_107' title='bbox 1030 1691 1226 1730; x_wconf 88' lang='lat' dir='ltr'><strong>carcer</strong></span> <span class='ocrx_word' id='word_1_108' title='bbox 1249 1675 1522 1748; x_wconf 84' lang='lat' dir='ltr'><strong>prolixus,</strong></span> <span class='ocrx_word' id='word_1_109' title='bbox 1551 1674 1783 1730; x_wconf 82' lang='lat' dir='ltr'><strong>alterius</strong></span> <span class='ocrx_word' id='word_1_110' title='bbox 1811 1675 1870 1730; x_wconf 91' lang='lat' dir='ltr'><strong>in</strong></span> 
     </span>
    </p>
   </div>
   <div class='ocr_carea' id='block_1_18' title="bbox 250 1755 1870 1836">
    <p class='ocr_par' dir='ltr' id='par_1_18' title="bbox 250 1755 1870 1836">
     <span class='ocr_line' id='line_1_18' title="bbox 250 1755 1870 1836; baseline 0.002 -20"><span class='ocrx_word' id='word_1_111' title='bbox 250 1762 379 1832; x_wconf 82' lang='lat' dir='ltr'><strong>ejus</strong></span> <span class='ocrx_word' id='word_1_112' title='bbox 409 1755 614 1818; x_wconf 81' lang='lat' dir='ltr'><strong>&#39;sedem</strong></span> <span class='ocrx_word' id='word_1_113' title='bbox 640 1763 952 1832; x_wconf 80' lang='lat' dir='ltr'><strong>ordinatio,</strong></span> <span class='ocrx_word' id='word_1_114' title='bbox 977 1764 1870 1836; x_wconf 72' lang='lat' dir='ltr'><strong>o‘rdinateres,ordinatus,atque</strong></span> 
     </span>
    </p>
   </div>
   <div class='ocr_carea' id='block_1_19' title="bbox 253 1851 1946 1942">
    <p class='ocr_par' dir='ltr' id='par_1_19' title="bbox 253 1851 1946 1942">
     <span class='ocr_line' id='line_1_19' title="bbox 253 1851 1946 1942; baseline 0.001 -36"><span class='ocrx_word' id='word_1_115' title='bbox 253 1851 328 1906; x_wconf 81' lang='lat' dir='ltr'><strong>ab</strong></span> <span class='ocrx_word' id='word_1_116' title='bbox 355 1867 428 1907; x_wconf 88' lang='lat' dir='ltr'><strong>eo</strong></span> <span class='ocrx_word' id='word_1_117' title='bbox 462 1851 718 1942; x_wconf 80' lang='lat' dir='ltr'><strong>ordinati</strong></span> <span class='ocrx_word' id='word_1_118' title='bbox 735 1853 1050 1942; x_wconf 50' lang='lat' dir='ltr'><strong>&quot;calumniae.</strong></span> <span class='ocrx_word' id='word_1_119' title='bbox 1087 1853 1484 1924; x_wconf 82' lang='lat' dir='ltr'><strong>subjaccbunt.</strong></span> <span class='ocrx_word' id='word_1_120' title='bbox 1514 1854 1621 1926; x_wconf 85' lang='lat' dir='ltr'><strong>Ipsi</strong></span> <span class='ocrx_word' id='word_1_121' title='bbox 1643 1869 1872 1925; x_wconf 90' lang='lat' dir='ltr'><strong>quoque</strong></span> <span class='ocrx_word' id='word_1_122' title='bbox 1897 1867 1946 1942; x_wconf 75' lang='grc' dir='ltr'><strong>Β</strong></span> 
     </span>
    </p>
   </div>
   <div class='ocr_carea' id='block_1_20' title="bbox 258 1939 1872 2014">
    <p class='ocr_par' dir='ltr' id='par_1_20' title="bbox 258 1939 1872 2014">
     <span class='ocr_line' id='line_1_20' title="bbox 258 1939 1872 2014; baseline 0 -20"><span class='ocrx_word' id='word_1_123' title='bbox 258 1945 428 2012; x_wconf 79' lang='lat' dir='ltr'><strong>reges</strong></span> <span class='ocrx_word' id='word_1_124' title='bbox 459 1939 522 1994; x_wconf 72' lang='lat' dir='ltr'><strong>in</strong></span> <span class='ocrx_word' id='word_1_125' title='bbox 563 1941 814 2012; x_wconf 76' lang='lat' dir='ltr'><strong>peccatis</strong></span> <span class='ocrx_word' id='word_1_126' title='bbox 842 1941 1081 2013; x_wconf 84' lang='lat' dir='ltr'><strong>singulis</strong></span> <span class='ocrx_word' id='word_1_127' title='bbox 1113 1946 1442 2013; x_wconf 80' lang='lat' dir='ltr'><strong>peccatores</strong></span> <span class='ocrx_word' id='word_1_128' title='bbox 1494 1943 1872 2014; x_wconf 78' lang='lat' dir='ltr'><strong>apparebunt.</strong></span> 
     </span>
    </p>
   </div>
   <div class='ocr_carea' id='block_1_21' title="bbox 259 2029 1875 2103">
    <p class='ocr_par' dir='ltr' id='par_1_21' title="bbox 259 2029 1875 2103">
     <span class='ocr_line' id='line_1_21' title="bbox 259 2029 1875 2103; baseline 0 -19"><span class='ocrx_word' id='word_1_129' title='bbox 259 2029 372 2084; x_wconf 81' lang='lat' dir='ltr'><strong>Nec</strong></span> <span class='ocrx_word' id='word_1_130' title='bbox 387 2029 502 2084; x_wconf 82' lang='lat' dir='ltr'><strong>sibi</strong></span> <span class='ocrx_word' id='word_1_131' title='bbox 520 2029 828 2102; x_wconf 74' lang='lat' dir='ltr'><strong>quisquam</strong></span> <span class='ocrx_word' id='word_1_132' title='bbox 851 2030 1464 2103; x_wconf 78' lang='lat' dir='ltr'><strong>blandiatur,quolibet</strong></span> <span class='ocrx_word' id='word_1_133' title='bbox 1475 2034 1875 2103; x_wconf 89' lang='lat' dir='ltr'><strong>conquassato,</strong></span> 
     </span>
    </p>
   </div>
   <div class='ocr_carea' id='block_1_22' title="bbox 258 2117 1876 2191">
    <p class='ocr_par' dir='ltr' id='par_1_22' title="bbox 258 2117 1876 2191">
     <span class='ocr_line' id='line_1_22' title="bbox 258 2117 1876 2191; baseline 0.001 -19"><span class='ocrx_word' id='word_1_134' title='bbox 258 2117 646 2186; x_wconf 76' lang='lat' dir='ltr'><strong>seinc&#39;o’lum&#39;i,</strong></span> <span class='ocrx_word' id='word_1_135' title='bbox 677 2133 750 2173; x_wconf 89' lang='lat' dir='ltr'><strong>ne</strong></span> <span class='ocrx_word' id='word_1_136' title='bbox 764 2117 904 2173; x_wconf 83' lang='lat' dir='ltr'><strong>falso</strong></span> <span class='ocrx_word' id='word_1_137' title='bbox 917 2117 1155 2174; x_wconf 85' lang='lat' dir='ltr'><strong>nomine</strong></span> <span class='ocrx_word' id='word_1_138' title='bbox 1176 2117 1500 2190; x_wconf 73' lang='lat' dir='ltr'><strong>Sponsionis</strong></span> <span class='ocrx_word' id='word_1_139' title='bbox 1533 2119 1876 2191; x_wconf 79' lang='lat' dir='ltr'><strong>decipiatur,</strong></span> 
     </span>
    </p>
   </div>
   <div class='ocr_carea' id='block_1_23' title="bbox 255 2205 1879 2279">
    <p class='ocr_par' dir='ltr' id='par_1_23' title="bbox 255 2205 1879 2279">
     <span class='ocr_line' id='line_1_23' title="bbox 255 2205 1879 2279; baseline 0.001 -18"><span class='ocrx_word' id='word_1_140' title='bbox 255 2212 390 2261; x_wconf 82' lang='lat' dir='ltr'><strong>cum</strong></span> <span class='ocrx_word' id='word_1_141' title='bbox 419 2211 517 2262; x_wconf 87' lang='lat' dir='ltr'><strong>res</strong></span> <span class='ocrx_word' id='word_1_142' title='bbox 537 2209 598 2261; x_wconf 85' lang='lat' dir='ltr'><strong>et</strong></span> <span class='ocrx_word' id='word_1_143' title='bbox 619 2205 777 2262; x_wconf 71' lang='lat' dir='ltr'><strong>facta</strong></span> <span class='ocrx_word' id='word_1_144' title='bbox 823 2222 942 2262; x_wconf 89' lang='lat' dir='ltr'><strong>non</strong></span> <span class='ocrx_word' id='word_1_145' title='bbox 987 2215 1053 2262; x_wconf 83' lang='lat' dir='ltr'><strong>ex</strong></span> <span class='ocrx_word' id='word_1_146' title='bbox 1083 2206 1452 2279; x_wconf 76' lang='lat' dir='ltr'><strong>indulgentia</strong></span> <span class='ocrx_word' id='word_1_147' title='bbox 1469 2205 1754 2278; x_wconf 84' lang='lat' dir='ltr'><strong>judicum-,</strong></span> <span class='ocrx_word' id='word_1_148' title='bbox 1779 2208 1879 2264; x_wconf 87' lang='lat' dir='ltr'><strong>sed</strong></span> 
     </span>
    </p>
   </div>
   <div class='ocr_carea' id='block_1_24' title="bbox 249 2293 1347 2367">
    <p class='ocr_par' dir='ltr' id='par_1_24' title="bbox 249 2293 1347 2367">
     <span class='ocr_line' id='line_1_24' title="bbox 249 2293 1347 2367; baseline 0.001 -17"><span class='ocrx_word' id='word_1_149' title='bbox 249 2303 326 2350; x_wconf 68' lang='grc' dir='ltr'>ἐπ</span> <span class='ocrx_word' id='word_1_150' title='bbox 357 2293 677 2351; x_wconf 75' lang='lat' dir='ltr'><strong>stabilitate</strong></span> <span class='ocrx_word' id='word_1_151' title='bbox 698 2295 995 2367; x_wconf 81' lang='lat' dir='ltr'><strong>pendeant</strong></span> <span class='ocrx_word' id='word_1_152' title='bbox 1015 2305 1347 2351; x_wconf 80' lang='lat' dir='ltr'><strong>causarum.</strong></span> 
     </span>
    </p>
   </div>
   <div class='ocr_carea' id='block_1_25' title="bbox 802 2461 1357 2530">
    <p class='ocr_par' dir='ltr' id='par_1_25' title="bbox 802 2461 1357 2530">
     <span class='ocr_line' id='line_1_25' title="bbox 802 2461 1357 2530; baseline 0.004 -2"><span class='ocrx_word' id='word_1_153' title='bbox 802 2461 1140 2530; x_wconf 81' lang='lat' dir='ltr'><strong>EPISTOLA</strong></span> <span class='ocrx_word' id='word_1_154' title='bbox 1163 2473 1357 2530; x_wconf 85' lang='lat' dir='ltr'><strong>CXCV.</strong></span> 
     </span>
    </p>
   </div>
   <div class='ocr_carea' id='block_1_26' title="bbox 567 2609 1574 2658">
    <p class='ocr_par' dir='ltr' id='par_1_26' title="bbox 567 2609 1574 2658">
     <span class='ocr_line' id='line_1_26' title="bbox 567 2609 1574 2658; baseline 0.003 -4"><span class='ocrx_word' id='word_1_155' title='bbox 567 2611 909 2655; x_wconf 71' lang='lat' dir='ltr'><strong>LEODICENSI</strong></span> <span class='ocrx_word' id='word_1_156' title='bbox 945 2616 1225 2656; x_wconf 78' lang='lat' dir='ltr'><strong>EPISCOPO</strong></span> <span class='ocrx_word' id='word_1_157' title='bbox 1251 2615 1286 2654; x_wconf 86' lang='lat' dir='ltr'><strong>N</strong></span> <span class='ocrx_word' id='word_1_158' title='bbox 1296 2609 1574 2658; x_wconf 75' lang='lat' dir='ltr'><strong>OCHERIO.</strong></span> 
     </span>
    </p>
   </div>
   <div class='ocr_carea' id='block_1_27' title="bbox 324 2737 1878 2816">
    <p class='ocr_par' dir='ltr' id='par_1_27' title="bbox 324 2737 1878 2816">
     <span class='ocr_line' id='line_1_27' title="bbox 324 2737 1878 2816; baseline -0.003 -17"><span class='ocrx_word' id='word_1_159' title='bbox 324 2741 487 2799; x_wconf 87' lang='lat' dir='ltr'><strong>Licet</strong></span> <span class='ocrx_word' id='word_1_160' title='bbox 519 2758 640 2798; x_wconf 91' lang='lat' dir='ltr'><strong>non</strong></span> <span class='ocrx_word' id='word_1_161' title='bbox 671 2741 1006 2814; x_wconf 84' lang='lat' dir='ltr'><strong>ignoremus</strong></span> <span class='ocrx_word' id='word_1_162' title='bbox 1037 2761 1103 2799; x_wconf 87' lang='lat' dir='ltr'><strong>ex</strong></span> <span class='ocrx_word' id='word_1_163' title='bbox 1133 2759 1247 2816; x_wconf 90' lang='lat' dir='ltr'><strong>quo</strong></span> <span class='ocrx_word' id='word_1_164' title='bbox 1273 2743 1437 2798; x_wconf 87' lang='lat' dir='ltr'><strong>fonte</strong></span> <span class='ocrx_word' id='word_1_165' title='bbox 1464 2745 1656 2797; x_wconf 90' lang='lat' dir='ltr'><strong>motus</strong></span> <span class='ocrx_word' id='word_1_166' title='bbox 1695 2737 1878 2796; x_wconf 91' lang='lat' dir='ltr'><strong>animi</strong></span> 
     </span>
    </p>
   </div>
   <div class='ocr_carea' id='block_1_28' title="bbox 245 2830 1875 2903">
    <p class='ocr_par' dir='ltr' id='par_1_28' title="bbox 245 2830 1875 2903">
     <span class='ocr_line' id='line_1_28' title="bbox 245 2830 1875 2903; baseline -0.003 -17"><span class='ocrx_word' id='word_1_167' title='bbox 245 2832 426 2888; x_wconf 78' lang='lat' dir='ltr'><strong>vestri</strong></span> <span class='ocrx_word' id='word_1_168' title='bbox 459 2832 521 2886; x_wconf 91' lang='lat' dir='ltr'><strong>in</strong></span> <span class='ocrx_word' id='word_1_169' title='bbox 558 2847 664 2886; x_wconf 92' lang='lat' dir='ltr'><strong>nos</strong></span> <span class='ocrx_word' id='word_1_170' title='bbox 691 2831 1090 2903; x_wconf 81' lang='lat' dir='ltr'><strong>proﬂuxerint,</strong></span> <span class='ocrx_word' id='word_1_171' title='bbox 1123 2836 1321 2886; x_wconf 91' lang='lat' dir='ltr'><strong>tamen</strong></span> <span class='ocrx_word' id='word_1_172' title='bbox 1347 2847 1416 2886; x_wconf 80' lang='lat' dir='ltr'><strong>ex</strong></span> <span class='ocrx_word' id='word_1_173' title='bbox 1449 2830 1637 2886; x_wconf 83' lang='lat' dir='ltr'><strong>officio</strong></span> <span class='ocrx_word' id='word_1_174' title='bbox 1675 2831 1875 2884; x_wconf 89' lang='lat' dir='ltr'><strong>nostro</strong></span> 
     </span>
    </p>
   </div>
   <div class='ocr_carea' id='block_1_29' title="bbox 248 2919 1879 2994">
    <p class='ocr_par' dir='ltr' id='par_1_29' title="bbox 248 2919 1879 2994">
     <span class='ocr_line' id='line_1_29' title="bbox 248 2919 1879 2994; baseline -0.002 -19"><span class='ocrx_word' id='word_1_175' title='bbox 248 2924 543 2994; x_wconf 63' lang='lat' dir='ltr'><strong>praestare</strong></span> <span class='ocrx_word' id='word_1_176' title='bbox 577 2920 878 2989; x_wconf 87' lang='lat' dir='ltr'><strong>debemus,</strong></span> <span class='ocrx_word' id='word_1_177' title='bbox 911 2919 1032 2976; x_wconf 89' lang='lat' dir='ltr'><strong>sine</strong></span> <span class='ocrx_word' id='word_1_178' title='bbox 1054 2919 1210 2992; x_wconf 83' lang='lat' dir='ltr'><strong>gravi</strong></span> <span class='ocrx_word' id='word_1_179' title='bbox 1243 2921 1365 2987; x_wconf 89' lang='lat' dir='ltr'><strong>lite,</strong></span> <span class='ocrx_word' id='word_1_180' title='bbox 1389 2922 1672 2993; x_wconf 88' lang='lat' dir='ltr'><strong>quantum</strong></span> <span class='ocrx_word' id='word_1_181' title='bbox 1692 2920 1879 2972; x_wconf 90' lang='lat' dir='ltr'><strong>vestra</strong></span> 
     </span>
    </p>
   </div>
   <div class='ocr_carea' id='block_1_30' title="bbox 245 3005 1879 3079">
    <p class='ocr_par' dir='ltr' id='par_1_30' title="bbox 245 3005 1879 3079">
     <span class='ocr_line' id='line_1_30' title="bbox 245 3005 1879 3079; baseline -0.002 -15"><span class='ocrx_word' id='word_1_182' title='bbox 245 3010 521 3077; x_wconf 85' lang='lat' dir='ltr'><strong>interest,</strong></span> <span class='ocrx_word' id='word_1_183' title='bbox 549 3012 610 3062; x_wconf 88' lang='lat' dir='ltr'><strong>ut</strong></span> <span class='ocrx_word' id='word_1_184' title='bbox 627 3009 717 3063; x_wconf 92' lang='lat' dir='ltr'><strong>hic</strong></span> <span class='ocrx_word' id='word_1_185' title='bbox 732 3009 863 3064; x_wconf 90' lang='lat' dir='ltr'><strong>fons</strong></span> <span class='ocrx_word' id='word_1_186' title='bbox 890 3012 1127 3077; x_wconf 87' lang='lat' dir='ltr'><strong>arescat,</strong></span> <span class='ocrx_word' id='word_1_187' title='bbox 1163 3012 1215 3062; x_wconf 88' lang='lat' dir='ltr'><strong>et</strong></span> <span class='ocrx_word' id='word_1_188' title='bbox 1247 3007 1342 3064; x_wconf 89' lang='lat' dir='ltr'><strong>hic</strong></span> <span class='ocrx_word' id='word_1_189' title='bbox 1388 3005 1578 3062; x_wconf 88' lang='lat' dir='ltr'><strong>motus</strong></span> <span class='ocrx_word' id='word_1_190' title='bbox 1608 3007 1879 3079; x_wconf 89' lang='lat' dir='ltr'><strong>conquie-</strong></span> 
     </span>
    </p>
   </div>
   <div class='ocr_carea' id='block_1_31' title="bbox 244 3094 1876 3170">
    <p class='ocr_par' dir='ltr' id='par_1_31' title="bbox 244 3094 1876 3170">
     <span class='ocr_line' id='line_1_31' title="bbox 244 3094 1876 3170; baseline -0.004 -16"><span class='ocrx_word' id='word_1_191' title='bbox 244 3097 589 3170; x_wconf 76' lang='lat' dir='ltr'><strong>sC&#39;athitur</strong></span> <span class='ocrx_word' id='word_1_192' title='bbox 604 3097 679 3152; x_wconf 87' lang='lat' dir='ltr'><strong>ad</strong></span> <span class='ocrx_word' id='word_1_193' title='bbox 701 3097 1041 3169; x_wconf 82' lang='lat' dir='ltr'><strong>petitionem</strong></span> <span class='ocrx_word' id='word_1_194' title='bbox 1057 3097 1400 3153; x_wconf 83' lang='lat' dir='ltr'><strong>venerabilis</strong></span> <span class='ocrx_word' id='word_1_195' title='bbox 1423 3094 1876 3167; x_wconf 75' lang='lat' dir='ltr'><strong>VV.Argentime</strong></span> 
     </span>
    </p>
   </div>
   <div class='ocr_carea' id='block_1_32' title="bbox 1978 607 3586 699">
    <p class='ocr_par' dir='ltr' id='par_1_32' title="bbox 1978 607 3586 699">
     <span class='ocr_line' id='line_1_32' title="bbox 1978 607 3586 699; baseline 0.012 -32"><span class='ocrx_word' id='word_1_196' title='bbox 1978 630 2097 669; x_wconf 89' lang='lat' dir='ltr'><strong>non</strong></span> <span class='ocrx_word' id='word_1_197' title='bbox 2118 631 2250 671; x_wconf 90' lang='lat' dir='ltr'><strong>meo</strong></span> <span class='ocrx_word' id='word_1_198' title='bbox 2281 607 2418 671; x_wconf 82' lang='lat' dir='ltr'><strong>vitio</strong></span> <span class='ocrx_word' id='word_1_199' title='bbox 2449 619 2738 690; x_wconf 74' lang='lat' dir='ltr'><strong>perditam</strong></span> <span class='ocrx_word' id='word_1_200' title='bbox 2769 637 2799 676; x_wconf 85' lang='lat' dir='ltr'><strong>a</strong></span> <span class='ocrx_word' id='word_1_201' title='bbox 2843 625 3034 679; x_wconf 83' lang='lat' dir='ltr'><strong>vestra</strong></span> <span class='ocrx_word' id='word_1_202' title='bbox 3057 625 3264 682; x_wconf 83' lang='lat' dir='ltr'><strong>virtute</strong></span> <span class='ocrx_word' id='word_1_203' title='bbox 3299 607 3538 699; x_wconf 73' lang='lat' dir='ltr'><strong>reposco</strong></span> <span class='ocrx_word' id='word_1_204' title='bbox 3571 646 3586 685; x_wconf 87' lang='lat'><strong>:</strong></span> 
     </span>
    </p>
   </div>
   <div class='ocr_carea' id='block_1_33' title="bbox 1981 706 3593 791">
    <p class='ocr_par' dir='ltr' id='par_1_33' title="bbox 1981 706 3593 791">
     <span class='ocr_line' id='line_1_33' title="bbox 1981 706 3593 791; baseline 0.013 -36"><span class='ocrx_word' id='word_1_205' title='bbox 1981 719 2049 756; x_wconf 90' lang='lat' dir='ltr'><strong>ea</strong></span> <span class='ocrx_word' id='word_1_206' title='bbox 2079 707 2293 776; x_wconf 86' lang='lat' dir='ltr'><strong>negata</strong></span> <span class='ocrx_word' id='word_1_207' title='bbox 2322 706 2572 764; x_wconf 86' lang='lat' dir='ltr'><strong>multum</strong></span> <span class='ocrx_word' id='word_1_208' title='bbox 2599 708 3177 788; x_wconf 85' lang='lat' dir='ltr'><strong>doliturus,itemque</strong></span> <span class='ocrx_word' id='word_1_209' title='bbox 3198 721 3593 791; x_wconf 80' lang='lat' dir='ltr'><strong>receptamul-</strong></span> 
     </span>
    </p>
   </div>
   <div class='ocr_carea' id='block_1_34' title="bbox 1977 793 2448 864">
    <p class='ocr_par' dir='ltr' id='par_1_34' title="bbox 1977 793 2448 864">
     <span class='ocr_line' id='line_1_34' title="bbox 1977 793 2448 864; baseline 0.013 -20"><span class='ocrx_word' id='word_1_210' title='bbox 1977 793 2102 847; x_wconf 89' lang='lat' dir='ltr'><strong>tum</strong></span> <span class='ocrx_word' id='word_1_211' title='bbox 2133 793 2448 864; x_wconf 85' lang='lat' dir='ltr'><strong>gavisurus.</strong></span> 
     </span>
    </p>
   </div>
   <div class='ocr_carea' id='block_1_35' title="bbox 2489 919 3072 982">
    <p class='ocr_par' dir='ltr' id='par_1_35' title="bbox 2489 919 3072 982">
     <span class='ocr_line' id='line_1_35' title="bbox 2489 919 3072 982; baseline 0.015 -9"><span class='ocrx_word' id='word_1_212' title='bbox 2489 919 2830 978; x_wconf 77' lang='lat' dir='ltr'><strong>EPISTOLA</strong></span> <span class='ocrx_word' id='word_1_213' title='bbox 2858 924 3072 982; x_wconf 78' lang='lat' dir='ltr'><strong><em>CXCVI.</em></strong></span> 
     </span>
    </p>
   </div>
   <div class='ocr_carea' id='block_1_36' title="bbox 2207 1020 3337 1078">
    <p class='ocr_par' dir='ltr' id='par_1_36' title="bbox 2207 1020 3337 1078">
     <span class='ocr_line' id='line_1_36' title="bbox 2207 1020 3337 1078; baseline 0.012 -17"><span class='ocrx_word' id='word_1_214' title='bbox 2207 1021 2267 1062; x_wconf 78' lang='grc' dir='ltr'><strong>ο.</strong></span> <span class='ocrx_word' id='word_1_215' title='bbox 2289 1023 2495 1064; x_wconf 58' lang='lat' dir='ltr'><strong>aesar:</strong></span> <span class='ocrx_word' id='word_1_216' title='bbox 2532 1028 2577 1069; x_wconf 92' lang='lat' dir='ltr'><strong>s.</strong></span> <span class='ocrx_word' id='word_1_217' title='bbox 2599 1029 2872 1078; x_wconf 74' lang='lat' dir='ltr'><strong>GERALDI,</strong></span> <span class='ocrx_word' id='word_1_218' title='bbox 2903 1033 2980 1070; x_wconf 82' lang='grc' dir='ltr'><strong>ετ</strong></span> <span class='ocrx_word' id='word_1_219' title='bbox 2997 1020 3337 1076; x_wconf 58' lang='lat' dir='ltr'><strong>nmmos.</strong></span> 
     </span>
    </p>
   </div>
   <div class='ocr_carea' id='block_1_37' title="bbox 2018 1095 3587 1184">
    <p class='ocr_par' dir='ltr' id='par_1_37' title="bbox 2018 1095 3587 1184">
     <span class='ocr_line' id='line_1_37' title="bbox 2018 1095 3587 1184; baseline 0.014 -37"><span class='ocrx_word' id='word_1_220' title='bbox 2018 1095 2126 1150; x_wconf 87' lang='lat' dir='ltr'><strong>Pro</strong></span> <span class='ocrx_word' id='word_1_221' title='bbox 2153 1097 2268 1150; x_wconf 85' lang='lat' dir='ltr'><strong>mei</strong></span> <span class='ocrx_word' id='word_1_222' title='bbox 2287 1097 2393 1153; x_wconf 91' lang='lat' dir='ltr'><strong>loci</strong></span> <span class='ocrx_word' id='word_1_223' title='bbox 2409 1102 2582 1171; x_wconf 89' lang='lat' dir='ltr'><strong>atque</strong></span> <span class='ocrx_word' id='word_1_224' title='bbox 2597 1102 2817 1158; x_wconf 87' lang='lat' dir='ltr'><strong>ordinis</strong></span> <span class='ocrx_word' id='word_1_225' title='bbox 2830 1105 2892 1159; x_wconf 91' lang='lat' dir='ltr'><strong>of</strong></span> <span class='ocrx_word' id='word_1_226' title='bbox 2893 1105 3021 1161; x_wconf 81' lang='lat' dir='ltr'><strong>ficio</strong></span> <span class='ocrx_word' id='word_1_227' title='bbox 3043 1115 3394 1181; x_wconf 81' lang='lat' dir='ltr'><strong>magnorum</strong></span> <span class='ocrx_word' id='word_1_228' title='bbox 3412 1127 3587 1184; x_wconf 85' lang='lat' dir='ltr'><strong>nego-</strong></span> 
     </span>
    </p>
   </div>
   <div class='ocr_carea' id='block_1_38' title="bbox 1975 1181 3582 1267">
    <p class='ocr_par' dir='ltr' id='par_1_38' title="bbox 1975 1181 3582 1267">
     <span class='ocr_line' id='line_1_38' title="bbox 1975 1181 3582 1267; baseline 0.012 -30"><span class='ocrx_word' id='word_1_229' title='bbox 1975 1181 2189 1239; x_wconf 91' lang='lat' dir='ltr'><strong>tiorum</strong></span> <span class='ocrx_word' id='word_1_230' title='bbox 2205 1187 2682 1259; x_wconf 85' lang='lat' dir='ltr'><strong>occupationibus</strong></span> <span class='ocrx_word' id='word_1_231' title='bbox 2693 1191 2764 1246; x_wconf 93' lang='lat' dir='ltr'><strong>ad</strong></span> <span class='ocrx_word' id='word_1_232' title='bbox 2784 1194 3036 1263; x_wconf 89' lang='lat' dir='ltr'><strong>plurima</strong></span> <span class='ocrx_word' id='word_1_233' title='bbox 3055 1181 3582 1267; x_wconf 76' lang='lat' dir='ltr'><strong>distrac‘tus,necle&#39;-</strong></span> 
     </span>
    </p>
   </div>
   <div class='ocr_carea' id='block_1_39' title="bbox 1973 1273 3584 1356">
    <p class='ocr_par' dir='ltr' id='par_1_39' title="bbox 1973 1273 3584 1356">
     <span class='ocr_line' id='line_1_39' title="bbox 1973 1273 3584 1356; baseline 0.013 -31"><span class='ocrx_word' id='word_1_234' title='bbox 1973 1273 2142 1343; x_wconf 87' lang='lat' dir='ltr'><strong>gatis,</strong></span> <span class='ocrx_word' id='word_1_235' title='bbox 2165 1291 2274 1330; x_wconf 89' lang='lat' dir='ltr'><strong>nec</strong></span> <span class='ocrx_word' id='word_1_236' title='bbox 2306 1276 2515 1332; x_wconf 90' lang='lat' dir='ltr'><strong>litteris</strong></span> <span class='ocrx_word' id='word_1_237' title='bbox 2545 1296 2673 1351; x_wconf 65' lang='lat' dir='ltr'><strong>quae</strong></span> <span class='ocrx_word' id='word_1_238' title='bbox 2708 1281 2861 1336; x_wconf 90' lang='lat' dir='ltr'><strong>circa</strong></span> <span class='ocrx_word' id='word_1_239' title='bbox 2887 1300 2982 1338; x_wconf 91' lang='lat' dir='ltr'><strong>me</strong></span> <span class='ocrx_word' id='word_1_240' title='bbox 3009 1291 3290 1356; x_wconf 88' lang='lat' dir='ltr'><strong>geruntur</strong></span> <span class='ocrx_word' id='word_1_241' title='bbox 3308 1290 3584 1345; x_wconf 78' lang='lat' dir='ltr'><strong>hactenus</strong></span> 
     </span>
    </p>
   </div>
   <div class='ocr_carea' id='block_1_40' title="bbox 1974 1361 3588 1444">
    <p class='ocr_par' dir='ltr' id='par_1_40' title="bbox 1974 1361 3588 1444">
     <span class='ocr_line' id='line_1_40' title="bbox 1974 1361 3588 1444; baseline 0.013 -31"><span class='ocrx_word' id='word_1_242' title='bbox 1974 1361 2132 1417; x_wconf 83' lang='lat' dir='ltr'><strong>vobis</strong></span> <span class='ocrx_word' id='word_1_243' title='bbox 2153 1363 2301 1434; x_wconf 90' lang='lat' dir='ltr'><strong>signi</strong></span> <span class='ocrx_word' id='word_1_244' title='bbox 2314 1366 2481 1422; x_wconf 87' lang='lat' dir='ltr'><strong>tlcare</strong></span> <span class='ocrx_word' id='word_1_245' title='bbox 2497 1368 2666 1423; x_wconf 87' lang='lat' dir='ltr'><strong>volui.</strong></span> <span class='ocrx_word' id='word_1_246' title='bbox 2689 1369 2848 1426; x_wconf 88' lang='lat' dir='ltr'><strong>Nunc</strong></span> <span class='ocrx_word' id='word_1_247' title='bbox 2879 1373 3156 1444; x_wconf 90' lang='lat' dir='ltr'><strong>quoniam</strong></span> <span class='ocrx_word' id='word_1_248' title='bbox 3177 1376 3495 1432; x_wconf 58' lang='lat' dir='ltr'><strong>fratem...”</strong></span> <span class='ocrx_word' id='word_1_249' title='bbox 3517 1379 3588 1434; x_wconf 87' lang='lat' dir='ltr'><strong>si-</strong></span> 
     </span>
    </p>
   </div>
   <div class='ocr_carea' id='block_1_41' title="bbox 1973 1453 3586 1536">
    <p class='ocr_par' dir='ltr' id='par_1_41' title="bbox 1973 1453 3586 1536">
     <span class='ocr_line' id='line_1_41' title="bbox 1973 1453 3586 1536; baseline 0.012 -33"><span class='ocrx_word' id='word_1_250' title='bbox 1973 1453 2069 1504; x_wconf 63' lang='grc' dir='ltr'><strong>θυι</strong></span> <span class='ocrx_word' id='word_1_251' title='bbox 2084 1456 2189 1522; x_wconf 84' lang='lat' dir='ltr'><strong>per</strong></span> <span class='ocrx_word' id='word_1_252' title='bbox 2201 1453 2615 1526; x_wconf 84' lang='lat' dir='ltr'><strong>antiquiorem.</strong></span> <span class='ocrx_word' id='word_1_253' title='bbox 2627 1496 2662 1511; x_wconf 94' lang='lat'><strong>..</strong></span> <span class='ocrx_word' id='word_1_254' title='bbox 2679 1461 2944 1530; x_wconf 88' lang='lat' dir='ltr'><strong>gerulum</strong></span> <span class='ocrx_word' id='word_1_255' title='bbox 2962 1463 3324 1536; x_wconf 72' lang='lat' dir='ltr'><strong>scripSeram,</strong></span> <span class='ocrx_word' id='word_1_256' title='bbox 3341 1466 3479 1521; x_wconf 84' lang='lat' dir='ltr'><strong>dum</strong></span> <span class='ocrx_word' id='word_1_257' title='bbox 3497 1483 3586 1522; x_wconf 89' lang='lat' dir='ltr'><strong>ur-</strong></span> 
     </span>
    </p>
   </div>
   <div class='ocr_carea' id='block_1_42' title="bbox 1973 1538 3586 1624">
    <p class='ocr_par' dir='ltr' id='par_1_42' title="bbox 1973 1538 3586 1624">
     <span class='ocr_line' id='line_1_42' title="bbox 1973 1538 3586 1624; baseline 0.012 -31"><span class='ocrx_word' id='word_1_258' title='bbox 1973 1538 2108 1594; x_wconf 79' lang='lat' dir='ltr'><strong>bem</strong></span> <span class='ocrx_word' id='word_1_259' title='bbox 2140 1541 2452 1600; x_wconf 82' lang='lat' dir='ltr'><strong>Remorum</strong></span> <span class='ocrx_word' id='word_1_260' title='bbox 2497 1563 2672 1602; x_wconf 92' lang='lat' dir='ltr'><strong>causa</strong></span> <span class='ocrx_word' id='word_1_261' title='bbox 2715 1550 2815 1604; x_wconf 87' lang='lat' dir='ltr'><strong>Dei</strong></span> <span class='ocrx_word' id='word_1_262' title='bbox 2857 1552 3036 1624; x_wconf 82' lang='lat' dir='ltr'><strong>fugio,</strong></span> <span class='ocrx_word' id='word_1_263' title='bbox 3095 1554 3219 1609; x_wconf 78' lang='lat' dir='ltr'><strong>urbi</strong></span> <span class='ocrx_word' id='word_1_264' title='bbox 3270 1556 3586 1612; x_wconf 80' lang='lat' dir='ltr'><strong>Remorum</strong></span> 
     </span>
    </p>
   </div>
   <div class='ocr_carea' id='block_1_43' title="bbox 1971 1629 3589 1716">
    <p class='ocr_par' dir='ltr' id='par_1_43' title="bbox 1971 1629 3589 1716">
     <span class='ocr_line' id='line_1_43' title="bbox 1971 1629 3589 1716; baseline 0.012 -34"><span class='ocrx_word' id='word_1_265' title='bbox 1971 1629 2159 1716; x_wconf 86' lang='lat' dir='ltr'><strong>gratia</strong></span> <span class='ocrx_word' id='word_1_266' title='bbox 2178 1632 2280 1687; x_wconf 90' lang='lat' dir='ltr'><strong>Dei</strong></span> <span class='ocrx_word' id='word_1_267' title='bbox 2315 1635 2585 1705; x_wconf 68' lang='lat' dir='ltr'><strong>praelatus</strong></span> <span class='ocrx_word' id='word_1_268' title='bbox 2607 1654 2756 1694; x_wconf 91' lang='lat' dir='ltr'><strong>sum.</strong></span> <span class='ocrx_word' id='word_1_269' title='bbox 2774 1639 2913 1704; x_wconf 60' lang='lat' dir='ltr'><strong>Quae</strong></span> <span class='ocrx_word' id='word_1_270' title='bbox 2934 1657 3026 1697; x_wconf 90' lang='lat' dir='ltr'><strong>res</strong></span> <span class='ocrx_word' id='word_1_271' title='bbox 3043 1646 3245 1714; x_wconf 82' lang='lat' dir='ltr'><strong>gentes</strong></span> <span class='ocrx_word' id='word_1_272' title='bbox 3270 1648 3328 1700; x_wconf 87' lang='lat' dir='ltr'><strong>et</strong></span> <span class='ocrx_word' id='word_1_273' title='bbox 3347 1647 3589 1716; x_wconf 83' lang='lat' dir='ltr'><strong>populos</strong></span> 
     </span>
    </p>
   </div>
   <div class='ocr_carea' id='block_1_44' title="bbox 1963 1714 3588 1806">
    <p class='ocr_par' dir='ltr' id='par_1_44' title="bbox 1963 1714 3588 1806">
     <span class='ocr_line' id='line_1_44' title="bbox 1963 1714 3588 1806; baseline 0.012 -36"><span class='ocrx_word' id='word_1_274' title='bbox 1963 1714 2030 1806; x_wconf 77' lang='lat' dir='ltr'><strong>in</strong></span> <span class='ocrx_word' id='word_1_275' title='bbox 2064 1718 2178 1806; x_wconf 77' lang='lat' dir='ltr'><strong>mei</strong></span> <span class='ocrx_word' id='word_1_276' title='bbox 2206 1721 2474 1777; x_wconf 83' lang='lat' dir='ltr'><strong>excitavit</strong></span> <span class='ocrx_word' id='word_1_277' title='bbox 2493 1723 2790 1781; x_wconf 84' lang='lat' dir='ltr'><strong>invidiam.</strong></span> <span class='ocrx_word' id='word_1_278' title='bbox 2813 1729 2883 1782; x_wconf 84' lang='lat' dir='ltr'><strong>Et</strong></span> <span class='ocrx_word' id='word_1_279' title='bbox 2895 1729 3031 1802; x_wconf 87' lang='lat' dir='ltr'><strong>quia</strong></span> <span class='ocrx_word' id='word_1_280' title='bbox 3044 1731 3257 1786; x_wconf 87' lang='lat' dir='ltr'><strong>viribus</strong></span> <span class='ocrx_word' id='word_1_281' title='bbox 3267 1714 3588 1806; x_wconf 79' lang='lat' dir='ltr'><strong>nequeunt,</strong></span> 
     </span>
    </p>
   </div>
   <div class='ocr_carea' id='block_1_45' title="bbox 1970 1804 3591 1889">
    <p class='ocr_par' dir='ltr' id='par_1_45' title="bbox 1970 1804 3591 1889">
     <span class='ocr_line' id='line_1_45' title="bbox 1970 1804 3591 1889; baseline 0.014 -32"><span class='ocrx_word' id='word_1_282' title='bbox 1970 1804 2191 1877; x_wconf 86' lang='lat' dir='ltr'><strong>legibus</strong></span> <span class='ocrx_word' id='word_1_283' title='bbox 2202 1809 2393 1864; x_wconf 88' lang='lat' dir='ltr'><strong>ulcisci</strong></span> <span class='ocrx_word' id='word_1_284' title='bbox 2405 1815 2791 1883; x_wconf 63' lang='lat' dir='ltr'><strong>quaerunt.Est</strong></span> <span class='ocrx_word' id='word_1_285' title='bbox 2801 1833 2912 1889; x_wconf 90' lang='lat' dir='ltr'><strong>que</strong></span> <span class='ocrx_word' id='word_1_286' title='bbox 2930 1817 3282 1876; x_wconf 88' lang='lat' dir='ltr'><strong>tolerabilior</strong></span> <span class='ocrx_word' id='word_1_287' title='bbox 3293 1804 3591 1878; x_wconf 63' lang='lat' dir='ltr'><strong>armamini</strong></span> 
     </span>
    </p>
   </div>
   <div class='ocr_carea' id='block_1_46' title="bbox 1975 1895 3591 1982">
    <p class='ocr_par' dir='ltr' id='par_1_46' title="bbox 1975 1895 3591 1982">
     <span class='ocr_line' id='line_1_46' title="bbox 1975 1895 3591 1982; baseline 0.012 -35"><span class='ocrx_word' id='word_1_288' title='bbox 1975 1895 2301 1952; x_wconf 86' lang='lat' dir='ltr'><strong>colluctatio</strong></span> <span class='ocrx_word' id='word_1_289' title='bbox 2342 1916 2518 1972; x_wconf 91' lang='lat' dir='ltr'><strong>quam</strong></span> <span class='ocrx_word' id='word_1_290' title='bbox 2561 1903 2759 1975; x_wconf 85' lang='lat' dir='ltr'><strong>legum</strong></span> <span class='ocrx_word' id='word_1_291' title='bbox 2802 1905 3162 1978; x_wconf 71' lang='lat' dir='ltr'><strong>disceptatio.</strong></span> <span class='ocrx_word' id='word_1_292' title='bbox 3226 1910 3294 1963; x_wconf 89' lang='lat' dir='ltr'><strong>Et</strong></span> <span class='ocrx_word' id='word_1_293' title='bbox 3331 1911 3591 1982; x_wconf 77' lang='lat' dir='ltr'><strong>quamvis</strong></span> 
     </span>
    </p>
   </div>
   <div class='ocr_carea' id='block_1_47' title="bbox 1977 1984 3589 2067">
    <p class='ocr_par' dir='ltr' id='par_1_47' title="bbox 1977 1984 3589 2067">
     <span class='ocr_line' id='line_1_47' title="bbox 1977 1984 3589 2067; baseline 0.012 -31"><span class='ocrx_word' id='word_1_294' title='bbox 1977 1984 2201 2039; x_wconf 68' lang='lat' dir='ltr'><strong>aemulis</strong></span> <span class='ocrx_word' id='word_1_295' title='bbox 2231 1987 2376 2042; x_wconf 89' lang='lat' dir='ltr'><strong>meis</strong></span> <span class='ocrx_word' id='word_1_296' title='bbox 2404 1989 2632 2044; x_wconf 87' lang='lat' dir='ltr'><strong>dicendi</strong></span> <span class='ocrx_word' id='word_1_297' title='bbox 2661 1995 2806 2059; x_wconf 88' lang='lat' dir='ltr'><strong>arte,</strong></span> <span class='ocrx_word' id='word_1_298' title='bbox 2847 1996 2906 2048; x_wconf 93' lang='lat' dir='ltr'><strong>et</strong></span> <span class='ocrx_word' id='word_1_299' title='bbox 2933 1995 3127 2065; x_wconf 89' lang='lat' dir='ltr'><strong>legum</strong></span> <span class='ocrx_word' id='word_1_300' title='bbox 3155 1997 3379 2067; x_wconf 85' lang='lat' dir='ltr'><strong>prolixa</strong></span> <span class='ocrx_word' id='word_1_301' title='bbox 3409 1998 3589 2054; x_wconf 86' lang='lat' dir='ltr'><strong>inter-</strong></span> 
     </span>
    </p>
   </div>
   <div class='ocr_carea' id='block_1_48' title="bbox 1979 2075 3590 2152">
    <p class='ocr_par' dir='ltr' id='par_1_48' title="bbox 1979 2075 3590 2152">
     <span class='ocr_line' id='line_1_48' title="bbox 1979 2075 3590 2152; baseline 0.01 -26"><span class='ocrx_word' id='word_1_302' title='bbox 1979 2075 2326 2144; x_wconf 79' lang='lat' dir='ltr'><strong>pretatione,</strong></span> <span class='ocrx_word' id='word_1_303' title='bbox 2374 2081 2662 2149; x_wconf 90' lang='lat' dir='ltr'><strong>quantum</strong></span> <span class='ocrx_word' id='word_1_304' title='bbox 2703 2087 2838 2136; x_wconf 84' lang='lat' dir='ltr'><strong>mea</strong></span> <span class='ocrx_word' id='word_1_305' title='bbox 2875 2081 3138 2152; x_wconf 83' lang='lat' dir='ltr'><strong>interest,</strong></span> <span class='ocrx_word' id='word_1_306' title='bbox 3187 2084 3590 2149; x_wconf 82' lang='lat' dir='ltr'><strong>satisfecerim,</strong></span> 
     </span>
    </p>
   </div>
   <div class='ocr_carea' id='block_1_49' title="bbox 1981 2165 3587 2244">
    <p class='ocr_par' dir='ltr' id='par_1_49' title="bbox 1981 2165 3587 2244">
     <span class='ocr_line' id='line_1_49' title="bbox 1981 2165 3587 2244; baseline 0.009 -29"><span class='ocrx_word' id='word_1_307' title='bbox 1981 2177 2100 2216; x_wconf 91' lang='lat' dir='ltr'><strong>non</strong></span> <span class='ocrx_word' id='word_1_308' title='bbox 2120 2165 2317 2219; x_wconf 88' lang='lat' dir='ltr'><strong>tamen</strong></span> <span class='ocrx_word' id='word_1_309' title='bbox 2349 2166 2538 2222; x_wconf 86' lang='lat' dir='ltr'><strong>adhuc</strong></span> <span class='ocrx_word' id='word_1_310' title='bbox 2564 2170 2745 2224; x_wconf 86' lang='lat' dir='ltr'><strong>semel</strong></span> <span class='ocrx_word' id='word_1_311' title='bbox 2776 2173 2964 2242; x_wconf 72' lang='lat' dir='ltr'><strong>ccepta</strong></span> <span class='ocrx_word' id='word_1_312' title='bbox 3001 2171 3394 2244; x_wconf 83' lang='lat' dir='ltr'><strong>deposuerunt</strong></span> <span class='ocrx_word' id='word_1_313' title='bbox 3433 2173 3587 2230; x_wconf 82' lang='lat' dir='ltr'><strong>odia.</strong></span> 
     </span>
    </p>
   </div>
   <div class='ocr_carea' id='block_1_50' title="bbox 1978 2249 3590 2333">
    <p class='ocr_par' dir='ltr' id='par_1_50' title="bbox 1978 2249 3590 2333">
     <span class='ocr_line' id='line_1_50' title="bbox 1978 2249 3590 2333; baseline 0.01 -30"><span class='ocrx_word' id='word_1_314' title='bbox 1978 2249 2186 2306; x_wconf 76' lang='lat' dir='ltr'><strong>Ateste</strong></span> <span class='ocrx_word' id='word_1_315' title='bbox 2211 2269 2373 2325; x_wconf 88' lang='lat' dir='ltr'><strong>ergo,</strong></span> <span class='ocrx_word' id='word_1_316' title='bbox 2393 2257 2702 2313; x_wconf 86' lang='lat' dir='ltr'><strong>reverendi</strong></span> <span class='ocrx_word' id='word_1_317' title='bbox 2737 2259 2958 2328; x_wconf 85' lang='lat' dir='ltr'><strong>Patres,</strong></span> <span class='ocrx_word' id='word_1_318' title='bbox 3005 2263 3312 2333; x_wconf 83' lang='lat' dir='ltr'><strong>vestroque</strong></span> <span class='ocrx_word' id='word_1_319' title='bbox 3352 2264 3590 2319; x_wconf 90' lang='lat' dir='ltr'><strong>alumno</strong></span> 
     </span>
    </p>
   </div>
   <div class='ocr_carea' id='block_1_51' title="bbox 1978 2338 3595 2423">
    <p class='ocr_par' dir='ltr' id='par_1_51' title="bbox 1978 2338 3595 2423">
     <span class='ocr_line' id='line_1_51' title="bbox 1978 2338 3595 2423; baseline 0.008 -29"><span class='ocrx_word' id='word_1_320' title='bbox 1978 2338 2117 2394; x_wconf 90' lang='lat' dir='ltr'><strong>fusis</strong></span> <span class='ocrx_word' id='word_1_321' title='bbox 2141 2341 2215 2395; x_wconf 90' lang='lat' dir='ltr'><strong>ad</strong></span> <span class='ocrx_word' id='word_1_322' title='bbox 2245 2342 2432 2398; x_wconf 89' lang='lat' dir='ltr'><strong>Deum</strong></span> <span class='ocrx_word' id='word_1_323' title='bbox 2462 2344 2730 2416; x_wconf 89' lang='lat' dir='ltr'><strong>precibus</strong></span> <span class='ocrx_word' id='word_1_324' title='bbox 2772 2363 2945 2420; x_wconf 83' lang='lat' dir='ltr'><strong>opem</strong></span> <span class='ocrx_word' id='word_1_325' title='bbox 2986 2348 3156 2405; x_wconf 85' lang='lat' dir='ltr'><strong>ferte.</strong></span> <span class='ocrx_word' id='word_1_326' title='bbox 3190 2349 3460 2423; x_wconf 78' lang='lat' dir='ltr'><strong>Discipuli</strong></span> <span class='ocrx_word' id='word_1_327' title='bbox 3485 2349 3595 2406; x_wconf 87' lang='lat' dir='ltr'><strong>vic-</strong></span> 
     </span>
    </p>
   </div>
   <div class='ocr_carea' id='block_1_52' title="bbox 1977 2429 3590 2510">
    <p class='ocr_par' dir='ltr' id='par_1_52' title="bbox 1977 2429 3590 2510">
     <span class='ocr_line' id='line_1_52' title="bbox 1977 2429 3590 2510; baseline 0.009 -28"><span class='ocrx_word' id='word_1_328' title='bbox 1977 2429 2148 2497; x_wconf 89' lang='lat' dir='ltr'><strong>toria,</strong></span> <span class='ocrx_word' id='word_1_329' title='bbox 2174 2430 2435 2503; x_wconf 80' lang='lat' dir='ltr'><strong>magistri</strong></span> <span class='ocrx_word' id='word_1_330' title='bbox 2456 2437 2542 2488; x_wconf 89' lang='lat' dir='ltr'><strong>est</strong></span> <span class='ocrx_word' id='word_1_331' title='bbox 2570 2435 2774 2506; x_wconf 82' lang='lat' dir='ltr'><strong>gloria.</strong></span> <span class='ocrx_word' id='word_1_332' title='bbox 2795 2439 2858 2492; x_wconf 90' lang='lat' dir='ltr'><strong>lu</strong></span> <span class='ocrx_word' id='word_1_333' title='bbox 2875 2453 3188 2493; x_wconf 88' lang='lat' dir='ltr'><strong>commune</strong></span> <span class='ocrx_word' id='word_1_334' title='bbox 3216 2438 3448 2510; x_wconf 86' lang='lat' dir='ltr'><strong>quidem</strong></span> <span class='ocrx_word' id='word_1_335' title='bbox 3462 2455 3590 2496; x_wconf 90' lang='lat' dir='ltr'><strong>om-</strong></span> 
     </span>
    </p>
   </div>
   <div class='ocr_carea' id='block_1_53' title="bbox 1979 2518 3592 2600">
    <p class='ocr_par' dir='ltr' id='par_1_53' title="bbox 1979 2518 3592 2600">
     <span class='ocr_line' id='line_1_53' title="bbox 1979 2518 3592 2600; baseline 0.007 -27"><span class='ocrx_word' id='word_1_336' title='bbox 1979 2518 2147 2574; x_wconf 87' lang='lat' dir='ltr'><strong>nibus</strong></span> <span class='ocrx_word' id='word_1_337' title='bbox 2173 2520 2332 2575; x_wconf 87' lang='lat' dir='ltr'><strong>vobis</strong></span> <span class='ocrx_word' id='word_1_338' title='bbox 2370 2537 2478 2593; x_wconf 90' lang='lat' dir='ltr'><strong>pro</strong></span> <span class='ocrx_word' id='word_1_339' title='bbox 2529 2524 2644 2578; x_wconf 89' lang='lat' dir='ltr'><strong>mei</strong></span> <span class='ocrx_word' id='word_1_340' title='bbox 2691 2524 3055 2582; x_wconf 86' lang='lat' dir='ltr'><strong>institutione</strong></span> <span class='ocrx_word' id='word_1_341' title='bbox 3083 2532 3275 2599; x_wconf 83' lang='lat' dir='ltr'><strong>grates</strong></span> <span class='ocrx_word' id='word_1_342' title='bbox 3308 2529 3592 2600; x_wconf 85' lang='lat' dir='ltr'><strong>rependo,</strong></span> 
     </span>
    </p>
   </div>
   <div class='ocr_carea' id='block_1_54' title="bbox 1976 2607 3591 2688">
    <p class='ocr_par' dir='ltr' id='par_1_54' title="bbox 1976 2607 3591 2688">
     <span class='ocr_line' id='line_1_54' title="bbox 1976 2607 3591 2688; baseline 0.007 -26"><span class='ocrx_word' id='word_1_343' title='bbox 1976 2607 2080 2663; x_wconf 89' lang='lat' dir='ltr'><strong>sed</strong></span> <span class='ocrx_word' id='word_1_344' title='bbox 2106 2609 2407 2680; x_wconf 86' lang='lat' dir='ltr'><strong>specialius</strong></span> <span class='ocrx_word' id='word_1_345' title='bbox 2431 2611 2583 2683; x_wconf 85' lang='lat' dir='ltr'><strong>patri</strong></span> <span class='ocrx_word' id='word_1_346' title='bbox 2615 2613 2681 2668; x_wconf 83' lang='lat' dir='ltr'><strong>R.</strong></span> <span class='ocrx_word' id='word_1_347' title='bbox 2719 2613 2842 2682; x_wconf 84' lang='lat' dir='ltr'><strong>Cui,</strong></span> <span class='ocrx_word' id='word_1_348' title='bbox 2875 2615 2920 2669; x_wconf 91' lang='lat' dir='ltr'><strong>si</strong></span> <span class='ocrx_word' id='word_1_349' title='bbox 2942 2614 3084 2688; x_wconf 87' lang='lat' dir='ltr'><strong>quid</strong></span> <span class='ocrx_word' id='word_1_350' title='bbox 3113 2615 3367 2672; x_wconf 70' lang='lat' dir='ltr'><strong>scientiae</strong></span> <span class='ocrx_word' id='word_1_351' title='bbox 3399 2617 3458 2672; x_wconf 91' lang='lat' dir='ltr'><strong>in</strong></span> <span class='ocrx_word' id='word_1_352' title='bbox 3495 2630 3591 2674; x_wconf 87' lang='lat' dir='ltr'><strong>me</strong></span> 
     </span>
    </p>
   </div>
   <div class='ocr_carea' id='block_1_55' title="bbox 1978 2699 3590 2777">
    <p class='ocr_par' dir='ltr' id='par_1_55' title="bbox 1978 2699 3590 2777">
     <span class='ocr_line' id='line_1_55' title="bbox 1978 2699 3590 2777; baseline 0.008 -27"><span class='ocrx_word' id='word_1_353' title='bbox 1978 2699 2082 2763; x_wconf 90' lang='lat' dir='ltr'><strong>est,</strong></span> <span class='ocrx_word' id='word_1_354' title='bbox 2115 2701 2244 2767; x_wconf 92' lang='lat' dir='ltr'><strong>post</strong></span> <span class='ocrx_word' id='word_1_355' title='bbox 2275 2699 2460 2754; x_wconf 88' lang='lat' dir='ltr'><strong>Deum</strong></span> <span class='ocrx_word' id='word_1_356' title='bbox 2492 2699 2646 2756; x_wconf 86' lang='lat' dir='ltr'><strong>inter</strong></span> <span class='ocrx_word' id='word_1_357' title='bbox 2675 2718 2883 2758; x_wconf 86' lang='lat' dir='ltr'><strong>omnes</strong></span> <span class='ocrx_word' id='word_1_358' title='bbox 2927 2705 3209 2760; x_wconf 84' lang='lat' dir='ltr'><strong>mortales</strong></span> <span class='ocrx_word' id='word_1_359' title='bbox 3238 2705 3454 2777; x_wconf 84' lang='lat' dir='ltr'><strong>gratias</strong></span> <span class='ocrx_word' id='word_1_360' title='bbox 3499 2721 3590 2762; x_wconf 86' lang='lat' dir='ltr'><strong>re-</strong></span> 
     </span>
    </p>
   </div>
   <div class='ocr_carea' id='block_1_56' title="bbox 1975 2786 3595 2866">
    <p class='ocr_par' dir='ltr' id='par_1_56' title="bbox 1975 2786 3595 2866">
     <span class='ocr_line' id='line_1_56' title="bbox 1975 2786 3595 2866; baseline 0.007 -26"><span class='ocrx_word' id='word_1_361' title='bbox 1975 2786 2164 2858; x_wconf 83' lang='lat' dir='ltr'><strong>pendo</strong></span> <span class='ocrx_word' id='word_1_362' title='bbox 2253 2788 2535 2846; x_wconf 88' lang='lat' dir='ltr'><strong>Nunc.....</strong></span> <span class='ocrx_word' id='word_1_363' title='bbox 2583 2793 2770 2847; x_wconf 87' lang='lat' dir='ltr'><strong>valeat</strong></span> <span class='ocrx_word' id='word_1_364' title='bbox 2819 2798 3085 2848; x_wconf 87' lang='lat' dir='ltr'><strong>sanctum</strong></span> <span class='ocrx_word' id='word_1_365' title='bbox 3138 2795 3446 2866; x_wconf 90' lang='lat' dir='ltr'><strong>collegium</strong></span> <span class='ocrx_word' id='word_1_366' title='bbox 3479 2814 3595 2851; x_wconf 83' lang='lat' dir='ltr'><strong>ves-</strong></span> 
     </span>
    </p>
   </div>
   <div class='ocr_carea' id='block_1_57' title="bbox 1978 2876 3594 2950">
    <p class='ocr_par' dir='ltr' id='par_1_57' title="bbox 1978 2876 3594 2950">
     <span class='ocr_line' id='line_1_57' title="bbox 1978 2876 3594 2950; baseline 0.007 -23"><span class='ocrx_word' id='word_1_367' title='bbox 1978 2876 2274 2932; x_wconf 90' lang='lat' dir='ltr'><strong>trum......</strong></span> <span class='ocrx_word' id='word_1_368' title='bbox 2306 2878 2536 2932; x_wconf 88' lang='lat' dir='ltr'><strong>valeant</strong></span> <span class='ocrx_word' id='word_1_369' title='bbox 2565 2880 2862 2950; x_wconf 89' lang='lat' dir='ltr'><strong>quondam</strong></span> <span class='ocrx_word' id='word_1_370' title='bbox 2896 2882 3010 2935; x_wconf 90' lang='lat' dir='ltr'><strong>mei</strong></span> <span class='ocrx_word' id='word_1_371' title='bbox 3043 2882 3165 2936; x_wconf 91' lang='lat' dir='ltr'><strong>noti</strong></span> <span class='ocrx_word' id='word_1_372' title='bbox 3195 2884 3280 2937; x_wconf 90' lang='lat' dir='ltr'><strong>vel</strong></span> <span class='ocrx_word' id='word_1_373' title='bbox 3312 2883 3594 2940; x_wconf 80' lang='lat' dir='ltr'><strong>affinitate</strong></span> 
     </span>
    </p>
   </div>
   <div class='ocr_carea' id='block_1_58' title="bbox 1979 2963 3595 3046">
    <p class='ocr_par' dir='ltr' id='par_1_58' title="bbox 1979 2963 3595 3046">
     <span class='ocr_line' id='line_1_58' title="bbox 1979 2963 3595 3046; baseline 0.007 -29"><span class='ocrx_word' id='word_1_374' title='bbox 1979 2963 2294 3034; x_wconf 71' lang='lat' dir='ltr'><strong>conjuncti,</strong></span> <span class='ocrx_word' id='word_1_375' title='bbox 2340 2966 2385 3020; x_wconf 90' lang='lat' dir='ltr'><strong>si</strong></span> <span class='ocrx_word' id='word_1_376' title='bbox 2437 2967 2534 3038; x_wconf 90' lang='lat' dir='ltr'><strong>qui</strong></span> <span class='ocrx_word' id='word_1_377' title='bbox 2575 2975 2901 3038; x_wconf 88' lang='lat' dir='ltr'><strong>supersunt,</strong></span> <span class='ocrx_word' id='word_1_378' title='bbox 2933 2987 3183 3041; x_wconf 89' lang='lat' dir='ltr'><strong>quorum</strong></span> <span class='ocrx_word' id='word_1_379' title='bbox 3214 2974 3440 3027; x_wconf 90' lang='lat' dir='ltr'><strong>tantum</strong></span> <span class='ocrx_word' id='word_1_380' title='bbox 3467 2990 3595 3046; x_wconf 87' lang='lat' dir='ltr'><strong>spe-</strong></span> 
     </span>
    </p>
   </div>
   <div class='ocr_carea' id='block_1_59' title="bbox 1977 3053 3596 3132">
    <p class='ocr_par' dir='ltr' id='par_1_59' title="bbox 1977 3053 3596 3132">
     <span class='ocr_line' id='line_1_59' title="bbox 1977 3053 3596 3132; baseline 0.006 -25"><span class='ocrx_word' id='word_1_381' title='bbox 1977 3053 2126 3108; x_wconf 88' lang='lat' dir='ltr'><strong>ciem</strong></span> <span class='ocrx_word' id='word_1_382' title='bbox 2151 3071 2256 3110; x_wconf 91' lang='lat' dir='ltr'><strong>nec</strong></span> <span class='ocrx_word' id='word_1_383' title='bbox 2289 3055 2488 3111; x_wconf 88' lang='lat' dir='ltr'><strong>omnia</strong></span> <span class='ocrx_word' id='word_1_384' title='bbox 2509 3057 2643 3112; x_wconf 89' lang='lat' dir='ltr'><strong>satis</strong></span> <span class='ocrx_word' id='word_1_385' title='bbox 2659 3057 2790 3113; x_wconf 89' lang='lat' dir='ltr'><strong>novi</strong></span> <span class='ocrx_word' id='word_1_386' title='bbox 2818 3075 2831 3113; x_wconf 88' lang='lat'><strong>:</strong></span> <span class='ocrx_word' id='word_1_387' title='bbox 2862 3076 2978 3114; x_wconf 91' lang='lat' dir='ltr'><strong>non</strong></span> <span class='ocrx_word' id='word_1_388' title='bbox 3003 3075 3206 3114; x_wconf 91' lang='lat' dir='ltr'><strong>eorum</strong></span> <span class='ocrx_word' id='word_1_389' title='bbox 3234 3060 3428 3132; x_wconf 87' lang='lat' dir='ltr'><strong>aliquo</strong></span> <span class='ocrx_word' id='word_1_390' title='bbox 3443 3062 3596 3116; x_wconf 87' lang='lat' dir='ltr'><strong>fastu</strong></span> 
     </span>
    </p>
   </div>
   <div class='ocr_carea' id='block_1_60' title="bbox 244 3143 3595 3260">
    <p class='ocr_par' dir='ltr' id='par_1_60' title="bbox 244 3143 3595 3260">
     <span class='ocr_line' id='line_1_60' title="bbox 244 3143 3256 3167; baseline 0.001 -15"><span class='ocrx_word' id='word_1_391' title='bbox 244 3143 420 3154; x_wconf 72' lang='lat'><strong>.....-.-</strong></span> <span class='ocrx_word' id='word_1_392' title='bbox 470 3143 679 3152; x_wconf 67' lang='grc' dir='ltr'><strong>.-.η--</strong></span> <span class='ocrx_word' id='word_1_393' title='bbox 744 3143 1041 3153; x_wconf 67' lang='lat'><strong>.,..-.-..----</strong></span> <span class='ocrx_word' id='word_1_394' title='bbox 1068 3143 1399 3153; x_wconf 56' lang='grc' dir='ltr'><strong>,πυ-...ω</strong></span> <span class='ocrx_word' id='word_1_395' title='bbox 1442 3143 1451 3150; x_wconf 87' lang='grc'>.</span> <span class='ocrx_word' id='word_1_396' title='bbox 1491 3143 1875 3167; x_wconf 62' lang='grc' dir='ltr'><strong>..-πον---ηπ</strong></span> <span class='ocrx_word' id='word_1_397' title='bbox 2078 3143 2088 3154; x_wconf 94' lang='grc'>.</span> <span class='ocrx_word' id='word_1_398' title='bbox 2879 3148 2888 3158; x_wconf 92' lang='grc'><em>,</em></span> <span class='ocrx_word' id='word_1_399' title='bbox 3253 3157 3256 3160; x_wconf 70' lang='grc'><em>,</em></span> 
     </span>
     <span class='ocr_line' id='line_1_61' title="bbox 244 3143 3595 3260; baseline 0 -18"><span class='ocrx_word' id='word_1_400' title='bbox 244 3143 507 3242; x_wconf 53' lang='lat' dir='ltr'><strong>civitatis</strong></span> <span class='ocrx_word' id='word_1_401' title='bbox 527 3143 782 3260; x_wconf 62' lang='lat' dir='ltr'><strong>episcorpi</strong></span> <span class='ocrx_word' id='word_1_402' title='bbox 817 3187 1231 3243; x_wconf 81' lang='lat' dir='ltr'><strong>nudiustertius</strong></span> <span class='ocrx_word' id='word_1_403' title='bbox 1263 3186 1536 3258; x_wconf 89' lang='lat' dir='ltr'><strong>descripsi</strong></span> <span class='ocrx_word' id='word_1_404' title='bbox 1563 3185 1876 3240; x_wconf 89' lang='lat' dir='ltr'><strong>materiam</strong></span> <span class='ocrx_word' id='word_1_405' title='bbox 1898 3162 1946 3222; x_wconf 80' lang='lat' dir='ltr'><strong>C</strong></span> <span class='ocrx_word' id='word_1_406' title='bbox 2235 3145 3018 3260; x_wconf 41' lang='grc' dir='ltr'><strong>ΞῗᾶλξῖΓ-ὶῖἂξίξξῗῗέῗῃξὲξ</strong></span> 
     </span>
    </p>
   </div>
   <div class='ocr_carea' id='block_1_61' title="bbox 245 3274 1878 3348">
    <p class='ocr_par' dir='ltr' id='par_1_61' title="bbox 245 3274 1878 3348">
     <span class='ocr_line' id='line_1_62' title="bbox 245 3274 1878 3348; baseline -0.001 -18"><span class='ocrx_word' id='word_1_407' title='bbox 245 3277 554 3330; x_wconf 69' lang='lat' dir='ltr'><strong>malorum</strong></span> <span class='ocrx_word' id='word_1_408' title='bbox 590 3276 770 3331; x_wconf 78' lang='lat' dir='ltr'><strong>nostri</strong></span> <span class='ocrx_word' id='word_1_409' title='bbox 790 3276 1070 3348; x_wconf 88' lang='lat' dir='ltr'><strong>temporis</strong></span> <span class='ocrx_word' id='word_1_410' title='bbox 1090 3294 1104 3344; x_wconf 92' lang='lat'><strong>;</strong></span> <span class='ocrx_word' id='word_1_411' title='bbox 1124 3280 1181 3330; x_wconf 92' lang='lat' dir='ltr'><strong>et</strong></span> <span class='ocrx_word' id='word_1_412' title='bbox 1196 3275 1333 3348; x_wconf 90' lang='lat' dir='ltr'><strong>quid</strong></span> <span class='ocrx_word' id='word_1_413' title='bbox 1358 3274 1510 3330; x_wconf 90' lang='lat' dir='ltr'><strong>inter</strong></span> <span class='ocrx_word' id='word_1_414' title='bbox 1538 3277 1732 3347; x_wconf 87' lang='lat' dir='ltr'><strong>partes</strong></span> <span class='ocrx_word' id='word_1_415' title='bbox 1746 3288 1878 3329; x_wconf 85' lang='lat' dir='ltr'><strong>con-</strong></span> 
     </span>
    </p>
   </div>
   <div class='ocr_carea' id='block_1_62' title="bbox 245 3361 1873 3436">
    <p class='ocr_par' dir='ltr' id='par_1_62' title="bbox 245 3361 1873 3436">
     <span class='ocr_line' id='line_1_63' title="bbox 245 3361 1873 3436; baseline -0.003 -15"><span class='ocrx_word' id='word_1_416' title='bbox 245 3364 486 3421; x_wconf 85' lang='lat' dir='ltr'><strong>veniret</strong></span> <span class='ocrx_word' id='word_1_417' title='bbox 524 3364 613 3418; x_wconf 87' lang='lat' dir='ltr'><strong>vel</strong></span> <span class='ocrx_word' id='word_1_418' title='bbox 661 3364 1087 3420; x_wconf 82' lang='lat' dir='ltr'><strong>disconvenire‘t</strong></span> <span class='ocrx_word' id='word_1_419' title='bbox 1121 3363 1353 3436; x_wconf 89' lang='lat' dir='ltr'><strong>aperui;</strong></span> <span class='ocrx_word' id='word_1_420' title='bbox 1385 3361 1548 3418; x_wconf 90' lang='lat' dir='ltr'><strong>vobis</strong></span> <span class='ocrx_word' id='word_1_421' title='bbox 1587 3363 1873 3434; x_wconf 85' lang='lat' dir='ltr'><strong>tanquam</strong></span> 
     </span>
    </p>
   </div>
   <div class='ocr_carea' id='block_1_63' title="bbox 247 3451 1874 3527">
    <p class='ocr_par' dir='ltr' id='par_1_63' title="bbox 247 3451 1874 3527">
     <span class='ocr_line' id='line_1_64' title="bbox 247 3451 1874 3527; baseline -0.001 -19"><span class='ocrx_word' id='word_1_422' title='bbox 247 3452 521 3527; x_wconf 78' lang='lat' dir='ltr'><strong>probatis</strong></span> <span class='ocrx_word' id='word_1_423' title='bbox 541 3451 829 3524; x_wconf 82' lang='lat' dir='ltr'><strong>iudicibus</strong></span> <span class='ocrx_word' id='word_1_424' title='bbox 860 3451 1060 3508; x_wconf 83' lang='lat' dir='ltr'><strong>direxi.</strong></span> <span class='ocrx_word' id='word_1_425' title='bbox 1089 3452 1160 3507; x_wconf 88' lang='lat' dir='ltr'><strong>Et</strong></span> <span class='ocrx_word' id='word_1_426' title='bbox 1192 3468 1346 3507; x_wconf 90' lang='lat' dir='ltr'><strong>nunc</strong></span> <span class='ocrx_word' id='word_1_427' title='bbox 1383 3452 1456 3506; x_wconf 89' lang='lat' dir='ltr'><strong>ad</strong></span> <span class='ocrx_word' id='word_1_428' title='bbox 1488 3453 1685 3506; x_wconf 91' lang='lat' dir='ltr'><strong>votum</strong></span> <span class='ocrx_word' id='word_1_429' title='bbox 1713 3459 1874 3506; x_wconf 87' lang='lat' dir='ltr'><strong>meo-</strong></span> 
     </span>
    </p>
   </div>
   <div class='ocr_carea' id='block_1_64' title="bbox 247 3539 1876 3614">
    <p class='ocr_par' dir='ltr' id='par_1_64' title="bbox 247 3539 1876 3614">
     <span class='ocr_line' id='line_1_65' title="bbox 247 3539 1876 3614; baseline -0.002 -16"><span class='ocrx_word' id='word_1_430' title='bbox 247 3541 681 3608; x_wconf 84' lang='lat' dir='ltr'><strong>rum&#39;hOstium,</strong></span> <span class='ocrx_word' id='word_1_431' title='bbox 699 3541 833 3614; x_wconf 88' lang='lat' dir='ltr'><strong>quia</strong></span> <span class='ocrx_word' id='word_1_432' title='bbox 857 3557 922 3596; x_wconf 86' lang='lat' dir='ltr'><strong>ex</strong></span> <span class='ocrx_word' id='word_1_433' title='bbox 950 3544 1073 3596; x_wconf 89' lang='lat' dir='ltr'><strong>toto</strong></span> <span class='ocrx_word' id='word_1_434' title='bbox 1095 3539 1232 3596; x_wconf 89' lang='lat' dir='ltr'><strong>orbe</strong></span> <span class='ocrx_word' id='word_1_435' title='bbox 1246 3539 1369 3595; x_wconf 82' lang='lat' dir='ltr'><strong>fieri</strong></span> <span class='ocrx_word' id='word_1_436' title='bbox 1389 3557 1505 3596; x_wconf 90' lang='lat' dir='ltr'><strong>non</strong></span> <span class='ocrx_word' id='word_1_437' title='bbox 1527 3541 1741 3611; x_wconf 86' lang='lat' dir='ltr'><strong>potest,</strong></span> <span class='ocrx_word' id='word_1_438' title='bbox 1767 3539 1876 3594; x_wconf 83' lang='lat' dir='ltr'><strong>sal-</strong></span> 
     </span>
    </p>
   </div>
   <div class='ocr_carea' id='block_1_65' title="bbox 249 3627 1881 3701">
    <p class='ocr_par' dir='ltr' id='par_1_65' title="bbox 249 3627 1881 3701">
     <span class='ocr_line' id='line_1_66' title="bbox 249 3627 1881 3701; baseline -0.002 -16"><span class='ocrx_word' id='word_1_439' title='bbox 249 3633 374 3685; x_wconf 83' lang='lat' dir='ltr'><strong>tem</strong></span> <span class='ocrx_word' id='word_1_440' title='bbox 396 3646 469 3684; x_wconf 84' lang='lat' dir='ltr'><strong>ex</strong></span> <span class='ocrx_word' id='word_1_441' title='bbox 500 3631 626 3684; x_wconf 88' lang='lat' dir='ltr'><strong>toto</strong></span> <span class='ocrx_word' id='word_1_442' title='bbox 656 3633 986 3684; x_wconf 81' lang='lat' dir='ltr'><strong>nostrorum</strong></span> <span class='ocrx_word' id='word_1_443' title='bbox 1007 3628 1335 3701; x_wconf 91' lang='lat' dir='ltr'><strong>principum</strong></span> <span class='ocrx_word' id='word_1_444' title='bbox 1354 3628 1731 3700; x_wconf 90' lang='lat' dir='ltr'><strong>regimine,ut</strong></span> <span class='ocrx_word' id='word_1_445' title='bbox 1756 3627 1881 3682; x_wconf 82' lang='lat' dir='ltr'><strong>uni-</strong></span> 
     </span>
    </p>
   </div>
   <div class='ocr_carea' id='block_1_66' title="bbox 245 3710 1875 3790">
    <p class='ocr_par' dir='ltr' id='par_1_66' title="bbox 245 3710 1875 3790">
     <span class='ocr_line' id='line_1_67' title="bbox 245 3710 1875 3790; baseline 0 -18"><span class='ocrx_word' id='word_1_446' title='bbox 245 3710 479 3774; x_wconf 69' lang='lat' dir='ltr'><strong>versale</strong></span> <span class='ocrx_word' id='word_1_447' title='bbox 505 3721 749 3790; x_wconf 87' lang='lat' dir='ltr'><strong>cogatur</strong></span> <span class='ocrx_word' id='word_1_448' title='bbox 769 3717 1097 3782; x_wconf 86' lang='lat' dir='ltr'><strong>concilium,</strong></span> <span class='ocrx_word' id='word_1_449' title='bbox 1134 3717 1324 3773; x_wconf 90' lang='lat' dir='ltr'><strong>modis</strong></span> <span class='ocrx_word' id='word_1_450' title='bbox 1345 3717 1550 3789; x_wconf 82' lang='lat' dir='ltr'><strong>quibus</strong></span> <span class='ocrx_word' id='word_1_451' title='bbox 1574 3717 1736 3773; x_wconf 90' lang='lat' dir='ltr'><strong>valeo</strong></span> <span class='ocrx_word' id='word_1_452' title='bbox 1759 3718 1875 3772; x_wconf 89' lang='lat' dir='ltr'><strong>ela-</strong></span> 
     </span>
    </p>
   </div>
   <div class='ocr_carea' id='block_1_67' title="bbox 252 3805 1876 3878">
    <p class='ocr_par' dir='ltr' id='par_1_67' title="bbox 252 3805 1876 3878">
     <span class='ocr_line' id='line_1_68' title="bbox 252 3805 1876 3878; baseline -0.001 -15"><span class='ocrx_word' id='word_1_453' title='bbox 252 3805 426 3863; x_wconf 83' lang='lat' dir='ltr'><strong>boro.</strong></span> <span class='ocrx_word' id='word_1_454' title='bbox 454 3807 535 3862; x_wconf 85' lang='lat' dir='ltr'><strong>Eo</strong></span> <span class='ocrx_word' id='word_1_455' title='bbox 554 3806 936 3862; x_wconf 86' lang='lat' dir='ltr'><strong>conveniendi</strong></span> <span class='ocrx_word' id='word_1_456' title='bbox 960 3810 1020 3862; x_wconf 92' lang='lat' dir='ltr'><strong>et</strong></span> <span class='ocrx_word' id='word_1_457' title='bbox 1034 3807 1542 3878; x_wconf 87' lang='lat' dir='ltr'><strong>disceptandi,non</strong></span> <span class='ocrx_word' id='word_1_458' title='bbox 1568 3808 1754 3862; x_wconf 86' lang='lat' dir='ltr'><strong>solum</strong></span> <span class='ocrx_word' id='word_1_459' title='bbox 1779 3821 1876 3861; x_wconf 85' lang='lat' dir='ltr'><strong>cu-</strong></span> 
     </span>
    </p>
   </div>
   <div class='ocr_carea' id='block_1_68' title="bbox 251 3895 1873 3965">
    <p class='ocr_par' dir='ltr' id='par_1_68' title="bbox 251 3895 1873 3965">
     <span class='ocr_line' id='line_1_69' title="bbox 251 3895 1873 3965; baseline -0.002 -13"><span class='ocrx_word' id='word_1_460' title='bbox 251 3896 448 3964; x_wconf 80' lang='lat' dir='ltr'><strong>riosis,</strong></span> <span class='ocrx_word' id='word_1_461' title='bbox 465 3895 571 3951; x_wconf 84' lang='lat' dir='ltr'><strong>sed</strong></span> <span class='ocrx_word' id='word_1_462' title='bbox 585 3896 761 3951; x_wconf 88' lang='lat' dir='ltr'><strong>etiam</strong></span> <span class='ocrx_word' id='word_1_463' title='bbox 773 3896 920 3952; x_wconf 86' lang='lat' dir='ltr'><strong>hosti</strong></span> <span class='ocrx_word' id='word_1_464' title='bbox 931 3897 1244 3965; x_wconf 87' lang='lat' dir='ltr'><strong>bus,libera</strong></span> <span class='ocrx_word' id='word_1_465' title='bbox 1257 3897 1426 3951; x_wconf 90' lang='lat' dir='ltr'><strong>datur</strong></span> <span class='ocrx_word' id='word_1_466' title='bbox 1438 3896 1699 3952; x_wconf 90' lang='lat' dir='ltr'><strong>facultas.</strong></span> <span class='ocrx_word' id='word_1_467' title='bbox 1723 3895 1873 3950; x_wconf 86' lang='lat' dir='ltr'><strong>Tan-</strong></span> 
     </span>
    </p>
   </div>
   <div class='ocr_carea' id='block_1_69' title="bbox 247 3981 1874 4057">
    <p class='ocr_par' dir='ltr' id='par_1_69' title="bbox 247 3981 1874 4057">
     <span class='ocr_line' id='line_1_70' title="bbox 247 3981 1874 4057; baseline -0.001 -18"><span class='ocrx_word' id='word_1_468' title='bbox 247 3981 381 4040; x_wconf 65' lang='lat' dir='ltr'><strong>tum</strong></span> <span class='ocrx_word' id='word_1_469' title='bbox 409 3985 632 4057; x_wconf 91' lang='lat' dir='ltr'><strong>quippe</strong></span> <span class='ocrx_word' id='word_1_470' title='bbox 663 3999 696 4039; x_wconf 91' lang='lat' dir='ltr'><strong>a</strong></span> <span class='ocrx_word' id='word_1_471' title='bbox 717 3983 880 4040; x_wconf 91' lang='lat' dir='ltr'><strong>nobis</strong></span> <span class='ocrx_word' id='word_1_472' title='bbox 896 3985 1790 4056; x_wconf 84' lang='lat' dir='ltr'><strong>abestmal&#39;eflcium,tantumque</strong></span> <span class='ocrx_word' id='word_1_473' title='bbox 1815 3983 1874 4038; x_wconf 76' lang='lat' dir='ltr'><strong>in</strong></span> 
     </span>
    </p>
   </div>
   <div class='ocr_carea' id='block_1_70' title="bbox 251 4069 1875 4146">
    <p class='ocr_par' dir='ltr' id='par_1_70' title="bbox 251 4069 1875 4146">
     <span class='ocr_line' id='line_1_71' title="bbox 251 4069 1875 4146; baseline -0.001 -17"><span class='ocrx_word' id='word_1_474' title='bbox 251 4069 602 4129; x_wconf 81' lang='lat' dir='ltr'><strong>innocentia</strong></span> <span class='ocrx_word' id='word_1_475' title='bbox 629 4073 1001 4139; x_wconf 80' lang='lat' dir='ltr'><strong>conﬁdimus,</strong></span> <span class='ocrx_word' id='word_1_476' title='bbox 1031 4078 1096 4129; x_wconf 90' lang='lat' dir='ltr'><strong>ut</strong></span> <span class='ocrx_word' id='word_1_477' title='bbox 1131 4075 1396 4146; x_wconf 88' lang='lat' dir='ltr'><strong>regulare</strong></span> <span class='ocrx_word' id='word_1_478' title='bbox 1427 4069 1720 4146; x_wconf 85' lang='lat' dir='ltr'><strong>judicium</strong></span> <span class='ocrx_word' id='word_1_479' title='bbox 1755 4088 1875 4128; x_wconf 90' lang='lat' dir='ltr'><strong>non</strong></span> 
     </span>
    </p>
   </div>
   <div class='ocr_carea' id='block_1_71' title="bbox 257 4159 1877 4235">
    <p class='ocr_par' dir='ltr' id='par_1_71' title="bbox 257 4159 1877 4235">
     <span class='ocr_line' id='line_1_72' title="bbox 257 4159 1877 4235; baseline 0 -19"><span class='ocrx_word' id='word_1_480' title='bbox 257 4164 451 4217; x_wconf 81' lang='lat' dir='ltr'><strong>solum</strong></span> <span class='ocrx_word' id='word_1_481' title='bbox 466 4173 591 4216; x_wconf 84' lang='lat' dir='ltr'><strong>non</strong></span> <span class='ocrx_word' id='word_1_482' title='bbox 619 4159 958 4230; x_wconf 88' lang='lat' dir='ltr'><strong>devitemus,</strong></span> <span class='ocrx_word' id='word_1_483' title='bbox 981 4163 1083 4218; x_wconf 88' lang='lat' dir='ltr'><strong>sed</strong></span> <span class='ocrx_word' id='word_1_484' title='bbox 1115 4164 1295 4218; x_wconf 88' lang='lat' dir='ltr'><strong>etiam</strong></span> <span class='ocrx_word' id='word_1_485' title='bbox 1317 4163 1478 4235; x_wconf 86' lang='lat' dir='ltr'><strong>quasi</strong></span> <span class='ocrx_word' id='word_1_486' title='bbox 1493 4165 1616 4218; x_wconf 89' lang='lat' dir='ltr'><strong>toto</strong></span> <span class='ocrx_word' id='word_1_487' title='bbox 1636 4162 1773 4218; x_wconf 88' lang='lat' dir='ltr'><strong>orbe</strong></span> <span class='ocrx_word' id='word_1_488' title='bbox 1794 4161 1877 4216; x_wconf 84' lang='lat' dir='ltr'><strong>fu-</strong></span> 
     </span>
    </p>
   </div>
   <div class='ocr_carea' id='block_1_72' title="bbox 255 4250 1878 4324">
    <p class='ocr_par' dir='ltr' id='par_1_72' title="bbox 255 4250 1878 4324">
     <span class='ocr_line' id='line_1_73' title="bbox 255 4250 1878 4324; baseline 0 -18"><span class='ocrx_word' id='word_1_489' title='bbox 255 4251 423 4324; x_wconf 85' lang='lat' dir='ltr'><strong>giens</strong></span> <span class='ocrx_word' id='word_1_490' title='bbox 449 4251 1041 4323; x_wconf 65' lang='lat' dir='ltr'><strong>pr&#39;osequamurEcee</strong></span> <span class='ocrx_word' id='word_1_491' title='bbox 1064 4269 1216 4307; x_wconf 89' lang='lat' dir='ltr'><strong>nunc</strong></span> <span class='ocrx_word' id='word_1_492' title='bbox 1241 4253 1410 4308; x_wconf 89' lang='lat' dir='ltr'><strong>tertio</strong></span> <span class='ocrx_word' id='word_1_493' title='bbox 1440 4251 1650 4308; x_wconf 89' lang='lat' dir='ltr'><strong>moniti</strong></span> <span class='ocrx_word' id='word_1_494' title='bbox 1667 4250 1714 4306; x_wconf 90' lang='lat' dir='ltr'><strong>si</strong></span> <span class='ocrx_word' id='word_1_495' title='bbox 1731 4257 1878 4322; x_wconf 69' lang='lat' dir='ltr'><strong>prie-</strong></span> 
     </span>
    </p>
   </div>
   <div class='ocr_carea' id='block_1_73' title="bbox 257 4340 1880 4414">
    <p class='ocr_par' dir='ltr' id='par_1_73' title="bbox 257 4340 1880 4414">
     <span class='ocr_line' id='line_1_74' title="bbox 257 4340 1880 4414; baseline -0.001 -20"><span class='ocrx_word' id='word_1_496' title='bbox 257 4341 513 4412; x_wconf 79' lang='lat' dir='ltr'><strong>sentia-zn</strong></span> <span class='ocrx_word' id='word_1_497' title='bbox 543 4355 708 4395; x_wconf 89' lang='lat' dir='ltr'><strong>suam</strong></span> <span class='ocrx_word' id='word_1_498' title='bbox 735 4341 1004 4396; x_wconf 81' lang='lat' dir='ltr'><strong>exhibere</strong></span> <span class='ocrx_word' id='word_1_499' title='bbox 1036 4340 1350 4410; x_wconf 89' lang='lat' dir='ltr'><strong>noluerint,</strong></span> <span class='ocrx_word' id='word_1_500' title='bbox 1386 4343 1445 4396; x_wconf 90' lang='lat' dir='ltr'><strong>et</strong></span> <span class='ocrx_word' id='word_1_501' title='bbox 1473 4340 1787 4414; x_wconf 86' lang='lat' dir='ltr'><strong>appellatio</strong></span> <span class='ocrx_word' id='word_1_502' title='bbox 1819 4341 1880 4395; x_wconf 84' lang='lat' dir='ltr'><strong>et</strong></span> 
     </span>
    </p>
   </div>
   <div class='ocr_carea' id='block_1_74' title="bbox 1977 3231 3594 3308">
    <p class='ocr_par' dir='ltr' id='par_1_74' title="bbox 1977 3231 3594 3308">
     <span class='ocr_line' id='line_1_75' title="bbox 1977 3231 3594 3308; baseline 0.005 -22"><span class='ocrx_word' id='word_1_503' title='bbox 1977 3249 2110 3306; x_wconf 87' lang='lat' dir='ltr'><strong>que,</strong></span> <span class='ocrx_word' id='word_1_504' title='bbox 2145 3237 2208 3288; x_wconf 91' lang='lat' dir='ltr'><strong>ut</strong></span> <span class='ocrx_word' id='word_1_505' title='bbox 2234 3231 2314 3290; x_wconf 90' lang='lat' dir='ltr'><strong>ita</strong></span> <span class='ocrx_word' id='word_1_506' title='bbox 2328 3235 2541 3307; x_wconf 89' lang='lat' dir='ltr'><strong>dicam,</strong></span> <span class='ocrx_word' id='word_1_507' title='bbox 2570 3237 2861 3292; x_wconf 89' lang='lat' dir='ltr'><strong>alteratus.</strong></span> <span class='ocrx_word' id='word_1_508' title='bbox 2886 3237 3023 3302; x_wconf 65' lang='lat' dir='ltr'><strong>Quae</strong></span> <span class='ocrx_word' id='word_1_509' title='bbox 3043 3238 3380 3294; x_wconf 89' lang='lat' dir='ltr'><strong>adolescens</strong></span> <span class='ocrx_word' id='word_1_510' title='bbox 3399 3237 3594 3308; x_wconf 90' lang='lat' dir='ltr'><strong>didici,</strong></span> 
     </span>
    </p>
   </div>
   <div class='ocr_carea' id='block_1_75' title="bbox 1971 3319 3598 3400">
    <p class='ocr_par' dir='ltr' id='par_1_75' title="bbox 1971 3319 3598 3400">
     <span class='ocr_line' id='line_1_76' title="bbox 1971 3319 3598 3400; baseline 0.005 -24"><span class='ocrx_word' id='word_1_511' title='bbox 1971 3319 2201 3393; x_wconf 71' lang='lat' dir='ltr'><strong>juVenis</strong></span> <span class='ocrx_word' id='word_1_512' title='bbox 2231 3323 2433 3379; x_wconf 91' lang='lat' dir='ltr'><strong>amisi:</strong></span> <span class='ocrx_word' id='word_1_513' title='bbox 2487 3326 2546 3379; x_wconf 90' lang='lat' dir='ltr'><strong>et</strong></span> <span class='ocrx_word' id='word_1_514' title='bbox 2595 3342 2723 3397; x_wconf 62' lang='lat' dir='ltr'><strong>quae</strong></span> <span class='ocrx_word' id='word_1_515' title='bbox 2753 3325 2984 3397; x_wconf 90' lang='lat' dir='ltr'><strong>juvenis</strong></span> <span class='ocrx_word' id='word_1_516' title='bbox 3037 3326 3360 3400; x_wconf 89' lang='lat' dir='ltr'><strong>concupivi,</strong></span> <span class='ocrx_word' id='word_1_517' title='bbox 3419 3343 3598 3384; x_wconf 82' lang='lat' dir='ltr'><strong>senex</strong></span> 
     </span>
    </p>
   </div>
   <div class='ocr_carea' id='block_1_76' title="bbox 1980 3411 3592 3488">
    <p class='ocr_par' dir='ltr' id='par_1_76' title="bbox 1980 3411 3592 3488">
     <span class='ocr_line' id='line_1_77' title="bbox 1980 3411 3592 3488; baseline 0.004 -23"><span class='ocrx_word' id='word_1_518' title='bbox 1980 3411 2328 3484; x_wconf 85' lang='lat' dir='ltr'><strong>contempsi.</strong></span> <span class='ocrx_word' id='word_1_519' title='bbox 2358 3412 2521 3468; x_wconf 88' lang='lat' dir='ltr'><strong>Tales</strong></span> <span class='ocrx_word' id='word_1_520' title='bbox 2553 3413 2775 3469; x_wconf 90' lang='lat' dir='ltr'><strong>fructus</strong></span> <span class='ocrx_word' id='word_1_521' title='bbox 2806 3413 2986 3470; x_wconf 80' lang='lat' dir='ltr'><strong>affero</strong></span> <span class='ocrx_word' id='word_1_522' title='bbox 3019 3413 3182 3471; x_wconf 93' lang='lat' dir='ltr'><strong>mihi.</strong></span> <span class='ocrx_word' id='word_1_523' title='bbox 3225 3413 3270 3472; x_wconf 89' lang='grc' dir='ltr'><strong>Ο</strong></span> <span class='ocrx_word' id='word_1_524' title='bbox 3301 3416 3592 3488; x_wconf 72' lang='lat' dir='ltr'><strong>Voluptas!</strong></span> 
     </span>
    </p>
   </div>
   <div class='ocr_carea' id='block_1_77' title="bbox 1978 3499 3598 3578">
    <p class='ocr_par' dir='ltr' id='par_1_77' title="bbox 1978 3499 3598 3578">
     <span class='ocr_line' id='line_1_78' title="bbox 1978 3499 3598 3578; baseline 0.005 -24"><span class='ocrx_word' id='word_1_525' title='bbox 1978 3499 2118 3556; x_wconf 84' lang='lat' dir='ltr'><strong>talia</strong></span> <span class='ocrx_word' id='word_1_526' title='bbox 2141 3501 2344 3556; x_wconf 90' lang='lat' dir='ltr'><strong>mundi</strong></span> <span class='ocrx_word' id='word_1_527' title='bbox 2373 3502 2632 3558; x_wconf 92' lang='lat' dir='ltr'><strong>honores</strong></span> <span class='ocrx_word' id='word_1_528' title='bbox 2675 3503 2913 3574; x_wconf 88' lang='lat' dir='ltr'><strong>pariunt</strong></span> <span class='ocrx_word' id='word_1_529' title='bbox 2948 3503 3181 3577; x_wconf 88' lang='lat' dir='ltr'><strong>gaudia.</strong></span> <span class='ocrx_word' id='word_1_530' title='bbox 3213 3505 3441 3561; x_wconf 86' lang='lat' dir='ltr'><strong>Credite</strong></span> <span class='ocrx_word' id='word_1_531' title='bbox 3459 3522 3598 3578; x_wconf 91' lang='lat' dir='ltr'><strong>ergo</strong></span> 
     </span>
    </p>
   </div>
   <div class='ocr_carea' id='block_1_78' title="bbox 1979 3589 3602 3666">
    <p class='ocr_par' dir='ltr' id='par_1_78' title="bbox 1979 3589 3602 3666">
     <span class='ocr_line' id='line_1_79' title="bbox 1979 3589 3602 3666; baseline 0.003 -22"><span class='ocrx_word' id='word_1_532' title='bbox 1979 3589 2123 3644; x_wconf 89' lang='lat' dir='ltr'><strong>mihi</strong></span> <span class='ocrx_word' id='word_1_533' title='bbox 2139 3592 2400 3662; x_wconf 82' lang='lat' dir='ltr'><strong>experto.</strong></span> <span class='ocrx_word' id='word_1_534' title='bbox 2420 3592 2481 3646; x_wconf 92' lang='lat' dir='ltr'><strong>In</strong></span> <span class='ocrx_word' id='word_1_535' title='bbox 2497 3591 2781 3664; x_wconf 85' lang='lat' dir='ltr'><strong>quantum</strong></span> <span class='ocrx_word' id='word_1_536' title='bbox 2800 3592 3091 3666; x_wconf 91' lang='lat' dir='ltr'><strong>principes</strong></span> <span class='ocrx_word' id='word_1_537' title='bbox 3107 3595 3355 3651; x_wconf 86' lang='lat' dir='ltr'><strong>exterius</strong></span> <span class='ocrx_word' id='word_1_538' title='bbox 3387 3593 3602 3652; x_wconf 89' lang='lat' dir='ltr'><strong>attollit</strong></span> 
     </span>
    </p>
   </div>
   <div class='ocr_carea' id='block_1_79' title="bbox 1979 3680 3349 3756">
    <p class='ocr_par' dir='ltr' id='par_1_79' title="bbox 1979 3680 3349 3756">
     <span class='ocr_line' id='line_1_80' title="bbox 1979 3680 3349 3756; baseline 0.004 -22"><span class='ocrx_word' id='word_1_539' title='bbox 1979 3680 2188 3751; x_wconf 89' lang='lat' dir='ltr'><strong>glorta,</strong></span> <span class='ocrx_word' id='word_1_540' title='bbox 2224 3680 2282 3735; x_wconf 89' lang='lat' dir='ltr'><strong>in</strong></span> <span class='ocrx_word' id='word_1_541' title='bbox 2323 3683 2554 3736; x_wconf 85' lang='lat' dir='ltr'><strong>tantum</strong></span> <span class='ocrx_word' id='word_1_542' title='bbox 2587 3681 2872 3738; x_wconf 89' lang='lat' dir='ltr'><strong>cruciatus</strong></span> <span class='ocrx_word' id='word_1_543' title='bbox 2900 3683 3064 3756; x_wconf 89' lang='lat' dir='ltr'><strong>angit</strong></span> <span class='ocrx_word' id='word_1_544' title='bbox 3090 3682 3349 3740; x_wconf 88' lang='lat' dir='ltr'><strong>interius.</strong></span> 
     </span>
    </p>
   </div>
   <div class='ocr_carea' id='block_1_80' title="bbox 2465 3805 3110 3864">
    <p class='ocr_par' dir='ltr' id='par_1_80' title="bbox 2465 3805 3110 3864">
     <span class='ocr_line' id='line_1_81' title="bbox 2465 3805 3110 3864; baseline 0.005 -4"><span class='ocrx_word' id='word_1_545' title='bbox 2465 3805 2804 3863; x_wconf 83' lang='lat' dir='ltr'><strong>EPISTOLA</strong></span> <span class='ocrx_word' id='word_1_546' title='bbox 2834 3807 2917 3863; x_wconf 84' lang='lat' dir='ltr'><strong><em>CX</em></strong></span> <span class='ocrx_word' id='word_1_547' title='bbox 2930 3807 3110 3864; x_wconf 87' lang='lat' dir='ltr'><strong>CVlll.</strong></span> 
     </span>
    </p>
   </div>
   <div class='ocr_carea' id='block_1_81' title="bbox 2050 3892 3603 3974">
    <p class='ocr_par' dir='ltr' id='par_1_81' title="bbox 2050 3892 3603 3974">
     <span class='ocr_line' id='line_1_82' title="bbox 2050 3892 3603 3974; baseline 0.004 -24"><span class='ocrx_word' id='word_1_548' title='bbox 2050 3892 2427 3951; x_wconf 87' lang='lat' dir='ltr'><strong>Consuluistis</strong></span> <span class='ocrx_word' id='word_1_549' title='bbox 2457 3898 2655 3952; x_wconf 89' lang='lat' dir='ltr'><strong>utrum</strong></span> <span class='ocrx_word' id='word_1_550' title='bbox 2687 3897 2731 3951; x_wconf 88' lang='lat' dir='ltr'><strong>is</strong></span> <span class='ocrx_word' id='word_1_551' title='bbox 2764 3897 2860 3969; x_wconf 90' lang='lat' dir='ltr'><strong>qui</strong></span> <span class='ocrx_word' id='word_1_552' title='bbox 2901 3914 3165 3955; x_wconf 89' lang='lat' dir='ltr'><strong>sororem</strong></span> <span class='ocrx_word' id='word_1_553' title='bbox 3196 3915 3310 3954; x_wconf 68' lang='lat' dir='ltr'><strong>sua:</strong></span> <span class='ocrx_word' id='word_1_554' title='bbox 3341 3897 3603 3974; x_wconf 84' lang='lat' dir='ltr'><strong>conjugis</strong></span> 
     </span>
    </p>
   </div>
   <div class='ocr_carea' id='block_1_82' title="bbox 1977 3981 3606 4059">
    <p class='ocr_par' dir='ltr' id='par_1_82' title="bbox 1977 3981 3606 4059">
     <span class='ocr_line' id='line_1_83' title="bbox 1977 3981 3606 4059; baseline 0.004 -21"><span class='ocrx_word' id='word_1_555' title='bbox 1977 3981 2260 4039; x_wconf 88' lang='lat' dir='ltr'><strong>adulterio</strong></span> <span class='ocrx_word' id='word_1_556' title='bbox 2305 3983 2528 4058; x_wconf 88' lang='lat' dir='ltr'><strong>polluit,</strong></span> <span class='ocrx_word' id='word_1_557' title='bbox 2576 3987 2707 4058; x_wconf 90' lang='lat' dir='ltr'><strong>post</strong></span> <span class='ocrx_word' id='word_1_558' title='bbox 2756 3988 3056 4057; x_wconf 84' lang='lat' dir='ltr'><strong>peractam</strong></span> <span class='ocrx_word' id='word_1_559' title='bbox 3104 3986 3505 4059; x_wconf 56' lang='lat' dir='ltr'><strong>paenitentiam</strong></span> <span class='ocrx_word' id='word_1_560' title='bbox 3531 3986 3606 4044; x_wconf 89' lang='lat' dir='ltr'><strong>ad</strong></span> 
     </span>
    </p>
   </div>
   <div class='ocr_carea' id='block_1_83' title="bbox 1976 4072 3599 4146">
    <p class='ocr_par' dir='ltr' id='par_1_83' title="bbox 1976 4072 3599 4146">
     <span class='ocr_line' id='line_1_84' title="bbox 1976 4072 3599 4146; baseline 0.003 -20"><span class='ocrx_word' id='word_1_561' title='bbox 1976 4088 2232 4146; x_wconf 82' lang='lat' dir='ltr'><strong>priorem</strong></span> <span class='ocrx_word' id='word_1_562' title='bbox 2266 4072 2535 4144; x_wconf 90' lang='lat' dir='ltr'><strong>copulam</strong></span> <span class='ocrx_word' id='word_1_563' title='bbox 2564 4072 2753 4128; x_wconf 91' lang='lat' dir='ltr'><strong>redire</strong></span> <span class='ocrx_word' id='word_1_564' title='bbox 2773 4072 3000 4141; x_wconf 89' lang='lat' dir='ltr'><strong>debeat,</strong></span> <span class='ocrx_word' id='word_1_565' title='bbox 3024 4089 3097 4129; x_wconf 90' lang='lat' dir='ltr'><strong>an</strong></span> <span class='ocrx_word' id='word_1_566' title='bbox 3118 4076 3362 4130; x_wconf 87' lang='lat' dir='ltr'><strong>alteram</strong></span> <span class='ocrx_word' id='word_1_567' title='bbox 3384 4075 3599 4132; x_wconf 84' lang='lat' dir='ltr'><strong>sortiri.</strong></span> 
     </span>
    </p>
   </div>
   <div class='ocr_carea' id='block_1_84' title="bbox 1977 4157 3600 4236">
    <p class='ocr_par' dir='ltr' id='par_1_84' title="bbox 1977 4157 3600 4236">
     <span class='ocr_line' id='line_1_85' title="bbox 1977 4157 3600 4236; baseline 0.003 -22"><span class='ocrx_word' id='word_1_568' title='bbox 1977 4157 2046 4214; x_wconf 86' lang='lat' dir='ltr'><strong>Et</strong></span> <span class='ocrx_word' id='word_1_569' title='bbox 2075 4161 2322 4216; x_wconf 89' lang='lat' dir='ltr'><strong>alterum</strong></span> <span class='ocrx_word' id='word_1_570' title='bbox 2354 4159 2592 4232; x_wconf 90' lang='lat' dir='ltr'><strong>quidem</strong></span> <span class='ocrx_word' id='word_1_571' title='bbox 2641 4160 3020 4232; x_wconf 90' lang='lat' dir='ltr'><strong>permittitur,</strong></span> <span class='ocrx_word' id='word_1_572' title='bbox 3071 4163 3322 4218; x_wconf 91' lang='lat' dir='ltr'><strong>alterum</strong></span> <span class='ocrx_word' id='word_1_573' title='bbox 3369 4163 3600 4236; x_wconf 88' lang='lat' dir='ltr'><strong>penitus</strong></span> 
     </span>
    </p>
   </div>
   <div class='ocr_carea' id='block_1_85' title="bbox 1975 4249 3601 4323">
    <p class='ocr_par' dir='ltr' id='par_1_85' title="bbox 1975 4249 3601 4323">
     <span class='ocr_line' id='line_1_86' title="bbox 1975 4249 3601 4323; baseline 0.001 -19"><span class='ocrx_word' id='word_1_574' title='bbox 1975 4249 2357 4305; x_wconf 90' lang='lat' dir='ltr'><strong>inhibetur.ln</strong></span> <span class='ocrx_word' id='word_1_575' title='bbox 2376 4249 2631 4304; x_wconf 82' lang='lat' dir='ltr'><strong>Conciliis</strong></span> <span class='ocrx_word' id='word_1_576' title='bbox 2651 4249 2957 4319; x_wconf 83' lang='lat' dir='ltr'><strong>Africanis,</strong></span> <span class='ocrx_word' id='word_1_577' title='bbox 2979 4251 3148 4307; x_wconf 89' lang='lat' dir='ltr'><strong>titulo</strong></span> <span class='ocrx_word' id='word_1_578' title='bbox 3165 4253 3254 4320; x_wconf 73' lang='grc'><strong>49,</strong></span> <span class='ocrx_word' id='word_1_579' title='bbox 3288 4251 3502 4323; x_wconf 90' lang='lat' dir='ltr'><strong>placuit</strong></span> <span class='ocrx_word' id='word_1_580' title='bbox 3535 4255 3601 4306; x_wconf 90' lang='lat' dir='ltr'><strong>ut</strong></span> 
     </span>
    </p>
   </div>
   <div class='ocr_carea' id='block_1_86' title="bbox 1977 4338 3595 4413">
    <p class='ocr_par' dir='ltr' id='par_1_86' title="bbox 1977 4338 3595 4413">
     <span class='ocr_line' id='line_1_87' title="bbox 1977 4338 3595 4413; baseline 0.002 -20"><span class='ocrx_word' id='word_1_581' title='bbox 1977 4339 2295 4394; x_wconf 86' lang='lat' dir='ltr'><strong>secundum</strong></span> <span class='ocrx_word' id='word_1_582' title='bbox 2319 4338 2715 4411; x_wconf 77' lang='lat' dir='ltr'><strong>evangelicum</strong></span> <span class='ocrx_word' id='word_1_583' title='bbox 2740 4343 2797 4394; x_wconf 90' lang='lat' dir='ltr'><strong>et</strong></span> <span class='ocrx_word' id='word_1_584' title='bbox 2811 4340 3188 4413; x_wconf 87' lang='lat' dir='ltr'><strong>apostolicam</strong></span> <span class='ocrx_word' id='word_1_585' title='bbox 3209 4339 3595 4412; x_wconf 89' lang='lat' dir='ltr'><strong>disciplinam,</strong></span> 
     </span>
    </p>
   </div>
   <div class='ocr_carea' id='block_1_87' title="bbox 259 4425 3596 4513">
    <p class='ocr_par' dir='ltr' id='par_1_87' title="bbox 259 4425 3596 4513">
     <span class='ocr_line' id='line_1_88' title="bbox 259 4425 3596 4513; baseline 0.001 -30"><span class='ocrx_word' id='word_1_586' title='bbox 259 4425 373 4483; x_wconf 81' lang='lat' dir='ltr'><strong>litis</strong></span> <span class='ocrx_word' id='word_1_587' title='bbox 411 4429 752 4484; x_wconf 86' lang='lat' dir='ltr'><strong>retractatio</strong></span> <span class='ocrx_word' id='word_1_588' title='bbox 809 4430 939 4501; x_wconf 89' lang='lat' dir='ltr'><strong>lege</strong></span> <span class='ocrx_word' id='word_1_589' title='bbox 995 4431 1393 4502; x_wconf 88' lang='lat' dir='ltr'><strong>peremptoria</strong></span> <span class='ocrx_word' id='word_1_590' title='bbox 1439 4431 1773 4503; x_wconf 54' lang='lat' dir='ltr'><strong>‘sopientur.</strong></span> <span class='ocrx_word' id='word_1_591' title='bbox 1812 4429 1875 4483; x_wconf 87' lang='lat' dir='ltr'><strong>In</strong></span> <span class='ocrx_word' id='word_1_592' title='bbox 1902 4453 1954 4513; x_wconf 71' lang='grc' dir='ltr'><strong>Ι)</strong></span> <span class='ocrx_word' id='word_1_593' title='bbox 1979 4445 2167 4500; x_wconf 91' lang='lat' dir='ltr'><strong>neque</strong></span> <span class='ocrx_word' id='word_1_594' title='bbox 2195 4427 2464 4483; x_wconf 86' lang='lat' dir='ltr'><strong>dimissus</strong></span> <span class='ocrx_word' id='word_1_595' title='bbox 2487 4428 2558 4483; x_wconf 89' lang='lat' dir='ltr'><strong>ab</strong></span> <span class='ocrx_word' id='word_1_596' title='bbox 2598 4445 2799 4499; x_wconf 83' lang='lat' dir='ltr'><strong>uxore,</strong></span> <span class='ocrx_word' id='word_1_597' title='bbox 2825 4445 3012 4502; x_wconf 88' lang='lat' dir='ltr'><strong>neque</strong></span> <span class='ocrx_word' id='word_1_598' title='bbox 3031 4427 3268 4486; x_wconf 90' lang='lat' dir='ltr'><strong>dimissa</strong></span> <span class='ocrx_word' id='word_1_599' title='bbox 3301 4447 3336 4485; x_wconf 91' lang='lat' dir='ltr'><strong>a</strong></span> <span class='ocrx_word' id='word_1_600' title='bbox 3360 4429 3596 4499; x_wconf 85' lang='lat' dir='ltr'><strong>marito,</strong></span> 
     </span>
    </p>
   </div>
   <div class='ocr_carea' id='block_1_88' title="bbox 263 4517 1878 4590">
    <p class='ocr_par' dir='ltr' id='par_1_88' title="bbox 263 4517 1878 4590">
     <span class='ocr_line' id='line_1_89' title="bbox 263 4517 1878 4590; baseline 0.001 -18"><span class='ocrx_word' id='word_1_601' title='bbox 263 4531 378 4590; x_wconf 84' lang='lat' dir='ltr'><strong>qua</strong></span> <span class='ocrx_word' id='word_1_602' title='bbox 405 4535 472 4573; x_wconf 93' lang='lat' dir='ltr'><strong>re</strong></span> <span class='ocrx_word' id='word_1_603' title='bbox 515 4517 770 4572; x_wconf 79' lang='lat' dir='ltr'><strong>vestrum</strong></span> <span class='ocrx_word' id='word_1_604' title='bbox 825 4523 912 4573; x_wconf 87' lang='lat' dir='ltr'><strong>est</strong></span> <span class='ocrx_word' id='word_1_605' title='bbox 962 4519 1444 4588; x_wconf 86' lang='lat' dir='ltr'><strong>animadvertere,</strong></span> <span class='ocrx_word' id='word_1_606' title='bbox 1509 4519 1597 4574; x_wconf 91' lang='lat' dir='ltr'><strong>cui</strong></span> <span class='ocrx_word' id='word_1_607' title='bbox 1647 4520 1735 4574; x_wconf 88' lang='lat' dir='ltr'><strong>ira</strong></span> <span class='ocrx_word' id='word_1_608' title='bbox 1765 4519 1878 4573; x_wconf 85' lang='lat' dir='ltr'><strong>Do-</strong></span> 
     </span>
    </p>
   </div>
   <div class='ocr_carea' id='block_1_89' title="bbox 263 4606 1882 4680">
    <p class='ocr_par' dir='ltr' id='par_1_89' title="bbox 263 4606 1882 4680">
     <span class='ocr_line' id='line_1_90' title="bbox 263 4606 1882 4680; baseline 0 -19"><span class='ocrx_word' id='word_1_609' title='bbox 263 4607 414 4662; x_wconf 89' lang='lat' dir='ltr'><strong>mini</strong></span> <span class='ocrx_word' id='word_1_610' title='bbox 468 4606 863 4662; x_wconf 89' lang='lat' dir='ltr'><strong>comminatur</strong></span> <span class='ocrx_word' id='word_1_611' title='bbox 936 4607 1218 4663; x_wconf 88' lang='lat' dir='ltr'><strong>dicentis:</strong></span> <span class='ocrx_word' id='word_1_612' title='bbox 1279 4607 1374 4663; x_wconf 77' lang='lat' dir='ltr'><strong>Va:</strong></span> <span class='ocrx_word' id='word_1_613' title='bbox 1454 4607 1536 4662; x_wconf 92' lang='lat' dir='ltr'><strong>illi</strong></span> <span class='ocrx_word' id='word_1_614' title='bbox 1563 4624 1663 4679; x_wconf 84' lang='lat' dir='ltr'><strong>per</strong></span> <span class='ocrx_word' id='word_1_615' title='bbox 1725 4619 1882 4680; x_wconf 79' lang='lat' dir='ltr'><strong>quem</strong></span> 
     </span>
    </p>
   </div>
   <div class='ocr_carea' id='block_1_90' title="bbox 261 4695 1877 4768">
    <p class='ocr_par' dir='ltr' id='par_1_90' title="bbox 261 4695 1877 4768">
     <span class='ocr_line' id='line_1_91' title="bbox 261 4695 1877 4768; baseline 0 -18"><span class='ocrx_word' id='word_1_616' title='bbox 261 4695 580 4750; x_wconf 77' lang='lat' dir='ltr'><strong>scandalum</strong></span> <span class='ocrx_word' id='word_1_617' title='bbox 600 4697 744 4750; x_wconf 81' lang='lat' dir='ltr'><strong>venit</strong></span> <span class='ocrx_word' id='word_1_618' title='bbox 769 4695 780 4749; x_wconf 87' lang='lat' dir='ltr'><strong>l</strong></span> <span class='ocrx_word' id='word_1_619' title='bbox 813 4695 956 4751; x_wconf 89' lang='lat' dir='ltr'><strong>Cum</strong></span> <span class='ocrx_word' id='word_1_620' title='bbox 974 4695 1135 4750; x_wconf 71' lang='lat' dir='ltr'><strong>enim</strong></span> <span class='ocrx_word' id='word_1_621' title='bbox 1154 4697 1359 4751; x_wconf 85' lang='lat' dir='ltr'><strong>Paulus</strong></span> <span class='ocrx_word' id='word_1_622' title='bbox 1379 4698 1672 4768; x_wconf 88' lang='lat' dir='ltr'><strong>apostolus</strong></span> <span class='ocrx_word' id='word_1_623' title='bbox 1689 4697 1841 4751; x_wconf 90' lang='lat' dir='ltr'><strong>dicat</strong></span> <span class='ocrx_word' id='word_1_624' title='bbox 1864 4711 1877 4751; x_wconf 89' lang='lat'><strong>:</strong></span> 
     </span>
    </p>
   </div>
   <div class='ocr_carea' id='block_1_91' title="bbox 263 4780 1883 4858">
    <p class='ocr_par' dir='ltr' id='par_1_91' title="bbox 263 4780 1883 4858">
     <span class='ocr_line' id='line_1_92' title="bbox 263 4780 1883 4858; baseline -0.001 -18"><span class='ocrx_word' id='word_1_625' title='bbox 263 4780 380 4840; x_wconf 78' lang='lat' dir='ltr'><strong>Nos</strong></span> <span class='ocrx_word' id='word_1_626' title='bbox 408 4784 625 4858; x_wconf 78' lang='lat' dir='ltr'><strong>quidem</strong></span> <span class='ocrx_word' id='word_1_627' title='bbox 641 4785 998 4856; x_wconf 64' lang='lat' dir='ltr'><strong>predz&#39;camus</strong></span> <span class='ocrx_word' id='word_1_628' title='bbox 1018 4784 1290 4840; x_wconf 75' lang='lat' dir='ltr'><strong>Christum</strong></span> <span class='ocrx_word' id='word_1_629' title='bbox 1304 4785 1517 4842; x_wconf 77' lang='lat' dir='ltr'><strong>Jesum.</strong></span> <span class='ocrx_word' id='word_1_630' title='bbox 1539 4786 1745 4840; x_wconf 69' lang='lat' dir='ltr'><strong>Judaeis</strong></span> <span class='ocrx_word' id='word_1_631' title='bbox 1765 4787 1883 4858; x_wconf 86' lang='lat' dir='ltr'><strong>qui-</strong></span> 
     </span>
    </p>
   </div>
   <div class='ocr_carea' id='block_1_92' title="bbox 264 4873 1906 4947">
    <p class='ocr_par' dir='ltr' id='par_1_92' title="bbox 264 4873 1906 4947">
     <span class='ocr_line' id='line_1_93' title="bbox 264 4873 1906 4947; baseline 0.001 -19"><span class='ocrx_word' id='word_1_632' title='bbox 264 4873 388 4928; x_wconf 69' lang='lat' dir='ltr'><strong>drm</strong></span> <span class='ocrx_word' id='word_1_633' title='bbox 415 4874 754 4944; x_wconf 79' lang='lat' dir='ltr'><strong>scandalum,</strong></span> <span class='ocrx_word' id='word_1_634' title='bbox 787 4873 984 4930; x_wconf 69' lang='lat' dir='ltr'><strong>Graecis</strong></span> <span class='ocrx_word' id='word_1_635' title='bbox 1013 4883 1191 4930; x_wconf 81' lang='lat' dir='ltr'><strong>autem</strong></span> <span class='ocrx_word' id='word_1_636' title='bbox 1219 4875 1522 4931; x_wconf 77' lang='lat' dir='ltr'><strong>stultitiam.</strong></span> <span class='ocrx_word' id='word_1_637' title='bbox 1551 4875 1675 4931; x_wconf 89' lang='lat' dir='ltr'><strong>Non</strong></span> <span class='ocrx_word' id='word_1_638' title='bbox 1693 4875 1906 4947; x_wconf 91' lang='lat' dir='ltr'><strong>itaque&#39;</strong></span> 
     </span>
    </p>
   </div>
   <div class='ocr_carea' id='block_1_93' title="bbox 251 4961 1890 5036">
    <p class='ocr_par' dir='ltr' id='par_1_93' title="bbox 251 4961 1890 5036">
     <span class='ocr_line' id='line_1_94' title="bbox 251 4961 1890 5036; baseline 0 -18"><span class='ocrx_word' id='word_1_639' title='bbox 251 4961 448 5034; x_wconf 51' lang='lat' dir='ltr'><strong>~Paulo</strong></span> <span class='ocrx_word' id='word_1_640' title='bbox 473 4967 565 5020; x_wconf 91' lang='lat' dir='ltr'><strong>est</strong></span> <span class='ocrx_word' id='word_1_641' title='bbox 592 4980 700 5027; x_wconf 65' lang='lat' dir='ltr'><strong>vae,</strong></span> <span class='ocrx_word' id='word_1_642' title='bbox 731 4964 834 5019; x_wconf 91' lang='lat' dir='ltr'><strong>sed</strong></span> <span class='ocrx_word' id='word_1_643' title='bbox 864 4964 970 5033; x_wconf 90' lang='lat' dir='ltr'><strong>his,</strong></span> <span class='ocrx_word' id='word_1_644' title='bbox 1013 4969 1076 5019; x_wconf 93' lang='lat' dir='ltr'><strong>ut</strong></span> <span class='ocrx_word' id='word_1_645' title='bbox 1106 4965 1186 5020; x_wconf 89' lang='lat' dir='ltr'><strong>ait</strong></span> <span class='ocrx_word' id='word_1_646' title='bbox 1215 4965 1521 5036; x_wconf 88' lang='lat' dir='ltr'><strong>propheta,</strong></span> <span class='ocrx_word' id='word_1_647' title='bbox 1557 4963 1654 5036; x_wconf 88' lang='lat' dir='ltr'><strong>qui</strong></span> <span class='ocrx_word' id='word_1_648' title='bbox 1688 4964 1890 5019; x_wconf 91' lang='lat' dir='ltr'><strong>dicunt</strong></span> 
     </span>
    </p>
   </div>
   <div class='ocr_carea' id='block_1_94' title="bbox 268 5051 1888 5122">
    <p class='ocr_par' dir='ltr' id='par_1_94' title="bbox 268 5051 1888 5122">
     <span class='ocr_line' id='line_1_95' title="bbox 268 5051 1888 5122; baseline 0 -14"><span class='ocrx_word' id='word_1_649' title='bbox 268 5051 494 5108; x_wconf 81' lang='lat' dir='ltr'><strong>bonum</strong></span> <span class='ocrx_word' id='word_1_650' title='bbox 528 5054 770 5122; x_wconf 90' lang='lat' dir='ltr'><strong>malum,</strong></span> <span class='ocrx_word' id='word_1_651' title='bbox 805 5056 865 5108; x_wconf 91' lang='lat' dir='ltr'><strong>et</strong></span> <span class='ocrx_word' id='word_1_652' title='bbox 895 5054 1116 5109; x_wconf 89' lang='lat' dir='ltr'><strong>malum</strong></span> <span class='ocrx_word' id='word_1_653' title='bbox 1144 5054 1386 5110; x_wconf 87' lang='lat' dir='ltr'><strong>bonum.</strong></span> <span class='ocrx_word' id='word_1_654' title='bbox 1420 5052 1588 5109; x_wconf 87' lang='lat' dir='ltr'><strong>Novit</strong></span> <span class='ocrx_word' id='word_1_655' title='bbox 1611 5051 1888 5108; x_wconf 89' lang='lat' dir='ltr'><strong>Dominus</strong></span> 
     </span>
    </p>
   </div>
   <div class='ocr_carea' id='block_1_95' title="bbox 271 5139 1884 5216">
    <p class='ocr_par' dir='ltr' id='par_1_95' title="bbox 271 5139 1884 5216">
     <span class='ocr_line' id='line_1_96' title="bbox 271 5139 1884 5216; baseline -0.001 -18"><span class='ocrx_word' id='word_1_656' title='bbox 271 5142 371 5215; x_wconf 78' lang='lat' dir='ltr'><strong>qui</strong></span> <span class='ocrx_word' id='word_1_657' title='bbox 400 5145 541 5214; x_wconf 86' lang='lat' dir='ltr'><strong>sunt</strong></span> <span class='ocrx_word' id='word_1_658' title='bbox 563 5142 706 5215; x_wconf 86' lang='lat' dir='ltr'><strong>ejus,</strong></span> <span class='ocrx_word' id='word_1_659' title='bbox 755 5142 917 5198; x_wconf 88' lang='lat' dir='ltr'><strong>novit</strong></span> <span class='ocrx_word' id='word_1_660' title='bbox 963 5143 1061 5216; x_wconf 91' lang='lat' dir='ltr'><strong>qui</strong></span> <span class='ocrx_word' id='word_1_661' title='bbox 1104 5143 1191 5198; x_wconf 87' lang='lat' dir='ltr'><strong>sui</strong></span> <span class='ocrx_word' id='word_1_662' title='bbox 1245 5145 1701 5216; x_wconf 87' lang='lat' dir='ltr'><strong>permoveantur</strong></span> <span class='ocrx_word' id='word_1_663' title='bbox 1741 5139 1884 5197; x_wconf 88' lang='lat' dir='ltr'><strong>zelo.</strong></span> 
     </span>
    </p>
   </div>
   <div class='ocr_carea' id='block_1_96' title="bbox 272 5230 1884 5306">
    <p class='ocr_par' dir='ltr' id='par_1_96' title="bbox 272 5230 1884 5306">
     <span class='ocr_line' id='line_1_97' title="bbox 272 5230 1884 5306; baseline -0.001 -20"><span class='ocrx_word' id='word_1_664' title='bbox 272 5230 387 5286; x_wconf 82' lang='lat' dir='ltr'><strong>Sed</strong></span> <span class='ocrx_word' id='word_1_665' title='bbox 414 5231 461 5286; x_wconf 90' lang='lat' dir='ltr'><strong>si</strong></span> <span class='ocrx_word' id='word_1_666' title='bbox 502 5232 653 5286; x_wconf 87' lang='lat' dir='ltr'><strong>Deus</strong></span> <span class='ocrx_word' id='word_1_667' title='bbox 684 5231 793 5304; x_wconf 86' lang='lat' dir='ltr'><strong>pro</strong></span> <span class='ocrx_word' id='word_1_668' title='bbox 831 5231 1014 5300; x_wconf 87' lang='lat' dir='ltr'><strong>nobis,</strong></span> <span class='ocrx_word' id='word_1_669' title='bbox 1047 5231 1174 5306; x_wconf 88' lang='lat' dir='ltr'><strong>quis</strong></span> <span class='ocrx_word' id='word_1_670' title='bbox 1204 5236 1409 5287; x_wconf 90' lang='lat' dir='ltr'><strong>contra</strong></span> <span class='ocrx_word' id='word_1_671' title='bbox 1437 5231 1585 5287; x_wconf 84' lang='lat' dir='ltr'><strong>nos?</strong></span> <span class='ocrx_word' id='word_1_672' title='bbox 1611 5230 1717 5286; x_wconf 91' lang='lat' dir='ltr'><strong>Oro</strong></span> <span class='ocrx_word' id='word_1_673' title='bbox 1743 5246 1884 5303; x_wconf 90' lang='lat' dir='ltr'><strong>ergo</strong></span> 
     </span>
    </p>
   </div>
   <div class='ocr_carea' id='block_1_97' title="bbox 271 5319 1888 5394">
    <p class='ocr_par' dir='ltr' id='par_1_97' title="bbox 271 5319 1888 5394">
     <span class='ocr_line' id='line_1_98' title="bbox 271 5319 1888 5394; baseline 0 -20"><span class='ocrx_word' id='word_1_674' title='bbox 271 5321 332 5374; x_wconf 76' lang='lat' dir='ltr'><strong>et</strong></span> <span class='ocrx_word' id='word_1_675' title='bbox 355 5319 641 5392; x_wconf 82' lang='lat' dir='ltr'><strong>deprecor</strong></span> <span class='ocrx_word' id='word_1_676' title='bbox 668 5335 772 5392; x_wconf 88' lang='lat' dir='ltr'><strong>per</strong></span> <span class='ocrx_word' id='word_1_677' title='bbox 793 5336 946 5386; x_wconf 87' lang='lat' dir='ltr'><strong>eam,</strong></span> <span class='ocrx_word' id='word_1_678' title='bbox 979 5320 1025 5375; x_wconf 91' lang='lat' dir='ltr'><strong>si</strong></span> <span class='ocrx_word' id='word_1_679' title='bbox 1070 5337 1186 5394; x_wconf 91' lang='lat' dir='ltr'><strong>qua</strong></span> <span class='ocrx_word' id='word_1_680' title='bbox 1211 5324 1299 5375; x_wconf 86' lang='lat' dir='ltr'><strong>est</strong></span> <span class='ocrx_word' id='word_1_681' title='bbox 1320 5321 1379 5376; x_wconf 90' lang='lat' dir='ltr'><strong>in</strong></span> <span class='ocrx_word' id='word_1_682' title='bbox 1404 5319 1564 5376; x_wconf 90' lang='lat' dir='ltr'><strong>vobis</strong></span> <span class='ocrx_word' id='word_1_683' title='bbox 1587 5319 1793 5392; x_wconf 88' lang='lat' dir='ltr'><strong>pietas,</strong></span> <span class='ocrx_word' id='word_1_684' title='bbox 1824 5323 1888 5374; x_wconf 88' lang='lat' dir='ltr'><strong>ut</strong></span> 
     </span>
    </p>
   </div>
   <div class='ocr_carea' id='block_1_98' title="bbox 275 5408 1884 5486">
    <p class='ocr_par' dir='ltr' id='par_1_98' title="bbox 275 5408 1884 5486">
     <span class='ocr_line' id='line_1_99' title="bbox 275 5408 1884 5486; baseline 0.001 -23"><span class='ocrx_word' id='word_1_685' title='bbox 275 5424 395 5464; x_wconf 87' lang='lat' dir='ltr'><strong>non</strong></span> <span class='ocrx_word' id='word_1_686' title='bbox 424 5410 554 5480; x_wconf 85' lang='lat' dir='ltr'><strong>plus</strong></span> <span class='ocrx_word' id='word_1_687' title='bbox 600 5408 746 5464; x_wconf 91' lang='lat' dir='ltr'><strong>meis</strong></span> <span class='ocrx_word' id='word_1_688' title='bbox 796 5409 1056 5465; x_wconf 80' lang='lat' dir='ltr'><strong>hostibus</strong></span> <span class='ocrx_word' id='word_1_689' title='bbox 1085 5425 1267 5482; x_wconf 86' lang='lat' dir='ltr'><strong>quam</strong></span> <span class='ocrx_word' id='word_1_690' title='bbox 1315 5409 1476 5464; x_wconf 91' lang='lat' dir='ltr'><strong>vobis</strong></span> <span class='ocrx_word' id='word_1_691' title='bbox 1523 5408 1595 5464; x_wconf 88' lang='lat' dir='ltr'><strong>de</strong></span> <span class='ocrx_word' id='word_1_692' title='bbox 1626 5425 1722 5464; x_wconf 91' lang='lat' dir='ltr'><strong>me</strong></span> <span class='ocrx_word' id='word_1_693' title='bbox 1767 5425 1884 5486; x_wconf 60' lang='grc' dir='ltr'><strong>(ξιξε-</strong></span> 
     </span>
    </p>
   </div>
   <div class='ocr_carea' id='block_1_99' title="bbox 277 5494 1884 5572">
    <p class='ocr_par' dir='ltr' id='par_1_99' title="bbox 277 5494 1884 5572">
     <span class='ocr_line' id='line_1_100' title="bbox 277 5494 1884 5572; baseline 0.001 -20"><span class='ocrx_word' id='word_1_694' title='bbox 277 5494 447 5555; x_wconf 80' lang='lat' dir='ltr'><strong>datis.</strong></span> <span class='ocrx_word' id='word_1_695' title='bbox 469 5497 824 5572; x_wconf 78' lang='lat' dir='ltr'><strong>Experimini</strong></span> <span class='ocrx_word' id='word_1_696' title='bbox 856 5515 931 5553; x_wconf 91' lang='lat' dir='ltr'><strong>an</strong></span> <span class='ocrx_word' id='word_1_697' title='bbox 965 5498 1074 5554; x_wconf 91' lang='lat' dir='ltr'><strong>sim</strong></span> <span class='ocrx_word' id='word_1_698' title='bbox 1103 5499 1202 5571; x_wconf 88' lang='lat' dir='ltr'><strong>qui</strong></span> <span class='ocrx_word' id='word_1_699' title='bbox 1246 5497 1458 5554; x_wconf 88' lang='lat' dir='ltr'><strong>fuerim</strong></span> <span class='ocrx_word' id='word_1_700' title='bbox 1484 5497 1702 5553; x_wconf 87' lang='lat' dir='ltr'><strong>scilicet</strong></span> <span class='ocrx_word' id='word_1_701' title='bbox 1723 5497 1884 5554; x_wconf 90' lang='lat' dir='ltr'><strong>vobis</strong></span> 
     </span>
    </p>
   </div>
   <div class='ocr_carea' id='block_1_100' title="bbox 279 5585 1883 5660">
    <p class='ocr_par' dir='ltr' id='par_1_100' title="bbox 279 5585 1883 5660">
     <span class='ocr_line' id='line_1_101' title="bbox 279 5585 1883 5660; baseline 0.002 -20"><span class='ocrx_word' id='word_1_702' title='bbox 279 5601 386 5659; x_wconf 84' lang='lat' dir='ltr'><strong>per</strong></span> <span class='ocrx_word' id='word_1_703' title='bbox 437 5585 644 5643; x_wconf 85' lang='lat' dir='ltr'><strong>omnia</strong></span> <span class='ocrx_word' id='word_1_704' title='bbox 681 5585 918 5643; x_wconf 86' lang='lat' dir='ltr'><strong>devotus</strong></span> <span class='ocrx_word' id='word_1_705' title='bbox 962 5590 1022 5643; x_wconf 88' lang='lat' dir='ltr'><strong>et</strong></span> <span class='ocrx_word' id='word_1_706' title='bbox 1057 5587 1406 5660; x_wconf 87' lang='lat' dir='ltr'><strong>obsequens,</strong></span> <span class='ocrx_word' id='word_1_707' title='bbox 1458 5585 1520 5641; x_wconf 89' lang='lat' dir='ltr'><strong>in</strong></span> <span class='ocrx_word' id='word_1_708' title='bbox 1571 5587 1883 5643; x_wconf 80' lang='lat' dir='ltr'><strong>commune</strong></span> 
     </span>
    </p>
   </div>
   <div class='ocr_carea' id='block_1_101' title="bbox 279 5669 1880 5757">
    <p class='ocr_par' dir='ltr' id='par_1_101' title="bbox 279 5669 1880 5757">
     <span class='ocr_line' id='line_1_102' title="bbox 279 5669 1880 5757; baseline -0.001 -20"><span class='ocrx_word' id='word_1_709' title='bbox 279 5669 429 5746; x_wconf 62' lang='lat' dir='ltr'><strong>ﬁdus</strong></span> <span class='ocrx_word' id='word_1_710' title='bbox 450 5675 676 5746; x_wconf 78' lang='lat' dir='ltr'><strong>amicis,</strong></span> <span class='ocrx_word' id='word_1_711' title='bbox 706 5675 856 5757; x_wconf 72' lang='lat' dir='ltr'><strong>equi</strong></span> <span class='ocrx_word' id='word_1_712' title='bbox 878 5677 937 5736; x_wconf 84' lang='lat' dir='ltr'><strong>et</strong></span> <span class='ocrx_word' id='word_1_713' title='bbox 963 5675 1083 5735; x_wconf 82' lang='lat' dir='ltr'><strong>veri</strong></span> <span class='ocrx_word' id='word_1_714' title='bbox 1107 5673 1561 5749; x_wconf 77' lang='lat' dir='ltr'><strong>amantissimus,</strong></span> <span class='ocrx_word' id='word_1_715' title='bbox 1589 5674 1715 5734; x_wconf 85' lang='lat' dir='ltr'><strong>sin‘e</strong></span> <span class='ocrx_word' id='word_1_716' title='bbox 1744 5675 1880 5736; x_wconf 87' lang='lat' dir='ltr'><strong>dolo</strong></span> 
     </span>
    </p>
   </div>
   <div class='ocr_carea' id='block_1_102' title="bbox 1981 4517 3600 4590">
    <p class='ocr_par' dir='ltr' id='par_1_102' title="bbox 1981 4517 3600 4590">
     <span class='ocr_line' id='line_1_103' title="bbox 1981 4517 3600 4590; baseline 0.001 -18"><span class='ocrx_word' id='word_1_717' title='bbox 1981 4517 2146 4572; x_wconf 83' lang='lat' dir='ltr'><strong>alteri</strong></span> <span class='ocrx_word' id='word_1_718' title='bbox 2178 4518 2630 4590; x_wconf 86' lang='lat' dir='ltr'><strong>conjungantur,</strong></span> <span class='ocrx_word' id='word_1_719' title='bbox 2659 4518 2760 4572; x_wconf 91' lang='lat' dir='ltr'><strong>sed</strong></span> <span class='ocrx_word' id='word_1_720' title='bbox 2787 4517 2866 4573; x_wconf 88' lang='lat' dir='ltr'><strong>ita</strong></span> <span class='ocrx_word' id='word_1_721' title='bbox 2888 4522 3166 4574; x_wconf 85' lang='lat' dir='ltr'><strong>maneant</strong></span> <span class='ocrx_word' id='word_1_722' title='bbox 3188 4522 3249 4574; x_wconf 87' lang='lat' dir='ltr'><strong>ut</strong></span> <span class='ocrx_word' id='word_1_723' title='bbox 3261 4518 3492 4575; x_wconf 87' lang='lat' dir='ltr'><strong>sibimet</strong></span> <span class='ocrx_word' id='word_1_724' title='bbox 3512 4535 3600 4574; x_wconf 86' lang='lat' dir='ltr'><strong>re-</strong></span> 
     </span>
    </p>
   </div>
   <div class='ocr_carea' id='block_1_103' title="bbox 1983 4604 3594 4679">
    <p class='ocr_par' dir='ltr' id='par_1_103' title="bbox 1983 4604 3594 4679">
     <span class='ocr_line' id='line_1_104' title="bbox 1983 4604 3594 4679; baseline 0.001 -18"><span class='ocrx_word' id='word_1_725' title='bbox 1983 4605 2381 4661; x_wconf 89' lang='lat' dir='ltr'><strong>concilientur.</strong></span> <span class='ocrx_word' id='word_1_726' title='bbox 2422 4604 2590 4670; x_wconf 88' lang='lat' dir='ltr'><strong>Quod</strong></span> <span class='ocrx_word' id='word_1_727' title='bbox 2620 4606 2664 4660; x_wconf 92' lang='lat' dir='ltr'><strong>si</strong></span> <span class='ocrx_word' id='word_1_728' title='bbox 2699 4607 3178 4679; x_wconf 89' lang='lat' dir='ltr'><strong>contemp&#39;serint,</strong></span> <span class='ocrx_word' id='word_1_729' title='bbox 3209 4607 3281 4663; x_wconf 89' lang='lat' dir='ltr'><strong>ad</strong></span> <span class='ocrx_word' id='word_1_730' title='bbox 3307 4607 3594 4679; x_wconf 83' lang='lat' dir='ltr'><strong>poeniten-</strong></span> 
     </span>
    </p>
   </div>
   <div class='ocr_carea' id='block_1_104' title="bbox 1984 4693 3594 4766">
    <p class='ocr_par' dir='ltr' id='par_1_104' title="bbox 1984 4693 3594 4766">
     <span class='ocr_line' id='line_1_105' title="bbox 1984 4693 3594 4766; baseline 0.001 -18"><span class='ocrx_word' id='word_1_731' title='bbox 1984 4695 2128 4749; x_wconf 91' lang='lat' dir='ltr'><strong>tiam</strong></span> <span class='ocrx_word' id='word_1_732' title='bbox 2156 4695 2516 4766; x_wconf 88' lang='lat' dir='ltr'><strong>redigantur.</strong></span> <span class='ocrx_word' id='word_1_733' title='bbox 2547 4693 2712 4760; x_wconf 87' lang='lat' dir='ltr'><strong>Quod</strong></span> <span class='ocrx_word' id='word_1_734' title='bbox 2744 4694 2790 4749; x_wconf 89' lang='lat' dir='ltr'><strong>si</strong></span> <span class='ocrx_word' id='word_1_735' title='bbox 2822 4696 3033 4750; x_wconf 90' lang='lat' dir='ltr'><strong>mulier</strong></span> <span class='ocrx_word' id='word_1_736' title='bbox 3069 4695 3294 4751; x_wconf 80' lang='lat' dir='ltr'><strong>duxerit</strong></span> <span class='ocrx_word' id='word_1_737' title='bbox 3325 4697 3594 4764; x_wconf 89' lang='lat' dir='ltr'><strong>alterum,</strong></span> 
     </span>
    </p>
   </div>
   <div class='ocr_carea' id='block_1_105' title="bbox 1987 4783 3593 4858">
    <p class='ocr_par' dir='ltr' id='par_1_105' title="bbox 1987 4783 3593 4858">
     <span class='ocr_line' id='line_1_106' title="bbox 1987 4783 3593 4858; baseline 0.001 -19"><span class='ocrx_word' id='word_1_738' title='bbox 1987 4800 2105 4839; x_wconf 90' lang='lat' dir='ltr'><strong>non</strong></span> <span class='ocrx_word' id='word_1_739' title='bbox 2137 4784 2295 4856; x_wconf 87' lang='lat' dir='ltr'><strong>prius</strong></span> <span class='ocrx_word' id='word_1_740' title='bbox 2323 4783 2568 4855; x_wconf 89' lang='lat' dir='ltr'><strong>accipiat</strong></span> <span class='ocrx_word' id='word_1_741' title='bbox 2595 4785 3094 4854; x_wconf 89' lang='lat' dir='ltr'><strong>communionem,</strong></span> <span class='ocrx_word' id='word_1_742' title='bbox 3129 4801 3304 4858; x_wconf 89' lang='lat' dir='ltr'><strong>quam</strong></span> <span class='ocrx_word' id='word_1_743' title='bbox 3347 4784 3392 4840; x_wconf 90' lang='lat' dir='ltr'><strong>is</strong></span> <span class='ocrx_word' id='word_1_744' title='bbox 3420 4789 3593 4858; x_wconf 85' lang='lat' dir='ltr'><strong>quem</strong></span> 
     </span>
    </p>
   </div>
   <div class='ocr_carea' id='block_1_106' title="bbox 1986 4872 3595 4946">
    <p class='ocr_par' dir='ltr' id='par_1_106' title="bbox 1986 4872 3595 4946">
     <span class='ocr_line' id='line_1_107' title="bbox 1986 4872 3595 4946; baseline 0.001 -18"><span class='ocrx_word' id='word_1_745' title='bbox 1986 4872 2218 4946; x_wconf 88' lang='lat' dir='ltr'><strong>reliquit</strong></span> <span class='ocrx_word' id='word_1_746' title='bbox 2249 4873 2319 4929; x_wconf 91' lang='lat' dir='ltr'><strong>de</strong></span> <span class='ocrx_word' id='word_1_747' title='bbox 2341 4875 2548 4929; x_wconf 60' lang='lat' dir='ltr'><strong>seculo</strong></span> <span class='ocrx_word' id='word_1_748' title='bbox 2571 4873 2810 4929; x_wconf 84' lang='lat' dir='ltr'><strong>exierit:</strong></span> <span class='ocrx_word' id='word_1_749' title='bbox 2846 4873 2954 4928; x_wconf 88' lang='lat' dir='ltr'><strong>nisi</strong></span> <span class='ocrx_word' id='word_1_750' title='bbox 2985 4875 3135 4931; x_wconf 87' lang='lat' dir='ltr'><strong>forte</strong></span> <span class='ocrx_word' id='word_1_751' title='bbox 3170 4874 3480 4930; x_wconf 86' lang='lat' dir='ltr'><strong>necessitas</strong></span> <span class='ocrx_word' id='word_1_752' title='bbox 3505 4874 3595 4929; x_wconf 91' lang='lat' dir='ltr'><strong>in-</strong></span> 
     </span>
    </p>
   </div>
   <div class='ocr_carea' id='block_1_107' title="bbox 1988 4958 3597 5036">
    <p class='ocr_par' dir='ltr' id='par_1_107' title="bbox 1988 4958 3597 5036">
     <span class='ocr_line' id='line_1_108' title="bbox 1988 4958 3597 5036; baseline 0.001 -20"><span class='ocrx_word' id='word_1_753' title='bbox 1988 4958 2280 5016; x_wconf 77' lang='lat' dir='ltr'><strong>ﬁrmitatis</strong></span> <span class='ocrx_word' id='word_1_754' title='bbox 2328 4961 2466 5017; x_wconf 89' lang='lat' dir='ltr'><strong>dare</strong></span> <span class='ocrx_word' id='word_1_755' title='bbox 2497 4961 2863 5036; x_wconf 89' lang='lat' dir='ltr'><strong>compulerit.</strong></span> <span class='ocrx_word' id='word_1_756' title='bbox 2896 4964 3046 5035; x_wconf 85' lang='lat' dir='ltr'><strong>Agat</strong></span> <span class='ocrx_word' id='word_1_757' title='bbox 3075 4961 3213 5036; x_wconf 75' lang='lat' dir='ltr'><strong>ergo</strong></span> <span class='ocrx_word' id='word_1_758' title='bbox 3243 4963 3335 5018; x_wconf 91' lang='lat' dir='ltr'><strong>hic</strong></span> <span class='ocrx_word' id='word_1_759' title='bbox 3362 4963 3434 5019; x_wconf 82' lang='lat' dir='ltr'><strong>ad</strong></span> <span class='ocrx_word' id='word_1_760' title='bbox 3466 4962 3597 5018; x_wconf 87' lang='lat' dir='ltr'><strong>ulti-</strong></span> 
     </span>
    </p>
   </div>
   <div class='ocr_carea' id='block_1_108' title="bbox 1990 5051 3602 5126">
    <p class='ocr_par' dir='ltr' id='par_1_108' title="bbox 1990 5051 3602 5126">
     <span class='ocr_line' id='line_1_109' title="bbox 1990 5051 3602 5126; baseline 0.001 -19"><span class='ocrx_word' id='word_1_761' title='bbox 1990 5068 2155 5107; x_wconf 91' lang='lat' dir='ltr'><strong>mum</strong></span> <span class='ocrx_word' id='word_1_762' title='bbox 2185 5051 2584 5126; x_wconf 73' lang='lat' dir='ltr'><strong>pcenitentiam</strong></span> <span class='ocrx_word' id='word_1_763' title='bbox 2598 5053 2725 5124; x_wconf 89' lang='lat' dir='ltr'><strong>lege</strong></span> <span class='ocrx_word' id='word_1_764' title='bbox 2744 5065 2945 5108; x_wconf 90' lang='lat' dir='ltr'><strong>eorum</strong></span> <span class='ocrx_word' id='word_1_765' title='bbox 2965 5052 3062 5125; x_wconf 90' lang='lat' dir='ltr'><strong>qui</strong></span> <span class='ocrx_word' id='word_1_766' title='bbox 3075 5070 3134 5108; x_wconf 92' lang='lat' dir='ltr'><strong>se</strong></span> <span class='ocrx_word' id='word_1_767' title='bbox 3155 5053 3372 5109; x_wconf 89' lang='lat' dir='ltr'><strong>incesto</strong></span> <span class='ocrx_word' id='word_1_768' title='bbox 3385 5053 3602 5125; x_wconf 84' lang='lat' dir='ltr'><strong>pollue-</strong></span> 
     </span>
    </p>
   </div>
   <div class='ocr_carea' id='block_1_109' title="bbox 1986 5141 3594 5216">
    <p class='ocr_par' dir='ltr' id='par_1_109' title="bbox 1986 5141 3594 5216">
     <span class='ocr_line' id='line_1_110' title="bbox 1986 5141 3594 5216; baseline 0.001 -20"><span class='ocrx_word' id='word_1_769' title='bbox 1986 5145 2144 5206; x_wconf 86' lang='lat' dir='ltr'><strong>runt,</strong></span> <span class='ocrx_word' id='word_1_770' title='bbox 2172 5141 2274 5198; x_wconf 89' lang='lat' dir='ltr'><strong>sed</strong></span> <span class='ocrx_word' id='word_1_771' title='bbox 2298 5142 2513 5197; x_wconf 84' lang='lat' dir='ltr'><strong>scilicet</strong></span> <span class='ocrx_word' id='word_1_772' title='bbox 2550 5142 2952 5198; x_wconf 89' lang='lat' dir='ltr'><strong>decennalem.</strong></span> <span class='ocrx_word' id='word_1_773' title='bbox 2985 5143 3223 5199; x_wconf 86' lang='lat' dir='ltr'><strong>Femina</strong></span> <span class='ocrx_word' id='word_1_774' title='bbox 3252 5159 3480 5216; x_wconf 91' lang='lat' dir='ltr'><strong>quoque</strong></span> <span class='ocrx_word' id='word_1_775' title='bbox 3507 5142 3594 5198; x_wconf 61' lang='lat' dir='ltr'><strong>nis</strong></span> 
     </span>
    </p>
   </div>
   <div class='ocr_carea' id='block_1_110' title="bbox 1984 5229 3597 5306">
    <p class='ocr_par' dir='ltr' id='par_1_110' title="bbox 1984 5229 3597 5306">
     <span class='ocr_line' id='line_1_111' title="bbox 1984 5229 3597 5306; baseline 0.002 -21"><span class='ocrx_word' id='word_1_776' title='bbox 1984 5229 2302 5286; x_wconf 89' lang='lat' dir='ltr'><strong>hilominus</strong></span> <span class='ocrx_word' id='word_1_777' title='bbox 2321 5234 2590 5304; x_wconf 91' lang='lat' dir='ltr'><strong>cognata,</strong></span> <span class='ocrx_word' id='word_1_778' title='bbox 2618 5234 2697 5300; x_wconf 87' lang='lat' dir='ltr'><strong>et,</strong></span> <span class='ocrx_word' id='word_1_779' title='bbox 2715 5232 2761 5286; x_wconf 90' lang='lat' dir='ltr'><strong>si</strong></span> <span class='ocrx_word' id='word_1_780' title='bbox 2777 5232 2900 5287; x_wconf 82' lang='lat' dir='ltr'><strong>ﬁeri</strong></span> <span class='ocrx_word' id='word_1_781' title='bbox 2915 5231 3453 5306; x_wconf 89' lang='lat' dir='ltr'><strong>potest,castitatem</strong></span> <span class='ocrx_word' id='word_1_782' title='bbox 3468 5248 3597 5306; x_wconf 86' lang='lat' dir='ltr'><strong>pro-</strong></span> 
     </span>
    </p>
   </div>
   <div class='ocr_carea' id='block_1_111' title="bbox 1977 5309 3594 5395">
    <p class='ocr_par' dir='ltr' id='par_1_111' title="bbox 1977 5309 3594 5395">
     <span class='ocr_line' id='line_1_112' title="bbox 1977 5309 3594 5395; baseline 0.002 -22"><span class='ocrx_word' id='word_1_783' title='bbox 1977 5309 2154 5388; x_wconf 77' lang='lat' dir='ltr'><strong>fessa,</strong></span> <span class='ocrx_word' id='word_1_784' title='bbox 2189 5318 2343 5392; x_wconf 75' lang='lat' dir='ltr'><strong>quod</strong></span> <span class='ocrx_word' id='word_1_785' title='bbox 2377 5319 2564 5375; x_wconf 87' lang='lat' dir='ltr'><strong>calore</strong></span> <span class='ocrx_word' id='word_1_786' title='bbox 2586 5320 2907 5392; x_wconf 89' lang='lat' dir='ltr'><strong>ju‘ventutis</strong></span> <span class='ocrx_word' id='word_1_787' title='bbox 2938 5326 3204 5395; x_wconf 88' lang='lat' dir='ltr'><strong>urgetur:</strong></span> <span class='ocrx_word' id='word_1_788' title='bbox 3237 5322 3594 5378; x_wconf 85' lang='lat' dir='ltr'><strong>timendum-</strong></span> 
     </span>
    </p>
   </div>
   <div class='ocr_carea' id='block_1_112' title="bbox 1983 5408 3599 5481">
    <p class='ocr_par' dir='ltr' id='par_1_112' title="bbox 1983 5408 3599 5481">
     <span class='ocr_line' id='line_1_113' title="bbox 1983 5408 3599 5481; baseline 0.001 -20"><span class='ocrx_word' id='word_1_789' title='bbox 1983 5423 2096 5481; x_wconf 89' lang='lat' dir='ltr'><strong>que</strong></span> <span class='ocrx_word' id='word_1_790' title='bbox 2127 5424 2201 5463; x_wconf 91' lang='lat' dir='ltr'><strong>ne</strong></span> <span class='ocrx_word' id='word_1_791' title='bbox 2235 5413 2268 5463; x_wconf 86' lang='lat' dir='ltr'><strong>a</strong></span> <span class='ocrx_word' id='word_1_792' title='bbox 2298 5409 2514 5464; x_wconf 91' lang='lat' dir='ltr'><strong>Satana</strong></span> <span class='ocrx_word' id='word_1_793' title='bbox 2543 5411 2824 5466; x_wconf 90' lang='lat' dir='ltr'><strong>tentetur.</strong></span> <span class='ocrx_word' id='word_1_794' title='bbox 2855 5409 3007 5466; x_wconf 85' lang='lat' dir='ltr'><strong>Nihil</strong></span> <span class='ocrx_word' id='word_1_795' title='bbox 3034 5411 3167 5466; x_wconf 91' lang='lat' dir='ltr'><strong>inde</strong></span> <span class='ocrx_word' id='word_1_796' title='bbox 3197 5411 3403 5466; x_wconf 88' lang='lat' dir='ltr'><strong>melius</strong></span> <span class='ocrx_word' id='word_1_797' title='bbox 3443 5408 3599 5464; x_wconf 83' lang='lat' dir='ltr'><strong>novi-</strong></span> 
     </span>
    </p>
   </div>
   <div class='ocr_carea' id='block_1_113' title="bbox 1981 5494 3600 5572">
    <p class='ocr_par' dir='ltr' id='par_1_113' title="bbox 1981 5494 3600 5572">
     <span class='ocr_line' id='line_1_114' title="bbox 1981 5494 3600 5572; baseline -0.001 -20"><span class='ocrx_word' id='word_1_798' title='bbox 1981 5512 2132 5565; x_wconf 88' lang='lat' dir='ltr'><strong>mus,</strong></span> <span class='ocrx_word' id='word_1_799' title='bbox 2165 5513 2344 5570; x_wconf 88' lang='lat' dir='ltr'><strong>quam</strong></span> <span class='ocrx_word' id='word_1_800' title='bbox 2375 5497 2531 5570; x_wconf 90' lang='lat' dir='ltr'><strong>quod</strong></span> <span class='ocrx_word' id='word_1_801' title='bbox 2554 5498 2665 5555; x_wconf 92' lang='lat' dir='ltr'><strong>Leo</strong></span> <span class='ocrx_word' id='word_1_802' title='bbox 2679 5515 2831 5572; x_wconf 89' lang='lat' dir='ltr'><strong>papa</strong></span> <span class='ocrx_word' id='word_1_803' title='bbox 2863 5499 2934 5555; x_wconf 89' lang='lat' dir='ltr'><strong>de</strong></span> <span class='ocrx_word' id='word_1_804' title='bbox 2964 5499 3246 5556; x_wconf 89' lang='lat' dir='ltr'><strong>similibus</strong></span> <span class='ocrx_word' id='word_1_805' title='bbox 3271 5494 3428 5554; x_wconf 80' lang='lat' dir='ltr'><strong>dicit.</strong></span> <span class='ocrx_word' id='word_1_806' title='bbox 3449 5495 3600 5552; x_wconf 83' lang='lat' dir='ltr'><strong>Ado-</strong></span> 
     </span>
    </p>
   </div>
   <div class='ocr_carea' id='block_1_114' title="bbox 1981 5584 3596 5660">
    <p class='ocr_par' dir='ltr' id='par_1_114' title="bbox 1981 5584 3596 5660">
     <span class='ocr_line' id='line_1_115' title="bbox 1981 5584 3596 5660; baseline 0 -20"><span class='ocrx_word' id='word_1_807' title='bbox 1981 5585 2224 5657; x_wconf 88' lang='lat' dir='ltr'><strong>lescens,</strong></span> <span class='ocrx_word' id='word_1_808' title='bbox 2243 5585 2448 5660; x_wconf 89' lang='lat' dir='ltr'><strong>inquit,</strong></span> <span class='ocrx_word' id='word_1_809' title='bbox 2483 5585 2531 5644; x_wconf 91' lang='lat' dir='ltr'><strong>si</strong></span> <span class='ocrx_word' id='word_1_810' title='bbox 2563 5587 3003 5644; x_wconf 72' lang='lat' dir='ltr'><strong>Continensesse</strong></span> <span class='ocrx_word' id='word_1_811' title='bbox 3025 5605 3140 5644; x_wconf 91' lang='lat' dir='ltr'><strong>non</strong></span> <span class='ocrx_word' id='word_1_812' title='bbox 3175 5587 3385 5660; x_wconf 86' lang='lat' dir='ltr'><strong>potest,</strong></span> <span class='ocrx_word' id='word_1_813' title='bbox 3403 5584 3596 5641; x_wconf 84' lang='lat' dir='ltr'><strong>uxoris</strong></span> 
     </span>
    </p>
   </div>
   <div class='ocr_carea' id='block_1_115' title="bbox 1985 5671 3594 5755">
    <p class='ocr_par' dir='ltr' id='par_1_115' title="bbox 1985 5671 3594 5755">
     <span class='ocr_line' id='line_1_116' title="bbox 1985 5671 3594 5755; baseline 0.001 -20"><span class='ocrx_word' id='word_1_814' title='bbox 1985 5673 2247 5737; x_wconf 80' lang='lat' dir='ltr'><strong>remedio</strong></span> <span class='ocrx_word' id='word_1_815' title='bbox 2269 5679 2459 5754; x_wconf 86' lang='lat' dir='ltr'><strong>potest</strong></span> <span class='ocrx_word' id='word_1_816' title='bbox 2480 5676 2772 5737; x_wconf 83' lang='lat' dir='ltr'><strong>sustineri.</strong></span> <span class='ocrx_word' id='word_1_817' title='bbox 2792 5676 2881 5738; x_wconf 76' lang='lat' dir='ltr'><strong>Ad</strong></span> <span class='ocrx_word' id='word_1_818' title='bbox 2899 5677 3052 5738; x_wconf 75' lang='lat' dir='ltr'><strong>hunc</strong></span> <span class='ocrx_word' id='word_1_819' title='bbox 3079 5671 3322 5736; x_wconf 81' lang='lat' dir='ltr'><strong>modum</strong></span> <span class='ocrx_word' id='word_1_820' title='bbox 3359 5673 3472 5733; x_wconf 86' lang='lat' dir='ltr'><strong>dici</strong></span> <span class='ocrx_word' id='word_1_821' title='bbox 3488 5676 3594 5755; x_wconf 83' lang='lat' dir='ltr'><strong>po-</strong></span> 
     </span>
    </p>
   </div>
  </div>
