3954 6170
399 387 505 452 239

1045 379 1398 449 SILVESTRI
1433 389 1481 447 ΙΙ
1517 386 1722 448 ΡΑΡλΕ
1763 387 1918 447 OPP.
1961 390 2008 447 Ρ.

2113 388 2141 449 5
2177 391 2270 448 III.
2308 417 2380 434 ι-
2417 388 2628 448 EPIST.
2665 389 2750 447 ET
2786 387 3066 448 DIPLOM.

3612 391 3720 450 260

397 516 526 575 test.
551 515 616 568 ut
629 512 810 569 sihac
837 512 1101 570 adultera
1120 530 1180 568 se
1215 513 1514 568 continere
1542 531 1660 568 non
1684 515 2008 584 potest,nu-
2035 517 2089 574 Α
2116 512 2174 568 in
2207 513 2348 568 facie
2379 513 2916 584 anteponimus,cur
2940 511 3481 584 sanctarumlegum
3487 511 3624 584 jura
3639 513 3708 569 il-

399 601 522 671 bat,
555 605 619 658 ut
647 602 729 658 ait
763 603 1096 675 Apostolus,
1127 605 1361 658 tantum
1393 602 1452 656 in
1480 601 1756 657 Domino.

882 709 1217 765 EPISTOLA
1249 709 1520 765 CXCVIII.

751 833 1086 873 GERBERTUS
1123 833 1298 872 LEONI
1341 833 1516 871 PONTI
1525 831 1653 870 FICI.

467 921 663 978 Sciens
678 939 955 994 magnam
969 921 1439 978 benevolentiam
1457 925 1710 976 vestram
1733 935 1872 991 erga
1895 936 2010 987 me,

392 1012 543 1068 tanti
587 1012 692 1067 viri
729 1011 986 1067 amicitia
1014 1011 1245 1066 felicem
1295 1028 1389 1065 me
1433 1010 1654 1081 judico.
1703 1008 2011 1063 Enimvero

394 1101 530 1174 quia
558 1104 757 1158 nostra
802 1100 1041 1156 servitus
1081 1100 1274 1154 minus
1301 1099 1462 1154 vobis
1510 1097 1898 1153 obsecundata
1929 1099 2014 1150 est

393 1190 882 1264 quazoportuerit,
907 1206 1024 1244 non
1042 1187 1463 1244 malevolentia
1485 1186 1891 1241 ascribendum
1903 1188 2008 1252 est,

385 1279 488 1333 sed
517 1279 864 1334 necessitati.
897 1280 1054 1331 Inter
1084 1277 1270 1331 varios
1295 1276 1513 1348 quippe
1549 1275 1853 1341 tumultus,
1891 1273 2012 1345 qui-

389 1366 498 1422 bus
529 1367 753 1422 assidue
781 1364 1096 1438 quatimur,
1112 1364 1204 1418 vix
1221 1363 1685 1435 aliquisidoneus
1705 1362 2008 1434 reperitur,

393 1453 484 1508 cui
515 1457 640 1508 tuto
671 1456 893 1509 secreta
925 1452 1173 1525 pectoris
1202 1453 1644 1506 reserentur.lta
1660 1449 2011 1505 sibivirtutis

392 1557 587 1597 arcem
619 1542 782 1597 dolus
809 1544 866 1596 et
895 1541 1072 1604 fraus,
1104 1541 1394 1595 simulatio
1423 1542 1480 1594 et
1501 1539 1904 1605 dissimulatio,
1930 1539 2007 1592 vi-

391 1630 582 1686 cissim
606 1635 1047 1702 occupaverunt.
1070 1631 1210 1684 Hinc
1228 1633 1312 1684 est
1335 1629 1490 1701 quod
1516 1632 1824 1701 postquam
1857 1645 1891 1682 a
1913 1644 2006 1682 me

393 1719 633 1792 digressi
671 1719 825 1786 estis,
858 1719 1353 1774 nullalitterarum
1375 1721 1578 1773 mutua
1607 1715 2008 1788 perfunctione

395 1807 481 1864 usi
507 1825 725 1876 sumus,
755 1807 863 1863 nisi
889 1825 958 1863 ea
989 1825 1115 1879 qua
1145 1807 1305 1862 vobis
1341 1807 1445 1862 sub
1479 1807 1783 1878 triplicata
1826 1805 2008 1860 crucis

391 1897 558 1970 signo
591 1897 923 1953 direximus.
951 1898 1150 1968 Itaque
1181 1913 1288 1951 nos
1316 1899 1375 1951 et
1416 1899 1615 1951 nostra
1669 1895 1772 1950 sub
1821 1897 2008 1948 vestra

389 1987 763 2058 dispositione
817 1987 899 2041 ita
928 1985 1350 2052 constituimus,
1380 1989 1443 2040 ut
1467 1985 1564 2058 qui
1591 1985 1741 2040 forte
1771 2001 1876 2039 nos
1902 1984 2001 2038 la-

388 2076 547 2142 serit,
581 2075 798 2130 domno
822 2075 999 2130 Leoni
1029 2074 1287 2147 pontifici
1315 2074 1590 2145 injuriam
1617 2073 1900 2145 irrogasse
1922 2071 2003 2126 vi-

388 2181 484 2220 sus
508 2164 600 2219 sit.
629 2165 742 2218 Nec
763 2164 874 2218 erit
903 2163 1173 2234 deinceps
1217 2163 1398 2218 nostri
1436 2163 1588 2233 juris
1629 2161 1788 2234 quid,
1818 2177 2002 2233 quan-

391 2256 540 2319 tum,
574 2252 802 2323 quibus,
854 2255 911 2306 et
963 2252 1194 2323 quando
1243 2251 1523 2322 placitura
1560 2249 2004 2322 parenturzsed

391 2340 632 2396 dommo
661 2340 839 2395 Leoni
873 2340 1118 2412 diligens
1139 2340 1328 2394 aderit
1359 2339 1699 2412 obsequium
1727 2338 1998 2395 ministri.

391 2428 590 2484 Saluto
605 2428 887 2483 domnum
909 2428 1244 2499 episcopum
1257 2427 1509 2482 amicum
1523 2427 2003 2500 per-omniareve-

389 2516 675 2572 rendum:
717 2517 966 2570 multum
997 2516 1068 2572 de
1113 2517 1235 2588 ejus
1273 2516 1559 2588 sapientia
1580 2520 1638 2571 et
1669 2515 2003 2588 eloquentia

388 2621 766 2678 prasumens,
800 2607 858 2659 et
887 2603 1163 2676 singulari
1196 2620 1426 2659 morum
1458 2605 1766 2676 probitate,
1808 2621 1873 2660 ac
1899 2619 2003 2675 per

391 2693 500 2750 hoc
527 2692 799 2766 obsequio
827 2693 951 2765 ejus
983 2709 1078 2747 me
1115 2693 1429 2748 obnoxium
1450 2693 1722 2748 reddens.

906 2799 1242 2855 EPISTULA
1275 2799 1492 2855 CXCIX.

889 2923 964 2962 AD
1004 2923 1276 2962 JOANNEM
1327 2925 1542 2963 ΡΑΡΔΜ.

425 3014 796 3072 Sanctissimo
814 3019 1000 3070 vestro
1026 3016 1371 3086 apostolatui
1391 3015 1641 3088 potuisse
1664 3013 1880 3088 subripi
1905 3031 2000 3069 me

389 3105 476 3176 cuj
487 3105 710 3178 uspiam
726 3105 1078 3176 pervasionis
1095 3120 1259 3158 reum
1279 3104 1687 3172 videri,dolore
1703 3105 2011 3159 vehemen-

388 3184 433 3238 ti
465 3185 706 3252 afficior,
740 3189 800 3240 et
830 3187 964 3239 totis
979 3185 1288 3240 visceribus
1311 3185 1648 3256 ingemisco.
1675 3185 1751 3239 Eo
1777 3185 2004 3256 quippe

391 3275 588 3330 animo
621 3274 680 3329 in
714 3272 962 3328 Ecclesia
1019 3274 1119 3328 Dei
1166 3274 1442 3328 hactenus
1469 3276 1719 3328 versatus
1753 3290 1902 3339 sum,
1951 3275 2014 3326 ut

391 3364 590 3420 multis
617 3362 958 3436 profuerim,
989 3362 1285 3417 neminem
1312 3362 1582 3418 Iaserim.
1607 3363 1731 3416 Non
1759 3379 1896 3434 ergo
1911 3363 2013 3414 Ar-

392 3451 533 3507 nulfi
547 3454 780 3524 peccata
792 3449 1039 3521 prodidi,
1061 3451 1158 3505 sed
1182 3450 1403 3521 publice
1417 3454 1757 3522 peccantem
1781 3449 2009 3521 reliqui:

392 3557 514 3596 non
541 3557 660 3612 spe,
691 3543 752 3594 ut
775 3539 888 3593 mei
920 3539 1113 3594 amuli
1145 3539 1361 3606 dicunt,
1385 3539 1720 3616 capessendi
1754 3540 1877 3612 ejus
1909 3541 2014 3594 ho-

395 3629 576 3697 noris,
610 3628 770 3683 testis
814 3631 900 3683 est
923 3628 1094 3694 Deus,
1125 3630 1183 3682 et
1213 3627 1307 3700 qui
1340 3644 1434 3682 me
1459 3630 1766 3697 noverunt,
1802 3628 1903 3683 sed
1937 3645 2010 3684 ne

395 3716 889 3776 communicarem
907 3715 1153 3789 peccatis
1181 3715 1403 3773 alienis.

958 3822 1292 3878 EPISTOLA
1327 3823 1431 3878 CC.

466 3934 610 4000 Quia
637 3933 834 3989 vestris
865 3931 1160 3987 interdum
1182 3948 1300 3986 non
1333 3931 1552 3985 utimur
1583 3930 1866 4003 alloquiis,
1890 3946 2006 3985 non

393 4023 529 4081 satis
559 4038 724 4094 aquo
757 4020 951 4076 animo
1003 4018 1264 4074 ferimus.
1299 4019 1408 4072 Per
1456 4018 1580 4072 hac
1611 4017 1768 4072 enim
1807 4021 2008 4072 mutua

394 4111 870 4179 manetcharitas,
891 4109 1193 4164 dissociata
1208 4112 1437 4175 coeunt,
1457 4124 1659 4178 aspera
1679 4105 2004 4174 mitescunt,

393 4200 713 4256 simultates
728 4200 1041 4266 intereunt,
1064 4198 1360 4268 multaque
1382 4194 1756 4269 praesentium
1775 4212 2009 4268 compa-

393 4287 923 4346 ranturcommoda
971 4288 1042 4339 At
1078 4286 1216 4341 dum
1235 4285 1342 4340 ista
1358 4289 1520 4340 motu
1535 4287 1869 4356 temporum
1896 4283 2005 4339 mi-

395 4396 504 4434 nus
541 4376 882 4449 assequitur,
924 4377 985 4429 ut
1034 4373 1355 4445 epistolaris
1402 4373 1654 4428 brevitas
1701 4373 1855 4427 inter
1901 4389 2005 4428 nos

396 4467 633 4524 affectus
679 4464 939 4537 explicet,
968 4463 1215 4533 petimus
1242 4462 1706 4518 benevolentiam
1755 4465 2005 4515 vestram

393 4573 500 4631 pro
529 4554 726 4610 fratre.
861 4555 923 4606 ut
967 4550 1149 4622 prosit
1187 4549 1238 4605 ei
1267 4550 1420 4623 apud
1461 4567 1560 4606 vos
1599 4551 1795 4604 nostra
1825 4549 2006 4604 inter-

394 4642 594 4711 cessio,
618 4643 858 4716 plusque
889 4638 994 4694 sibi
1026 4642 1222 4694 nostra
1253 4638 1512 4694 obtineat
1541 4636 1802 4710 epistola,
1833 4653 2008 4710 quam

393 4733 633 4792 fortuitu
648 4732 733 4804 cuj
745 4731 964 4802 uspiam
1003 4729 1196 4784 oblata
1219 4728 1843 4800 munera.Temporum
1864 4728 2009 4783 difﬁ-

392 4822 699 4882 cultatibus
729 4818 943 4876 addicti
971 4818 1315 4891 regulariter
1332 4817 1664 4880 convenire,
1688 4819 1746 4872 et
1765 4834 1890 4891 qua
1904 4816 2007 4871 Dei

393 4916 528 4970 sunt
557 4925 840 4985 quarere,
878 4907 1158 4964 hactenus
1202 4923 1321 4962 non
1355 4907 1489 4961 satis
1509 4906 1810 4960 valuimus.
1848 4907 2007 4960 Nunc

395 5002 531 5078 quia
544 5004 660 5058 Deo
678 4999 992 5054 miserante
1015 4996 1302 5069 respirare
1321 4995 1510 5062 datur,
1543 5009 1866 5061 censemus,
1883 5011 2008 5049 vos-

393 5109 504 5166 que
526 5091 800 5145 interesse
831 5086 992 5143 omni
1019 5085 1267 5141 evitabili
1296 5082 1662 5139 excusatione
1691 5083 2010 5155 postposita

394 5195 702 5238 monemus
733 5180 791 5232 et
821 5193 1079 5232 oramus.
1112 5175 1267 5229 Licet
1298 5173 1568 5227 omnibus
1618 5172 2011 5226 sacerdotibus

397 5268 714 5340 disciplina
746 5267 937 5321 forma
967 5264 1272 5336 aequaliter
1296 5264 1678 5334 prOponatur,
1711 5264 1768 5314 et
1797 5275 2010 5333 cogno-

399 5357 595 5415 scendi
628 5360 686 5412 et
708 5353 1051 5412 observandi
1103 5367 1292 5407 sacros
1338 5366 1592 5405 canones
1646 5348 1864 5421 Spiritu
1913 5349 2013 5403 Dei

395 5445 684 5514 conditos,
726 5447 784 5498 et
815 5442 991 5497 totius
1029 5439 1233 5495 mundi
1265 5436 1590 5494 reverentia
1619 5441 2012 5506 consecratos;

393 5537 564 5596 nobis
587 5539 787 5591 tamen
813 5531 1021 5586 arctius
1047 5527 1318 5584 indicitur
1337 5527 1491 5602 quod
1509 5527 1566 5582 in
1583 5529 1878 5600 exemplar
1898 5544 2020 5583 mo-

391 5643 530 5686 rum
564 5627 622 5680 et
653 5621 785 5678 vita
843 5637 876 5675 a
915 5618 1241 5692 pastoribus
1281 5621 1580 5691 acceptum
1633 5616 1692 5672 in
1723 5615 2018 5672 subditum

395 5730 638 5796 gregem
663 5711 951 5787 gratiosus
961 5711 1340 5788 propagetur.
1362 5709 1505 5767 Cum
1533 5724 1675 5788 ergo
1710 5707 2018 5784 pecuniam

2111 603 2266 658 licita
2279 604 2591 674 cupiditate
2607 604 2892 658 calcamus
2903 603 2930 659 ‘?
2944 605 3011 658 Et
3026 604 3148 659 hac
3161 603 3396 675 quidem
3412 604 3720 672 Dominus,

2112 696 2170 746 et
2197 693 2480 748 clamores
2509 709 2652 765 quos
2683 692 2902 748 assidue
2931 692 3337 764 patimur,nou
3363 693 3713 766 sicuttyran-

2113 799 2220 836 nus
2245 785 2629 852 tyrannorum
2653 781 3012 852 prajudicio,
3043 781 3143 836 sed
3164 782 3308 836 sicut
3337 781 3602 837 sacerdos
3624 797 3714 836 sa-

2113 862 2411 916 cerdotum
2428 861 2667 932 judicio,
2692 862 2963 931 pensetis,
2989 861 3344 929 discernatis,
3373 861 3446 932 dij
3458 861 3722 918 udicetis.

2114 949 2226 1004 Hos
2259 953 2450 1004 motus
2474 949 2958 1020 compescite,has
2982 951 3244 1022 querelas
3273 949 3717 1021 sopite,morum

2114 1039 2412 1110 gravitate,
2446 1055 2733 1093 annorum
2777 1038 3163 1093 teneritudine
3205 1043 3491 1110 superate.
3525 1039 3719 1094 Lectio

2111 1127 2408 1195 continua,
2431 1132 2492 1182 et
2528 1128 2903 1199 interrogatio
2931 1127 3157 1183 assidua
3180 1131 3439 1182 mentem
3469 1131 3720 1183 vestram

2112 1219 2378 1278 exacuat._
2411 1216 2522 1272 Cur
2552 1217 2977 1288 judicium......
3007 1233 3110 1272 nos
3140 1216 3332 1272 latuit?
3351 1218 3462 1272 Cur
3484 1217 3558 1272 ad
3592 1233 3720 1271 ma-

2103 1305 2299 1375 jorem
2332 1305 2691 1360 audientiam
2742 1321 3060 1376 provocans
3099 1305 3210 1360 suis
3254 1306 3427 1360 rebus
3458 1305 3714 1379 privatus

2112 1393 2236 1448 est?
2261 1393 2424 1458 Quod
2457 1393 2500 1448 si
2533 1411 2649 1448 non
2676 1410 3011 1466 provocans,
3043 1395 3144 1448 sed
3181 1397 3377 1448 tacens
3421 1394 3722 1465 spoliatus,

2111 1499 2290 1554 quare
2321 1483 2377 1537 in
2397 1499 2531 1538 eum
2545 1485 2836 1555 prolatum
2867 1483 3143 1549 iudicium
3163 1483 3232 1538 ad
3251 1501 3356 1539 nos
3379 1500 3495 1538 non
3517 1487 3604 1538 est
3632 1500 3724 1539 re-

2109 1571 2333 1626 latum?
2361 1571 2418 1625 Si
2456 1572 2577 1627 hac
2617 1571 2813 1644 itaque
2855 1571 3104 1626 scienter
3132 1571 3324 1644 egistis
3373 1572 3462 1626 lex
3485 1571 3546 1625 in
3575 1587 3719 1626 con-

2110 1662 2368 1714 tumaces
2386 1663 2471 1714 est
2494 1677 2506 1714 :
2537 1660 2581 1713 si
2599 1660 2959 1731 ignoranter,
2987 1661 3183 1732 utique
3207 1659 3374 1714 venia
3402 1659 3722 1714 dandahoc

2108 1752 2296 1819 pacto,
2347 1751 2408 1802 ut
2449 1748 2751 1819 illegaliter
2784 1749 2975 1804 ablata
2989 1749 3322 1820 presbytero
3345 1748 3724 1804 restituantur

2035 1857 2084 1916 Β
2107 1837 2372 1908 Iegaliter
2400 1853 2412 1891 :
2442 1838 2770 1909 postquam,
2801 1836 2844 1890 si
2871 1836 2950 1891 ita
2979 1836 3283 1903 videbitur,
3314 1835 3599 1906 judicium
3621 1835 3710 1896 le:-

2105 1925 2270 1996 gibus
2297 1925 2617 1992 innovetur,
2653 1941 2724 1979 ne
2753 1924 2798 1979 si
2823 1925 3155 1980 existimetis
3181 1924 3366 1978 filium
3403 1939 3601 1979 meum
3635 1922 3703 1975 R.

2105 2031 2221 2068 sua
2252 2014 2514 2070 diffidere
2544 2031 2748 2081 causa,
2771 2013 2905 2086 quia
2927 2030 3080 2069 nunc
3111 2031 3177 2068 ex
3193 2013 3457 2069 condicto
3475 2029 3593 2068 non
3618 2027 3717 2066 oc-

2105 2103 2300 2158 currit.
2333 2103 2593 2158 Pluribus
2623 2104 2781 2158 enim
2813 2104 3071 2174 occupati
3119 2102 3386 2174 negotiis,
3418 2118 3554 2156 eum
3586 2118 3719 2157 exa-

2105 2191 2250 2246 mini
2287 2196 2472 2247 vestro
2523 2192 2773 2264 dirigere
2831 2210 3010 2266 usque
3040 2192 3097 2248 in
3129 2209 3195 2246 xv
3222 2193 3344 2248 Kal.
3375 2191 3714 2264 nequimus.

2105 2279 2254 2344 Quas
2277 2297 2468 2335 moras
2495 2281 2600 2336 sibi
2624 2299 2743 2337 non
2769 2282 3063 2336 obfuturas
3092 2299 3198 2354 pro
3222 2297 3454 2336 summa
3481 2279 3733 2335 benevo-

2104 2369 2282 2424 lentia
2292 2372 2478 2424 vestra
2489 2370 2639 2425 circa
2657 2387 2762 2424 nos
2777 2369 3130 2425 omnimodis
3151 2367 3730 2441 deprecamur.Quod

2103 2457 2148 2512 si
2173 2458 2294 2512 hac
2321 2461 2620 2513 mansuete
2643 2458 2910 2526 feceritis,
2935 2458 2992 2512 in
3008 2458 3129 2528 ejus
3146 2456 3366 2528 judicio
3378 2456 3502 2512 sine
3527 2471 3728 2528 perso-

2103 2562 2312 2600 narum
2344 2546 2676 2618 acceptione
2690 2545 3362 2619 judicaveritis,plurima
3387 2561 3490 2600 nos
3511 2543 3728 2600 debere

2103 2634 2375 2706 obsequio
2397 2638 2583 2690 vestro
2614 2635 2856 2694 facietis.

2646 2760 2981 2817 EPISTOLA
3021 2761 3153 2816 CCI.

2107 2884 2412 2926 GERBETUS
2469 2886 2543 2924 ET
2571 2886 2764 2926 OMNES
2816 2886 3072 2926 EPISCOPI
3115 2882 3453 2924 υιίεςεεεοε
3493 2878 3729 2923 ΒΕΜΕΝ-

2427 2973 2590 3025 SIUM,
2648 2975 3088 3016 PERVASORIBUS
3147 2973 3399 3014 EIUSDEM

2181 3064 2475 3120 Girbertus
2503 3065 2693 3138 gratia
2724 3067 2823 3122 Dei
2855 3068 3170 3123 Remorum
3203 3064 3520 3137 episcopus,
3544 3059 3730 3118 Guido

2042 3145 2089 3204 C
2113 3151 2502 3222 Suessonicus,
2535 3155 2825 3212 Adalbero
2848 3155 3259 3222 Laudunensis,
3293 3151 3733 3208 R.Noviomen-

2115 3241 2210 3308 sis,
2251 3243 2378 3297 Rot.
2416 3243 2864 3311 Cameracensis,
2903 3245 2968 3300 Ο.
3004 3241 3461 3308 Silvanectensis,
3495 3239 3553 3294 F.
3585 3239 3732 3294 Am-

2115 3330 2424 3397 bianensis,
2459 3332 2519 3385 B.
2547 3332 2859 3400 Moriensis,
2885 3333 3016 3389 Iler.
3047 3329 3448 3395 Belluacensis,
3473 3344 3576 3399 per
3594 3344 3731 3399 gra-

2115 3417 2255 3472 tiam
2287 3420 2743 3493 sancti_Spiritus
2765 3421 3037 3493 episcopi,
3069 3420 3226 3475 vobis
3256 3419 3515 3474 Girberto
3543 3419 3603 3471 et
3630 3414 3729 3470 his

2115 3507 2210 3578 qui
2244 3509 2545 3580 subscripti
2571 3513 2703 3564 sunt
2728 3511 3150 3582 pervaseribus,
3170 3507 3530 3565 carnificibus
3549 3507 3732 3575 atque

2113 3597 2394 3666 tyrannis.
2433 3597 2539 3651 Diu
2598 3597 2886 3653 modestia
2914 3598 3280 3654 sacerdotum
3314 3593 3524 3650 furoris
3553 3592 3733 3647 vestri

2110 3683 2332 3739 rabiem
2353 3686 2640 3755 sustinuit,
2673 3690 2729 3742 et
2741 3687 2926 3742 adhuc
2943 3688 3230 3758 patienter
3242 3686 3552 3756 exspectat.
3578 3680 3736 3746 Quo-

2111 3789 2290 3844 usque
2317 3791 2456 3846 ergo
2489 3774 2712 3830 insania
2731 3779 2919 3830 vestra
2932 3776 3084 3830 sanis
3099 3775 3483 3832 intellectibus
3513 3775 3732 3832 nostris

2111 3861 2343 3917 obsistet
2372 3864 2400 3918 Ἰ
2429 3863 2732 3937 Quousque
2765 3864 3144 3920 dissimulatio
3169 3881 3479 3936 pravorum
3510 3865 3736 3938 simpli-

2109 3950 2262 4005 cium
2291 3953 2547 4024 quietem
2564 3953 2848 4008 turbabit?
2872 3953 3068 4008 Cades
3087 3955 3238 4009 clero
3257 3954 3543 4022 infertis,a
3565 3953 3732 4020 cleri,

2109 4041 2528 4096 monachorum
2543 4047 2598 4096 et
2609 4059 2930 4114 pauperum
2946 4043 3162 4114 rapinis
3174 4059 3290 4098 non
3318 4042 3732 4099 cessatis.Con-

2107 4129 2369 4184 venimus
2385 4148 2523 4203 ergo
2547 4131 2959 4187 conscientiam
2983 4135 3232 4188 vestram
3248 4150 3452 4188 omnes
3468 4130 3733 4205 episcopi

2108 4219 2424 4275 Remorum
2458 4221 2792 4290 diaceseos,
2824 4221 2896 4275 ad
2929 4222 3352 4277 satifactionem
3384 4223 3726 4288 invitamus,

2110 4309 2474 4381 spatiumque
2490 4310 2846 4382 poenitentia
2872 4328 3049 4383 usque
3080 4311 3137 4365 in
3151 4310 3428 4383 proximis
3451 4310 3732 4366 Kalendis

2111 4398 2519 4454 attribuimus:
2552 4403 2688 4454 tunc
2727 4417 2824 4455 vos
2855 4404 2953 4455 aut
2982 4400 3264 4456 infertiles
3290 4399 3555 4456 Ecclesia
3589 4401 3723 4472 pal-

2107 4487 2277 4541 mites
2307 4489 2683 4559 recognituri,
2713 4494 2812 4545 aut
2840 4492 3120 4562 tanquam
3148 4490 3348 4544 inutile
3387 4489 3611 4562 lignum
3643 4489 3724 4545 ab

2110 4592 2251 4648 agro
2283 4575 2382 4631 Dei
2411 4578 2602 4649 gladio
2633 4578 2813 4634 sancti
2846 4579 3092 4651 Spiritus
3127 4578 3393 4634 excisuri.

2644 4685 2979 4740 EPISTOLA
3015 4685 3169 4741 CCII.

2308 4809 2381 4848 AD
2438 4809 2676 4849 ERVEAM
2735 4809 3127 4850 BELVAGORUM
3177 4807 3516 4851 EPISCOPUM.

2181 4904 2344 4968 Quod
2361 4904 2522 4958 tanto
2541 4904 2804 4972 tempore
2821 4899 3094 4955 dilectum
3112 4898 3731 4966 nobisD.retinuimus,

2113 5009 2231 5047 non
2264 4989 2691 5047 malevolentia
2721 5005 2913 5057 causa,
2943 4990 3041 5044 sed
3071 5005 3312 5043 summa
3335 4988 3596 5044 utilitatis
3629 5004 3736 5043 ve-

2113 5085 2267 5149 stra,
2299 5085 2356 5136 et
2382 5079 2540 5135 vobis
2579 5079 2891 5132 honestum
2924 5082 2980 5132 et
3011 5079 3147 5133 utile
3185 5095 3389 5150 parere
3427 5077 3625 5151 possit.
3665 5077 3736 5130 Et

2112 5169 2503 5241 nuncquidem
2522 5165 2682 5220 illum
2699 5165 2944 5238 patriam
2954 5167 3461 5238 parentesque,sed
3480 5169 3536 5220 et
3553 5180 3735 5221 omne

2114 5260 2433 5316 amicorum
2455 5274 2636 5331 genus
2655 5259 2916 5312 nostrum
2941 5257 3013 5312 ob
3033 5273 3294 5312 amorem
3328 5255 3741 5328 derelinquen-

2115 5353 2235 5404 tem
2274 5352 2474 5403 vestra
2507 5345 2789 5409 charitati,
2825 5348 2886 5399 ut
2917 5345 3129 5416 petitis,
3172 5345 3499 5417 dirigimus.
3540 5345 3735 5410 Quem

2118 5440 2271 5494 velut
2302 5438 2637 5492 thesaurum
2678 5435 3141 5490 inaestimabilem
3181 5453 3212 5490 e
3256 5436 3384 5491 sinu
3418 5439 3615 5491 nostro
3670 5435 3736 5491 in

2121 5526 2292 5583 vestri
2314 5527 2448 5598 jura
2478 5523 2954 5580 transfundimus.
2996 5523 3276 5596 Suscipite
3317 5541 3456 5596 ergo
3486 5524 3648 5579 illum
3673 5524 3732 5580 in

2124 5615 2437 5690 disciplinis
2463 5614 2798 5670 liberalibus
2813 5613 3127 5682 eruditum,
3153 5612 3210 5669 in
3245 5613 3514 5687 opificum
3548 5613 3740 5688 magi-

2118 5706 2292 5767 sterio
2338 5705 2630 5779 edoctum,
2652 5721 2686 5762 a
2709 5703 2907 5762 multis
2925 5703 3110 5763 multa
3137 5701 3738 5784 mercedeexpetitum
