3954 6170
235 399 314 458 an
1085 381 1328 453 sacrm
1361 394 1402 454 ι.
1445 425 1504 438 -
1531 392 1713 453 ANTE
1742 377 2030 454 smmum
2058 377 2581 452 pomrlcar‘un.

3391 396 3497 456 282

233 523 315 577 sed
337 537 366 576 a
389 513 1060 582 nobisobtentum.Quem
1076 517 1401 573 sictractari
1443 523 1500 574 et
1521 516 1794 574 custodiri
1814 526 1869 583 Α
1899 520 2005 579 tus.
2030 518 2231 590 pietas,
2281 521 2340 573 et
2371 519 2614 590 justitia,
2670 513 3028 574 domicilium
3077 518 3184 575 sibi
3233 517 3496 589 fecerint,

234 611 470 674 volumus,
491 611 548 661 ut
577 607 837 662 dolorem
861 606 911 662 ei
941 609 1169 678 partum
1198 625 1264 662 ex
1297 609 1491 663 nostra
1536 609 1793 664 absentia

232 704 385 754 vestra
416 696 659 751 sublevet
684 696 1064 767 indulgentia.
1092 698 1282 768 anue
1303 696 1699 751 munificentia
1725 713 1791 750 ex

229 785 470 844 liberalite
492 785 650 838 illum
678 785 972 852 habetote,
997 801 1123 857 quae
1149 783 1351 839 deceat
1369 785 1430 839 G.
1475 785 1788 840 Remorum

231 873 677 944 archiepiscopum
719 871 958 928 dantem
1007 877 1064 928 et
1091 872 1526 945 Bellovagorum
1571 873 1785 946 episco-

227 980 341 1039 pum
361 962 746 1034 accipientem.

703 1067 1038 1124 EPISTOLA
1088 1069 1265 1125 CCIII.

284 1177 567 1250 Oportebat
580 1179 634 1232 te
652 1174 934 1248 virginem
962 1177 1332 1248 spectabilem
1356 1176 1534 1248 patris
1549 1179 1716 1248 pacta
1736 1179 1792 1230 et

228 1267 490 1323 constituta
518 1265 754 1319 laudare
778 1267 836 1319 et
857 1266 1258 1320 corroborare.
1291 1265 1404 1320 Sed
1429 1266 1707 1337 quoniam
1724 1283 1794 1320 ea

228 1354 503 1421 dissolvisti,
535 1357 594 1408 et
623 1370 750 1424 qua:
770 1352 1005 1424 insuper
1019 1354 1185 1425 egisti
1216 1371 1541 1426 pernegare
1555 1359 1795 1410 conten-

226 1446 308 1510 dis,
335 1443 625 1498 invitamus
657 1446 712 1496 te
759 1441 831 1495 ad
854 1441 934 1497 tui
966 1442 1182 1514 peccati
1207 1444 1688 1516 recognitionem.
1717 1444 1794 1498 Te

227 1548 413 1605 quoque
445 1531 504 1584 R.
525 1529 902 1602 adireptione
932 1549 1251 1588 rerum.....
1280 1549 1499 1588 cessare
1524 1533 1794 1603 jubemus

225 1627 269 1677 et
290 1623 418 1676 male
446 1636 685 1693 pervasa
707 1619 1023 1674 restituere.
1053 1621 1164 1675 Nec
1186 1624 1384 1676 te......
1435 1625 1793 1693 praetereun-

229 1711 337 1765 dum
362 1709 664 1776 existimes,
686 1712 764 1775 te,
793 1708 1052 1780 inquam,
1074 1713 1312 1765 tonsura
1361 1710 1657 1778 clericum,
1693 1711 1793 1766 sed

224 1801 312 1855 vita
336 1805 384 1854 et
411 1800 694 1855 morlbus‘
727 1798 1042 1853 triennium
1080 1817 1210 1854 cum
1245 1804 1341 1856 tuo
1389 1799 1668 1871 complice
1726 1800 1791 1854 Ν.

226 1889 325 1956 Vos,
353 1890 606 1964 inqnam,
631 1907 834 1945 omnes
860 1893 958 1944 aut
970 1891 1176 1962 dignos
1203 1889 1552 1962 pzenitentiae
1573 1889 1795 1943 fructus

226 1978 441 2034 Ecclesiae
463 1979 763 2034 catholicae
794 1979 1124 2047 ostendetis,
1154 1983 1253 2034 aut
1283 1980 1438 2034 velut
1464 1977 1679 2033 ethnici
1735 1982 1794 2032 et

226 2067 467 2138 publicani
493 2070 573 2124 ab
605 2069 851 2124 Ecclesia
878 2069 1160 2124 catholica
1189 2067 1386 2140 gladio
1409 2066 1594 2122 sancti
1621 2065 1795 2138 Spiri-

226 2159 294 2211 tus
311 2159 799 2232 propulsabimini.

719 2267 1052 2324 EPISTULA
1084 2267 1257 2323 CCIV.

276 2371 520 2447 Suscepta
537 2375 706 2448 queri
716 2374 1252 2440 monia,reverende
1273 2372 1798 2446 pater,scripsimus

223 2477 325 2516 cum
346 2464 616 2520 fratribus
628 2466 686 2519 et
701 2463 1054 2535 coepiscopis
1091 2463 1300 2518 nostris
1329 2480 1430 2536 pro
1445 2462 1651 2518 eadem
1665 2481 1797 2519 cau-

221 2553 743 2626 sa,coutemporibus
759 2569 987 2625 quoque
1000 2551 1199 2608 vestris
1210 2551 1682 2607 commonitorias
1696 2553 1802 2608 mi-

223 2642 363 2697 simus
389 2643 632 2698 litteras.
668 2643 788 2696 Erit
818 2658 957 2713 ergo
988 2646 1191 2697 vestrm
1218 2641 1539 2714 prudentiae
1562 2644 1801 2713 propter

221 2731 344 2802 pacis
389 2730 800 2802 charitatisque
833 2730 1171 2797 custodiam,
1204 2730 1250 2785 si
1282 2729 1648 2800 resipuerint,
1701 2746 1799 2784 eos

225 2819 345 2873 velut
375 2820 762 2876 exorbitantes
775 2819 920 2874 filios
954 2819 1164 2874 blande
1192 2819 1500 2890 suscipere.
1536 2817 1701 2882 Quod
1729 2817 1797 2886 si,

227 2909 349 2979 quod
368 2910 594 2976 absit,in
631 2909 853 2964 malitia
873 2909 1385 2981 perseveraverint,
1416 2908 1626 2963 tuncin
1657 2910 1800 2964 cele-

228 2994 294 3049 bri
316 2998 557 3053 Ecclesiae
577 2999 707 3053 loco
728 3001 939 3056 nostra:
955 2998 1268 3053 vocationis
1289 2995 1501 3069 scripta
1515 2997 1590 3053 ad
1605 2999 1801 3070 legen-

229 3081 337 3140 dum
351 3087 1122 3160 proponijubemns.Deiude
1138 3086 1795 3142 excommunicationem

229 3175 611 3231 rationabiliter
632 3175 1042 3248 conscriptam,
1063 3180 1120 3230 et
1136 3193 1170 3230 a
1184 3175 1342 3230 vobis
1360 3175 1704 3230 solemniter
1716 3193 1805 3230 cc-

227 3260 696 3319 lebratamcelebri
725 3265 883 3336 afﬁgi
903 3265 1290 3336 loco,ejusque
1309 3265 1606 3336 exemplar
1639 3265 1803 3320 nobis

227 3349 382 3422 dirigi,
409 3357 468 3408 ut
496 3355 662 3409 idem
680 3355 737 3409 in
771 3353 982 3410 nostris
1011 3355 1112 3408 flat
1130 3353 1488 3408 Ecclesiis.Et
1517 3353 1798 3424 quoniam

229 3441 475 3498 eruditum
497 3443 665 3500 vobis
679 3443 951 3498 clericum
985 3442 1135 3497 mitti
1159 3441 1381 3510 orastis,
1408 3442 1504 3514 qui
1537 3442 1596 3497 in
1632 3441 1720 3496 his
1748 3446 1806 3496 et

229 3527 274 3582 in
294 3531 401 3586 aliis
427 3533 772 3604 adiumento
796 3550 919 3588 esse
949 3535 1161 3604 posset.
1194 3549 1326 3586 cum
1358 3531 1597 3586 redierit
1642 3524 1804 3586 meus

229 3617 298 3688 D.,
324 3619 574 3679 dabimus
607 3639 853 3695 operam
886 3627 949 3678 ut
968 3622 1164 3678 vestris
1182 3621 1466 3677 deserviat
1491 3621 1800 3694 obsequiis.

729 3732 1062 3789 EPISTOLA
1112 3731 1262 3789 CCV.

284 3838 486 3905 Quanto
525 3840 938 3899 moderamine
965 3843 1120 3896 salus
1139 3840 1467 3896 animarum
1501 3841 1805 3897 tractanda

233 3925 305 3994 sit,
329 3941 380 3984 et
404 3933 587 3988 vestra
619 3931 952 3986 fraternitas
974 3932 1152 3998 novit,
1172 3947 1544 4002 summopere
1561 3947 1805 4002 pensan-

235 4014 342 4073 dum
366 4024 464 4089 est,
497 4025 561 4076 ut
585 4038 663 4076 ne
689 4020 829 4093 quid
860 4018 1053 4076 nimis.
1097 4021 1236 4075 Ecce
1262 4020 1420 4076 enim
1449 4018 1589 4076 dum
1601 4020 1807 4092 judicii

236 4110 560 4166 severitatem
590 4110 655 4164 in
682 4108 994 4164 Ecclesiam
1013 4109 1228 4165 scilicet
1257 4109 1802 4177 exercetis,modum

239 4207 266 4246 a
287 4197 515 4266 patribus
543 4197 928 4254 constitutum
989 4198 1440 4253 transcendistis.
1474 4199 1620 4253 Nam
1677 4215 1806 4269 quae

241 4284 441 4341 concilia
467 4289 553 4342 vel
595 4282 832 4342 decreta
861 4289 1132 4358 parvulos
1162 4287 1462 4359 baptizari,
1491 4289 1578 4342 vel
1611 4286 1809 4341 fideles

241 4367 286 4426 in
310 4377 635 4433 cmmeteriis
663 4377 890 4447 sepeliri
917 4377 1268 4432 vetuerunt?
1299 4375 1466 4441 Quod
1507 4377 1552 4432 si
1573 4376 1620 4431 is
1653 4375 1809 4432 locus

242 4457 507 4520 interdicto
529 4467 835 4532 vestro,et,
853 4467 916 4519 ut
943 4466 1284 4520 solemniter
1314 4465 1591 4533 dicamus,
1621 4469 1808 4521 vestro

1892 612 2080 662 vestra
2106 609 2289 662 solum
2320 607 2501 680 pietas
2540 612 2599 662 et
2629 607 2899 678 majestas
2939 624 3239 664 occurrere
3291 610 3497 681 potuit,

1892 712 2006 767 qua
2035 697 2211 750 virtus
2237 695 2533 766 multiplex
2559 712 2790 768 semper
2822 695 3160 752 inhabitavit
3188 700 3360 769 atque
3373 715 3502 770 pos-

1890 785 2149 840 sedit.Ad
2178 801 2280 839 vos
2309 801 2450 856 ergo
2467 787 2746 856 tanquam
2770 785 3015 856 speciale
3033 787 3316 856 templum
3336 787 3503 842 mise-

1891 871 2154 927 ricordia:
2174 873 2408 944 supplex
2436 872 2730 944 confugio,
2756 877 3122 946 vestrumque
3153 891 3386 947 semper
3409 893 3498 931 sa-

1891 961 2053 1016 lubre
2080 961 2384 1015 consilium
2417 964 2474 1015 et
2499 961 2773 1016 auxilium
2809 979 3065 1034 reposco.
3098 962 3242 1027 Quia
3270 964 3497 1022 enim...

1893 1047 1952 1102 in
1988 1065 2086 1104 ma
2115 1065 2295 1103 unum
2327 1049 2536 1104 acerba
2565 1050 2843 1118 fremunt,
2875 1051 3166 1124 vitamque
3197 1068 3328 1107 cum
3368 1070 3499 1108 san-

1893 1137 2067 1208 guine
2096 1141 2358 1210 poscunt.
2393 1137 2639 1194 Additur
2685 1139 2758 1193 ad
2811 1141 3097 1194 malorum
3134 1142 3498 1197 cumulum...

1895 1225 2065 1280 Saevit
2112 1230 2172 1280 et
2216 1226 2340 1299 ipsa
2387 1244 2514 1298 qua:
2546 1226 2752 1282 solatio
2784 1227 2984 1282 debuit
3011 1244 3132 1283 esse
3159 1229 3361 1284 Roma.
3387 1229 3499 1284 Oro

1896 1331 2036 1386 ergo
2067 1319 2126 1369 et
2153 1315 2434 1386 deprecor
2478 1319 2665 1370 vestra
2704 1318 2890 1370 vestro
2924 1315 3166 1386 imperio
3200 1317 3503 1372 mitescant

1896 1419 2098 1474 regna.
2152 1405 2270 1475 Ego
2326 1404 2540 1476 quippe
2583 1407 2739 1458 totus
2789 1404 3000 1476 ubique
3039 1409 3226 1459 vester
3251 1409 3501 1462 vestrum

1895 1496 2158 1562 exspecto
2190 1509 2432 1547 examen
2465 1495 2824 1548 etlevamne.
2863 1493 3037 1565 quue
3067 1495 3253 1548 solum
3279 1496 3501 1548 certum

1897 1596 2017 1635 esse
2072 1597 2236 1636 nosse
2286 1580 2382 1652 qui
2435 1581 2598 1648 velle,
2646 1581 2801 1653 quod
2855 1581 3013 1636 vobis
3042 1581 3363 1637 constiterit
3389 1582 3508 1652 pla-

1895 1667 2094 1725 cuisse.

2421 1739 2754 1796 EPISTOLA
2785 1740 2984 1796 CCVII.

1822 1835 1873 1894 Β
1967 1828 2258 1883 Humanas
2276 1846 2364 1883 res
2376 1831 2592 1884 aeterno
2610 1829 2732 1901 regi
2751 1829 2986 1884 consilio
3009 1846 3140 1884 cum
3163 1847 3393 1903 semper
3407 1829 3504 1885 Di-

1897 1915 2098 1970 vinitas
2141 1916 2478 1983 ostenderit,
2529 1920 2651 1971 tum
2701 1917 2990 1989 praecipue
3021 1923 3206 1973 vestro
3241 1923 3504 1989 tempore

1893 2004 2263 2059 consiliorum
2294 2021 2528 2060 suorum
2542 2022 2638 2059 vos
2660 2021 2780 2060 esse
2802 2006 3108 2060 materiam
3135 2006 3329 2060 voluit.
3347 2007 3506 2060 Exal-

1893 2093 2032 2147 tavit
2059 2092 2215 2148 enim
2245 2109 2344 2148 vos
2374 2096 2433 2147 et
2462 2093 2804 2160 humiliavit,
2832 2110 3076 2166 eamque
3109 2093 3498 2149 humilitatem

1894 2199 1996 2236 sua
2039 2183 2298 2237 bonitate
2354 2182 2714 2249 modiﬁcans,
2767 2185 3102 2249 extenuans,
3152 2186 3324 2255 atque
3369 2199 3501 2237 cum

1896 2287 2125 2325 summa
2154 2272 2470 2325 multorum
2501 2271 2848 2342 populorum
2876 2275 3259 2343 prosequente
3284 2271 3502 2336 favore,

1896 2361 2098 2413 vestrae
2121 2358 2240 2412 sedi
2271 2359 2540 2426 restituit,
2564 2363 2621 2412 et
2641 2362 2923 2431 tanquam
2955 2375 3159 2414 aurum
3185 2359 3242 2413 in
3269 2359 3505 2414 fornace

1900 2446 2208 2517 probatum
2229 2446 2287 2501 in
2313 2464 2414 2500 sua
2426 2447 2600 2501 domo
2623 2446 2829 2501 clarius
2851 2447 3502 2518 relucerejussit.Laudo

1901 2533 2078 2606 igitur
2090 2539 2148 2590 et
2163 2535 2420 2607 gloriﬁco
2443 2534 2861 2591 misericordias
2879 2539 2935 2590 et
2948 2535 3346 2592 miserationes
3361 2536 3504 2607 ejus,

1901 2640 2033 2678 cum
2066 2623 2124 2676 in
2159 2623 2336 2690 vobis,
2368 2626 2493 2678 tum
2527 2623 2584 2678 in
2618 2641 2734 2691 me,
2763 2641 2937 2696 quem
2959 2624 3509 2696 peregrinum,toto-

1902 2728 2034 2783 que,
2065 2714 2127 2765 ut
2165 2710 2244 2765 ita
2271 2711 2480 2779 dicam,
2527 2713 2665 2767 orbe
2694 2713 3008 2784 profugum
3038 2713 3386 2787 quandoque
3416 2731 3506 2770 re-

1902 2802 2194 2871 quiescere
2217 2799 2409 2870 jussit,
2437 2804 2707 2871 certaque
2747 2801 3057 2856 consistere
3102 2804 3276 2857 terra.
3310 2803 3504 2874 Dirige

1902 2889 2060 2944 vobis
2089 2891 2337 2943 multum
2370 2889 2894 2962 dilectum,quem}a
2920 2907 3079 2945 sacro
3100 2890 3261 2946 fonte
3283 2908 3377 2946 me
3391 2909 3513 2947 sus-

1903 2977 2092 3049 cipere
2121 2978 2392 3033 voluistis.
2423 2977 2533 3032 Sed
2562 2981 2755 3032 utrum
2784 2979 2951 3033 nobis
2968 2979 3351 3034 erudiendum
3377 2981 3511 3035 mit-

1902 3071 2090 3122 terere
2131 3067 2408 3134 debeatis,
2430 3070 2646 3122 nonest
2668 3068 2845 3123 nostri
2860 3066 3149 3139 judicii.Si
3175 3065 3332 3123 enim
3352 3084 3514 3123 recu-

1904 3174 2117 3227 samus,
2140 3156 2351 3229 ingrati
2371 3157 2610 3211 fortasse
2643 3173 2987 3228 apparemus
3017 3174 3032 3225 ;
3062 3160 3119 3212 et
3145 3155 3187 3211 si
3209 3158 3512 3212 laudamus

1905 3246 2181 3318 quiddam
2203 3249 2288 3300 est
2303 3245 2597 3300 sinistrum
2613 3263 2808 3318 puero.
2833 3246 2996 3311 Quod
3008 3250 3341 3317 temporum
3355 3246 3507 3302 difﬁ-

1906 3337 2084 3390 cultas
2105 3333 2382 3402 intulerit,
2417 3338 2612 3390 nostro
2645 3335 3028 3407 imputabitur
3056 3335 3214 3390 vitio.

2399 3423 2733 3479 EPISTOLA
2788 3423 3011 3479 CCVIII.

2012 3530 2352 3570 GERBERTUS
2399 3527 2646 3570 FULCONI
2698 3530 2976 3568 EPISCOPO
3024 3529 3402 3570 AMBIANENSI.

1976 3605 2132 3658 Inter
2161 3604 2344 3658 varias
2364 3619 2708 3674 magnarum
2720 3619 2916 3658 rerum
2937 3603 3340 3674 occupationes
3356 3604 3514 3659 nulla

1906 3692 2171 3746 molestia
2207 3691 2393 3764 magis
2419 3691 2706 3746 afficimur
2744 3708 2919 3764 quam
2958 3695 3280 3747 vestrorum
3319 3709 3508 3748 exces-

1905 3799 2072 3837 suum
2104 3781 2306 3835 crebra
2322 3780 2622 3836 relatione.
2657 3780 2772 3834 Etsi
2791 3779 2948 3834 enim
2980 3779 3154 3835 totius
3177 3779 3516 3852 metropolis

1908 3871 2221 3926 Remorum
2241 3886 2375 3925 cura
2397 3870 2560 3925 nobis
2581 3867 2838 3940 injuncta
2855 3872 2959 3936 est,
2980 3869 3080 3924 sed
3100 3868 3267 3923 vestri
3288 3869 3514 3942 potissi-

1908 3978 2093 4029 mum,
2115 3957 2211 4033 qui
2233 3964 2291 4015 et
2316 3975 2602 4015 annorum
2623 3958 3030 4027 teneritudine,
3051 3961 3108 4012 et
3123 3975 3354 4013 morum
3375 3955 3514 4012 levi-

1907 4051 2025 4105 tate
2039 4050 2263 4124 pondus
2275 4048 2628 4104 sacerdotale
2652 4047 2898 4102 necdum
2922 4047 3072 4101 ferre
3095 4045 3514 4100 didicistis.Cur

1909 4143 2277 4213 ergo.contra
2298 4142 2529 4212 pactum
2547 4137 2605 4190 in
2619 4152 2929 4191 commune
2941 4138 3425 4207 statutum,usque
3443 4133 3518 4190 ad

1909 4234 2138 4301 tempus
2166 4227 2387 4284 consilii
2419 4225 2818 4298 pervasionem
2849 4224 2907 4280 in
2943 4224 3179 4296 propria
3226 4224 3519 4298 parcechia

1910 4318 2158 4374 fecistis?
2196 4318 2308 4372 Nec
2347 4317 2406 4370 in
2436 4317 2544 4370 hoc
2571 4315 2727 4369 enim
2755 4313 3125 4381 alleviamini,
3158 4313 3204 4368 si
3218 4330 3309 4368 res
3329 4313 3516 4368 Eccle-

1911 4408 2008 4463 sise
2037 4409 2169 4461 sunt
2197 4423 2337 4478 quas
2370 4404 2702 4476 diripuistis,
2738 4421 2870 4458 cum
2891 4405 2999 4459 hoc
3023 4403 3131 4459 nisi
3150 4403 3372 4475 legibus
3392 4402 3518 4457 fieri

1912 4515 2030 4552 non
2057 4496 2242 4551 liceat.
2271 4493 2516 4549 Accessit
2552 4494 2625 4548 ad
2644 4495 2752 4548 hoc
2775 4493 3034 4548 illicitum
3050 4509 3347 4548 armorum
3373 4508 3523 4564 prae-

434 4555 443 4563 .
965 4555 974 4564 .
1182 4555 1191 4565 .
1406 4555 1416 4566 .
1687 4555 1696 4564 .
1912 4544 2030 4552 ..νη
2059 4544 2242 4551 --η-η
2271 4544 2513 4549 --νη-π-
2556 4544 2625 4548 π-
2645 4544 2748 4548 --η
3373 4544 3431 4564 τ-
3451 4544 3486 4546 --

243 4544 401 4658 13m“?
423 4571 552 4654 tu"?
582 4557 1130 4658 tePeEPrésmctils’
1157 4556 1356 4658 me?“
1403 4556 1809 4658 m‘,‘°°°“}‘b“3
1836 4575 1888 4634 D
1910 4585 2183 4658 sumptio,
2207 4584 2468 4640 Ecclesiae
2497 4583 2923 4656 violatio,quasi
2946 4581 3227 4639 sacerdoti
3251 4581 3521 4637 omniain

243 4641 564 4707 parochianis
587 4644 663 4698 ad
686 4643 798 4699 alia
829 4644 1242 4716 transmigrare
1262 4645 1639 4716 loca,suisque
1654 4644 1808 4716 lega-

245 4725 349 4782 liter
367 4731 438 4786 uti
464 4732 658 4788 sacris.
690 4733 892 4789 Moneo
925 4733 1101 4805 igitur
1126 4733 1537 4804 paternitatem
1560 4736 1809 4788 vestram

1913 4677 2162 4734 ecclesiis
2186 4676 2419 4731 liceant.
2451 4674 2585 4741 Sed,
2619 4675 2699 4729 ait
2722 4675 3051 4746 Apostolus,
3084 4673 3263 4726 omnia
3296 4672 3432 4725 mihi
3459 4669 3522 4723 li-

1911 4773 2047 4834 cent,
2075 4765 2164 4820 ςεά
2190 4781 2294 4819 ηοη
2323 4765 2501 4818 omnia
2526 4763 2828 4834 expediunt.
2853 4762 3048 4816 Licent
3060 4760 3528 4833 perliberumar-

248 4819 670 4926 modumljudici‘i
700 4826 1392 4926 te-mperflre:‘_t9tumf_lu.e
1411 4822 1711 4926 Ῑξθβξηίῗω
1732 4821 1813 4875 ita
1912 4819 2169 4922 bitrium,
2203 4870 2316 4926 quo
2349 4853 2502 4907 male
2534 4819 2618 4906 usi
2672 4851 2807 4906 estis
2840 4868 2852 4906 :
2911 4851 3009 4906 sed
3056 4819 3175 4906 non
3217 4845 3528 4922 eXpediunt

249 4918 330 4975 per
339 4911 807 4980 tractare,utante
823 4913 1016 4968 oculos
1037 4911 1246 4967 divinae
1262 4911 1566 4982 Maiestatis
1585 4912 1813 4984 placere

252 4997 458 5067 possitis,
489 5005 549 5056 et
570 4999 1266 5072 coepiscoporumjudicio
1284 5017 1401 5056 non
1437 4998 1814 5071 displiceatis.

252 5079 412 5142 Varios
439 5088 576 5144 mali
600 5090 876 5162 temporis
901 5090 998 5144 diu
1020 5091 1145 5162 jam
1184 5089 1461 5146 sutl‘erens
1492 5093 1702 5157 motus,
1742 5090 1816 5144 ad

255 5179 468 5232 vestrum
499 5180 766 5234 solatium
799 5179 1164 5252 tanquamad
1189 5179 1512 5234 tutisimum
1545 5180 1817 5252 confugio

257 5266 470 5330 portum.
494 5269 784 5341 Alioquin,
802 5270 1100 5324 autvestra
1124 5268 1442 5324 solabimur
1454 5283 1584 5340 ope,
1605 5272 1704 5323 aut
1724 5286 1822 5341 pe-

260 5355 459 5423 regrina
487 5359 654 5416 nobis
689 5359 1013 5432 expetenda
1031 5357 1303 5414 subsidia.

745 5469 1078 5526 EPISTOLA
1126 5467 1300 5522 CCVI.

473 5573 819 5616 GERBERTUS
837 5573 1149 5614 ADHELAIDI
1172 5573 1572 5614 IMPERATRICI.

321 5663 706 5746 Saepenumero
719 5688 946 5730 mecum
959 5674 1234 5748 reputans
1246 5667 1485 5730 ubinam
1499 5667 1816 5740 tldes,veri-

1914 4961 2020 5018 per
2039 4946 2172 5016 jura
2193 4942 2411 5008 divina,
2427 4956 2553 5014 quae
2577 4938 3320 5013 contempsistis.Monemus
3338 4937 3532 5010 itaque

1917 5031 2340 5090 fraternitatem
2384 5033 2636 5084 vestram
2685 5032 2876 5084 errata
2927 5029 3246 5101 corrigere,
3281 5031 3339 5083 et
3367 5025 3530 5082 nobis

1919 5141 2063 5196 quos
2115 5119 2452 5188 offendistis,
2484 5119 2528 5174 si
2577 5120 2781 5192 placet,
2830 5118 3176 5186 satisfacere,
3214 5121 3276 5172 ut
3319 5119 3530 5172 horum

1921 5228 2251 5268 excessuum
2283 5208 2601 5282 recognitio
2627 5209 2942 5264 multorum
2966 5211 3334 5282 peccatorum
3356 5203 3536 5279 possit

1924 5319 2045 5360 esse
2078 5301 2335 5358 abolitio.

2457 5389 2790 5447 EPISTOLA
2820 5390 2991 5446 CCIX.

2067 5497 2412 5540 GERBERTUS
2458 5498 2611 5536 ARCH
2621 5497 2892 5536 EMBALDO
2921 5490 3387 5534 ARCHIEPISCOPO

2553 5585 2908 5628 TURONENSI.

1998 5663 2304 5732 Querelam
2321 5663 2570 5720 vestram
2587 5677 2704 5717 non
2720 5659 2843 5715 sine
2864 5657 3121 5714 fraterna
3135 5648 3536 5726 compassione
