3954 6170
463 393 572 459 ξω

461 610 662 667 nostra
691 607 947 673 interest,
980 620 1097 660 non
1128 601 1468 659 ditferimus.
1495 602 1640 668 Quia
1668 603 1825 658 enim
1869 605 2077 672 clerus,

467 702 532 753 ut
558 696 761 763 dicitis,
795 694 948 750 beati
966 693 1190 750 Martini
1212 692 1678 749 benedictionem
1710 697 1962 748 vestram
1985 709 2076 748 re-

472 785 618 853 nuit,
651 785 752 840 ﬂat
781 787 844 838 ut
862 783 1138 854 scriptum
1163 786 1281 837 est:
1315 782 1507 838 Noluit
1552 782 1977 848 benedictionem,
2029 791 2078 836 et

465 874 804 945 clongabitur
831 873 898 927 ab
921 889 999 926 eo.
1025 874 1134 927 Pro
1157 874 1392 942 accepta
1408 887 1541 926 vero
1563 871 1774 942 injuria
1802 871 2080 943 repulsio-

471 962 579 1030 nis,
597 963 894 1034 pulverem
919 960 1296 1015 calceamenti
1319 959 1725 1015 excutiendum
1741 973 1861 1014 esse
1877 962 2079 1014 contra

471 1051 598 1107 illos
629 1049 910 1106 Dominus
939 1050 1126 1105 docet.

1020 1137 1356 1194 EPISTOLA
1379 1136 1528 1194 CCX.

719 1243 992 1285 ADELAIDI
1030 1245 1095 1282 1M
1106 1244 1416 1283 PERATRICI
1451 1241 1812 1289 GERBERTUS.

541 1318 867 1376 Incredibili
907 1334 1056 1390 pene
1110 1321 1168 1372 et
1209 1317 1456 1372 nimium
1496 1319 1772 1373 scelerata
1797 1317 2077 1373 relatione

465 1413 636 1465 ‘tanto
656 1409 857 1463 dolore
882 1407 1116 1462 affectus
1129 1423 1274 1473 sum,
1297 1409 1566 1461 utlumen
1581 1408 1878 1462 oculorum
1901 1422 2078 1478 prope

465 1497 756 1571 plorando
777 1495 1093 1551 amiserim.
1120 1496 1232 1550 Sed
1261 1496 1397 1566 quia
1411 1496 1624 1566 jubetis
1646 1500 1707 1549 ut
1726 1513 1823 1551 vos
1849 1495 2076 1563 adeam,

1107 382 1460 450 SILVESTRI
1493 388 1544 451 II
1573 383 1780 451 ΡᾹΡΙΕ
1810 385 1974 452 'OPP.
2015 379 2195 452 ΡΑῺΒ
2241 385 2333 452 Ill.
2362 421 2435 439 --
2467 384 2682 460 EPIS’I‘.
2719 385 2805 455 ET
2843 385 3120 459 DIPLOM.

462 515 842 592 suscepimus.
873 513 1033 572 Unde
1059 513 1368 571 consilium
1394 517 1453 570 et
1473 513 1772 578 auxilium,
1789 517 2078 588 quantum
2101 524 2158 582 Α

3635 403 3727 471 ὶῦι

2699 523 3033 594 EPISTULA
3073 537 3263 594 CCXII.

2280 656 2626 697 GERBERTUS
2647 658 2914 700 A‘RNULFO
2959 661 3373 701 AURELIANBNSI
3399 662 3658 706 RPISCOPO

2249 749 2413 804 Nullo
2431 767 2645 822 genere
2658 751 2962 808 locutionis
2975 752 3243 809 affectum
3259 753 3432 810 animi
3443 761 3610 815 nostri
3621 775 3744 833 erga

2180 855 2279 894 vos
2309 843 2592 915 explicare
2618 845 2800 912 valeo,
2842 845 3052 917 quippe
3083 845 3179 916 qui
3208 843 3365 900 omni
3411 847 3742 905 simulatione

2178 930 2293 984 mei
2307 933 2586 1003 captionis
2601 934 2980 1005 periclitarer.
3009 933 3144 997 Quae
3160 934 3299 989 mihi
3322 935 3542 993 vitanda
3559 943 3743 1007 essent,

2187 1036 2384 1090 quaeve
2412 1024 2704 1093 sequenda
2721 1023 3746 1100 docuistis,monuistis,pra3scripsistis.

2178 1106 2245 1162 Et
2271 1126 2423 1164 nunc
2468 1111 2702 1182 quidem
2757 1113 2917 1167 omni
2963 1113 3288 1181 conamine,
3321 1116 3581 1188 omnique
3632 1117 3742 1172 nisu

2178 1199 2495 1254 secundum
2534 1217 2731 1256 meum
2759 1201 2900 1256 scire
2931 1205 2988 1256 et
3021 1220 3187 1274 posse
3210 1206 3397 1275 grates
3417 1221 3549 1276 quas
3597 1206 3738 1261 valeo

2178 1287 2458 1356 rependo,
2491 1292 2804 1361 vestraeque
2858 1289 3138 1346 clientela:
3187 1295 3245 1345 et
3293 1292 3633 1364 dispositioni
3661 1311 3739 1348 me

2180 1389 2426 1447 meaque
2449 1377 2648 1432 omnia
2664 1378 2988 1446 committo;
3007 1396 3120 1434 non
3137 1380 3372 1436 dubiam
3385 1398 3540 1452 spem
3552 1398 3648 1452 pro
3671 1399 3748 1437 me

2183 1473 2390 1537 gerens
2414 1467 2691 1535 praeclara
2716 1467 3000 1538 principia
3025 1468 3223 1524 felices
3242 1469 3522 1525 habitura.
3563 1469 3624 1524 Et
3651 1488 3746 1543 quo

2183 1553 2342 1608 niam
2369 1555 2768 1626 synodum.....
2787 1555 2941 1611 unde
2963 1557 3193 1613 omnixe
3212 1575 3417 1631 precor
3435 1559 3753 1630 neingentos

2185 1657 2360 1706 curae,
2388 1660 2516 1716 quae
2564 1651 2659 1699 me
2683 1645 2755 1700 ad
2786 1661 3039 1716 praesens
3069 1649 3258 1704 totum
3321 1648 3424 1702 sibi
3474 1647 3755 1714 vindicant,

2185 1731 2446 1788 Ecclesite
2468 1737 2678 1789 nostra:
2705 1734 2979 1792 ofﬁciant.
2999 1739 3148 1793 Dum
3169 1736 3330 1792 enim
3349 1740 3476 1810 post
3492 1736 3756 1810 paululum

2187 1821 2488 1878 divinitate
2519 1825 2769 1896 propitia
2809 1827 3092 1898 respirare
3125 1825 3400 1896 licebit,et
3421 1823 3488 1881 de
3517 1825 3598 1880 his
3624 1827 3674 1879 et
3699 1823 3758 1879 de

2188 1911 2315 1967 aliis
2342 1910 2403 1967 in
2433 1916 2620 1968 vestra
2633 1916 2943 1987 praesentia
2971 1919 3159 1971 vestra
3191 1914 3634 1989 exspectabimus
3655 1927 3761 1968 sen-

2188 2001 2454 2059 tentiam.

467 1586 1054 1658 ‘consolationemque
1071 1585 1407 1657 impendam
1419 1628 1433 1654 ,
1445 1602 1571 1640 rem
1585 1585 1821 1658 quidem
1838 1587 2077 1653 bonam,

471 1675 573 1730 sed
603 1674 1022 1746 impossibilem
1046 1673 1365 1745 imperatis.
1387 1674 1760 1729 Transierunt
1782 1674 1938 1730 enim
1960 1673 2082 1728 dies

469 1763 608 1832 mei,
632 1781 664 1819 ο
697 1762 875 1818 dulcis
887 1762 1130 1818 domina
1144 1767 1201 1818 et
1221 1763 1490 1834 gloriosa,
1509 1766 1773 1818 senectus
1786 1779 1917 1818 mea
1939 1761 2082 1817 mihi

463 1851 625 1907 diem
645 1851 904 1907 minatur
933 1851 1226 1908 ultimum.
1259 1851 1464 1906 Latera
1511 1851 1786 1923 pleuresis
1812 1854 2079 1922 occupat,
2107 1861 2160 1924 Β

462 1937 727 1997 'tinniunt
739 1941 1211 2009 aures,distillant
1237 1942 1716 2015 oculi,totumque
1731 1958 1934 2014 corpus
1956 1957 2089 1996 con-

467 2029 644 2086 tinnis
696 2029 976 2103 pungitur
1014 2031 1282 2086 stimulis.
1319 2031 1492 2087 Totus
1537 2031 1630 2086 hic
1677 2047 1865 2086 annus
1897 2047 1995 2086 me
2027 2029 2085 2085 in

467 2117 618 2176 lecto
651 2136 686 2175 a
715 2119 1010 2176 dolOribus
1041 2121 1488 2176 decumbentem
1529 2120 1690 2190 vidit,
1731 2123 1787 2176 et
1811 2137 1963 2175 nunc
1995 2117 2087 2174 vix

467 2207 873 2280 resurgentem
905 2209 1138 2264 recidivi
1182 2211 1410 2266 dolores
1457 2209 1690 2265 alternis
1721 2208 2089 2282 praecipitant

2695 2091 3029 2150 EPISTOLA
3070 2093 3297 2150 CCXIII.

2505 2214 2848 2256 GERBERTUS
2879 2217 3134 2258 METENSI
3165 2216 3472 2258 EPISCOPO.

479 2295 702 2352 diebus.
733 2296 898 2360 Quod
938 2295 983 2351 si
1019 2297 1155 2369 quid
1193 2297 1414 2370 requiei
1442 2313 1475 2353 a
1511 2297 1804 2353 doloribus
1835 2296 2084 2364 dabitur,

471 2384 644 2440 vestri
683 2384 958 2440 beneﬁcii
996 2385 1314 2441 immemor
1353 2403 1474 2441 esse
1508 2403 1626 2441 non
1673 2388 1900 2458 potero.
1935 2385 2089 2440 Licet

466 2472 737 2528 'sufﬂce‘re
768 2489 934 2544 posse
972 2472 1232 2528 videatur
1273 2475 1428 2546 quod
1477 2475 1729 2547 synodus
1755 2474 1986 2529 Nicaena
2016 2473 2087 2528 de

463 2562 885 2617 'cOmmunione
903 2561 1134 2633 privatis
1150 2561 1442 2632 deﬁnit,ut
1457 2563 1515 2617 hi
1535 2564 1630 2636 qui
1654 2563 1742 2634 abj
1754 2562 2002 2618 iciuntur
2015 2560 2085 2616 ab

463 2650 596 2706 aliis
625 2661 741 2706 non
763 2651 1135 2722 recipiantur,
1159 2652 1317 2706 omni
1329 2652 1571 2724 jussioni
1592 2655 1792 2707 vestrm
1815 2656 2085 2724 paremus

2260 2305 2413 2362 Licet
2443 2323 2512 2363 ea
2542 2325 2668 2380 quae
2683 2307 2741 2363 in
2756 2309 2922 2364 nobis
2965 2314 3050 2365 est
3067 2310 3246 2367 virtus
3264 2309 3458 2366 multis
3475 2311 3601 2365 ante
3617 2306 3760 2363 inno-

2189 2395 2366 2450 tuerit
2393 2396 2762 2463 modis,nunc
2785 2400 2981 2452 tamen
3005 2416 3070 2452 ex
3097 2397 3586 2470 superabundanti
3608 2395 3766 2451 verbis

2191 2487 2248 2539 et
2270 2485 2569 2540 sententiis
2600 2485 2868 2542 aﬂ'ectum
2885 2487 2970 2542 sui
2989 2488 3279 2560 explicans
3300 2490 3385 2544 vel
3405 2503 3570 2560 super
3584 2483 3766 2540 cande-

2191 2574 2419 2629 labrum
2462 2574 2692 2629 eﬂ'ulsit.
2729 2574 2874 2639 Quia
2902 2577 3058 2631 enim
3081 2579 3390 2650 Apostolus
3419 2577 3497 2632 ait
3523 2593 3535 2630 :
3564 2571 3771 2630 Gaudete

2189 2679 2310 2717 cum
2338 2663 2711 2733 gaudentibus,
2742 2666 2864 2733 ﬂete
2893 2682 3014 2720 cum
3054 2667 3329 2737 ﬂentibus,
3369 2683 3461 2720 me
3492 2681 3524 2719 a
3552 2663 3769 2718 fratrum

2186 2767 2447 2808 meorum
2467 2753 2722 2808 indebita
2732 2754 3586 2824 persecutioneliberatumlteto
3599 2749 3768 2806 animo

2189 2841 2504 2912 accepistis,
2562 2857 2776 2914 vesque
2800 2843 2945 2897 meis
2969 2844 3238 2916 periculis
3264 2860 3419 2900 nunc
3477 2838 3768 2897 interfuisse

2190 2930 2468 2985 doluistis.
2499 2929 2863 3004 Quapropter
2893 2936 2950 2988 et
2981 2933 3190 2988 absens
3221 2937 3418 3006 grates
3445 2926 3770 3004 rependo,et

2191 3035 2444 3092 praesens
2481 3019 2764 3075 servitutis
2802 3036 3051 3092 pensum
3081 3021 3126 3076 si
3153 3021 3299 3078 libet
3330 3019 3566 3093 excipio.
3613 3015 3767 3071 Crete-

467 2742 599 2793 tum
621 2739 685 2793 ‘in
713 2739 819 2807 his,
843 2743 966 2794 tum
997 2740 1051 2794 in
1101 2741 1450 2813 quibuslibet
1482 2742 1737 2796 honestis
1763 2746 1818 2796 et
1850 2757 2082 2812 compe-

464 2823 726 2883 ‘tentibus
745 2828 1131 2900 negotiis.Sed
1150 2829 1284 2901 quia
1298 2846 1427 2884 cum
1454 2845 1667 2902 magno
1682 2829 2083 2886 moderamine

465 2918 626 2972 'salus
653 2917 980 2972 animarum
1014 2919 1319 2973 tractanda
1347 2923 1450 2986 est,
1475 2936 1581 2973 nec
1609 2919 1911 2991 quisquam
1935 2935 2083 2991 pI‘EB-

472 3013 720 3078 pr‘op‘ere
751 3013 784 3060 a
805 3022 1046 3079 corpore
1075 3011 1133 3061 et
1161 3007 1442 3079 sanguine
1469 3008 1590 3062 Filii
1620 3008 2082 3063 Deisubmoven-

480 3093 606 3162 dus,
638 3107 743 3166 per
773 3095 925 3167 quod
968 3095 1312 3167 mysterium
1339 3112 1475 3152 vera
1503 3095 1710 3152 vivitur
1737 3097 1870 3165 vita,
1893 3100 1950 3152 et
1971 3112 2084 3168 quo

480 3182 618 3206 3.--l-
642 3183 892 3206 ..-2--Α.ι---
916 3183 1106 3206 _.2__-.__
1134 3202 1185 3206 ..Α
1203 3189 1391 3206 -..ιηημ
1423 3187 1496 3206 Δ,ι
1557 3185 1602 3206 .1!
1620 3203 1679 3206 ιη
1694 3202 1785 3206 1-..-
1835 3185 2084 3206 ,1--,3..,---

2192 3125 2342 3164 rum.
2355 3150 2367 3163 .
2481 3108 2592 3164 alia
2610 3111 2937 3164 memoratu
2954 3109 3138 3183 digna
3154 3128 3276 3166 non
3298 3109 3434 3166 satis
3453 3108 3629 3164 adhuc
3642 3118 3774 3160 com-

467 3182 622 3272 juste
642 3183 894 3272 privatus
916 3183 1108 3240 vivens
1134 3189 1394 3241 mortuus
1416 3187 1519 3254 est,
1549 3185 1794 3258 dignum
1827 3185 2088 3240 ducimus
2105 3182 2154 3206 υ
2191 3202 2356 3272 ρεαδ
2385 3197 2685 3254 habemus,

474 3271 786 3326 militarem
801 3271 987 3328 virum
1002 3277 1197 3328 nostra
1209 3273 1464 3346 primum
1478 3274 1873 3330 admonitione
1887 3290 2091 3329 conve-

473 3360 783 3430 niendum,
809 3361 856 3416 si
886 3361 1035 3418 forte
1071 3363 1390 3435 resipiscat,
1415 3368 1473 3418 et
1498 3368 1702 3419 vestras
1741 3363 2083 3420 reverentiae

477 3449 812 3505 satisfaciat.
837 3451 905 3505 Et
921 3459 1027 3506 n'os
1047 3451 1281 3523 quidem
1300 3451 1460 3507 illum
1475 3453 1604 3525 jam
1625 3453 1846 3508 dudum
1877 3469 1980 3525 pro
1999 3453 2088 3508 his

476 3552 699 3612 proque
727 3537 849 3592 aliis
864 3538 1206 3607 excessibus,
1224 3555 1258 3594 a
1275 3539 1570 3596 liminibus
1582 3545 1808 3596 tantum
1823 3541 2088 3597 Ecclesiae

463 3629 608 3680 ‘cum
640 3625 764 3681 aliis
785 3626 1130 3698 quibusdam
1149 3628 1560 3691 submovimus,
1579 3632 1706 3702 post
1723 3628 2039 3701 separaturi
2053 3646 2089 3685 a

473 3727 714 3788 corpore
731 3714 986 3782 Domini,
1017 3729 1082 3769 ac
1101 3715 1312 3772 deinde
1328 3715 1629 3772 aﬁdelium
1647 3718 2082 3787 communione,

472 3805 538 3859 ut
553 3801 641 3859 bis
662 3801 1006 3876 quibusdam
1026 3803 1298 3876 gradibus
1319 3821 1434 3861 sua:
1453 3806 1648 3862 salutis
1672 3807 2085 3873 admoneatur,

463 3896 532 3949 'et
549 3893 717 3949 unius
736 3893 1004 3963 contagio
1015 3909 1120 3965 pro
1143 3895 1377 3965 h‘ujusce
1394 3895 1674 3967 temporis
1713 3897 2087 3960 male,neces-

463 3982 624 4038 saria
647 3982 751 4038 sub
771 3983 1008 4038 nomine
1024 3983 1258 4038 militari
1283 3984 2084 4056 cohabitatione,populusDei

471 4071 664 4126 minus
676 4070 983 4138 inﬁciatur,
998 4073 1266 4144 solusque
1280 4087 1441 4128 suam
1465 4072 1697 4129 interim
1715 4076 1908 4146 portet
1923 4073 2088 4128 mali-

448 4160 638 4231 .tiam,
665 4160 1056 4232 ignominiam
1082 4164 1140 4216 et
1169 4160 1428 4218 ruinam.

1009 4263 1345 4322 EPISTOLA
1377 4263 1550 4323 CCXI.

472 4368 775 4410 canemus
799 4365 1006 4411 ssncn
1028 4370 1273 4410 MARTINI
1299 4373 1370 4410 ex
1399 4371 1661 4412 ransom
1683 4353 2086 4412 EPISCOPORUM

546 4443 760 4499 Omnes
785 4443 1037 4516 episcopi
1071 4443 1167 4516 qui
1196 4444 1270 4499 ad
1292 4443 1599 4500 concilium
1622 4449 1903 4500 venerunt
1925 4445 1983 4500 in
2002 4462 2089 4500 ec-

475 4532 646 4589 clesia
675 4533 856 4588 sancti
886 4532 1066 4601 Pauli,
1089 4533 1360 4590 omnibus
1391 4533 1608 4589 clericis
1640 4533 1710 4590 de
1733 4534 2085 4590 monasterio

474 4622 656 4678 sancti
686 4619 936 4678 Martini.

543 4711 755 4767 Audita
784 4712 941 4767 fama
991 4714 1189 4767 vestra:
1227 4709 1560 4768 rebellionis
1599 4716 1802 4770 contra
1845 4713 2086 4771 fratrem

475 4805 738 4858 nostrum
769 4801 1066 4856 Turonicze
1089 4800 1334 4856 civitatis
1358 4801 1715 4875 episcopum,
1745 4804 1848 4858 has
1869 4804 2086 4860 litteras

475 4889 805 4959 direximus,
833 4891 891 4945 in
923 4907 1235 4946 commune
1265 4889 1664 4961 decernentes,
1683 4896 1966 4966 quatenus
1989 4896 2088 4948 aut

474 4995 607 5034 cum
626 4983 815 5035 vestro
841 4977 1108 5052 episcopo
1134 4979 1385 5037 redeatis
1406 4979 1462 5034 in
1480 4980 1857 5052 gratiam,aut
1873 4982 1945 5036 ad
1969 4983 2088 5055 pla-

473 5069 653 5125 citum
684 5067 872 5125 Chelas
892 5067 1226 5123 habendum
1261 5067 1501 5122 veniatis
1533 5085 1636 5139 pro
1664 5067 1948 5124 discordia
1989 5069 2086 5126 diu

472 5159 700 5214 retenta
723 5157 1013 5212 rationem
1029 5155 1309 5211 reddituri
1329 5156 1658 5212 vnld.Maii.
1695 5155 1859 5221 Quod
1889 5158 1934 5212 si
1967 5176 2085 5215 non

472 5245 742 5318 feceritis,
765 5245 954 5302 sciatis
969 5261 1067 5302 vos
1079 5242 1312 5318 percelli
1329 5261 1570 5301 censura
1590 5245 1883 5302 canonica:
1900 5245 2088 5302 distri-

475 5337 701 5400 ctionis.

2689 3286 3026 3343 EPISTOLA
3083 3288 3306 3344 CCXIV.

2453 3408 2794 3450 GERBERTUS
2821 3411 3197 3452 VERDUNENSI
3226 3409 3534 3452 EPISCOPO.

2244 3502 2616 3558 'Communes
2646 3503 2747 3558 ﬁlii
2779 3504 2844 3558 R.
2887 3507 2947 3560 et
2988 3506 3054 3560 D.
3088 3505 3530 3562 lmtiﬁcaverunt
3583 3514 3680 3556 nos
3720 3503 3776 3550 ex

2191 3588 2344 3645 dulci
2371 3607 2569 3646 rerum
2589 3593 3070 3648 commutatione.
3097 3593 3442 3661 Quiaenim,
3472 3593 3534 3647 ut
3561 3589 3636 3645 ait
3651 3588 3780 3656 Apo-

2186 3680 2365 3735 stolus
2408 3697 2422 3736 :
2493 3679 2856 3752 Corrumpunt
2901 3698 3070 3736 mores
3126 3682 3288 3738 bonos
3342 3681 3597 3754 colloquia
3630 3673 3777 3738 mala,

2186 3785 2292 3823 nec
2319 3785 2416 3824 vos
2445 3769 2811 3840 simplicitate
2851 3771 3172 3842 gaudentes
3187 3769 3584 3844 quorumdam
3611 3763 3776 3820 Gallo-

2184 3873 2316 3912 rum
2373 3855 2607 3912 affectus
2654 3857 2841 3913 varios
2871 3863 2930 3914 et
2957 3861 3261 3932 perplexos
3321 3859 3515 3915 dulces
3564 3855 3619 3910 in
3676 3855 3780 3915 ere,

2188 3961 2419 4001 amaros
2446 3945 2507 4000 in
2534 3945 2706 4001 corde
2734 3946 2923 4002 subito
2955 3947 3400 4018 deprehendere
3432 3940 3702 4020 potuistis,
3722 3935 3782 3992 ad

2192 4035 2352 4088 nulla
2363 4049 2565 4089 eorum
2583 4034 3250 4107 commentitia‘stuporis
3270 4037 3447 4110 plena
3468 4050 3582 4088 non
3602 4027 3782 4085 imme-

2189 4121 2301 4176 rito
2323 4121 2526 4177 mutati
2557 4122 2709 4178 estis.
2732 4122 2846 4177 Sed
2867 4123 3002 4193 quia
3026 4124 3293 4195 ingenita
3321 4123 3483 4180 vobis
3501 4113 3781 4195 prudentia

2191 4210 2402 4265 diutius
2430 4209 2591 4265 illudi
2618 4227 2737 4265 non
2772 4211 2979 4282 potuit,
3037 4227 3241 4268 eorum
3276 4211 3698 4268 simulationem
3724 4205 3778 4256 a'c

2191 4299 2712 4354 dissimulationem
2733 4316 2831 4354 vos
2861 4301 2935 4354 ad
2957 4303 3197 4371 plenum
3222 4300 3572 4357 intellexisse
3597 4290 3780 4368 gaude-

2114 4405 2166 4464 D
2192 4403 2338 4443 mus.
2368 4387 2530 4443 Unde
2558 4387 2742 4444 ﬁlium
2765 4392 3030 4445 nostrum
3054 4392 3303 4462 D.quem
3321 4390 3382 4445 in
3410 4389 3590 4444 multa
3607 4389 3779 4438 rerum

2187 4476 2424 4532 scientia
2453 4478 2744 4532 eruditum
2767 4478 3146 4549 interpretem
3165 4479 3353 4534 ﬁdum
3385 4476 3649 4534 omnium
3669 4475 3778 4542 qum

2187 4563 2248 4620 in
2274 4581 2581 4622 commune
2625 4568 2893 4638 placeant
2920 4567 3136 4622 habere
3161 4567 3509 4640 poterimus.
3540 4562 3690 4619 Vale.

2726 4693 3060 4751 EPISTOLA
3100 4693 3295 4752 CCXV.

2382 4815 2460 4855 AD
2488 4813 2782 4858 AZELINUM
2807 4817 3131 4859 EPISCOPUH
3163 4814 3618 4858 LAUDUNENSEM.

2187 4906 2349 4981 (Vide
2375 4910 2520 4981 infra
2579 4912 2636 4965 in
2691 4911 2923 4983 epistolis
2976 4919 3026 4968 et
3075 4911 3455 4984 diplomatibus
3476 4912 3599 4982 post
3625 4913 3778 4962 susce-

2418 5006 2572 5072 ptum
2613 5015 2879 5056 summum
2900 5002 3278 5072 pontiﬁcatum
3307 4998 3562 5074 scriptis.)

2701 5127 3036 5185 EPISTOLA
3075 5128 3276 5185 CCXV.

2316 5250 2392 5291 AD
2417 5246 2731 5296 Αιυιυιινωι
2754 5255 3072 5294 κεκειςεειι
3111 5241 3661 5295 Ακειῐιειιηοορυκ.

2817 5342 2980 5420 {Vide
3013 5346 3167 5421 ibid.)
