3954 6170
221 465 309 525 ξϐθ

946 450 1188 517 samo
1225 453 1368 514 n.—
1388 449 1740 515 EPISTOL/E
1773 412 1856 512 ET
1883 405 2278 514 DlPLOltIATA
2307 451 2718 512 nomnen.

3387 465 3494 522 270

1447 710 2242 800 JURAMENTUM

354 925 752 986 Prcestitum
783 938 826 983 a
857 925 1082 984 Perno
1118 923 1360 983 abbate
1388 924 1730 1062 Classenst'
1749 923 1988 982 Sancti
1999 922 2440 1060 ιᾼροὶιίηανῑε
2469 925 2822 986 Gennenro
2852 925 3366 998 archiepiscopo

1725 1016 1992 1062 avenna
2023 1018 2045 1059 ε

1725 1016 2045 1063 αυθηηαιῑ

1371 1130 1590 1211 (Anno
1621 1131 1762 1206 998,
1794 1131 1874 1190 3O
1901 1129 2346 1208 Novembris.)

752 1265 987 1337 (Annal.
1019 1261 1350 1330 Camaldul.,
1385 1263 1508 1317 tom
1545 1278 1698 1334 .pag.
1732 1263 1854 1329 147,
1886 1277 1952 1314 ex
1986 1260 2315 1317 authentico
2348 1262 2560 1318 archivi
2602 1263 2958 1337 Classensis.)

312 1511 619 1583 Exemplum
665 1513 1020 1577 instrumenti,
1053 1509 1205 1580 cuius
1232 1513 1384 1564 tenor
1415 1508 1540 1563 talis
1569 1515 1643 1562 est
1673 1526 1690 1561 :

283 1600 335 1652 ln
355 1601 590 1655 nomine
612 1600 816 1667 Patris,
832 1603 888 1653 et
905 1599 1050 1666 Filii,
1073 1602 1130 1652 et
1148 1598 1391 1669 Spiritus
1407 1597 1797 1664 sancti,anno,

230 1689 324 1741 Deo
365 1689 641 1760 propitio,
690 1688 1057 1758 pontiﬁcatus
1099 1687 1300 1741 domni
1332 1685 1590 1756 Gregorii
1618 1684 1800 1755 quinti

228 1781 273 1830 et
289 1776 783 1847 universalispapoe
816 1776 873 1829 in
904 1775 1218 1846 apostolica
1249 1773 1630 1828 sacratissima
1653 1772 1801 1827 beati

1819 1515 1874 1571 Α
1903 1511 2081 1562 stram
2100 1504 2500 1560 inﬁdelitatem
2516 1523 2609 1561 me
2623 1507 2987 1575 sociabo,sed
3003 1507 3137 1562 totis
3149 1507 3361 1563 viribus
3379 1507 3524 1562 meis

1904 1600 2108 1650 contra
2122 1594 2246 1648 illos
2266 1595 2429 1648 stabo
2452 1611 2556 1665 pro
2574 1600 2758 1650 vestra
2772 1597 3130 1664 ﬁdelitate,et
3152 1597 3430 1668 quidquid
3453 1597 3524 1650 ab

1909 1685 2021 1739 illis
2050 1683 2193 1738 scire
2216 1687 2480 1753 potuero,
2506 1688 2604 1737 aut
2631 1701 2734 1756 per
2762 1702 2876 1752 me,
2905 1689 3004 1739 aut
3034 1702 3139 1756 per
3165 1702 3365 1740 meum
3398 1685 3530 1738 mis-

1913 1789 2039 1826 sum
2061 1770 2332 1824 nuntiare
2359 1771 2539 1837 vobis,
2575 1776 2672 1825 aut
2720 1773 2918 1826 vestris
2971 1772 3254 1840 fidelibus,
3283 1773 3528 1826 studcbo

231 1863 354 1916 Petri
381 1865 628 1935 apostoli
655 1865 788 1918 sede
816 1864 1006 1930 tertio,
1039 1868 1210 1933 atque
1237 1862 1562 1933 imperante
1587 1861 1806 1915 domno
1914 1861 2026 1914 cito
2061 1863 2121 1912 ut
2157 1861 2440 1929 potuero;
2485 1863 2543 1913 et
2593 1860 2741 1913 bene
2788 1860 3064 1932 polliceor
3110 1865 3170 1914 ut
3221 1876 3526 1932 nunquam

231 1949 409 2005 Ottone
449 1951 629 2005 tertio
669 1951 903 2021 juniore
949 1967 1102 2004 anno
1157 1950 1348 2017 tertio,
1384 1950 1475 2003 die
1517 1948 1807 2002 tricesimo
1915 1948 2116 2002 diebus
2145 1946 2275 2000 vitae
2306 1962 2453 2000 meae
2485 1950 2584 2000 aut
2626 1947 2697 2001 ad
2728 1964 2963 2018 papam,
3009 1953 3106 2002 aut
3137 1949 3211 2002 ad
3243 1949 3533 2018 majorem

232 2039 411 2093 mensis
436 2039 800 2106 Novembris,
828 2039 1140 2093 indictione
1173 2037 1419 2103 decima,
1464 2038 1771 2090 Ravennae.

286 2128 580 2182 Pastoralis
591 2144 655 2182 ac
668 2127 953 2198 pontiﬁcis
967 2128 1038 2181 do
1047 2128 1168 2181 mni
1182 2130 1240 2180 et
1251 2125 1594 2181 sanctissimi
1613 2128 1670 2179 et
1683 2125 1814 2179 bea-

233 2214 399 2269 tissimi
413 2215 680 2270 Gerberti
700 2215 1114 2287 archiepiscopi
1131 2219 1342 2270 sancta:
1364 2213 1708 2268 Ravennatis
1722 2214 1817 2266 Ec-

233 2303 463 2370 clesiae,et
483 2305 788 2359 investitor
802 2321 931 2358 meo
951 2303 1313 2376 providentia
1327 2308 1498 2373 atque
1511 2303 1815 2373 respectio,

232 2391 307 2460 qui
321 2391 439 2445 licet
464 2409 518 2445 m
532 2392 616 2445 ibi
636 2392 872 2462 indigno
890 2393 1106 2446 famulo
1122 2396 1242 2458 tuo,
1262 2392 1432 2445 nullis
1452 2391 1817 2461 suifraganti-

236 2478 320 2531 bus
340 2480 586 2543 meritis,
611 2497 726 2534 suae
755 2480 936 2534 laudis
975 2497 1205 2552 suaeque
1235 2481 1466 2551 pietatis
1489 2480 1819 2547 clementia,

237 2567 354 2621 sicut
380 2573 434 2621 et
463 2569 746 2623 omnibus
775 2569 1042 2640 subjectis
1074 2569 1206 2636 suis,
1232 2569 1372 2622 mihi
1404 2569 1674 2640 largitlua
1703 2586 1821 2624 sua:

237 2656 622 2711 misericordia:
657 2657 870 2711 viscera
913 2659 1230 2712 clementer
1256 2657 1616 2730 impendere,
1657 2658 1819 2728 respi-

235 2749 375 2799 rante
404 2745 481 2800 illi
502 2744 711 2799 divina
732 2745 961 2813 virtute,
995 2746 1264 2816 dignatus
1287 2751 1374 2801 est
1411 2763 1582 2818 super
1622 2763 1721 2800 me
1753 2747 1832 2800 af-

241 2831 486 2889 ﬂuentem
503 2851 625 2888 suae
643 2834 868 2904 pietatis
880 2834 1284 2890 misericordiae
1299 2835 1648 2902 exhibere,et
1664 2851 1755 2888 me
1773 2834 1835 2888 li-

240 2922 630 2994 cetindignum
657 2928 713 2977 et
729 2923 1024 2978 immerito
1045 2924 1182 2978 etin
1197 2923 1457 2978 coenobio
1472 2923 1652 2978 sancti
1664 2924 1834 2994 Apol-

242 3008 927 3083 linarisChristimartyris
940 3013 1014 3066 ad
1034 3013 1492 3067 conservandam
1523 3011 1704 3066 sancti
1733 3013 1833 3064 Be-

245 3099 425 3154 nedicti
440 3103 736 3173 regulam,
755 3106 812 3154 et
827 3102 900 3156 ad
911 3101 1347 3156 custodiendam
1377 3101 1695 3155 secundum
1713 3117 1834 3154 me-

247 3187 632 3260 amintelligen
645 3189 784 3242 tiam
813 3193 871 3245 et
889 3189 1321 3260 possibilitatem
1341 3189 1527 3259 gratia
1556 3191 1835 3260 operante

249 3272 412 3330 divina
426 3277 784 3332 constituere
805 3293 898 3330 me
915 3277 1187 3332 abbatem
1205 3277 1478 3349 dignatus
1493 3281 1598 3331 est.
1624 3277 1838 3332 Idcirco

250 3375 338 3431 ego
356 3365 660 3436 presbyter
676 3369 732 3420 et
752 3366 1153 3433 monachus,et
1165 3367 1376 3420 electus
1393 3383 1426 3420 a
1443 3365 1844 3437 congregatio-

253 3465 311 3502 ne
338 3453 676 3508 monasterii
715 3453 910 3508 Sancti
932 3456 1302 3524 Apollinaris,
1328 3455 1485 3526 quod
1505 3458 1738 3509 vocatur
1773 3455 1846 3508 ad

255 3537 796 3614 Classem,promitto
812 3558 916 3614 per
932 3543 1040 3596 hoc
1053 3548 1315 3598 sanctum
1347 3545 1524 3598 altare
1545 3547 1602 3597 et
1622 3546 1848 3597 sanctas

257 3623 446 3682 ibidem
463 3630 734 3684 conditas
755 3630 1048 3701 reliquias,
1063 3634 1120 3684 et
1135 3632 1256 3685 haec
1273 3636 1470 3686 sancta
1486 3632 1585 3685 Dei
1603 3635 1850 3702 quatuor

258 3711 560 3786 Evangelia,
590 3716 732 3789 quia
762 3717 832 3770 ab
864 3718 969 3770 hac
997 3719 1140 3772 hora
1169 3719 1406 3773 inantea
1432 3719 1616 3773 ﬁdelis
1647 3737 1773 3773 sum
1793 3723 1851 3774 et

259 3815 338 3854 ero
369 3805 637 3859 omnibus
661 3805 860 3859 diebus
888 3806 1014 3860 vita:
1036 3824 1180 3862 mena
1203 3812 1415 3861 sanctae
1430 3808 1680 3862 dominae
1703 3825 1849 3862 mea:

257 3888 548 3947 Ravennati
581 3894 867 3960 Ecclesiae,
903 3898 960 3948 et
1000 3895 1102 3949 tibi
1149 3896 1366 3950 domno
1399 3913 1530 3951 meo
1574 3897 1850 3952 Gerberto

263 3979 1507 4053 archiepiscopoEcclesimsanctmRavennatis
1523 3990 1852 4056 perrectam

263 4065 413 4122 ﬁdem
426 4072 660 4143 tuisque
673 4072 1085 4126 successoribus
1099 4073 1156 4125 in
1168 4077 1510 4145 perpetuum
1522 4077 1600 4140 ,et
1616 4090 1855 4128 omnem

259 4154 574 4226 iussionem,
594 4160 979 4228 voluntatem,
1003 4178 1102 4215 seu
1126 4164 1606 4217 consuetudinem
1643 4166 1856 4217 sancto:

270 4243 856 4305 RavennatisEcclesiae
871 4250 1145 4322 polliceor
1156 4253 1473 4306 secundum
1491 4269 1685 4306 meum
1693 4269 1859 4325 posse

271 4338 679 4407 completurum
697 4355 839 4405 esse,
864 4342 921 4392 et
935 4355 1067 4393 cum
1080 4338 1326 4395 inimicis
1346 4342 1545 4396 vestris
1558 4359 1860 4414 nunquam

272 4421 330 4475 ad
357 4423 736 4482 damnitatem
772 4431 982 4483 sancta:
1010 4429 1353 4485 Ravennatis
1391 4431 1654 4487 Ecclesia:
1689 4436 1746 4486 et
1767 4449 1859 4486 ve-

1912 2038 2001 2091 vel
2016 2035 2367 2106 coasqualem
2382 2035 2767 2104 patriarcham
2778 2041 2896 2104 ,aut
2909 2038 2979 2090 ad
2993 2037 3406 2108 imperatorem
3417 2039 3540 2104 ,aut

1916 2141 2117 2194 regem
2133 2124 2217 2176 vel
2231 2123 2484 2194 aliquam
2503 2139 2812 2194 personam
2831 2126 3228 2196 majorem,vel
3248 2125 3538 2179 minorem

1918 2213 2148 2279 vadam,
2166 2212 2515 2266 autmissum
2536 2213 2767 2268 mittam
2781 2217 2984 2268 contra
3004 2218 3263 2268 sanctam
3289 2217 3540 2267 vestram

1923 2300 2224 2356 dominam
2242 2315 2437 2354 meam
2457 2301 2852 2356 Ravennatem
2871 2303 3309 2369 Ecclesiam,aut
3336 2305 3544 2356 contra

1922 2393 2169 2444 vestram
2184 2392 2442 2442 vestroru
2451 2405 2622 2460 mque
2637 2391 2992 2445 voluntatem
3015 2408 3192 2462 agens
3206 2407 3310 2462 per
3322 2391 3545 2444 nullum

1928 2477 2234 2548 ingenium
2259 2478 2382 2530 sine
2413 2483 2600 2532 vestra
2629 2481 2717 2533 vel
2739 2483 3061 2535 vestrorum
3077 2496 3468 2535 successorum
3484 2479 3546 2533 li-

1926 2567 2203 2621 centia.ln
2222 2565 2624 2620 festivitatibus
2636 2584 2862 2640 quoque
2881 2572 3211 2623 sanctorum
3228 2572 3550 2640 martyrum

1927 2654 2278 2725 Apollinaris
2293 2658 2351 2708 et
2367 2654 2562 2708 Vitalis
2590 2657 2920 2712 omnianno
2935 2657 3009 2711 ad
3036 2657 3324 2730 synodum
3348 2674 3550 2712 secun-

1938 2744 2078 2797 dum
2110 2742 2411 2814 antiquam
2429 2735 2910 2799 consuetudinem
2932 2762 3233 2800 occurrere
3252 2747 3552 2818 promitto,

1937 2835 2176 2902 excepta
2205 2847 2375 2885 causa
2430 2832 2784 2887 inﬁrmitatis
2815 2839 2871 2888 et
2906 2835 3146 2889 itineris.
3182 2837 3248 2889 Et
3281 2835 3351 2889 de
3383 2836 3556 2890 rebus

1938 2919 2274 2974 monasterii
2302 2920 2496 2973 Sancti
2522 2921 2892 2990 Apollinaris,
2923 2923 2981 2975 in
3011 2940 3126 2993 quo
3158 2941 3252 2978 me
3279 2924 3553 2978 ordinare

1940 3007 2242 3079 disponitis
2272 3007 2343 3060 ad
2370 3010 2588 3062 nullam
2621 3010 3072 3064 minorationem
3093 3011 3164 3066 ab
3195 3012 3299 3065 hac
3322 3011 3467 3065 hora
3494 3011 3552 3064 in

1941 3100 2116 3150 antea
2137 3097 2391 3167 aliquam
2407 3098 2750 3168 scripturam
2773 3103 2870 3154 aut
2897 3101 3160 3154 chartam
3192 3099 3381 3154 facere
3412 3115 3555 3170 prai—

1943 3202 2195 3252 sumam,
2228 3185 2339 3239 nisi
2389 3189 2616 3240 tantum
2671 3205 2776 3259 per
2803 3188 3027 3244 libellos
3074 3193 3171 3244 aut
3215 3189 3556 3260 empbyteu-

1943 3276 2053 3330 sim
2086 3275 2242 3329 bona
2270 3277 2604 3330 renovanda
2631 3277 2772 3330 sicut
2792 3295 2896 3349 per
2912 3282 3138 3333 nostros
3169 3282 3559 3332 antecessores

1947 3363 2196 3416 ﬁrmiter
2221 3366 2374 3430 sunt,
2409 3380 2507 3417 seu
2539 3368 2712 3435 prout
2743 3366 2947 3421 melius
2975 3383 3244 3438 posuero.
3278 3367 3386 3420 Res
3415 3367 3562 3437 ejus-

1950 3450 2084 3506 dem
2113 3453 2450 3506 monasterii
2475 3456 2531 3506 et
2563 3457 2946 3524 possessiones
2977 3472 3179 3510 omnes
3193 3456 3266 3513 ad
3289 3455 3560 3511 meliora-

1948 3542 2169 3594 tionem
2193 3542 2506 3609 renovabo,
2529 3546 2585 3595 et
2606 3560 2674 3597 ea
2694 3545 2818 3598 loca
2838 3561 2964 3617 quae
2983 3547 3055 3600 ad
3071 3546 3411 3618 pensionem
3429 3545 3564 3599 data

1949 3633 2082 3683 sunt
2099 3632 2386 3700 completa
2419 3632 2753 3687 haereditate
2785 3635 3253 3690 contrahentium
3279 3635 3337 3689 in
3357 3634 3561 3689 salario

1943 3717 2096 3788 jure,
2131 3723 2303 3788 prout
2335 3720 2587 3786 valucro,
2619 3721 3108 3778 administrandas
3123 3724 3318 3795 fruges
3348 3722 3565 3777 recolli-

1952 3822 2088 3876 gere
2121 3809 2253 3860 totis
2283 3808 2496 3862 viribus
2520 3812 2884 3881 repromitto,
2907 3813 3062 3884 quod
3081 3817 3142 3866 ut
3183 3829 3309 3866 vere
3335 3813 3406 3868 ab
3437 3829 3563 3866 om«

1953 3895 2122 3949 nibus
2153 3896 2438 3964 credatur,
2483 3902 2542 3952 et
2572 3899 2630 3952 in
2663 3900 2857 3955 futuro
2887 3905 3148 3972 tempore
3180 3918 3214 3954 a
3242 3917 3336 3955 me
3368 3901 3564 3954 obser‘

1953 3988 2141 4053 vetur,
2169 4001 2346 4039 manu
2377 3987 2613 4058 propria
2641 3989 2855 4060 scripsi.

2028 4074 2146 4145 Ego
2181 4076 2380 4129 Petrus
2410 4078 2746 4143 monachus,
2764 4081 2822 4131 et
2844 4078 3139 4149 presbyter
3159 4080 3216 4132 et
3241 4075 3565 4134 abbas‘mo-

1962 4163 2200 4217 nasterii
2226 4164 2828 4236 SanctiAppollinaris
2865 4168 2925 4221 in
2970 4167 3178 4235 Classe,
3213 4167 3270 4220 in
3297 4167 3402 4223 hac
3432 4185 3564 4240 prec

1959 4251 2231 4306 missione
2253 4269 2430 4307 manu
2452 4254 2686 4326 propria
2710 4255 2927 4326 scripsi.

2035 4342 2102 4395 Et
2129 4358 2238 4412 ego
2260 4345 2560 4398 Artusinus
2588 4345 2845 4400 notarius
2874 4347 3211 4420 exemplavi.

270 4547 3014 4580 .._____________________________________________

1263 4643 1758 4751 SECTIO
1893 4644 2582 4753 SECUNDA.

1126 4809 1598 4872 EPISTOL/E
1618 4816 1741 4874 ET
1764 4815 2060 4875 DECRE'
2070 4817 2176 4874 TA
2205 4817 2716 4878 PONTIFICIA

286 5011 527 5084 Sylvester
557 5019 623 5073 Il
668 5020 1046 5074 monasterium
1083 5018 1146 5074 S.
1179 5018 1449 5075 Lamberti
1471 5020 1750 5084 Seoncnse,
1773 5040 1866 5094 pe—
1891 5025 1944 5084 D
2036 5025 2094 5080 Si
2121 5025 2248 5081 loca
2284 5028 2371 5082 vel
2403 5026 2756 5082 monasteria
2772 5025 3050 5098 religiosis
3076 5030 3336 5098 personis
3365 5046 3430 5084 ac
3463 5033 3579 5086 Deo

350 5110 561 5164 tantibus
605 5109 892 5180 [undetore
939 5108 1182 5162 Arz‘bone
1209 5112 1398 5164 comite
1437 5119 1485 5165 et
1537 5113 1729 5168 Otto-ne
1773 5111 1866 5165 111

346 5197 670 5267 imperatore,
701 5197 983 5266 conﬁrmat
1018 5198 1327 5270 juribusquc
1366 5205 1540 5268 ornat,
1574 5218 1634 5254 ea
1665 5201 1772 5271 lege
1810 5208 1866 5254 ut

352 5289 568 5357 singulis
600 5292 753 5344 armis
778 5290 992 5346 denarii
1017 5307 1090 5344 xu
1116 5290 1228 5344 sedi
1244 5290 1501 5348 Romanae
1530 5293 1805 5348 solvantur
1835 5311 1868 5347 a

336 5379 627 5432 monachis.

890 5470 1080 5541 (Anno
1111 5469 1255 5539 999.)

305 5549 660 5624 {Monumenta
715 5558 902 5630 Boz'ca,
942 5558 1220 5614 Monachii
1264 5565 1418 5635 l763,
1476 5565 1554 5635 4ο,
1604 5568 1749 5622 tom.
1805 5567 1872 5635 ll,

915 5655 1232 5728 pag.l23J

369 5731 660 5797 SILVISTER
685 5741 997 5820 episcopus,
1027 5763 1223 5806 servus
1240 5764 1538 5808 servorum
1561 5747 1688 5829 Dei.

1967 5115 2184 5171 devotis
2211 5120 2537 5172 constructa
2549 5121 2746 5171 nostra
2759 5117 3074 5188 pontiﬁcali
3092 5120 3431 5174 auctoritate
3462 5135 3585 5173 cor-

1969 5205 2242 5259 roborare
2273 5210 2330 5260 et
2356 5205 2668 5261 sublimare
2699 5222 2999 5275 conamur,
3022 5208 3129 5262 hoc
3167 5211 3367 5280 procul
3409 5209 3583 5263 dubio

1972 5295 2046 5349 ad
2076 5295 2370 5367 utriusque
2400 5295 2774 5350 beatitudinis
2793 5296 3098 5367 praemium
3132 5299 3299 5352 nobis
3323 5301 3585 5370 profutu-

1973 5401 2104 5439 rum
2134 5385 2258 5439 fore
2283 5385 2589 5439 credimus.
2632 5384 2997 5456 QuaprOpter
3047 5386 3273 5441 noverit
3320 5389 3586 5443 omnium

1977 5478 2188 5529 sanctae
2212 5473 2311 5530 Dei
2337 5474 2594 5528 Ecclesiae
2608 5464 2864 5529 ﬁdelium
2887 5479 3005 5529 tam
3019 5477 3389 5546 praesentium
3409 5491 3590 5548 quam

1977 5564 2307 5620 futurorum
2351 5562 2652 5632 industria,
2686 5564 2932 5636 qualiter
2983 5566 3156 5619 Aribo
3205 5580 3416 5633 comes,
3479 5581 3586 5637 pro

1979 5653 2189 5710 animae
2217 5669 2333 5708 suae
2360 5653 2620 5709 remedio
2647 5669 3001 5725 suorumque
3017 5657 3351 5727 parentum,
3369 5653 3429 5708 in
3445 5669 3590 5728 quo-

1981 5745 2118 5806 dam
2141 5762 2259 5806 sua:
2288 5745 2654 5822 proprietatis
2681 5747 2808 5809 loco
2839 5744 2982 5804 olim
3005 5747 3220 5825 Burgili
3240 5754 3465 5823 vocato,
3488 5751 3592 5814 sed
