3898 6168
450 397 546 463 271

1140 384 1491 458 siLvesTm
1519 399 1558 453 ιι
1587 393 1793 453 ΡΑΜ)
1825 378 1978 451 o'P‘p.
2008 392 2069 449 Pl

2178 393 2188 446 ἱ
2217 390 2392 446 lll.—
2419 384 2633 447 EPIST.
2666 387 2749 446 ET
2773 377 3050 445 DlPLOH.

3607 390 3697 453 3’12

449 527 625 583 modo
649 526 720 582 ab
747 524 948 580 incolis
962 523 1146 579 Seuva
1177 524 1331 578 Cella
1357 519 1534 576 sancti
1557 518 1864 592 Landperti
1893 534 2046 572 mar-
2070 528 2124 584 Α
2146 518 2312 571 vator
2333 515 2500 587 hujus
2513 514 2691 570 nostri
2714 513 2994 586 privilegii
3017 511 3308 579 exstiterit,
3327 513 3701 570 benedictionis

444 618 584 689 tyris
598 614 1192 682 dicto,monasterium
1215 613 1272 666 in
1296 613 1578 666 honorem
1593 609 1850 680 ejusdem
1869 609 2050 662 sancti

447 705 718 777 martyris
739 701 1047 774 Landperti
1061 701 1346 774 amplifico
1364 699 1736 771 benignitatis
1746 697 2052 752 conamine

448 791 861 862 construxit,ad
876 789 1374 862 augmentandum
1401 805 1514 842 suae
1535 785 1728 840 salutis
1747 785 2052 856 praemium

449 884 508 935 et
535 896 601 934 ex
633 878 974 934 auctoritate
991 876 1342 932 sanctiPetri
1370 874 1643 946 principis
1659 874 2053 946 apostolorum

447 967 725 1022 libertatis
743 965 978 1020 arbitrio
1001 965 1438 1019 corroboratum
1463 962 1584 1016 fieri
1599 961 1920 1034 postulavit.
1943 960 2052 1031 lgi-

448 1060 545 1111 tur
575 1073 640 1110 ex
673 1056 779 1109 hac
810 1072 872 1108 re
899 1053 1291 1126 gloriosissimi
1316 1052 1680 1123 imperatoris
1700 1050 1937 1120 Augusti
1964 1048 2056 1102 Ot-

449 1145 604 1199 tonis
629 1145 782 1199 tertii
823 1143 930 1216 piis
974 1141 1490 1196 interventionibus
1519 1143 1715 1194 nostra
1745 1137 2055 1209 apostolica

451 1233 760 1288 auctoritas
784 1247 1072 1303 persuasa,
1106 1230 1344 1302 praefato
1369 1229 1549 1284 sancti
1582 1226 1850 1299 martyris
1870 1227 2054 1280 Land-

453 1322 598 1396 perti
617 1321 965 1376 monasterio
982 1319 1188 1391 perhuj
1201 1336 1262 1372 us
1276 1316 1568 1389 previlegii
1583 1316 1787 1370 seriem
1807 1315 2054 1368 liberum

452 1411 664 1464 habere
710 1409 987 1464 concessit
1029 1406 1353 1473 arbitrium,
1395 1423 1458 1460 ac
1495 1410 1554 1460 ut
1596 1403 1892 1459 monachis
1937 1403 2054 1456 Deo

453 1498 598 1552 inibi
628 1498 1001 1552 servientibus
1040 1495 1206 1548 liceat
1237 1495 1553 1549 secundum
1593 1494 1855 1564 regulare
1904 1488 2056 1544 beati

455 1587 747 1641 Benedicti
763 1585 984 1640 abbatis
1002 1585 1298 1638 decretum
1313 1584 1527 1654 eligere
1547 1582 1652 1636 sibi
1672 1580 2054 1635 abbatem.ln-

455 1692 629 1746 super
659 1675 834 1728 etiam
865 1673 1080 1745 placuit
1111 1671 1434 1726 auctoritati
1465 1674 1674 1724 nostrae
1715 1668 2052 1732 concedere,

457 1773 519 1818 ut
551 1764 879 1836 praelibatus
924 1766 1290 1816 conservator
1319 1759 1654 1814 monasterii
1687 1757 2056 1813 advocatione

2152 605 2400 675 gratiam
2432 608 2488 658 et
2510 605 2687 660 vitam
2715 608 2993 658 aeternam
3013 621 3046 657 a
3064 602 3302 658 Domino
3333 608 3700 676 consequatur.

2231 694 2518 766 Scriptum
2561 710 2665 767 per
2707 710 2912 748 manus
2956 691 3108 746 Petri
3141 692 3342 746 notarii
3377 696 3429 746 et
3455 692 3705 747 scriniarii

2155 783 2214 840 S.
2245 784 2310 838 Β.
2341 786 2401 838 Ε.

2225 873 2371 927 Data
2397 889 2492 928 xxv
2521 873 2642 926 Kal.
2681 870 2828 937 Maii,
2869 887 3023 925 anno
3055 868 3362 926 Dominizae
3395 869 3708 924 incarnatio-

2157 963 2244 1018 nis
2269 966 2394 1031 999,
2429 961 2742 1016 indictione
2775 977 2872 1014 xu.

2922 1051 2986 1103 ll.

2154 1139 2404 1195 Silvesler
2454 1137 2518 1191 II
2551 1156 2702 1210 papa
2741 1138 3051 1193 monasterii
3114 1134 3396 1190 Fuldemis
3427 1134 3714 1206 privilegia,

2375 1234 2587 1298 petente
2601 1225 2957 1287 Erkanbaldo
2989 1225 3194 1292 abbate,
3223 1225 3511 1294 conﬁrmat.

2584 1314 2772 1385 (Anno
2798 1317 2922 1381 999,
2954 1317 3011 1368 3i
3037 1313 3330 1384 Deccmb.)

2323 1404 2597 1474 [Dronke,
2627 1402 2760 1458 Cod.
2793 1403 3010 1473 diplom.
3045 1401 3234 1469 Fuld.,
3267 1418 3396 1473 pag.
3429 1403 3570 1462 3-il.]

2232 1494 2527 1549 SILVESTER
2568 1496 2886 1567 episcopus,
2933 1510 3124 1547 servus
3157 1507 3447 1546 servorum
3487 1490 3608 1554 Dei,
3646 1487 3718 1543 di-

2158 1583 2464 1638 lectissimo
2493 1583 2610 1637 filio
2640 1584 3003 1637 ERKANBALDO
3031 1581 3342 1635 venerabili
3387 1577 3567 1633 abbati
3597 1575 3723 1630 sacri

2159 1673 2492 1727 monasterii
2522 1672 2832 1726 Salvatoris
2865 1670 3184 1725 nostriJesu
3197 1668 3398 1723 Christi
3423 1665 3724 1737 cunctisque

2157 1763 2269 1816 tuis
2311 1761 2728 1816 successoribus
2775 1759 3077 1815 abbatibus
3112 1759 3369 1829 ejusdem
3409 1754 3636 1812 ccenobii
3676 1752 3726 1806 in

456 1856 650 1907 utatur
679 1851 932 1924 quandiu
961 1853 1244 1920 superstes
1277 1853 1392 1917 est;
1431 1849 1530 1903 sed
1568 1851 1696 1919 post
1744 1847 1917 1918 ipsius
1958 1846 2055 1900 de-
2087 1845 2138 1907 B
2159 1855 2526 1922 perpetuum.

456 1957 678 1996 cessum
691 1945 959 2012 potenter
977 1940 1152 2010 eligat
1180 1938 1286 1993 sibi
1314 1938 1490 1992 abbas
1515 1953 1647 1991 cum
1674 1936 1946 1990 fratribus
1963 1934 2058 1988 ad-

457 2032 722 2084 vocatum
745 2044 1148 2100 quemcunque
1165 2027 1450 2081 utiliorem
1465 2023 1987 2097 comprobaverint;
2004 2025 2062 2076 et

458 2120 522 2172 ut
549 2118 762 2188 absque
807 2117 1107 2188 omnijuga
1155 2115 1614 2172 contradictione
1671 2114 2061 2184 cujuscunque

457 2223 719 2279 personae
750 2210 954 2260 cuncta
992 2207 1117 2260 loca
1161 2206 1382 2259 urbana
1419 2205 1508 2258 vel
1552 2202 1782 2269 rustica,
1839 2201 2063 2255 diversa

461 2295 699 2367 praedia,
746 2295 896 2348 culta
936 2294 1021 2346 vel
1074 2293 1309 2358 inculta,
1362 2308 1496 2345 cum
1536 2290 1806 2344 omnibus
1859 2305 2062 2343 eorum

461 2383 816 2456 appendiciis
845 2399 973 2452 qua:
1004 2382 1074 2436 ab
1108 2381 1391 2451 aliquibus
1430 2379 1765 2434 Christianis
1795 2394 2064 2432 concessa

461 2476 596 2527 sunt
623 2472 708 2525 vel
740 2469 1152 2530 concedentur,
1193 2485 1325 2522 cum
1363 2468 1524 2522 omni
1554 2467 1856 2522 securitate
1903 2467 2060 2538 quie-

460 2565 554 2616 tus
585 2559 871 2632 possideat
914 2561 1084 2629 atque
1147 2557 1432 2628 disponat,
1465 2559 1524 2611 et
1574 2560 1705 2627 post
1751 2573 1886 2610 eum
1944 2554 2066 2609 uni-

458 2651 603 2704 versi
653 2663 1003 2702 successores
1035 2645 1118 2700 sui
1167 2647 1402 2700 abbates
1449 2645 1506 2698 in
1538 2648 1905 2716 perpetuum.
1943 2643 2066 2707 Qua

462 2739 686 2792 ratione
717 2737 904 2807 ipsum
927 2752 1077 2806 smpe
1110 2735 1479 2805 praelibatum
1515 2733 1932 2788 monasterium
1957 2749 2063 2805 per

468 2825 866 2881 defensionem
887 2827 1097 2878 sanctae
1115 2824 1389 2877 Romana:
1405 2822 1665 2876 Ecclesia:
1720 2822 2064 2876 liberalitate

469 2915 647 2970 nostri
674 2912 958 2986 privilegii
997 2913 1497 2979 confirmamus,ut
1528 2928 1712 2983 neque
1741 2928 2065 2982 nos,neque

465 3004 562 3060 ulli
580 3007 912 3058 nostrorum
930 3017 1319 3056 successorum
1334 3001 1798 3073 pontificum,seu
1828 2999 2068 3070 quilibet

462 3094 781 3168 imperator
811 3095 908 3147 aut
961 3108 1081 3158 rex,
1149 3090 1435 3144 vendendi
1489 3089 1602 3143 sive
1649 3087 1958 3160 prmstandi
2007 3087 2063 3141 in

458 3181 806 3238 beneficium
853 3181 939 3234 vel
993 3179 1256 3233 tradendi
1306 3178 1515 3232 habeat
1570 3181 1950 3248 potestatem;
2013 3179 2070 3230 et

463 3273 652 3326 nullus
681 3271 814 3336 dux,
846 3267 1326 3339 archiepiscopus,
1359 3265 1676 3335 episcopus,
1709 3281 1921 3330 comes,
1955 3263 2068 3317 sive

469 3362 662 3431 aliqua
691 3375 938 3429 persona
980 3357 1190 3410 audeat
1236 3354 1581 3425 inquietare,
1615 3354 1701 3406 vcl
1735 3353 2063 3418 molestare,

466 3448 579 3502 sive
611 3447 681 3501 de
711 3447 882 3500 rebus
928 3444 1042 3498 suis
1099 3443 1314 3514 aliquid
1373 3441 1493 3495 sine
1525 3442 1813 3494 voluntate
1845 3439 2067 3494 abbatis

469 3535 576 3590 sibi
600 3549 895 3605 usurpare.
931 3532 998 3584 Et
1027 3547 1132 3602 pro
1158 3532 1420 3602 respectu
1455 3529 1898 3600 testimonioque
1929 3544 2066 3583 con-

466 3619 1072 3686 cessaelihertatis,sub
1106 3620 1324 3672 honore
1342 3617 1843 3688 xn,apostolorum
1875 3634 1948 3671 xu
1971 3616 2068 3670 de-

471 3711 618 3766 narii
650 3710 722 3764 ad
753 3708 962 3763 limina
1009 3707 1404 3778 apostolorum
1454 3705 1606 3759 Petri
1636 3709 1692 3759 et
1721 3705 1876 3760 Pauli
1911 3706 2070 3761 omni

467 3816 622 3856 anno
651 3799 1002 3853 deferantur.
1036 3797 1102 3849 Et
1122 3795 1167 3849 si
1199 3794 1358 3849 omni
1389 3811 1542 3849 anno
1592 3795 1922 3865 praesentari
1969 3795 2074 3850 im-

470 3889 738 3963 possibile
785 3886 976 3953 fuerit,
1033 3884 1185 3939 infra
1214 3883 1462 3956 spatium
1504 3900 1792 3938 annorum
1834 3901 1910 3938 xu
1941 3900 2072 3956 per-

472 3980 782 4034 solvantur.
820 3977 885 4031 Et
921 3992 1025 4047 pro
1059 3973 1184 4028 vivo
1216 3973 1478 4028 Romano
1518 3973 1788 4045 pontifice
1823 3973 1896 4026 ad
1937 3973 2073 4026 mis-

469 4086 597 4124 sam
628 4067 838 4122 amodo
869 4064 1028 4120 omni
1056 4063 1148 4118 die
1171 4079 1287 4116 una
1311 4062 1550 4116 collecta
1571 4061 1690 4118 flat.
1725 4060 2001 4115 Similiter
2019 4064 2076 4114 et

473 4176 575 4231 pro
607 4155 910 4212 defunctis.
940 4154 999 4208 Si
1030 4152 1155 4224 quis
1172 4155 1368 4206 autem
1394 4151 1702 4205 temerario
1731 4168 1890 4219 ausu,
1921 4149 2076 4222 quod

477 4246 598 4300 fieri
637 4261 756 4300 non
787 4241 1095 4308 credimus,
1133 4244 1335 4295 contra
1364 4240 1533 4310 hujus
1563 4243 1773 4295 nostra:
1811 4239 2078 4312 apostoli-

474 4351 553 4389 cae
587 4329 1046 4387 confirmationis
1084 4328 1294 4382 seriem
1324 4329 1520 4382 venire
1557 4331 1656 4382 aut
1683 4345 1856 4400 agere
1890 4332 2075 4382 tenta-

2216 1938 2494 1993 Pontificii
2513 1939 2692 1993 nostri
2709 1956 2844 1993 cura
2856 1957 2958 1994 nos
2974 1944 3138 2011 urget
3151 1940 3472 1993 sanctarum
3493 1933 3728 1989 omnium

2164 2027 2263 2083 Dei
2310 2027 2687 2082 Ecclesiarum
2722 2028 3062 2082 utilitatibus
3096 2028 3287 2082 favere
3330 2043 3413 2093 ac,
3445 2022 3732 2078 secundum

2165 2116 2319 2188 quod
2355 2133 2712 2188 unaquaeque
2739 2117 2796 2170 in
2819 2117 3053 2188 proprio
3076 2121 3224 2171 statu
3245 2129 3511 2170 mansura
3524 2112 3733 2178 sit,con-

2166 2220 2377 2276 gruum
2405 2204 2484 2258 eis
2516 2205 2813 2276 impertire
2829 2204 3186 2276 suffragium.
3204 2203 3497 2268 Quocirca,
3521 2196 3739 2254 dilectis-

2166 2292 2309 2346 sime
2337 2292 2438 2354 fili,
2467 2293 2665 2346 omnia
2683 2310 2808 2364 qua:
2832 2311 2864 2347 a
2889 2293 3402 2364 praedecessoribus
3415 2287 3611 2344 nostris
3624 2287 3737 2357 jure

2167 2397 2231 2434 ac
2256 2380 2675 2434 rationabiliter
2713 2381 2794 2434 tui
2824 2383 3178 2452 postulavere
3221 2393 3604 2451 praecessores,
3651 2372 3740 2427 tibi

2166 2468 2390 2539 tuisque
2418 2469 2836 2524 successoribus
2873 2472 3153 2541 perpetuo
3192 2469 3615 2523 confirmamus.
3640 2462 3738 2516 Mo-

2166 2556 2480 2610 nasterium
2495 2574 2633 2628 ergo
2661 2557 2960 2625 Fuldense,
2975 2557 3129 2629 quod
3151 2556 3537 2611 sanctissimus
3557 2548 3742 2606 Christi

2168 2649 2387 2716 martyr
2413 2645 2735 2699 Bonifacius
2756 2645 3025 2717 primitus
3058 2644 3394 2711 construxit,
3414 2647 3469 2698 et
3486 2654 3742 2712 regumac

2167 2733 2490 2805 principum
2507 2733 2758 2788 donariis
2783 2735 3142 2807 propriisque
3157 2734 3525 2788 facultatibus
3543 2727 3744 2800 magni-

2168 2821 2272 2875 fice
2304 2822 2520 2887 ditavit,
2551 2839 2688 2876 cum
2715 2823 2985 2878 omnibus
3001 2824 3176 2889 cellis,
3199 2821 3476 2887 ecclesiis,
3499 2818 3748 2882 curtibus,

2169 2910 2498 2981 cunctisque
2526 2911 2597 2964 ad
2627 2928 2685 2964 se
2712 2913 3132 2982 pertinentibus
3159 2911 3261 2965 tibi
3290 2909 3477 2966 nostri
3499 2903 3754 2982 privilegii

2170 2999 2554 3070 praeceptione
2581 2999 2950 3054 concedimus
2970 3004 3027 3054 et
3050 3000 3488 3065 confirmamus,
3506 2999 3565 3051 ut
3585 2994 3756 3049 nullus

2170 3088 2304 3142 inde
2336 3088 2559 3141 futurus
2603 3089 2777 3142 abbas
2807 3089 3310 3144 consecrationem
3346 3103 3598 3160 unquam
3629 3097 3756 3156 prae-

2171 3181 2362 3232 sumat
2413 3177 2668 3248 accipere
2709 3177 2814 3231 nisi
2845 3179 2914 3231 ab
2948 3179 3052 3232 hac
3085 3177 3218 3231 sede
3244 3177 3581 3248 apostolica.
3615 3175 3753 3226 lnter

2170 3282 2262 3319 om
2275 3267 2367 3320 nia
2379 3266 2696 3320 Germania:
2715 3267 2974 3321 cmnobia
2987 3266 3239 3338 primum
3259 3267 3530 3320 ordinem
3543 3257 3759 3317 sedendi

2171 3354 2592 3425 sivejudicandi
2609 3358 2665 3408 et
2686 3355 2990 3408 concilium
3018 3354 3270 3409 habendi
3293 3353 3402 3409 tibi
3422 3353 3638 3424 tuisque
3654 3364 3760 3402 suc-

2171 3443 2487 3497 cessoribus
2517 3443 2902 3496 attribuimus.
2938 3443 3084 3496 Nulli
3116 3443 3546 3514 episcoporum,
3588 3435 3758 3492 archi-

2172 3532 2594 3602 episcoporum,
2630 3531 3087 3604 patriarcharum
3121 3535 3368 3600 temere,
3404 3530 3511 3585 nisi
3537 3547 3570 3583 a
3615 3525 3760 3581 vobis

2171 3626 2402 3693 accepta
2427 3621 2676 3687 licentia,
2701 3638 2872 3692 super
2893 3623 3070 3676 altare
3103 3621 3271 3676 vestri
3303 3617 3609 3694 patrocinii
3636 3615 3760 3672 mis-

2171 3726 2363 3764 sarum
2391 3709 2673 3764 solemnia
2699 3710 2991 3764 celebrare
3041 3709 3227 3764 liceat.
3266 3709 3488 3764 Nullius
3529 3720 3763 3780 persona

2172 3798 2444 3870 principis
2499 3815 2684 3870 neque
2737 3801 2925 3852 totum
2975 3815 3162 3871 neque
3216 3803 3449 3869 partem
3507 3797 3575 3851 de
3606 3794 3764 3848 rebus

2175 3887 2511 3942 monasterii
2543 3888 2709 3942 alicui
2746 3887 3080 3942 mortalium
3120 3887 3371 3943 subdere
3411 3887 3500 3942 vel
3549 3885 3649 3940 sub
3685 3882 3768 3936 be-

2175 3976 2363 4030 neficii
2401 3976 2640 4030 nomine
2681 3975 2816 4030 dare
2853 3979 3188 4046 praesumat,
3235 3976 3335 4030 sed
3369 3976 3474 4031 soli
3507 3975 3770 4029 Romanae

2176 4065 2296 4118 sedi
2334 4064 2658 4135 specialiter
2699 4063 2996 4118 Fuldensis
3048 4064 3287 4118 ecclesia
3334 4079 3568 4137 semper
3605 4061 3774 4115 libera

2175 4168 2488 4224 securaque
2521 4151 2822 4206 deserviat.
2857 4150 2936 4217 Si,
2972 4151 3126 4224 quod
3178 4151 3347 4219 absit,
3381 4150 3588 4224 aliquis
3613 4147 3774 4203 abbas

2177 4242 2248 4297 de
2279 4246 2464 4296 vestro
2513 4240 2865 4296 monasterio
2897 4241 3090 4313 aliquo
3125 4241 3372 4297 crimine
3401 4239 3633 4296 infamis
3657 4237 3774 4290 fue-

2177 4331 2271 4395 rit,
2323 4329 2724 4385 constituimus
2787 4346 2853 4383 ac
2909 4328 3279 4400 praecipimus
3339 4333 3404 4384 ut
3454 4322 3778 4402 pulsationis

480 4421 648 4488 verit,
683 4419 823 4474 sciat
875 4435 934 4472 se
980 4416 1200 4471 domini
1233 4417 1412 4472 nostri
1446 4417 1837 4488 apostolorum
1868 4416 2078 4487 princi-
2104 4439 2155 4497 Ι)
2173 4418 2456 4490 judicium
2505 4435 2621 4472 non
2663 4417 2894 4479 sentiat,
2943 4418 3126 4472 donec
3166 4435 3200 4472 a
3244 4423 3446 4473 nostra
3478 4414 3777 4490 apostolica

476 4511 563 4585 pis
594 4507 747 4563 Petri
789 4504 1173 4561 anathematis
1202 4505 1426 4560 vinculo
1476 4505 1842 4572 innodatum,
1867 4510 1922 4559 et
1949 4522 2080 4561 cum

478 4598 709 4654 diabolo
733 4600 790 4650 et
815 4595 863 4664 ej
876 4612 940 4648 us
953 4593 1324 4647 atrocissimis
1346 4594 1771 4666 pompis,atque
1795 4595 2084 4650 cumJuda

480 4686 760 4743 traditore
783 4682 1015 4739 Domini
1041 4686 1098 4736 et
1129 4682 1434 4737 Salvatoris
1455 4682 1584 4736 Jesu
1607 4683 1809 4738 Christi
1827 4685 1884 4737 in
1916 4689 2082 4738 reter-

485 4792 627 4830 num
673 4774 873 4844 ignem
913 4768 1440 4838 concremandum;
1474 4770 1644 4824 simul
1683 4773 1741 4824 et
1771 4771 1830 4824 in
1859 4774 2084 4844 voragi-

485 4880 620 4919 nem
638 4865 954 4916 tartaream
970 4859 1248 4913 demissus
1261 4873 1390 4913 cum
1410 4859 1602 4929 impiis
1627 4859 2088 4916 deficiat.Admo-

486 4953 624 5008 dum
650 4955 852 5005 notum
873 4948 945 5002 sit
963 4948 1230 5002 omnibus
1245 4947 1448 5002 Christi
1463 4947 1906 5021 fidelibus,quod
1927 4951 1970 5004 si
1982 4952 2088 5006 hoc

487 5043 840 5113 praeceptum
855 5054 1049 5090 meum
1069 5055 1184 5091 non
1207 5037 1456 5108 potuerit
1478 5038 1583 5092 ista
1601 5039 2091 5111 stabilitate,quod

489 5129 655 5195 absit,
691 5126 1040 5182 mternaliter
1054 5142 1396 5197 permanere
1422 5144 1435 5194 ;
1467 5143 1597 5182 mox
1620 5129 1833 5199 absque
1864 5129 2090 5183 univer-

493 5236 689 5275 sorum
740 5216 1198 5274 contradictione
1231 5220 1521 5271 rectorum
1557 5217 1663 5271 ista
1706 5218 1936 5273 abbatia
1987 5220 2091 5274 sub

494 5310 748 5380 praefatae
792 5304 1168 5377 ingenuitatis
1192 5306 1435 5372 honore,
1461 5306 1662 5360 redeat
1691 5307 2006 5361 liberaliter
2033 5307 2092 5362 in

492 5396 911 5469 proprietatem
947 5393 1207 5466 proximo
1239 5393 1454 5447 haeredi
1480 5394 1551 5448 de
1576 5394 1833 5464 praedicti
1869 5395 2094 5449 comitis

491 5484 758 5540 Aribonis
787 5500 1020 5555 genere.
1045 5484 1123 5536 Ea
1153 5483 1281 5554 lege
1313 5487 1373 5536 ut
1399 5499 1504 5537 nec
1535 5484 1653 5556 ipse
1696 5485 1930 5558 proprie
1971 5488 2094 5540 uta-

495 5579 608 5641 tur,
632 5573 732 5628 sed
762 5572 946 5626 fidelis
985 5571 1057 5624 sit
1085 5575 1456 5627 conservator
1485 5572 1669 5627 donec
1725 5573 1936 5627 iterum
1982 5575 2092 5628 cle-

494 5665 724 5720 menter
751 5661 1034 5715 habeatur
1082 5660 1225 5714 sicut
1263 5660 1388 5715 alia:
1428 5660 1692 5716 liberales
1728 5661 1977 5717 abbatiae
2004 5679 2094 5717 rc-

493 5750 611 5836 gali
641 5750 863 5824 tuitone
890 5747 1285 5824 providendae.
1317 5749 1425 5818 Qui
1447 5766 1584 5811 vero
1606 5753 1796 5810 custos
1825 5754 1884 5808 et
1897 5751 2098 5809 obser-

2183 4509 2315 4563 sede
2347 4507 2615 4562 audiatur
2658 4511 2715 4561 et
2770 4507 3152 4561 examinetur.
3198 4507 3391 4562 Liceat
3433 4508 3613 4563 etiam
3662 4502 3778 4568 tibi,

2183 4596 2515 4651 charissime
2559 4596 2662 4661 fili,
2732 4595 2956 4666 tuisque
3025 4596 3445 4651 successoribus
3491 4592 3785 4650 abbatibus

2185 4685 2443 4756 ejusdem
2475 4682 2810 4738 monasterii
2851 4683 3254 4755 episcoporum
3301 4701 3469 4739 more
3519 4681 3789 4756 apostoli-

2187 4793 2313 4830 cam
2344 4775 2542 4829 sedem
2587 4774 2660 4827 ad
2686 4773 3084 4827 defensionem
3131 4773 3213 4827 tui
3257 4777 3490 4846 tuaeque
3535 4770 3788 4827 Ecclesia:

2189 4865 2478 4936 appellare
2507 4879 2571 4916 ac
2604 4864 2808 4916 contra
2829 4877 3033 4916 omnes
3053 4863 3293 4917 aamulos
3319 4865 3546 4916 vestros
3585 4862 3790 4917 Roma-

2191 4971 2281 5008 nae
2332 4952 2648 5023 majestatis
2693 4955 2850 5005 scuto
2900 4967 2998 5004 vos
3049 4951 3370 5006 defensare.
3421 4951 3794 5006 Decernimus

2191 5043 2300 5097 hoc
2329 5057 2557 5113 quoque
2603 5039 2988 5093 deliberantes
3031 5043 3092 5092 ut
3132 5038 3403 5111 congruis
3439 5038 3797 5112 temporibus

2193 5134 2403 5185 nostra:
2435 5125 2802 5183 sollicitudini
2838 5127 3140 5181 intimetur
3165 5128 3417 5199 qualiter
3450 5127 3658 5198 religio
3684 5142 3802 5180 mo-

2196 5219 2413 5273 nastica
2438 5217 2686 5288 regulari
2716 5216 2916 5270 habitu
2937 5216 3224 5287 dirigatur
3249 5221 3306 5272 et
3344 5217 3666 5272 concordia
3688 5215 3800 5270 fra-

2195 5312 2347 5362 trum
2402 5305 2779 5361 ccclesiastico
2820 5303 3004 5358 studio
3065 5305 3440 5371 custodiatur,
3501 5323 3577 5360 ne
3632 5305 3802 5369 forte,

2197 5395 2353 5467 quod
2382 5395 2548 5462 absit,
2583 5393 2687 5448 sub
2732 5393 2901 5464 huius
2949 5391 3235 5464 privilegii
3283 5393 3532 5448 obtentu
3577 5393 3806 5448 animus

2195 5501 2533 5555 gressusque
2565 5481 2925 5538 rectitudinis
2941 5484 3142 5536 vestrae
3162 5500 3194 5536 a
3221 5498 3432 5536 norma
3454 5483 3705 5552 justitiaa
3725 5496 3810 5534 re-

2196 5576 2552 5644 torqueatur.
2594 5571 3018 5639 lntcrdicimus,
3045 5575 3100 5625 et
3126 5572 3232 5626 hoc
3250 5572 3576 5626 secundum
3605 5569 3809 5624 decre-

2197 5665 2322 5716 tum
2354 5661 2638 5716 Zachariae
2664 5659 3037 5715 antecessoris
3069 5660 3268 5729 nostri,
3307 5675 3377 5715 ne
3421 5660 3545 5714 ulla
3584 5657 3814 5715 femina

2199 5749 2354 5808 idem
2367 5749 2790 5808 monasterium
2800 5747 3178 5824 ingrediatur.
3201 5748 3314 5805 Sed
3339 5750 3396 5805 et
3409 5747 3526 5806 hoc
3541 5759 3777 5805 summo
3788 5770 3818 5824 τ
