3954 6170
279 365 364 426 277
988 363 1236 433 SECTIO
1259 366 1332 432 II.
1355 396 1426 413 -
1455 367 1814 432 EPISTOLE

1958 369 2365 436 DIOLOKATA
2392 377 2782 443 PONTIFICIA

3433 394 3538 458 278

279 513 380 572 quae
397 509 485 567 per
507 491 649 552 hanc
680 491 891 552 nostras
917 489 1332 581 praeceptionis
1375 489 1652 563 paginam
1682 508 1816 548 cou-
1850 498 1906 560 Α
1943 497 2148 554 eodem
2164 501 2404 560 concilio
2426 507 2765 579 suhjacebis,
2807 515 2866 568 et
2903 514 2974 570 de
3009 517 3267 577 absentia
3289 520 3427 579 nihil
3451 525 3537 581 lu-

279 587 492 644 cedimus
517 581 618 640 sub
645 581 884 639 nomine
913 580 1195 646 beneﬁcii,
1225 581 1584 651 etstipendia
1609 581 1820 636 milita-

276 677 352 732 ria.
368 677 510 738 sunt;
540 672 646 726 hoc
679 671 889 744 quippe
916 686 1098 741 genus
1136 669 1428 741 pensionis
1459 670 1702 742 dignum
1723 670 1824 726 du-

271 767 438 831 cimus,
463 767 517 818 et
543 762 754 819 milites
780 763 836 816 in
867 778 1005 833 pace
1046 761 1341 834 obsequio,
1370 760 1428 822 in
1468 761 1618 817 bello
1651 761 1828 830 armis

271 871 354 928 pro
379 855 580 910 honore
607 855 666 908 et
687 853 869 912 salute
899 851 1411 907 sanctmRomana:
1435 850 1694 910 Ecclesia:
1726 852 1826 906 de-

269 944 473 1000 certant.
503 940 616 998 Sed
644 958 718 998 ne
743 957 835 996 res
877 939 1269 996 ecclesiasticae
1305 939 1365 994 in
1405 940 1828 1009 possessionem

269 1034 340 1088 vel
362 1029 757 1104 proprietatem
782 1030 944 1102 alicui
955 1047 1019 1085 us
1043 1029 1288 1085 transire
1312 1029 1550 1100 possint,
1579 1030 1680 1085 sub
1723 1047 1830 1085 no-

270 1120 402 1177 mine
428 1118 713 1191 pensionis
737 1119 809 1173 ab
837 1120 943 1174 hac
968 1117 1240 1190 praesenti
1260 1121 1467 1189 quarta
1492 1117 1718 1174 decima
1747 1119 1831 1174 in-

271 1207 484 1263 dictione
523 1206 945 1272 constituimus,
987 1209 1050 1260 ut
1093 1206 1424 1262 actionariis
1472 1210 1683 1262 sanctae
1717 1208 1826 1262 Ro-

269 1313 426 1352 manae
447 1295 703 1352 Ecclesiae
724 1300 843 1352 tres
871 1295 995 1352 auri
1023 1295 1190 1352 solidi
1219 1297 1638 1368 persolvantur,
1670 1296 1728 1352 id
1745 1301 1831 1355 est

263 1387 310 1441 in
333 1402 511 1442 mense
545 1385 842 1442 Januario.
874 1407 902 1435 »

263 1545 465 1616 Ζῷἰειοιο
497 1546 749 1604 Silvestri
774 1563 934 1618 papae
966 1477 1143 1601 glllud
1177 1547 1465 1615 Aselinmn
1504 1548 1826 1604 Laudunen-

316 1634 407 1672 sm
435 1619 754 1689 episcopum.
787 1617 861 1657 —'
885 1618 1064 1689 Ipsum
1097 1618 1160 1672 de
1184 1617 1364 1674 multis
1402 1621 1711 1675 criminibus
1737 1638 1828 1674 ac-

316 1696 536 1745 cusatum
568 1689 639 1742 ad
651 1691 959 1760 proximam
987 1690 1249 1760 synodum
1275 1690 1459 1744 Romae
1483 1698 1680 1746 evocat.

817 1779 1227 1845 (AnnolOOL)

373 1850 558 1921 [Apud
594 1850 770 1905 Μειθεί
799 1847 1028 1915 Concil.,
1051 1853 1196 1905 tom.
1229 1850 1360 1920 XIX,
1386 1851 1496 1908 col.
1531 1853 1683 1924 241.]

311 1937 593 1993 Serzsran
622 1938 943 2010 episcopus,
975 1955 1165 1994 servus
1207 1955 1503 1994 servorum
1538 1940 1660 2007 Dei,
1688 1942 1824 1996 Aza-

256 2043 358 2082 Luio
381 2027 490 2094 [al.,
512 2026 828 2090 Ascelinio]
855 2027 1234 2082 Laudunensi.

308 2116 472 2190 Super
495 2116 686 2170 salute
717 2119 775 2169 et
803 2115 1114 2192 apostolica
1135 2116 1540 2172 benedictione
1570 2117 1713 2173 nihil
1740 2123 1826 2174 est

252 2203 376 2276 quod
403 2202 682 2259 admirari
703 2203 902 2275 possis,
925 2205 1224 2276 quoniam,
1247 2206 1350 2260 sub
1373 2207 1689 2278 pontificali
1719 2225 1824 2263 no-

251 2292 379 2348 mine
405 2293 586 2347 homo
613 2292 790 2347 etiam
848 2293 1104 2348 moribus
1157 2311 1278 2349 esse
1327 2295 1560 2350 desiisti.
1596 2295 1653 2350 Si
1684 2295 1827 2351 fides

251 2383 520 2436 mortalem
562 2383 679 2436 Deo
692 2381 890 2448 sociat,
908 2383 1152 2454 perfidia
1165 2383 1542 2453 nihilominus
1566 2383 1822 2440 rationa-

248 2468 392 2524 bilem
420 2469 611 2524 brutis
635 2469 980 2543 animalibus
1009 2474 1220 2546 mquat.
1255 2471 1397 2526 Cum
1420 2473 1527 2527 hoc
1561 2476 1823 2528 totumte

247 2575 413 2632 sapere
444 2547 704 2625 constet,
727 2559 1102 2632 Vehementer
1121 2560 1480 2616 admiramur
1493 2561 1745 2616 nativam
1769 2566 1824 2618 te

249 2645 621 2720 conditionem
644 2645 958 2718 reliquisse,
983 2650 1040 2702 et
1071 2665 1219 2702 nova
1249 2652 1305 2703 et
1335 2649 1593 2704 inaudita
1611 2652 1826 2706 scelera

248 2735 594 2790 inhumanius
623 2739 1001 2809 perpetrasse.
1041 2736 1292 2807 Epistola
1319 2738 1470 2808 regis
1501 2740 1735 2794 Roberti
1769 2744 1828 2795 et

253 2838 456 2897 suorum
471 2823 1170 2897 pontificum,apostolicis
1187 2829 1244 2880 et
1256 2825 1650 2896 imperialibus
1666 2829 1824 2883 obla-

244 2913 386 2966 taest
425 2912 720 2990 manibus,
764 2930 892 2984 quae
922 2917 977 2967 te
1024 2930 1220 2970 coram
1266 2915 1528 2971 universo
1579 2919 1732 2974 clero
1761 2936 1825 2974 ac

243 3003 424 3074 populo
445 3003 533 3075 his
554 3002 1036 3074 publicisaccusat
1055 3004 1410 3060 criminibus.
1436 3007 1519 3060 Ad
1539 3007 1824 3078 synodum

1944 587 2196 645 craberis
2249 591 2479 649 Viarum
2511 601 2794 656 excusatio
2835 605 2991 660 nulla
3021 609 3075 660 te
3108 616 3354 680 premat,
3393 631 3536 685 quo-

1936 676 2095 732 niam
2127 677 2185 732 in
2213 681 2569 740 Lothariensi
2602 705 2783 760 regno
2815 693 2986 747 nullae
3029 698 3086 749 te
3108 676 3376 756 tmanen—t
3406 676 3538 758 insi-

1933 765 2060 820 diae.
2091 768 2253 823 Italia
2281 787 2412 826 vero
2441 776 2660 831 nullam
2689 782 2996 850 praetendit
3020 784 3535 848 formidinem.Nisi

1932 855 2190 926 corporis
2221 861 2485 916 molestia
2512 871 2819 938 occupatus
2847 870 3042 940 fueris,
3066 874 3230 930 aliter
3250 881 3533 936 excusatio

1941 947 2100 1040 nulla
2129 963 2250 1040 esse
2280 951 2511 1022 poterit.
2538 954 2650 1010 Sed
2678 959 2848 1014 testes
2870 961 3138 1018 mittendi
3162 969 3313 1032 sunt,
3346 967 3441 1040 qui
3475 973 3536 1024 et

1937 1036 2100 1089 tuum
2157 1037 2499 1109 languorem
2555 1045 2920 1115 confirment,
2970 1036 3393 1111 accusatoribus
3423 1057 3535 1112 tuis

1931 1125 2344 1196 respondeant,
2377 1133 2433 1183 et
2461 1131 2685 1204 legibus
2713 1138 2769 1190 te
2801 1144 3140 1211 expurgant.

2667 1223 2805 1278 VIII.

1934 1299 2186 1359 Silvestcr
2213 1303 2284 1358 ΙῙ
2297 1323 2445 1380 papa
2479 1308 2545 1366 S.
2587 1310 2902 1382 Urgellensis
2931 1316 3153 1373 ecclesiae
3175 1319 3307 1376 bona
3336 1328 3386 1377 et
3404 1323 3540 1394 jura

2591 1401 2895 1474 conﬁrmat.

2539 1483 2936 1566 (AnnofOOL)

1937 1573 2356 1646 [Cocquelines,
2377 1577 2863 1640 Bullarumsumm.
2873 1593 3026 1664 poni.
3046 1587 3276 1660 ampliss.
3299 1588 3539 1660 ϐοηθοίη

2627 1673 2849 1740 I,30L]

2013 1752 2325 1810 Serssrsn
2353 1756 2671 1830 episcopus,
2701 1777 2894 1816 servus
2922 1781 3214 1820 servorum
3237 1767 3359 1834 Dei,
3389 1784 3545 1824 reve-

1856 1817 1908 1876 B
1946 1842 2274 1898 rentissimo
2319 1849 2529 1900 sanctae
2576 1848 2921 1920 Urgellensis
2961 1853 3220 1909 Ecclesiae
3275 1855 3542 1929 episcopo

1949 1930 2175 2002 tuisque
2200 1934 2618 1990 successoribus
2648 1937 2704 1991 in
2737 1944 3103 2011 perpetuum.

2015 2019 2400 2089 Desiderium,
2455 2025 2609 2095 quod
2655 2027 3057 2099 religiosorum
3100 2033 3542 2102 praepositorum

1942 2107 2309 2164 ordinatione
2340 2114 2398 2166 et
2425 2116 2756 2169 sanctorum
2788 2117 3047 2172 locorum
3073 2120 3380 2176 stabilitate
3411 2139 3542 2193 per-

1945 2197 2577 2268 manere'monstratur,
2597 2201 2719 2258 sine
2742 2205 2934 2275 aliqua
2953 2209 3040 2260 est
3065 2209 3180 2262 Deo
3201 2213 3433 2266 auctore
3455 2211 3542 2267 di-

1944 2283 2158 2338 latione
2181 2289 2642 2356 sustentandum,
2683 2295 2741 2346 et
2769 2293 2992 2364 quoties
3032 2294 3092 2349 in
3130 2312 3245 2351 suae
3281 2299 3543 2356 utilitatis

1942 2374 2263 2428 commodis
2277 2381 2606 2432 nostrorum
2620 2395 2899 2448 assensus,
2915 2386 3195 2439 etsanctae
3215 2388 3544 2457 apostolica:

1939 2463 2294 2517 auctoritatis
2311 2481 2375 2518 ex
2381 2466 2634 2536 poscitur
2645 2469 3157 2540 praesidiummltro
3171 2473 3543 2547 benignitatis

1939 2551 2147 2606 intuitu
2180 2569 2286 2607 nos
2317 2556 2585 2610 convenit
2607 2558 2940 2623 subvenire,
2965 2565 3023 2616 et
3051 2561 3158 2616 rite
3181 2579 3286 2634 pro
3316 2564 3543 2637 integra

1939 2640 2242 2696 securitate
2264 2659 2330 2696 ex
2357 2645 2582 2699 ratione
2613 2647 2877 2715 solidare,
2912 2653 2975 2704 ut
3002 2651 3192 2707 exhoc
3212 2653 3378 2708 nobis
3399 2671 3540 2726 quo-

1936 2745 2047 2800 que
2074 2730 2435 2801 potissimum
2451 2735 2757 2804 praemium
2785 2753 2818 2790 a
2830 2738 3129 2793 conditore
3145 2741 3409 2796 omnium
3425 2743 3541 2797 Deo

1937 2817 1996 2870 in
2029 2817 2264 2873 sidereis
2292 2821 2518 2874 arcibus
2543 2823 2955 2879 conscribatur.
3006 2827 3072 2880 Et
3109 2827 3239 2883 ideo
3273 2830 3408 2900 quia
3437 2847 3540 2902 po-

1935 2907 2156 2961 stulasti
2188 2924 2221 2961 a
2251 2908 2433 2974 nobis,
2468 2912 2530 2962 ut
2551 2911 2855 2981 praefatum
2889 2913 3282 2986 episc0patum
3329 2922 3541 2974 sanctae

1937 2993 2283 3064 Urgellensis
2325 2997 2584 3050 Ecclesiae
2631 3001 2957 3068 apostolica:
3008 3004 3365 3058 auctoritatis
3394 3007 3538 3061 serie

243 3088 469 3144 habitam
494 3090 860 3161 compendio
893 3107 1023 3145 cum
1054 3109 1088 3146 θ,
1113 3093 1384 3147 Remensi
1425 3098 1482 3148 ει
1505 3095 1906 3162 Τυιιοηοηεὶόο
1937 3083 2318 3150 munit-emus,
2351 3087 2409 3137 et
2439 3085 2637 3140 omnia
2662 3086 2713 3140 ei
2739 3089 3108 3157 pertinentia,
3152 3108 3280 3162 quae
3307 3093 3461 3162 juste
3484 3098 3543 3148 et

243 3178 665 3254 archiepiscopis
719 3181 1054 3251 caeterisque
1113 3182 1501 3238 confratribus
1553 3183 1824 3239 invitatus

239 3265 406 3338 fueris,
441 3268 696 3342 acceptis
727 3285 761 3322 a
791 3255 1136 3340 quihusdam
1169 3286 1370 3324 eorum
1395 3274 1451 3324 et
1467 3271 1712 3326 aliorum
1734 3289 1822 3327 sa-

240 3356 522 3410 cramentis
548 3372 660 3428 pro
710 3355 840 3410 vitae
893 3357 1292 3411 membrorum
1346 3362 1517 3430 atque
1543 3360 1823 3432 captionis

239 3442 534 3519 securitate,
570 3444 816 3499 tandem
844 3445 1061 3499 venisse
1085 3445 1292 3500 diceris
1326 3448 1698 3519 :synodalem
1733 3465 1821 3503 se-

237 3518 511 3586 veritatem
541 3549 682 3587 cum
710 3532 1040 3606 tibimetipsi
1075 3535 1334 3589 conscius
1351 3518 1559 3590 merito
1583 3537 1822 3607 perhor-

237 3634 478 3687 resceres,
518 3621 597 3676 ad
637 3621 1045 3677 misericordiae
1075 3639 1295 3694 preces,
1330 3625 1535 3679 eadem
1581 3626 1823 3696 epistola

237 3707 378 3772 teste,
400 3709 630 3764 venisti.
652 3709 893 3780 Legibus
914 3712 969 3764 te
990 3727 1106 3766 non
1140 3727 1303 3782 posse
1324 3712 1562 3784 objectis
1579 3730 1820 3786 respon-

242 3792 356 3849 dere
376 3785 782 3876 manifestasti,
806 3798 1108 3853 dominum
1133 3801 1298 3854 tuum
1335 3817 1536 3872 regem
1556 3785 1824 3856 offendis-

243 3885 351 3938 sete
363 3885 747 3959 nonjnegasti.
770 3887 1194 3959 Indulgentiam
1212 3889 1616 3945 tantummodo
1634 3895 1823 3961 postu-

245 3969 348 4025 lans
371 3989 472 4044 per
503 3973 836 4029 universam
869 3975 1174 4046 synodum,
1208 3976 1361 4047 regis
1380 3976 1630 4048 gratiam
1654 3978 1822 4033 inno-

241 4061 359 4114 vatis
383 4061 652 4137 perjuriis
684 4062 999 4118 obtinuisti.
1027 4066 1178 4119 Datis
1194 4065 1503 4131 obsidibus,
1537 4066 1824 4122 archidia-

245 4162 368 4205 cono
387 4151 606 4206 scilicet
627 4154 746 4218 tuo,
768 4155 825 4206 et
845 4153 1026 4207 altero
1050 4153 1252 4220 milite,
1275 4158 1456 4208 turres
1488 4155 1745 4209 Lauduni
1769 4159 1825 4210 te

244 4237 580 4294 redditurum
610 4238 940 4314 promisisti.
957 4241 1286 4312 Magistrum
1303 4247 1462 4297 tuum
1477 4243 1821 4299 Remensem

243 4326 716 4399 archiepiscopum
747 4345 854 4401 pro
888 4329 1233 4400 accipiendis
1263 4331 1514 4386 turribus
1540 4333 1641 4387 sub
1660 4333 1820 4388 Iudae

241 4415 402 4482 specie
425 4420 618 4470 tecum
638 4417 871 4483 ducens,
897 4435 1101 4489 capere
1118 4419 1343 4472 voluisti
1364 4436 1376 4472 :
1396 4436 1591 4474 carcer
1607 4421 1820 4492 quippe

241 4503 806 4567 ceterorumzfraudis
827 4505 885 4558 in
908 4522 1040 4560 eum
1055 4511 1345 4577 concepta:
1366 4507 1816 4578 detegitdolum.

241 4587 424 4646 Oluda
452 4591 717 4663 magistri
741 4593 1135 4662 proditionem
1170 4594 1471 4661 innovans,
1493 4599 1550 4650 et
1585 4596 1818 4667 pontifi-

241 4679 397 4732 calem
421 4680 669 4750 gloriam
691 4682 898 4755 nostris
919 4683 1276 4753 temporibus
1298 4683 1612 4754 deturpans
1637 4685 1648 4737 l
1675 4685 1819 4740 Cum

242 4768 559 4836 magistrum
593 4768 1085 4842 archiepiscopum
1119 4770 1351 4825 tradere
1392 4771 1546 4840 velis,
1581 4773 1817 4828 domino

240 4853 339 4922 regi
366 4872 479 4909 non
509 4872 796 4926 parceres,
825 4857 870 4910 si
902 4874 1113 4928 posses.
1145 4861 1206 4912 In
1239 4875 1465 4913 carcere
1513 4863 1674 4914 tenes
1701 4865 1819 4916 tra-

241 4939 366 4995 ditos
390 4944 624 5006 milites,
645 4947 701 4998 et
723 4944 987 4999 fefellisse
1003 4962 1119 5000 non
1144 4947 1357 5000 vereris
1369 4964 1590 5018 regem.
1616 4949 1820 5004 Exora-

239 5027 437 5084 tionum
469 5032 726 5102 epistolis
753 5035 976 5105 quoties
997 5037 1054 5088 te
1072 5035 1426 5102 monuimus,
1453 5037 1596 5091 etab
1614 5037 1700 5090 his
1725 5055 1818 5109 pe-

237 5114 404 5171 riculis
423 5137 626 5174 eruere
645 5124 701 5175 te
718 5121 1148 5176 desudavimusl
1172 5123 1284 5178 Sed
1302 5124 1576 5195 quoniam
1601 5124 1819 5180 irruen-

238 5203 368 5258 tibus
387 5212 756 5277 peccatorum
790 5210 1031 5263 cumulis
1057 5214 1113 5265 te
1135 5228 1400 5266 coercere
1433 5212 1814 5284 nequivimus,

237 5288 284 5344 in
299 5292 394 5348 hac
411 5297 673 5366 proxima
688 5298 938 5370 paschali
960 5299 1325 5355 hebdomada
1339 5301 1534 5355 Romae
1551 5305 1607 5356 te
1622 5301 1819 5357 adesse

239 5383 602 5454 praecipimus,
619 5390 674 5439 et
693 5387 1047 5458 generaliter
1067 5387 1141 5442 ibi
1161 5388 1443 5443 habendae
1474 5389 1692 5460 synodo
1724 5407 1815 5445 re-

240 5475 568 5537 praesentare
602 5477 655 5528 te
698 5491 1023 5531 monemus.
1065 5476 1236 5548 Hujus
1291 5493 1428 5548 ergo
1467 5476 1818 5533 invitationis

242 5562 429 5615 nostris
455 5563 614 5617 nulla
631 5564 927 5620 occasione
951 5565 1026 5619 sis
1060 5567 1450 5638 transgressor
1480 5567 1566 5622 vel
1589 5584 1822 5640 suspen-

1934 3171 2196 3240 legaliter
2230 3173 2444 3227 habere
2477 3175 2561 3228 vel
2611 3178 2807 3230 tenere
2842 3176 3086 3242 videtur,
3136 3180 3378 3250 perenni
3405 3181 3538 3251 jure

1933 3258 2147 3313 ibidem
2180 3259 2589 3316 inviolabiliter
2615 3265 3013 3334 permaueuda
3039 3267 3536 3337 confirmaremus,

1930 3350 2239 3418 pr0pterea
2260 3349 2368 3403 tuis
2386 3349 2514 3404 ﬂexi
2537 3351 2824 3421 precibus,
2864 3370 2967 3425 per
2986 3355 3155 3425 hujus
3186 3359 3395 3412 nostra:
3437 3375 3536 3413 au-

1929 3435 2210 3491 ctoritatis
2232 3437 2597 3510 privilegium
2611 3443 2928 3497 statuentes
2944 3443 3311 3500 decernimus
3323 3449 3385 3500 ut
3397 3463 3537 3502 cun-

1929 3526 2022 3578 cta
2045 3525 2172 3579 loca
2199 3525 2420 3580 urbana
2452 3530 2538 3581 vel
2571 3529 2798 3597 rustica,
2831 3531 2890 3584 id
2911 3536 3016 3598 est,
3043 3536 3253 3596 cortes,
3281 3551 3534 3604 mansos,

1931 3613 2096 3680 salas,
2149 3616 2400 3682 castella,
2449 3619 2679 3684 casales,
2718 3619 2932 3687 vineas,
2971 3624 3158 3676 terras
3199 3622 3537 3696 diversaque

1927 3701 2166 3770 praedia,
2201 3704 2352 3758 culta
2375 3705 2463 3759 vel
2495 3704 2730 3772 inculta,
2761 3723 2895 3764 cum
2926 3709 3165 3764 decimis
3185 3713 3244 3764 et
3269 3711 3536 3782 primitiis

1927 3789 2060 3856 suis,
2093 3792 2311 3846 colonis
2337 3794 2422 3847 vel
2451 3795 2765 3850 colonabus
2781 3797 2918 3863 suis,
2949 3799 3178 3852 ancillis
3208 3803 3264 3853 et
3296 3800 3536 3854 aldioni-

1927 3881 2034 3935 bus
2059 3897 2186 3952 quae
2218 3883 2290 3936 ab
2320 3883 2973 3955 aliquibusﬁdelissimis
2989 3887 3325 3942 Christianis
3344 3889 3533 3943 eidem

1930 3970 2220 4041 episcopio
2237 3987 2507 4026 concessa
2517 3972 2650 4040 sint,
2665 3973 2780 4028 sive
2795 3975 2852 4028 in
2867 3975 3143 4029 comitatu
3162 3975 3533 4030 Cerdaniensi

1931 4075 2111 4130 pagus
2145 4059 2516 4128 Libianensis,
2548 4061 2993 4131 Bergitanensis,
3035 4062 3411 4125 Palionensis,
3445 4063 3534 4117 Ri-

1931 4148 2315 4210 bacurcensis,
2345 4149 2734 4214 Jestabiensis,
2764 4150 3527 4217 Cardosensis,Anabiensis.

1930 4236 2274 4302 Turbiensis,
2308 4242 2365 4292 et
2389 4240 2578 4292 locum
2606 4243 2817 4293 sanctae
2861 4239 3129 4294 Deodatae
3161 4256 3290 4294 cum
3325 4239 3531 4295 finibus

1933 4324 2076 4392 suis;
2119 4330 2368 4381 castrum
2396 4343 2624 4398 quoque
2655 4326 2943 4399 Sanaugia
2973 4345 3102 4382 cum
3159 4328 3367 4383 finibus
3395 4329 3528 4395 suis,

1929 4412 2280 4480 Calbiciano,
2314 4415 2544 4480 Feners,
2566 4407 2908 4484 Submonte,
2938 4416 3528 4488 Letone,Clopedera,

1924 4519 2056 4557 cum
2084 4503 2235 4558 silvis
2286 4508 2344 4558 et
2386 4503 2594 4558 finibus
2641 4521 2864 4559 earum.
2911 4508 2974 4561 In
3015 4523 3165 4578 pago
3210 4506 3528 4561 Ausonensi

1926 4593 2230 4647 Castellato
2254 4596 2311 4647 et
2343 4592 2621 4648 Turizella
2641 4610 2769 4648 cum
2791 4595 3000 4648 finibus
3021 4595 3155 4650 suis.
3184 4597 3244 4649 In
3275 4595 3528 4650 Marfano

1923 4681 2111 4753 ipsum
2151 4681 2440 4748 alaudem,
2485 4682 2580 4753 qui
2615 4682 2722 4736 fuit
2761 4683 2832 4736 de
2863 4682 3106 4737 Guisado
3143 4683 3430 4755 episcopo.
3462 4685 3528 4738 In

1921 4770 2292 4824 Gerundense
2325 4771 2457 4825 villa
2490 4771 2660 4825 Adeiz
2699 4787 2828 4824 cum
2873 4771 3033 4825 omni
3075 4772 3241 4826 alode
3281 4773 3364 4825 vel
3406 4770 3530 4842 ipsa

1923 4857 2196 4929 parochia
2221 4875 2234 4924 ;
2267 4857 2406 4911 item
2431 4858 2486 4911 in
2509 4859 2736 4929 Urgello
2758 4859 2973 4925 villam,
3006 4876 3179 4930 quam
3210 4859 3409 4912 dicunt
3431 4860 3528 4913 Ba-

1923 4946 2207 5007 scharam,
2229 4962 2357 4999 cum
2391 4946 2600 5000 finibus
2632 4947 2764 5012 suis,
2797 4950 2854 5000 et
2882 4947 3064 5017 ipsam
3088 4947 3422 5018 parochiam
3455 4947 3526 5000 de

1921 5036 2136 5101 Alasse,
2169 5038 2227 5088 et
2270 5035 2452 5106 ipsam
2494 5035 2686 5089 villam
2733 5035 2803 5090 de
2854 5037 3165 5103 Boxedera,
3211 5038 3523 5103 Nocolone,

1923 5123 2188 5190 Sardina,
2222 5123 2500 5189 Sallellas,
2531 5139 2660 5178 cum
2698 5123 2825 5178 fevo
2869 5127 2927 5178 et
2953 5125 3117 5179 alode
3144 5125 3431 5179 comitale.
3463 5128 3523 5178 In

1922 5212 2054 5266 villa
2098 5212 2278 5266 sancti
2327 5213 2605 5283 Stephani
2653 5212 2780 5267 fevo
2833 5217 2891 5267 et
2935 5214 3100 5267 alode
3139 5213 3427 5267 comitale.
3462 5215 3524 5266 In

1920 5301 2064 5354 valle
2089 5299 2354 5356 Andorra
2383 5318 2588 5356 omnes
2610 5301 2805 5356 alodes
2825 5301 3140 5368 comitales,
3165 5305 3222 5355 et
3247 5301 3429 5371 ipsam
3453 5301 3524 5354 de

1921 5389 2177 5445 Montani
2206 5391 2349 5444 cello
2381 5391 2469 5444 vel
2501 5392 2570 5446 de
2599 5391 2862 5446 Cubilare
2889 5407 3020 5444 cum
3057 5390 3266 5443 finibus
3295 5406 3519 5444 eorum.

1928 5481 2194 5534 Castrum
2221 5478 2291 5532 de
2323 5479 2612 5534 Catorbite
2647 5496 2776 5534 cum
2820 5480 3029 5534 finibus
3072 5479 3204 5544 suis,
3241 5482 3297 5532 et
3329 5477 3520 5530 villam

1916 5573 1987 5628 de
2009 5569 2242 5624 Salente
2269 5585 2398 5624 cum
2423 5569 2631 5625 finibus
2653 5569 2784 5637 suis,
2809 5573 2867 5624 ct
2887 5569 3075 5641 ipsum
3098 5569 3290 5623 favum
3323 5566 3392 5619 de
3415 5566 3518 5616 Ar-

253 5661 351 5716 ser,
370 5650 789 5722 quoniam,nisi
808 5654 1379 5726 adfueris,synodicaz
1408 5655 1734 5712 auctoritati
1764 5656 1824 5714 in
1925 5659 2175 5718 chavelle
2189 5658 2885 5726 etiam,etmonasterium
2905 5654 3339 5715 SancliPetriin
3354 5653 3524 5710 Scha-
