  <div class='ocr_page' id='page_1' title='image "/cluster/home/n/w/nwhite01/storage/ocr_20150623/139/hvd.32044054759998/145.png"; bbox 0 0 3898 6168; ppageno 0'>
   <div class='ocr_carea' id='block_1_1' title="bbox 457 345 3042 413">
    <p class='ocr_par' dir='ltr' id='par_1_1' title="bbox 457 345 3042 413">
     <span class='ocr_line' id='line_1_1' title="bbox 457 345 3042 413; baseline -0 -1"><span class='ocrx_word' id='word_1_1' title='bbox 457 357 524 412; x_wconf 80' lang='lat'><strong>79</strong></span> <span class='ocrx_word' id='word_1_2' title='bbox 1112 349 1464 411; x_wconf 79' lang='lat' dir='ltr'>SILVESTBI</span> <span class='ocrx_word' id='word_1_3' title='bbox 1491 351 1541 410; x_wconf 91' lang='lat' dir='ltr'><strong>II</strong></span> <span class='ocrx_word' id='word_1_4' title='bbox 1568 350 1770 410; x_wconf 70' lang='lat' dir='ltr'>PAPE</span> <span class='ocrx_word' id='word_1_5' title='bbox 1799 349 1934 409; x_wconf 88' lang='lat' dir='ltr'>OPP</span> <span class='ocrx_word' id='word_1_6' title='bbox 1970 345 2152 408; x_wconf 80' lang='lat' dir='ltr'>PARS</span> <span class='ocrx_word' id='word_1_7' title='bbox 2182 349 2273 407; x_wconf 89' lang='grc' dir='ltr'>ΙΙΙ.</span> <span class='ocrx_word' id='word_1_8' title='bbox 2305 382 2376 397; x_wconf 94' lang='grc'><strong>-</strong></span> <span class='ocrx_word' id='word_1_9' title='bbox 2404 351 2616 413; x_wconf 88' lang='lat' dir='ltr'>EPIST.</span> <span class='ocrx_word' id='word_1_10' title='bbox 2647 351 2730 411; x_wconf 88' lang='lat' dir='ltr'><strong>ET</strong></span> <span class='ocrx_word' id='word_1_11' title='bbox 2767 353 3042 413; x_wconf 78' lang='lat' dir='ltr'>DIPLOM.</span> 
     </span>
    </p>
   </div>
   <div class='ocr_carea' id='block_1_2' title="bbox 3585 363 3673 428">
    <p class='ocr_par' dir='ltr' id='par_1_2' title="bbox 3585 363 3673 428">
     <span class='ocr_line' id='line_1_2' title="bbox 3585 363 3673 428; baseline 0.023 -3"><span class='ocrx_word' id='word_1_12' title='bbox 3585 363 3673 428; x_wconf 72' lang='lat'>280</span> 
     </span>
    </p>
   </div>
   <div class='ocr_carea' id='block_1_3' title="bbox 422 475 3678 559">
    <p class='ocr_par' dir='ltr' id='par_1_3' title="bbox 422 475 3678 559">
     <span class='ocr_line' id='line_1_3' title="bbox 422 475 3678 559; baseline 0.004 -27"><span class='ocrx_word' id='word_1_13' title='bbox 422 478 506 532; x_wconf 84' lang='lat' dir='ltr'>las</span> <span class='ocrx_word' id='word_1_14' title='bbox 537 494 666 534; x_wconf 91' lang='lat' dir='ltr'>cum</span> <span class='ocrx_word' id='word_1_15' title='bbox 686 475 1470 550; x_wconf 87' lang='lat' dir='ltr'>omnibussuispertinentiis.</span> <span class='ocrx_word' id='word_1_16' title='bbox 1491 477 1557 531; x_wconf 87' lang='lat' dir='ltr'>Et</span> <span class='ocrx_word' id='word_1_17' title='bbox 1577 475 1759 548; x_wconf 85' lang='lat' dir='ltr'>ipsam</span> <span class='ocrx_word' id='word_1_18' title='bbox 1781 478 2021 542; x_wconf 85' lang='lat' dir='ltr'>turrem,</span> <span class='ocrx_word' id='word_1_19' title='bbox 2044 482 2099 541; x_wconf 81' lang='grc' dir='ltr'><strong>Α</strong></span> <span class='ocrx_word' id='word_1_20' title='bbox 2126 491 2252 546; x_wconf 65' lang='lat' dir='ltr'>qua:</span> <span class='ocrx_word' id='word_1_21' title='bbox 2286 475 2478 531; x_wconf 88' lang='lat' dir='ltr'>eidem</span> <span class='ocrx_word' id='word_1_22' title='bbox 2511 479 2863 533; x_wconf 86' lang='lat' dir='ltr'>monasterio</span> <span class='ocrx_word' id='word_1_23' title='bbox 2892 495 2925 533; x_wconf 88' lang='lat' dir='ltr'>a</span> <span class='ocrx_word' id='word_1_24' title='bbox 2941 479 3066 550; x_wconf 86' lang='lat' dir='ltr'>jam</span> <span class='ocrx_word' id='word_1_25' title='bbox 3097 478 3255 536; x_wconf 90' lang='lat' dir='ltr'>dictis</span> <span class='ocrx_word' id='word_1_26' title='bbox 3293 480 3678 559; x_wconf 77' lang='lat' dir='ltr'>fundatoribus,</span> 
     </span>
    </p>
   </div>
   <div class='ocr_carea' id='block_1_4' title="bbox 430 561 2025 637">
    <p class='ocr_par' dir='ltr' id='par_1_4' title="bbox 430 561 2025 637">
     <span class='ocr_line' id='line_1_4' title="bbox 430 561 2025 637; baseline -0.004 -16"><span class='ocrx_word' id='word_1_27' title='bbox 430 581 557 637; x_wconf 81' lang='lat' dir='ltr'>quae</span> <span class='ocrx_word' id='word_1_28' title='bbox 586 566 692 620; x_wconf 88' lang='lat' dir='ltr'>fuit</span> <span class='ocrx_word' id='word_1_29' title='bbox 719 566 788 620; x_wconf 92' lang='lat' dir='ltr'>de</span> <span class='ocrx_word' id='word_1_30' title='bbox 815 566 1093 631; x_wconf 81' lang='lat' dir='ltr'>Marchuz,</span> <span class='ocrx_word' id='word_1_31' title='bbox 1126 569 1299 636; x_wconf 90' lang='lat' dir='ltr'>atque</span> <span class='ocrx_word' id='word_1_32' title='bbox 1330 563 1503 618; x_wconf 89' lang='lat' dir='ltr'>aliam</span> <span class='ocrx_word' id='word_1_33' title='bbox 1536 567 1756 617; x_wconf 86' lang='lat' dir='ltr'>turrem</span> <span class='ocrx_word' id='word_1_34' title='bbox 1792 561 1850 615; x_wconf 90' lang='lat' dir='ltr'>in</span> <span class='ocrx_word' id='word_1_35' title='bbox 1882 561 2025 615; x_wconf 81' lang='lat' dir='ltr'>lines</span> 
     </span>
    </p>
   </div>
   <div class='ocr_carea' id='block_1_5' title="bbox 423 651 2025 726">
    <p class='ocr_par' dir='ltr' id='par_1_5' title="bbox 423 651 2025 726">
     <span class='ocr_line' id='line_1_5' title="bbox 423 651 2025 726; baseline -0.006 -14"><span class='ocrx_word' id='word_1_36' title='bbox 423 655 687 721; x_wconf 84' lang='lat' dir='ltr'>Celsima,</span> <span class='ocrx_word' id='word_1_37' title='bbox 713 671 840 726; x_wconf 69' lang='lat' dir='ltr'>qua:</span> <span class='ocrx_word' id='word_1_38' title='bbox 860 654 969 708; x_wconf 84' lang='lat' dir='ltr'>fuit</span> <span class='ocrx_word' id='word_1_39' title='bbox 1000 654 1070 708; x_wconf 93' lang='lat' dir='ltr'>de</span> <span class='ocrx_word' id='word_1_40' title='bbox 1103 654 1359 719; x_wconf 89' lang='lat' dir='ltr'>Bellone,</span> <span class='ocrx_word' id='word_1_41' title='bbox 1385 653 1500 707; x_wconf 87' lang='lat' dir='ltr'>sive</span> <span class='ocrx_word' id='word_1_42' title='bbox 1530 651 1763 706; x_wconf 77' lang='lat' dir='ltr'>tertiam</span> <span class='ocrx_word' id='word_1_43' title='bbox 1798 654 2025 722; x_wconf 88' lang='lat' dir='ltr'>partem</span> 
     </span>
    </p>
   </div>
   <div class='ocr_carea' id='block_1_6' title="bbox 426 739 2026 814">
    <p class='ocr_par' dir='ltr' id='par_1_6' title="bbox 426 739 2026 814">
     <span class='ocr_line' id='line_1_6' title="bbox 426 739 2026 814; baseline -0.004 -17"><span class='ocrx_word' id='word_1_44' title='bbox 426 743 642 799; x_wconf 84' lang='lat' dir='ltr'>telonei</span> <span class='ocrx_word' id='word_1_45' title='bbox 672 759 804 796; x_wconf 90' lang='lat' dir='ltr'>cum</span> <span class='ocrx_word' id='word_1_46' title='bbox 846 742 1210 814; x_wconf 87' lang='lat' dir='ltr'>pertinentiis</span> <span class='ocrx_word' id='word_1_47' title='bbox 1257 741 1517 808; x_wconf 76' lang='lat' dir='ltr'>mercati,</span> <span class='ocrx_word' id='word_1_48' title='bbox 1554 741 1637 794; x_wconf 88' lang='lat' dir='ltr'>vel</span> <span class='ocrx_word' id='word_1_49' title='bbox 1674 739 1871 794; x_wconf 87' lang='lat' dir='ltr'>omnia</span> <span class='ocrx_word' id='word_1_50' title='bbox 1897 755 2026 809; x_wconf 63' lang='lat' dir='ltr'>quae</span> 
     </span>
    </p>
   </div>
   <div class='ocr_carea' id='block_1_7' title="bbox 426 828 2025 903">
    <p class='ocr_par' dir='ltr' id='par_1_7' title="bbox 426 828 2025 903">
     <span class='ocr_line' id='line_1_7' title="bbox 426 828 2025 903; baseline -0.003 -17"><span class='ocrx_word' id='word_1_51' title='bbox 426 848 531 903; x_wconf 85' lang='lat' dir='ltr'>per</span> <span class='ocrx_word' id='word_1_52' title='bbox 541 832 730 903; x_wconf 90' lang='lat' dir='ltr'>aliqua</span> <span class='ocrx_word' id='word_1_53' title='bbox 750 831 1077 886; x_wconf 85' lang='lat' dir='ltr'>munimina</span> <span class='ocrx_word' id='word_1_54' title='bbox 1096 831 1166 886; x_wconf 89' lang='lat' dir='ltr'>ad</span> <span class='ocrx_word' id='word_1_55' title='bbox 1181 831 1450 885; x_wconf 90' lang='lat' dir='ltr'>eumdem</span> <span class='ocrx_word' id='word_1_56' title='bbox 1464 828 1623 901; x_wconf 91' lang='lat' dir='ltr'>pium</span> <span class='ocrx_word' id='word_1_57' title='bbox 1646 830 1834 883; x_wconf 91' lang='lat' dir='ltr'>locum</span> <span class='ocrx_word' id='word_1_58' title='bbox 1850 828 2025 900; x_wconf 88' lang='lat' dir='ltr'>perti-</span> 
     </span>
    </p>
   </div>
   <div class='ocr_carea' id='block_1_8' title="bbox 427 916 2026 990">
    <p class='ocr_par' dir='ltr' id='par_1_8' title="bbox 427 916 2026 990">
     <span class='ocr_line' id='line_1_8' title="bbox 427 916 2026 990; baseline -0.002 -18"><span class='ocrx_word' id='word_1_59' title='bbox 427 936 565 974; x_wconf 74' lang='lat' dir='ltr'>nere</span> <span class='ocrx_word' id='word_1_60' title='bbox 586 919 944 985; x_wconf 90' lang='lat' dir='ltr'>videntur,et</span> <span class='ocrx_word' id='word_1_61' title='bbox 960 919 1114 990; x_wconf 93' lang='lat' dir='ltr'>quod</span> <span class='ocrx_word' id='word_1_62' title='bbox 1135 919 1368 983; x_wconf 90' lang='lat' dir='ltr'>amodo,</span> <span class='ocrx_word' id='word_1_63' title='bbox 1391 921 1448 972; x_wconf 92' lang='lat' dir='ltr'>et</span> <span class='ocrx_word' id='word_1_64' title='bbox 1469 917 1524 971; x_wconf 91' lang='lat' dir='ltr'>in</span> <span class='ocrx_word' id='word_1_65' title='bbox 1547 920 1736 980; x_wconf 80' lang='lat' dir='ltr'>antea,</span> <span class='ocrx_word' id='word_1_66' title='bbox 1752 919 1813 970; x_wconf 91' lang='lat' dir='ltr'>tu</span> <span class='ocrx_word' id='word_1_67' title='bbox 1833 916 2026 987; x_wconf 89' lang='lat' dir='ltr'>tuique</span> 
     </span>
    </p>
   </div>
   <div class='ocr_carea' id='block_1_9' title="bbox 427 1005 2024 1080">
    <p class='ocr_par' dir='ltr' id='par_1_9' title="bbox 427 1005 2024 1080">
     <span class='ocr_line' id='line_1_9' title="bbox 427 1005 2024 1080; baseline -0.003 -19"><span class='ocrx_word' id='word_1_68' title='bbox 427 1023 778 1062; x_wconf 85' lang='lat' dir='ltr'>successores</span> <span class='ocrx_word' id='word_1_69' title='bbox 805 1008 1066 1080; x_wconf 87' lang='lat' dir='ltr'>legaliter</span> <span class='ocrx_word' id='word_1_70' title='bbox 1108 1006 1434 1078; x_wconf 88' lang='lat' dir='ltr'>acquisituri</span> <span class='ocrx_word' id='word_1_71' title='bbox 1464 1005 1702 1071; x_wconf 81' lang='lat' dir='ltr'>fueritis,</span> <span class='ocrx_word' id='word_1_72' title='bbox 1725 1021 1855 1058; x_wconf 92' lang='lat' dir='ltr'>cum</span> <span class='ocrx_word' id='word_1_73' title='bbox 1902 1021 2024 1058; x_wconf 86' lang='lat' dir='ltr'>ma-</span> 
     </span>
    </p>
   </div>
   <div class='ocr_carea' id='block_1_10' title="bbox 427 1095 2029 1167">
    <p class='ocr_par' dir='ltr' id='par_1_10' title="bbox 427 1095 2029 1167">
     <span class='ocr_line' id='line_1_10' title="bbox 427 1095 2029 1167; baseline -0.002 -16"><span class='ocrx_word' id='word_1_74' title='bbox 427 1097 862 1166; x_wconf 81' lang='lat' dir='ltr'>gnasecuritate</span> <span class='ocrx_word' id='word_1_75' title='bbox 877 1096 1111 1167; x_wconf 87' lang='lat' dir='ltr'>pacifice</span> <span class='ocrx_word' id='word_1_76' title='bbox 1131 1098 1188 1149; x_wconf 90' lang='lat' dir='ltr'>et</span> <span class='ocrx_word' id='word_1_77' title='bbox 1206 1095 1397 1165; x_wconf 79' lang='lat' dir='ltr'>quiete</span> <span class='ocrx_word' id='word_1_78' title='bbox 1414 1095 1628 1149; x_wconf 89' lang='lat' dir='ltr'>habere</span> <span class='ocrx_word' id='word_1_79' title='bbox 1643 1095 1728 1148; x_wconf 85' lang='lat' dir='ltr'>vel</span> <span class='ocrx_word' id='word_1_80' title='bbox 1748 1096 2029 1161; x_wconf 89' lang='lat' dir='ltr'>tenere,et</span> 
     </span>
    </p>
   </div>
   <div class='ocr_carea' id='block_1_11' title="bbox 427 1183 2025 1256">
    <p class='ocr_par' dir='ltr' id='par_1_11' title="bbox 427 1183 2025 1256">
     <span class='ocr_line' id='line_1_11' title="bbox 427 1183 2025 1256; baseline -0.001 -19"><span class='ocrx_word' id='word_1_81' title='bbox 427 1185 717 1256; x_wconf 88' lang='lat' dir='ltr'>possidere</span> <span class='ocrx_word' id='word_1_82' title='bbox 749 1185 1005 1240; x_wconf 87' lang='lat' dir='ltr'>debeatis</span> <span class='ocrx_word' id='word_1_83' title='bbox 1037 1185 1094 1238; x_wconf 93' lang='lat' dir='ltr'>in</span> <span class='ocrx_word' id='word_1_84' title='bbox 1123 1187 1490 1254; x_wconf 89' lang='lat' dir='ltr'>perpetuum,</span> <span class='ocrx_word' id='word_1_85' title='bbox 1515 1183 1593 1237; x_wconf 88' lang='lat' dir='ltr'>ita</span> <span class='ocrx_word' id='word_1_86' title='bbox 1620 1186 1683 1237; x_wconf 93' lang='lat' dir='ltr'>ut</span> <span class='ocrx_word' id='word_1_87' title='bbox 1702 1183 1887 1236; x_wconf 93' lang='lat' dir='ltr'>nullus</span> <span class='ocrx_word' id='word_1_88' title='bbox 1905 1198 2025 1248; x_wconf 84' lang='lat' dir='ltr'>rex,</span> 
     </span>
    </p>
   </div>
   <div class='ocr_carea' id='block_1_12' title="bbox 423 1270 2021 1346">
    <p class='ocr_par' dir='ltr' id='par_1_12' title="bbox 423 1270 2021 1346">
     <span class='ocr_line' id='line_1_12' title="bbox 423 1270 2021 1346; baseline -0.003 -18"><span class='ocrx_word' id='word_1_89' title='bbox 423 1274 617 1329; x_wconf 71' lang='lat' dir='ltr'>nullus</span> <span class='ocrx_word' id='word_1_90' title='bbox 637 1274 922 1346; x_wconf 85' lang='lat' dir='ltr'>princeps,</span> <span class='ocrx_word' id='word_1_91' title='bbox 943 1273 1128 1327; x_wconf 91' lang='lat' dir='ltr'>nullus</span> <span class='ocrx_word' id='word_1_92' title='bbox 1140 1288 1354 1338; x_wconf 88' lang='lat' dir='ltr'>comes,</span> <span class='ocrx_word' id='word_1_93' title='bbox 1371 1273 1561 1327; x_wconf 91' lang='lat' dir='ltr'>nullus</span> <span class='ocrx_word' id='word_1_94' title='bbox 1587 1270 1868 1337; x_wconf 91' lang='lat' dir='ltr'>marchio,</span> <span class='ocrx_word' id='word_1_95' title='bbox 1899 1270 2021 1324; x_wconf 90' lang='lat' dir='ltr'>nul-</span> 
     </span>
    </p>
   </div>
   <div class='ocr_carea' id='block_1_13' title="bbox 424 1358 2029 1433">
    <p class='ocr_par' dir='ltr' id='par_1_13' title="bbox 424 1358 2029 1433">
     <span class='ocr_line' id='line_1_13' title="bbox 424 1358 2029 1433; baseline -0.002 -17"><span class='ocrx_word' id='word_1_96' title='bbox 424 1362 724 1432; x_wconf 83' lang='lat' dir='ltr'>lusjudex,</span> <span class='ocrx_word' id='word_1_97' title='bbox 749 1379 936 1433; x_wconf 90' lang='lat' dir='ltr'>neque</span> <span class='ocrx_word' id='word_1_98' title='bbox 965 1362 1079 1415; x_wconf 91' lang='lat' dir='ltr'>ulla</span> <span class='ocrx_word' id='word_1_99' title='bbox 1106 1375 1320 1430; x_wconf 79' lang='lat' dir='ltr'>magna</span> <span class='ocrx_word' id='word_1_100' title='bbox 1353 1377 1640 1432; x_wconf 91' lang='lat' dir='ltr'>parvaque</span> <span class='ocrx_word' id='word_1_101' title='bbox 1672 1358 2029 1431; x_wconf 89' lang='lat' dir='ltr'>personaali-</span> 
     </span>
    </p>
   </div>
   <div class='ocr_carea' id='block_1_14' title="bbox 427 1448 2031 1520">
    <p class='ocr_par' dir='ltr' id='par_1_14' title="bbox 427 1448 2031 1520">
     <span class='ocr_line' id='line_1_14' title="bbox 427 1448 2031 1520; baseline 0 -18"><span class='ocrx_word' id='word_1_102' title='bbox 427 1466 604 1520; x_wconf 89' lang='lat' dir='ltr'>quam</span> <span class='ocrx_word' id='word_1_103' title='bbox 635 1450 750 1504; x_wconf 92' lang='lat' dir='ltr'>vim</span> <span class='ocrx_word' id='word_1_104' title='bbox 783 1449 1260 1505; x_wconf 74' lang='lat' dir='ltr'>autinvasionem</span> <span class='ocrx_word' id='word_1_105' title='bbox 1290 1451 1346 1505; x_wconf 92' lang='lat' dir='ltr'>in</span> <span class='ocrx_word' id='word_1_106' title='bbox 1375 1450 1580 1504; x_wconf 91' lang='lat' dir='ltr'>eodem</span> <span class='ocrx_word' id='word_1_107' title='bbox 1618 1448 1903 1519; x_wconf 90' lang='lat' dir='ltr'>episcopio</span> <span class='ocrx_word' id='word_1_108' title='bbox 1935 1464 2031 1502; x_wconf 91' lang='lat' dir='ltr'>ne-</span> 
     </span>
    </p>
   </div>
   <div class='ocr_carea' id='block_1_15' title="bbox 427 1538 2025 1612">
    <p class='ocr_par' dir='ltr' id='par_1_15' title="bbox 427 1538 2025 1612">
     <span class='ocr_line' id='line_1_15' title="bbox 427 1538 2025 1612; baseline -0.001 -22"><span class='ocrx_word' id='word_1_109' title='bbox 427 1553 538 1608; x_wconf 92' lang='lat' dir='ltr'>que</span> <span class='ocrx_word' id='word_1_110' title='bbox 569 1538 626 1591; x_wconf 92' lang='lat' dir='ltr'>in</span> <span class='ocrx_word' id='word_1_111' title='bbox 651 1538 764 1592; x_wconf 90' lang='lat' dir='ltr'><strong>suis</strong></span> <span class='ocrx_word' id='word_1_112' title='bbox 787 1539 1155 1610; x_wconf 84' lang='lat' dir='ltr'>pertinentiis</span> <span class='ocrx_word' id='word_1_113' title='bbox 1184 1556 1440 1612; x_wconf 90' lang='lat' dir='ltr'>unquam</span> <span class='ocrx_word' id='word_1_114' title='bbox 1473 1539 1662 1592; x_wconf 89' lang='lat' dir='ltr'>facere</span> <span class='ocrx_word' id='word_1_115' title='bbox 1693 1539 2025 1607; x_wconf 78' lang='lat' dir='ltr'>praesumat.</span> 
     </span>
    </p>
   </div>
   <div class='ocr_carea' id='block_1_16' title="bbox 425 1623 2031 1697">
    <p class='ocr_par' dir='ltr' id='par_1_16' title="bbox 425 1623 2031 1697">
     <span class='ocr_line' id='line_1_16' title="bbox 425 1623 2031 1697; baseline -0.001 -20"><span class='ocrx_word' id='word_1_116' title='bbox 425 1623 485 1678; x_wconf 91' lang='lat' dir='ltr'>Si</span> <span class='ocrx_word' id='word_1_117' title='bbox 513 1625 638 1696; x_wconf 89' lang='lat' dir='ltr'><strong>quis</strong></span> <span class='ocrx_word' id='word_1_118' title='bbox 664 1630 855 1680; x_wconf 86' lang='lat' dir='ltr'>autem</span> <span class='ocrx_word' id='word_1_119' title='bbox 895 1628 1206 1682; x_wconf 90' lang='lat' dir='ltr'>temerario</span> <span class='ocrx_word' id='word_1_120' title='bbox 1234 1644 1394 1694; x_wconf 88' lang='lat' dir='ltr'>ausu,</span> <span class='ocrx_word' id='word_1_121' title='bbox 1426 1626 1581 1697; x_wconf 90' lang='lat' dir='ltr'>quod</span> <span class='ocrx_word' id='word_1_122' title='bbox 1612 1625 1732 1678; x_wconf 88' lang='lat' dir='ltr'>fieri</span> <span class='ocrx_word' id='word_1_123' title='bbox 1764 1641 1880 1678; x_wconf 89' lang='lat' dir='ltr'>non</span> <span class='ocrx_word' id='word_1_124' title='bbox 1915 1639 2031 1677; x_wconf 91' lang='lat' dir='ltr'>cre-</span> 
     </span>
    </p>
   </div>
   <div class='ocr_carea' id='block_1_17' title="bbox 429 1711 2029 1786">
    <p class='ocr_par' dir='ltr' id='par_1_17' title="bbox 429 1711 2029 1786">
     <span class='ocr_line' id='line_1_17' title="bbox 429 1711 2029 1786; baseline -0.002 -19"><span class='ocrx_word' id='word_1_125' title='bbox 429 1712 640 1780; x_wconf 92' lang='lat' dir='ltr'>dimus,</span> <span class='ocrx_word' id='word_1_126' title='bbox 673 1719 874 1770; x_wconf 89' lang='lat' dir='ltr'>contra</span> <span class='ocrx_word' id='word_1_127' title='bbox 905 1716 1074 1786; x_wconf 88' lang='lat' dir='ltr'><strong>hujus</strong></span> <span class='ocrx_word' id='word_1_128' title='bbox 1103 1719 1311 1770; x_wconf 75' lang='lat' dir='ltr'>nostrze</span> <span class='ocrx_word' id='word_1_129' title='bbox 1353 1713 1679 1786; x_wconf 65' lang='lat' dir='ltr'>apostolica:</span> <span class='ocrx_word' id='word_1_130' title='bbox 1722 1711 2029 1767; x_wconf 88' lang='lat' dir='ltr'>confirma-</span> 
     </span>
    </p>
   </div>
   <div class='ocr_carea' id='block_1_18' title="bbox 2128 567 3680 641">
    <p class='ocr_par' dir='ltr' id='par_1_18' title="bbox 2128 567 3680 641">
     <span class='ocr_line' id='line_1_18' title="bbox 2128 567 3680 641; baseline 0.009 -22"><span class='ocrx_word' id='word_1_131' title='bbox 2128 567 2213 619; x_wconf 90' lang='lat' dir='ltr'>vel</span> <span class='ocrx_word' id='word_1_132' title='bbox 2239 567 2309 621; x_wconf 91' lang='lat' dir='ltr'>ab</span> <span class='ocrx_word' id='word_1_133' title='bbox 2342 567 2465 620; x_wconf 91' lang='lat' dir='ltr'>aliis</span> <span class='ocrx_word' id='word_1_134' title='bbox 2490 568 2925 641; x_wconf 62' lang='lat' dir='ltr'>quibuscunque</span> <span class='ocrx_word' id='word_1_135' title='bbox 2966 569 3220 640; x_wconf 84' lang='lat' dir='ltr'>personis</span> <span class='ocrx_word' id='word_1_136' title='bbox 3259 573 3469 628; x_wconf 80' lang='lat' dir='ltr'>collatae</span> <span class='ocrx_word' id='word_1_137' title='bbox 3486 579 3538 631; x_wconf 89' lang='lat' dir='ltr'>et</span> <span class='ocrx_word' id='word_1_138' title='bbox 3561 593 3680 634; x_wconf 89' lang='lat' dir='ltr'>con-</span> 
     </span>
    </p>
   </div>
   <div class='ocr_carea' id='block_1_19' title="bbox 2127 655 3685 733">
    <p class='ocr_par' dir='ltr' id='par_1_19' title="bbox 2127 655 3685 733">
     <span class='ocr_line' id='line_1_19' title="bbox 2127 655 3685 733; baseline 0.008 -25"><span class='ocrx_word' id='word_1_139' title='bbox 2127 671 2295 708; x_wconf 77' lang='lat' dir='ltr'>cessae</span> <span class='ocrx_word' id='word_1_140' title='bbox 2332 655 2411 708; x_wconf 80' lang='lat' dir='ltr'>vel</span> <span class='ocrx_word' id='word_1_141' title='bbox 2437 655 2495 708; x_wconf 91' lang='lat' dir='ltr'>in</span> <span class='ocrx_word' id='word_1_142' title='bbox 2522 656 2780 710; x_wconf 81' lang='lat' dir='ltr'>futurum</span> <span class='ocrx_word' id='word_1_143' title='bbox 2811 673 2844 710; x_wconf 92' lang='lat' dir='ltr'>a</span> <span class='ocrx_word' id='word_1_144' title='bbox 2875 657 3131 728; x_wconf 91' lang='lat' dir='ltr'>quolibet</span> <span class='ocrx_word' id='word_1_145' title='bbox 3160 657 3228 713; x_wconf 90' lang='lat' dir='ltr'>de</span> <span class='ocrx_word' id='word_1_146' title='bbox 3250 662 3470 733; x_wconf 88' lang='lat' dir='ltr'>proprio</span> <span class='ocrx_word' id='word_1_147' title='bbox 3494 663 3685 722; x_wconf 81' lang='lat' dir='ltr'>fuerint</span> 
     </span>
    </p>
   </div>
   <div class='ocr_carea' id='block_1_20' title="bbox 2119 742 3685 823">
    <p class='ocr_par' dir='ltr' id='par_1_20' title="bbox 2119 742 3685 823">
     <span class='ocr_line' id='line_1_20' title="bbox 2119 742 3685 823; baseline 0.007 -28"><span class='ocrx_word' id='word_1_148' title='bbox 2119 742 2250 812; x_wconf 86' lang='lat' dir='ltr'>jure</span> <span class='ocrx_word' id='word_1_149' title='bbox 2274 742 2524 811; x_wconf 63' lang='lat' dir='ltr'>donatae,</span> <span class='ocrx_word' id='word_1_150' title='bbox 2540 744 2643 798; x_wconf 90' lang='lat' dir='ltr'><strong>sub</strong></span> <span class='ocrx_word' id='word_1_151' title='bbox 2657 744 2955 815; x_wconf 89' lang='lat' dir='ltr'>cujuslibet</span> <span class='ocrx_word' id='word_1_152' title='bbox 2976 761 3158 800; x_wconf 65' lang='lat' dir='ltr'>causae</span> <span class='ocrx_word' id='word_1_153' title='bbox 3189 749 3548 805; x_wconf 88' lang='lat' dir='ltr'>occasionisve</span> <span class='ocrx_word' id='word_1_154' title='bbox 3574 768 3685 823; x_wconf 89' lang='lat' dir='ltr'>spe-</span> 
     </span>
    </p>
   </div>
   <div class='ocr_carea' id='block_1_21' title="bbox 2128 831 3685 909">
    <p class='ocr_par' dir='ltr' id='par_1_21' title="bbox 2128 831 3685 909">
     <span class='ocr_line' id='line_1_21' title="bbox 2128 831 3685 909; baseline 0.007 -24"><span class='ocrx_word' id='word_1_155' title='bbox 2128 831 2212 886; x_wconf 89' lang='lat' dir='ltr'><strong>cie</strong></span> <span class='ocrx_word' id='word_1_156' title='bbox 2243 832 2412 886; x_wconf 91' lang='lat' dir='ltr'>liceat</span> <span class='ocrx_word' id='word_1_157' title='bbox 2463 833 2727 887; x_wconf 84' lang='lat' dir='ltr'>minuere</span> <span class='ocrx_word' id='word_1_158' title='bbox 2771 835 2858 888; x_wconf 88' lang='lat' dir='ltr'>vel</span> <span class='ocrx_word' id='word_1_159' title='bbox 2891 835 3138 902; x_wconf 87' lang='lat' dir='ltr'>auferre,</span> <span class='ocrx_word' id='word_1_160' title='bbox 3173 853 3352 909; x_wconf 89' lang='lat' dir='ltr'>neque</span> <span class='ocrx_word' id='word_1_161' title='bbox 3383 838 3490 894; x_wconf 88' lang='lat' dir='ltr'><strong>suis</strong></span> <span class='ocrx_word' id='word_1_162' title='bbox 3518 842 3685 897; x_wconf 86' lang='lat' dir='ltr'><strong>usibus</strong></span> 
     </span>
    </p>
   </div>
   <div class='ocr_carea' id='block_1_22' title="bbox 2128 919 3689 995">
    <p class='ocr_par' dir='ltr' id='par_1_22' title="bbox 2128 919 3689 995">
     <span class='ocr_line' id='line_1_22' title="bbox 2128 919 3689 995; baseline 0.008 -23"><span class='ocrx_word' id='word_1_163' title='bbox 2128 919 2416 990; x_wconf 85' lang='lat' dir='ltr'>applicare</span> <span class='ocrx_word' id='word_1_164' title='bbox 2440 937 2452 974; x_wconf 91' lang='lat'>:</span> <span class='ocrx_word' id='word_1_165' title='bbox 2475 920 2575 975; x_wconf 91' lang='lat' dir='ltr'>sed</span> <span class='ocrx_word' id='word_1_166' title='bbox 2597 925 2800 976; x_wconf 78' lang='lat' dir='ltr'>cuncta</span> <span class='ocrx_word' id='word_1_167' title='bbox 2831 940 2957 995; x_wconf 74' lang='lat' dir='ltr'>quae</span> <span class='ocrx_word' id='word_1_168' title='bbox 2975 923 3054 978; x_wconf 89' lang='lat' dir='ltr'>ibi</span> <span class='ocrx_word' id='word_1_169' title='bbox 3077 924 3264 980; x_wconf 91' lang='lat' dir='ltr'>oblata</span> <span class='ocrx_word' id='word_1_170' title='bbox 3283 929 3498 982; x_wconf 88' lang='lat' dir='ltr'>suntvel</span> <span class='ocrx_word' id='word_1_171' title='bbox 3519 929 3689 984; x_wconf 73' lang='lat' dir='ltr'>offerri</span> 
     </span>
    </p>
   </div>
   <div class='ocr_carea' id='block_1_23' title="bbox 2128 1008 3688 1087">
    <p class='ocr_par' dir='ltr' id='par_1_23' title="bbox 2128 1008 3688 1087">
     <span class='ocr_line' id='line_1_23' title="bbox 2128 1008 3688 1087; baseline 0.007 -26"><span class='ocrx_word' id='word_1_172' title='bbox 2128 1008 2435 1078; x_wconf 78' lang='lat' dir='ltr'>contigerit</span> <span class='ocrx_word' id='word_1_173' title='bbox 2464 1027 2498 1063; x_wconf 92' lang='lat' dir='ltr'>a</span> <span class='ocrx_word' id='word_1_174' title='bbox 2522 1010 2790 1080; x_wconf 73' lang='lat' dir='ltr'>praesenti</span> <span class='ocrx_word' id='word_1_175' title='bbox 2841 1028 2928 1064; x_wconf 71' lang='lat' dir='ltr'>xxv</span> <span class='ocrx_word' id='word_1_176' title='bbox 2967 1011 3294 1067; x_wconf 90' lang='lat' dir='ltr'>indictionis</span> <span class='ocrx_word' id='word_1_177' title='bbox 3322 1017 3566 1087; x_wconf 90' lang='lat' dir='ltr'>tempore</span> <span class='ocrx_word' id='word_1_178' title='bbox 3595 1017 3688 1072; x_wconf 91' lang='lat' dir='ltr'>illi-</span> 
     </span>
    </p>
   </div>
   <div class='ocr_carea' id='block_1_24' title="bbox 2130 1096 3686 1173">
    <p class='ocr_par' dir='ltr' id='par_1_24' title="bbox 2130 1096 3686 1173">
     <span class='ocr_line' id='line_1_24' title="bbox 2130 1096 3686 1173; baseline 0.006 -24"><span class='ocrx_word' id='word_1_179' title='bbox 2130 1096 2265 1150; x_wconf 89' lang='lat' dir='ltr'>bata</span> <span class='ocrx_word' id='word_1_180' title='bbox 2283 1101 2339 1150; x_wconf 91' lang='lat' dir='ltr'>et</span> <span class='ocrx_word' id='word_1_181' title='bbox 2351 1097 2474 1151; x_wconf 91' lang='lat' dir='ltr'>sine</span> <span class='ocrx_word' id='word_1_182' title='bbox 2490 1098 2910 1170; x_wconf 82' lang='lat' dir='ltr'><strong>inquietudine,</strong></span> <span class='ocrx_word' id='word_1_183' title='bbox 2931 1100 2988 1154; x_wconf 93' lang='lat' dir='ltr'>in</span> <span class='ocrx_word' id='word_1_184' title='bbox 3011 1103 3418 1157; x_wconf 90' lang='lat' dir='ltr'>sustentatione</span> <span class='ocrx_word' id='word_1_185' title='bbox 3432 1104 3546 1173; x_wconf 91' lang='lat' dir='ltr'>jam</span> <span class='ocrx_word' id='word_1_186' title='bbox 3568 1104 3686 1158; x_wconf 90' lang='lat' dir='ltr'>dicti</span> 
     </span>
    </p>
   </div>
   <div class='ocr_carea' id='block_1_25' title="bbox 2132 1185 3689 1254">
    <p class='ocr_par' dir='ltr' id='par_1_25' title="bbox 2132 1185 3689 1254">
     <span class='ocr_line' id='line_1_25' title="bbox 2132 1185 3689 1254; baseline 0.005 -16"><span class='ocrx_word' id='word_1_187' title='bbox 2132 1185 2486 1250; x_wconf 80' lang='lat' dir='ltr'>monasterii,</span> <span class='ocrx_word' id='word_1_188' title='bbox 2519 1190 2585 1239; x_wconf 91' lang='lat' dir='ltr'>et</span> <span class='ocrx_word' id='word_1_189' title='bbox 2601 1187 2789 1241; x_wconf 89' lang='lat' dir='ltr'><strong>usibus</strong></span> <span class='ocrx_word' id='word_1_190' title='bbox 2806 1188 3104 1254; x_wconf 75' lang='lat' dir='ltr'>abbatum,</span> <span class='ocrx_word' id='word_1_191' title='bbox 3121 1192 3176 1243; x_wconf 89' lang='lat' dir='ltr'>et</span> <span class='ocrx_word' id='word_1_192' title='bbox 3195 1191 3588 1246; x_wconf 87' lang='lat' dir='ltr'>monachorum</span> <span class='ocrx_word' id='word_1_193' title='bbox 3600 1192 3689 1247; x_wconf 91' lang='lat' dir='ltr'><strong>sub</strong></span> 
     </span>
    </p>
   </div>
   <div class='ocr_carea' id='block_1_26' title="bbox 2129 1273 3688 1345">
    <p class='ocr_par' dir='ltr' id='par_1_26' title="bbox 2129 1273 3688 1345">
     <span class='ocr_line' id='line_1_26' title="bbox 2129 1273 3688 1345; baseline 0.005 -20"><span class='ocrx_word' id='word_1_194' title='bbox 2129 1274 2333 1344; x_wconf 86' lang='lat' dir='ltr'>regula</span> <span class='ocrx_word' id='word_1_195' title='bbox 2363 1273 2546 1328; x_wconf 89' lang='lat' dir='ltr'>Patris</span> <span class='ocrx_word' id='word_1_196' title='bbox 2576 1275 2868 1329; x_wconf 88' lang='lat' dir='ltr'>Benedicti</span> <span class='ocrx_word' id='word_1_197' title='bbox 2897 1277 2974 1330; x_wconf 89' lang='lat' dir='ltr'><strong>ibi</strong></span> <span class='ocrx_word' id='word_1_198' title='bbox 3002 1278 3120 1331; x_wconf 92' lang='lat' dir='ltr'>Deo</span> <span class='ocrx_word' id='word_1_199' title='bbox 3150 1278 3532 1345; x_wconf 86' lang='lat' dir='ltr'>militantium,</span> <span class='ocrx_word' id='word_1_200' title='bbox 3551 1281 3688 1334; x_wconf 89' lang='lat' dir='ltr'>volu-</span> 
     </span>
    </p>
   </div>
   <div class='ocr_carea' id='block_1_27' title="bbox 2129 1363 3694 1435">
    <p class='ocr_par' dir='ltr' id='par_1_27' title="bbox 2129 1363 3694 1435">
     <span class='ocr_line' id='line_1_27' title="bbox 2129 1363 3694 1435; baseline 0.006 -22"><span class='ocrx_word' id='word_1_201' title='bbox 2129 1377 2257 1414; x_wconf 91' lang='lat' dir='ltr'>mus</span> <span class='ocrx_word' id='word_1_202' title='bbox 2288 1364 2459 1432; x_wconf 89' lang='lat' dir='ltr'>atque</span> <span class='ocrx_word' id='word_1_203' title='bbox 2491 1363 2854 1434; x_wconf 65' lang='lat' dir='ltr'>praecipimus</span> <span class='ocrx_word' id='word_1_204' title='bbox 2880 1365 3155 1435; x_wconf 86' lang='lat' dir='ltr'>possideri</span> <span class='ocrx_word' id='word_1_205' title='bbox 3180 1383 3192 1433; x_wconf 91' lang='lat'><strong>;</strong></span> <span class='ocrx_word' id='word_1_206' title='bbox 3222 1383 3290 1420; x_wconf 89' lang='lat' dir='ltr'>ea</span> <span class='ocrx_word' id='word_1_207' title='bbox 3318 1367 3694 1422; x_wconf 87' lang='lat' dir='ltr'>videlicetcon-</span> 
     </span>
    </p>
   </div>
   <div class='ocr_carea' id='block_1_28' title="bbox 2130 1448 3693 1527">
    <p class='ocr_par' dir='ltr' id='par_1_28' title="bbox 2130 1448 3693 1527">
     <span class='ocr_line' id='line_1_28' title="bbox 2130 1448 3693 1527; baseline 0.005 -25"><span class='ocrx_word' id='word_1_208' title='bbox 2130 1448 2345 1503; x_wconf 88' lang='lat' dir='ltr'>ditionc</span> <span class='ocrx_word' id='word_1_209' title='bbox 2362 1451 2422 1502; x_wconf 90' lang='lat' dir='ltr'>ut</span> <span class='ocrx_word' id='word_1_210' title='bbox 2436 1452 2621 1504; x_wconf 91' lang='lat' dir='ltr'>nullus</span> <span class='ocrx_word' id='word_1_211' title='bbox 2637 1469 3028 1507; x_wconf 90' lang='lat' dir='ltr'>successorum</span> <span class='ocrx_word' id='word_1_212' title='bbox 3052 1458 3374 1508; x_wconf 87' lang='lat' dir='ltr'>nostrorum</span> <span class='ocrx_word' id='word_1_213' title='bbox 3389 1455 3693 1527; x_wconf 84' lang='lat' dir='ltr'>pontificum</span> 
     </span>
    </p>
   </div>
   <div class='ocr_carea' id='block_1_29' title="bbox 2130 1536 3694 1609">
    <p class='ocr_par' dir='ltr' id='par_1_29' title="bbox 2130 1536 3694 1609">
     <span class='ocr_line' id='line_1_29' title="bbox 2130 1536 3694 1609; baseline 0.005 -20"><span class='ocrx_word' id='word_1_214' title='bbox 2130 1536 2189 1590; x_wconf 91' lang='lat' dir='ltr'>in</span> <span class='ocrx_word' id='word_1_215' title='bbox 2212 1537 2318 1590; x_wconf 91' lang='lat' dir='ltr'>hac</span> <span class='ocrx_word' id='word_1_216' title='bbox 2335 1542 2532 1591; x_wconf 90' lang='lat' dir='ltr'>sancta</span> <span class='ocrx_word' id='word_1_217' title='bbox 2548 1539 2703 1606; x_wconf 90' lang='lat' dir='ltr'>sede,</span> <span class='ocrx_word' id='word_1_218' title='bbox 2741 1541 2827 1593; x_wconf 91' lang='lat' dir='ltr'>cui</span> <span class='ocrx_word' id='word_1_219' title='bbox 2879 1543 2994 1596; x_wconf 91' lang='lat' dir='ltr'>Deo</span> <span class='ocrx_word' id='word_1_220' title='bbox 3041 1547 3270 1596; x_wconf 90' lang='lat' dir='ltr'>auctore</span> <span class='ocrx_word' id='word_1_221' title='bbox 3305 1543 3582 1609; x_wconf 84' lang='lat' dir='ltr'>servimus,</span> <span class='ocrx_word' id='word_1_222' title='bbox 3606 1560 3694 1597; x_wconf 90' lang='lat' dir='ltr'>un-</span> 
     </span>
    </p>
   </div>
   <div class='ocr_carea' id='block_1_30' title="bbox 2131 1626 3697 1702">
    <p class='ocr_par' dir='ltr' id='par_1_30' title="bbox 2131 1626 3697 1702">
     <span class='ocr_line' id='line_1_30' title="bbox 2131 1626 3697 1702; baseline 0.006 -24"><span class='ocrx_word' id='word_1_223' title='bbox 2131 1641 2302 1696; x_wconf 87' lang='lat' dir='ltr'>quam</span> <span class='ocrx_word' id='word_1_224' title='bbox 2319 1626 2404 1679; x_wconf 90' lang='lat' dir='ltr'>vel</span> <span class='ocrx_word' id='word_1_225' title='bbox 2425 1643 2662 1698; x_wconf 89' lang='lat' dir='ltr'>usquam</span> <span class='ocrx_word' id='word_1_226' title='bbox 2680 1629 2954 1699; x_wconf 87' lang='lat' dir='ltr'>quiddam</span> <span class='ocrx_word' id='word_1_227' title='bbox 2972 1630 3039 1683; x_wconf 92' lang='lat' dir='ltr'>de</span> <span class='ocrx_word' id='word_1_228' title='bbox 3055 1631 3271 1685; x_wconf 88' lang='lat' dir='ltr'>eisdem</span> <span class='ocrx_word' id='word_1_229' title='bbox 3289 1631 3448 1684; x_wconf 89' lang='lat' dir='ltr'>rebus</span> <span class='ocrx_word' id='word_1_230' title='bbox 3459 1631 3697 1702; x_wconf 86' lang='lat' dir='ltr'>cuiquam</span> 
     </span>
    </p>
   </div>
   <div class='ocr_carea' id='block_1_31' title="bbox 2131 1713 3700 1790">
    <p class='ocr_par' dir='ltr' id='par_1_31' title="bbox 2131 1713 3700 1790">
     <span class='ocr_line' id='line_1_31' title="bbox 2131 1713 3700 1790; baseline 0.004 -24"><span class='ocrx_word' id='word_1_231' title='bbox 2131 1713 2499 1776; x_wconf 85' lang='lat' dir='ltr'>beneficiare,</span> <span class='ocrx_word' id='word_1_232' title='bbox 2516 1721 2896 1784; x_wconf 91' lang='lat' dir='ltr'>commutare,</span> <span class='ocrx_word' id='word_1_233' title='bbox 2919 1719 3130 1772; x_wconf 89' lang='lat' dir='ltr'>autsub</span> <span class='ocrx_word' id='word_1_234' title='bbox 3153 1735 3325 1773; x_wconf 92' lang='lat' dir='ltr'>censu</span> <span class='ocrx_word' id='word_1_235' title='bbox 3343 1719 3700 1790; x_wconf 88' lang='lat' dir='ltr'>quolibetcon-</span> 
     </span>
    </p>
   </div>
   <div class='ocr_carea' id='block_1_32' title="bbox 425 1795 3699 1877">
    <p class='ocr_par' dir='ltr' id='par_1_32' title="bbox 425 1795 3699 1877">
     <span class='ocr_line' id='line_1_32' title="bbox 425 1795 3699 1877; baseline 0.001 -20"><span class='ocrx_word' id='word_1_236' title='bbox 425 1802 601 1859; x_wconf 87' lang='lat' dir='ltr'>tionis</span> <span class='ocrx_word' id='word_1_237' title='bbox 626 1805 835 1859; x_wconf 88' lang='lat' dir='ltr'>seriem</span> <span class='ocrx_word' id='word_1_238' title='bbox 866 1805 1058 1859; x_wconf 90' lang='lat' dir='ltr'>venire</span> <span class='ocrx_word' id='word_1_239' title='bbox 1091 1803 1414 1867; x_wconf 87' lang='lat' dir='ltr'>tentaverit,</span> <span class='ocrx_word' id='word_1_240' title='bbox 1437 1801 1577 1856; x_wconf 79' lang='lat' dir='ltr'>sciat</span> <span class='ocrx_word' id='word_1_241' title='bbox 1603 1804 1659 1856; x_wconf 90' lang='lat' dir='ltr'>te</span> <span class='ocrx_word' id='word_1_242' title='bbox 1687 1800 1906 1855; x_wconf 91' lang='lat' dir='ltr'>domini</span> <span class='ocrx_word' id='word_1_243' title='bbox 1928 1815 2030 1854; x_wconf 90' lang='lat' dir='ltr'>no-</span> <span class='ocrx_word' id='word_1_244' title='bbox 2057 1795 2107 1853; x_wconf 90' lang='lat' dir='ltr'>B</span> <span class='ocrx_word' id='word_1_245' title='bbox 2133 1801 2336 1856; x_wconf 89' lang='lat' dir='ltr'>cedere</span> <span class='ocrx_word' id='word_1_246' title='bbox 2362 1819 2467 1872; x_wconf 91' lang='lat' dir='ltr'>per</span> <span class='ocrx_word' id='word_1_247' title='bbox 2496 1803 2689 1858; x_wconf 89' lang='lat' dir='ltr'>futura</span> <span class='ocrx_word' id='word_1_248' title='bbox 2734 1809 2998 1876; x_wconf 89' lang='lat' dir='ltr'>tempora</span> <span class='ocrx_word' id='word_1_249' title='bbox 3039 1795 3310 1877; x_wconf 88' lang='lat' dir='ltr'>patiatur,</span> <span class='ocrx_word' id='word_1_250' title='bbox 3357 1807 3451 1862; x_wconf 90' lang='lat' dir='ltr'>sed</span> <span class='ocrx_word' id='word_1_251' title='bbox 3492 1821 3699 1861; x_wconf 88' lang='lat' dir='ltr'>censum</span> 
     </span>
    </p>
   </div>
   <div class='ocr_carea' id='block_1_33' title="bbox 423 1888 2033 1964">
    <p class='ocr_par' dir='ltr' id='par_1_33' title="bbox 423 1888 2033 1964">
     <span class='ocr_line' id='line_1_33' title="bbox 423 1888 2033 1964; baseline -0.002 -19"><span class='ocrx_word' id='word_1_252' title='bbox 423 1893 528 1947; x_wconf 90' lang='lat' dir='ltr'>stri</span> <span class='ocrx_word' id='word_1_253' title='bbox 561 1894 952 1964; x_wconf 90' lang='lat' dir='ltr'>apostolorum</span> <span class='ocrx_word' id='word_1_254' title='bbox 994 1892 1266 1964; x_wconf 88' lang='lat' dir='ltr'>principis</span> <span class='ocrx_word' id='word_1_255' title='bbox 1312 1891 1465 1945; x_wconf 86' lang='lat' dir='ltr'>Petri</span> <span class='ocrx_word' id='word_1_256' title='bbox 1499 1889 1885 1944; x_wconf 84' lang='lat' dir='ltr'>anathematis</span> <span class='ocrx_word' id='word_1_257' title='bbox 1916 1888 2033 1942; x_wconf 90' lang='lat' dir='ltr'>vin-</span> 
     </span>
    </p>
   </div>
   <div class='ocr_carea' id='block_1_34' title="bbox 423 1977 2031 2047">
    <p class='ocr_par' dir='ltr' id='par_1_34' title="bbox 423 1977 2031 2047">
     <span class='ocr_line' id='line_1_34' title="bbox 423 1977 2031 2047; baseline -0.002 -13"><span class='ocrx_word' id='word_1_258' title='bbox 423 1981 555 2035; x_wconf 92' lang='lat' dir='ltr'>culo</span> <span class='ocrx_word' id='word_1_259' title='bbox 586 1981 955 2046; x_wconf 89' lang='lat' dir='ltr'>innodatum,</span> <span class='ocrx_word' id='word_1_260' title='bbox 975 1984 1033 2034; x_wconf 90' lang='lat' dir='ltr'>et</span> <span class='ocrx_word' id='word_1_261' title='bbox 1047 1997 1177 2035; x_wconf 91' lang='lat' dir='ltr'>cum</span> <span class='ocrx_word' id='word_1_262' title='bbox 1194 1980 1424 2034; x_wconf 90' lang='lat' dir='ltr'>diabolo</span> <span class='ocrx_word' id='word_1_263' title='bbox 1440 1983 1496 2033; x_wconf 93' lang='lat' dir='ltr'>et</span> <span class='ocrx_word' id='word_1_264' title='bbox 1517 1979 1641 2047; x_wconf 87' lang='lat' dir='ltr'>ejus</span> <span class='ocrx_word' id='word_1_265' title='bbox 1660 1977 2031 2032; x_wconf 86' lang='lat' dir='ltr'>atrocissimis</span> 
     </span>
    </p>
   </div>
   <div class='ocr_carea' id='block_1_35' title="bbox 422 2066 2031 2140">
    <p class='ocr_par' dir='ltr' id='par_1_35' title="bbox 422 2066 2031 2140">
     <span class='ocr_line' id='line_1_35' title="bbox 422 2066 2031 2140; baseline -0.002 -18"><span class='ocrx_word' id='word_1_266' title='bbox 422 2068 678 2140; x_wconf 90' lang='lat' dir='ltr'>pompis,</span> <span class='ocrx_word' id='word_1_267' title='bbox 694 2073 865 2140; x_wconf 91' lang='lat' dir='ltr'>atque</span> <span class='ocrx_word' id='word_1_268' title='bbox 891 2085 1020 2122; x_wconf 91' lang='lat' dir='ltr'>cum</span> <span class='ocrx_word' id='word_1_269' title='bbox 1051 2069 1196 2123; x_wconf 88' lang='lat' dir='ltr'>Juda</span> <span class='ocrx_word' id='word_1_270' title='bbox 1222 2068 1497 2123; x_wconf 89' lang='lat' dir='ltr'>traditore</span> <span class='ocrx_word' id='word_1_271' title='bbox 1510 2066 1811 2122; x_wconf 92' lang='lat' dir='ltr'>Dominiet</span> <span class='ocrx_word' id='word_1_272' title='bbox 1837 2066 2031 2120; x_wconf 87' lang='lat' dir='ltr'>Salva-</span> 
     </span>
    </p>
   </div>
   <div class='ocr_carea' id='block_1_36' title="bbox 420 2155 2030 2225">
    <p class='ocr_par' dir='ltr' id='par_1_36' title="bbox 420 2155 2030 2225">
     <span class='ocr_line' id='line_1_36' title="bbox 420 2155 2030 2225; baseline -0.002 -15"><span class='ocrx_word' id='word_1_273' title='bbox 420 2156 566 2212; x_wconf 88' lang='lat' dir='ltr'>toris</span> <span class='ocrx_word' id='word_1_274' title='bbox 597 2157 778 2211; x_wconf 88' lang='lat' dir='ltr'>nostri</span> <span class='ocrx_word' id='word_1_275' title='bbox 807 2158 939 2212; x_wconf 86' lang='lat' dir='ltr'>Jesu</span> <span class='ocrx_word' id='word_1_276' title='bbox 964 2157 1174 2212; x_wconf 88' lang='lat' dir='ltr'>Christi</span> <span class='ocrx_word' id='word_1_277' title='bbox 1196 2157 1255 2210; x_wconf 92' lang='lat' dir='ltr'>in</span> <span class='ocrx_word' id='word_1_278' title='bbox 1278 2155 1775 2225; x_wconf 70' lang='lat' dir='ltr'>aeternumignem</span> <span class='ocrx_word' id='word_1_279' title='bbox 1797 2170 2030 2208; x_wconf 91' lang='lat' dir='ltr'>concre-</span> 
     </span>
    </p>
   </div>
   <div class='ocr_carea' id='block_1_37' title="bbox 426 2243 2035 2318">
    <p class='ocr_par' dir='ltr' id='par_1_37' title="bbox 426 2243 2035 2318">
     <span class='ocr_line' id='line_1_37' title="bbox 426 2243 2035 2318; baseline -0.001 -20"><span class='ocrx_word' id='word_1_280' title='bbox 426 2246 734 2311; x_wconf 89' lang='lat' dir='ltr'>mandum,</span> <span class='ocrx_word' id='word_1_281' title='bbox 759 2245 1047 2318; x_wconf 91' lang='lat' dir='ltr'>simulque</span> <span class='ocrx_word' id='word_1_282' title='bbox 1069 2249 1128 2300; x_wconf 90' lang='lat' dir='ltr'>et</span> <span class='ocrx_word' id='word_1_283' title='bbox 1147 2245 1204 2298; x_wconf 91' lang='lat' dir='ltr'>in</span> <span class='ocrx_word' id='word_1_284' title='bbox 1243 2244 1516 2315; x_wconf 84' lang='lat' dir='ltr'>voragine</span> <span class='ocrx_word' id='word_1_285' title='bbox 1535 2247 1787 2297; x_wconf 81' lang='lat' dir='ltr'>tartarea</span> <span class='ocrx_word' id='word_1_286' title='bbox 1813 2243 2035 2297; x_wconf 88' lang='lat' dir='ltr'>demer-</span> 
     </span>
    </p>
   </div>
   <div class='ocr_carea' id='block_1_38' title="bbox 425 2332 2037 2404">
    <p class='ocr_par' dir='ltr' id='par_1_38' title="bbox 425 2332 2037 2404">
     <span class='ocr_line' id='line_1_38' title="bbox 425 2332 2037 2404; baseline -0.001 -17"><span class='ocrx_word' id='word_1_287' title='bbox 425 2350 555 2387; x_wconf 87' lang='lat' dir='ltr'>sum</span> <span class='ocrx_word' id='word_1_288' title='bbox 581 2350 712 2387; x_wconf 92' lang='lat' dir='ltr'>cum</span> <span class='ocrx_word' id='word_1_289' title='bbox 737 2333 928 2404; x_wconf 87' lang='lat' dir='ltr'>impiis</span> <span class='ocrx_word' id='word_1_290' title='bbox 960 2333 1206 2388; x_wconf 84' lang='lat' dir='ltr'>deficiat.</span> <span class='ocrx_word' id='word_1_291' title='bbox 1245 2333 1351 2396; x_wconf 89' lang='lat' dir='ltr'>Qui</span> <span class='ocrx_word' id='word_1_292' title='bbox 1375 2349 1510 2386; x_wconf 87' lang='lat' dir='ltr'>vero</span> <span class='ocrx_word' id='word_1_293' title='bbox 1535 2336 1723 2386; x_wconf 90' lang='lat' dir='ltr'>custos</span> <span class='ocrx_word' id='word_1_294' title='bbox 1759 2335 1818 2385; x_wconf 89' lang='lat' dir='ltr'>et</span> <span class='ocrx_word' id='word_1_295' title='bbox 1846 2332 2037 2386; x_wconf 89' lang='lat' dir='ltr'>obser-</span> 
     </span>
    </p>
   </div>
   <div class='ocr_carea' id='block_1_39' title="bbox 424 2419 2036 2493">
    <p class='ocr_par' dir='ltr' id='par_1_39' title="bbox 424 2419 2036 2493">
     <span class='ocr_line' id='line_1_39' title="bbox 424 2419 2036 2493; baseline 0.001 -20"><span class='ocrx_word' id='word_1_296' title='bbox 424 2424 590 2475; x_wconf 84' lang='lat' dir='ltr'>vator</span> <span class='ocrx_word' id='word_1_297' title='bbox 609 2422 778 2492; x_wconf 75' lang='lat' dir='ltr'>huius</span> <span class='ocrx_word' id='word_1_298' title='bbox 808 2422 988 2476; x_wconf 90' lang='lat' dir='ltr'>nostri</span> <span class='ocrx_word' id='word_1_299' title='bbox 1008 2421 1287 2493; x_wconf 87' lang='lat' dir='ltr'>privilegii</span> <span class='ocrx_word' id='word_1_300' title='bbox 1305 2421 1602 2487; x_wconf 85' lang='lat' dir='ltr'>exstiterit,</span> <span class='ocrx_word' id='word_1_301' title='bbox 1619 2419 2036 2474; x_wconf 75' lang='lat' dir='ltr'>benedictionis</span> 
     </span>
    </p>
   </div>
   <div class='ocr_carea' id='block_1_40' title="bbox 426 2509 2033 2579">
    <p class='ocr_par' dir='ltr' id='par_1_40' title="bbox 426 2509 2033 2579">
     <span class='ocr_line' id='line_1_40' title="bbox 426 2509 2033 2579; baseline 0.001 -17"><span class='ocrx_word' id='word_1_302' title='bbox 426 2509 677 2579; x_wconf 85' lang='lat' dir='ltr'>gratiam</span> <span class='ocrx_word' id='word_1_303' title='bbox 703 2513 760 2564; x_wconf 89' lang='lat' dir='ltr'>et</span> <span class='ocrx_word' id='word_1_304' title='bbox 792 2509 968 2564; x_wconf 88' lang='lat' dir='ltr'>vitam</span> <span class='ocrx_word' id='word_1_305' title='bbox 991 2513 1272 2564; x_wconf 63' lang='lat' dir='ltr'>aeternam</span> <span class='ocrx_word' id='word_1_306' title='bbox 1303 2527 1337 2564; x_wconf 88' lang='lat' dir='ltr'>a</span> <span class='ocrx_word' id='word_1_307' title='bbox 1357 2509 1604 2564; x_wconf 92' lang='lat' dir='ltr'>Domino</span> <span class='ocrx_word' id='word_1_308' title='bbox 1631 2513 2033 2578; x_wconf 87' lang='lat' dir='ltr'>consequatur.</span> 
     </span>
    </p>
   </div>
   <div class='ocr_carea' id='block_1_41' title="bbox 498 2597 2037 2672">
    <p class='ocr_par' dir='ltr' id='par_1_41' title="bbox 498 2597 2037 2672">
     <span class='ocr_line' id='line_1_41' title="bbox 498 2597 2037 2672; baseline 0 -20"><span class='ocrx_word' id='word_1_309' title='bbox 498 2598 796 2669; x_wconf 90' lang='lat' dir='ltr'>Scriptum</span> <span class='ocrx_word' id='word_1_310' title='bbox 829 2614 934 2672; x_wconf 77' lang='lat' dir='ltr'>per</span> <span class='ocrx_word' id='word_1_311' title='bbox 983 2615 1192 2653; x_wconf 90' lang='lat' dir='ltr'>manus</span> <span class='ocrx_word' id='word_1_312' title='bbox 1221 2598 1374 2653; x_wconf 91' lang='lat' dir='ltr'>Petri</span> <span class='ocrx_word' id='word_1_313' title='bbox 1405 2597 1614 2652; x_wconf 90' lang='lat' dir='ltr'>notarii</span> <span class='ocrx_word' id='word_1_314' title='bbox 1653 2602 1712 2652; x_wconf 89' lang='lat' dir='ltr'>et</span> <span class='ocrx_word' id='word_1_315' title='bbox 1757 2598 2037 2653; x_wconf 89' lang='lat' dir='ltr'>scriniarii</span> 
     </span>
    </p>
   </div>
   <div class='ocr_carea' id='block_1_42' title="bbox 425 2686 2038 2755">
    <p class='ocr_par' dir='ltr' id='par_1_42' title="bbox 425 2686 2038 2755">
     <span class='ocr_line' id='line_1_42' title="bbox 425 2686 2038 2755; baseline 0.001 -15"><span class='ocrx_word' id='word_1_316' title='bbox 425 2691 647 2742; x_wconf 68' lang='lat' dir='ltr'>sanctae</span> <span class='ocrx_word' id='word_1_317' title='bbox 689 2688 968 2742; x_wconf 73' lang='lat' dir='ltr'>Romana:</span> <span class='ocrx_word' id='word_1_318' title='bbox 1014 2688 1298 2755; x_wconf 66' lang='lat' dir='ltr'>Ecclesiae,</span> <span class='ocrx_word' id='word_1_319' title='bbox 1332 2687 1391 2742; x_wconf 92' lang='lat' dir='ltr'>in</span> <span class='ocrx_word' id='word_1_320' title='bbox 1423 2703 1621 2742; x_wconf 91' lang='lat' dir='ltr'>mense</span> <span class='ocrx_word' id='word_1_321' title='bbox 1661 2686 1827 2755; x_wconf 84' lang='lat' dir='ltr'>Maio,</span> <span class='ocrx_word' id='word_1_322' title='bbox 1862 2687 2038 2742; x_wconf 83' lang='lat' dir='ltr'><strong>indic-</strong></span> 
     </span>
    </p>
   </div>
   <div class='ocr_carea' id='block_1_43' title="bbox 426 2774 1103 2848">
    <p class='ocr_par' dir='ltr' id='par_1_43' title="bbox 426 2774 1103 2848">
     <span class='ocr_line' id='line_1_43' title="bbox 426 2774 1103 2848; baseline 0.003 -20"><span class='ocrx_word' id='word_1_323' title='bbox 426 2774 593 2831; x_wconf 91' lang='lat' dir='ltr'>tione</span> <span class='ocrx_word' id='word_1_324' title='bbox 625 2779 832 2848; x_wconf 88' lang='lat' dir='ltr'>quarta</span> <span class='ocrx_word' id='word_1_325' title='bbox 861 2775 1103 2830; x_wconf 90' lang='lat' dir='ltr'>decima.</span> 
     </span>
    </p>
   </div>
   <div class='ocr_carea' id='block_1_44' title="bbox 427 2866 2033 3024">
    <p class='ocr_par' dir='ltr' id='par_1_44' title="bbox 427 2866 2033 3024">
     <span class='ocr_line' id='line_1_44' title="bbox 427 2866 2033 3024; baseline 0 -18"><span class='ocrx_word' id='word_1_326' title='bbox 427 2947 673 3022; x_wconf 76' lang='lat' dir='ltr'>Epistola</span> <span class='ocrx_word' id='word_1_327' title='bbox 715 2951 972 3008; x_wconf 72' lang='lat' dir='ltr'>Si’lveslri</span> <span class='ocrx_word' id='word_1_328' title='bbox 997 2951 1060 3006; x_wconf 92' lang='grc' dir='ltr'>ΙΙ</span> <span class='ocrx_word' id='word_1_329' title='bbox 1097 2866 1266 3024; x_wconf 53' lang='lat' dir='ltr'>p011):</span> <span class='ocrx_word' id='word_1_330' title='bbox 1294 2952 1365 3006; x_wconf 84' lang='lat' dir='ltr'>ad</span> <span class='ocrx_word' id='word_1_331' title='bbox 1390 2951 1682 3006; x_wconf 84' lang='lat' dir='ltr'>Robertum</span> <span class='ocrx_word' id='word_1_332' title='bbox 1719 2953 2033 3008; x_wconf 77' lang='lat' dir='ltr'>Vz&#39;zelz‘acen-</span> 
     </span>
    </p>
   </div>
   <div class='ocr_carea' id='block_1_45' title="bbox 498 3040 2106 3133">
    <p class='ocr_par' dir='ltr' id='par_1_45' title="bbox 498 3040 2106 3133">
     <span class='ocr_line' id='line_1_45' title="bbox 498 3040 2106 3133; baseline 0.002 -40"><span class='ocrx_word' id='word_1_333' title='bbox 498 3057 605 3094; x_wconf 85' lang='lat' dir='ltr'>sem</span> <span class='ocrx_word' id='word_1_334' title='bbox 637 3040 905 3096; x_wconf 79' lang='lat' dir='ltr'>abbatem.</span> <span class='ocrx_word' id='word_1_335' title='bbox 952 3072 1020 3082; x_wconf 91' lang='lat'>-—</span> <span class='ocrx_word' id='word_1_336' title='bbox 1063 3041 1362 3111; x_wconf 75' lang='lat' dir='ltr'>Priri&#39;legz&#39;a</span> <span class='ocrx_word' id='word_1_337' title='bbox 1414 3040 1786 3096; x_wconf 77' lang='lat' dir='ltr'>Vz&#39;zeliacensia</span> <span class='ocrx_word' id='word_1_338' title='bbox 1836 3042 2030 3110; x_wconf 77' lang='lat' dir='ltr'>conﬁr-</span> <span class='ocrx_word' id='word_1_339' title='bbox 2061 3068 2106 3133; x_wconf 62' lang='grc' dir='ltr'>α</span> 
     </span>
    </p>
   </div>
   <div class='ocr_carea' id='block_1_46' title="bbox 489 3135 624 3187">
    <p class='ocr_par' dir='ltr' id='par_1_46' title="bbox 489 3135 624 3187">
     <span class='ocr_line' id='line_1_46' title="bbox 489 3135 624 3187; baseline 0.022 -3"><span class='ocrx_word' id='word_1_340' title='bbox 489 3135 624 3187; x_wconf 74' lang='lat' dir='ltr'>mat.</span> 
     </span>
    </p>
   </div>
   <div class='ocr_carea' id='block_1_47' title="bbox 1032 3218 1443 3290">
    <p class='ocr_par' dir='ltr' id='par_1_47' title="bbox 1032 3218 1443 3290">
     <span class='ocr_line' id='line_1_47' title="bbox 1032 3218 1443 3290; baseline 0 -18"><span class='ocrx_word' id='word_1_341' title='bbox 1032 3218 1223 3290; x_wconf 85' lang='lat' dir='ltr'>(Anno</span> <span class='ocrx_word' id='word_1_342' title='bbox 1259 3219 1443 3288; x_wconf 83' lang='lat' dir='ltr'>lOOl.)</span> 
     </span>
    </p>
   </div>
   <div class='ocr_carea' id='block_1_48' title="bbox 653 3306 1808 3381">
    <p class='ocr_par' dir='ltr' id='par_1_48' title="bbox 653 3306 1808 3381">
     <span class='ocr_line' id='line_1_48' title="bbox 653 3306 1808 3381; baseline -0.001 -17"><span class='ocrx_word' id='word_1_343' title='bbox 653 3307 869 3381; x_wconf 88' lang='lat' dir='ltr'>[Mansi,</span> <span class='ocrx_word' id='word_1_344' title='bbox 901 3306 1133 3375; x_wconf 79' lang='lat' dir='ltr'>Concil.,</span> <span class='ocrx_word' id='word_1_345' title='bbox 1165 3311 1308 3362; x_wconf 90' lang='lat' dir='ltr'>tom.</span> <span class='ocrx_word' id='word_1_346' title='bbox 1359 3308 1486 3373; x_wconf 80' lang='lat' dir='ltr'>XIX,</span> <span class='ocrx_word' id='word_1_347' title='bbox 1519 3308 1628 3362; x_wconf 94' lang='lat' dir='ltr'>col.</span> <span class='ocrx_word' id='word_1_348' title='bbox 1663 3308 1808 3378; x_wconf 65' lang='lat'>243.]</span> 
     </span>
    </p>
   </div>
   <div class='ocr_carea' id='block_1_49' title="bbox 500 3396 2035 3468">
    <p class='ocr_par' dir='ltr' id='par_1_49' title="bbox 500 3396 2035 3468">
     <span class='ocr_line' id='line_1_49' title="bbox 500 3396 2035 3468; baseline -0.001 -15"><span class='ocrx_word' id='word_1_349' title='bbox 500 3398 796 3453; x_wconf 76' lang='lat' dir='ltr'>SILVESTER</span> <span class='ocrx_word' id='word_1_350' title='bbox 824 3397 1148 3468; x_wconf 88' lang='lat' dir='ltr'>episcopus,</span> <span class='ocrx_word' id='word_1_351' title='bbox 1177 3413 1371 3452; x_wconf 90' lang='lat' dir='ltr'>servus</span> <span class='ocrx_word' id='word_1_352' title='bbox 1399 3412 1694 3450; x_wconf 89' lang='lat' dir='ltr'>servorum</span> <span class='ocrx_word' id='word_1_353' title='bbox 1741 3396 1862 3462; x_wconf 90' lang='lat' dir='ltr'>Dei,</span> <span class='ocrx_word' id='word_1_354' title='bbox 1897 3397 2035 3452; x_wconf 91' lang='lat' dir='ltr'>dile-</span> 
     </span>
    </p>
   </div>
   <div class='ocr_carea' id='block_1_50' title="bbox 427 3484 2034 3554">
    <p class='ocr_par' dir='ltr' id='par_1_50' title="bbox 427 3484 2034 3554">
     <span class='ocr_line' id='line_1_50' title="bbox 427 3484 2034 3554; baseline 0 -14"><span class='ocrx_word' id='word_1_355' title='bbox 427 3489 522 3541; x_wconf 92' lang='lat' dir='ltr'>cto</span> <span class='ocrx_word' id='word_1_356' title='bbox 563 3486 681 3541; x_wconf 86' lang='lat' dir='ltr'>filio</span> <span class='ocrx_word' id='word_1_357' title='bbox 731 3487 1008 3552; x_wconf 77' lang='lat' dir='ltr'>Roasaro,</span> <span class='ocrx_word' id='word_1_358' title='bbox 1057 3485 1327 3554; x_wconf 86' lang='lat' dir='ltr'>religioso</span> <span class='ocrx_word' id='word_1_359' title='bbox 1359 3484 1552 3539; x_wconf 87' lang='lat' dir='ltr'>abbati</span> <span class='ocrx_word' id='word_1_360' title='bbox 1592 3484 1773 3539; x_wconf 89' lang='lat' dir='ltr'>sancti</span> <span class='ocrx_word' id='word_1_361' title='bbox 1805 3485 2034 3540; x_wconf 86' lang='lat' dir='ltr'>Vizelia—</span> 
     </span>
    </p>
   </div>
   <div class='ocr_carea' id='block_1_51' title="bbox 430 3573 2033 3644">
    <p class='ocr_par' dir='ltr' id='par_1_51' title="bbox 430 3573 2033 3644">
     <span class='ocr_line' id='line_1_51' title="bbox 430 3573 2033 3644; baseline 0.001 -17"><span class='ocrx_word' id='word_1_362' title='bbox 430 3574 616 3628; x_wconf 90' lang='lat' dir='ltr'>censis</span> <span class='ocrx_word' id='word_1_363' title='bbox 668 3574 938 3641; x_wconf 86' lang='lat' dir='ltr'>coenobii,</span> <span class='ocrx_word' id='word_1_364' title='bbox 988 3573 1262 3644; x_wconf 86' lang='lat' dir='ltr'>omnique</span> <span class='ocrx_word' id='word_1_365' title='bbox 1307 3573 1743 3644; x_wconf 86' lang='lat' dir='ltr'>congregationi</span> <span class='ocrx_word' id='word_1_366' title='bbox 1773 3573 2033 3644; x_wconf 91' lang='lat' dir='ltr'>ejusdem</span> 
     </span>
    </p>
   </div>
   <div class='ocr_carea' id='block_1_52' title="bbox 429 3662 1277 3734">
    <p class='ocr_par' dir='ltr' id='par_1_52' title="bbox 429 3662 1277 3734">
     <span class='ocr_line' id='line_1_52' title="bbox 429 3662 1277 3734; baseline -0.005 -14"><span class='ocrx_word' id='word_1_367' title='bbox 429 3663 787 3729; x_wconf 89' lang='lat' dir='ltr'>monasterii,</span> <span class='ocrx_word' id='word_1_368' title='bbox 819 3662 877 3716; x_wconf 91' lang='lat' dir='ltr'>in</span> <span class='ocrx_word' id='word_1_369' title='bbox 913 3665 1277 3734; x_wconf 91' lang='lat' dir='ltr'>perpetuum.</span> 
     </span>
    </p>
   </div>
   <div class='ocr_carea' id='block_1_53' title="bbox 498 3749 2032 3822">
    <p class='ocr_par' dir='ltr' id='par_1_53' title="bbox 498 3749 2032 3822">
     <span class='ocr_line' id='line_1_53' title="bbox 498 3749 2032 3822; baseline 0 -16"><span class='ocrx_word' id='word_1_370' title='bbox 498 3751 731 3816; x_wconf 87' lang='lat' dir='ltr'>Quoties</span> <span class='ocrx_word' id='word_1_371' title='bbox 753 3751 850 3806; x_wconf 88' lang='lat' dir='ltr'>illa</span> <span class='ocrx_word' id='word_1_372' title='bbox 881 3767 914 3804; x_wconf 89' lang='lat' dir='ltr'>a</span> <span class='ocrx_word' id='word_1_373' title='bbox 939 3749 1106 3805; x_wconf 92' lang='lat' dir='ltr'>nobis</span> <span class='ocrx_word' id='word_1_374' title='bbox 1134 3749 1306 3805; x_wconf 83' lang='lat' dir='ltr'>tribui</span> <span class='ocrx_word' id='word_1_375' title='bbox 1334 3752 1639 3822; x_wconf 89' lang='lat' dir='ltr'>sperantur</span> <span class='ocrx_word' id='word_1_376' title='bbox 1664 3767 1791 3822; x_wconf 65' lang='lat' dir='ltr'>quae</span> <span class='ocrx_word' id='word_1_377' title='bbox 1822 3751 2032 3807; x_wconf 89' lang='lat' dir='ltr'>rationi</span> 
     </span>
    </p>
   </div>
   <div class='ocr_carea' id='block_1_54' title="bbox 425 3837 2032 3904">
    <p class='ocr_par' dir='ltr' id='par_1_54' title="bbox 425 3837 2032 3904">
     <span class='ocr_line' id='line_1_54' title="bbox 425 3837 2032 3904; baseline -0.001 -9"><span class='ocrx_word' id='word_1_378' title='bbox 425 3841 826 3896; x_wconf 87' lang='lat' dir='ltr'>incunctanter</span> <span class='ocrx_word' id='word_1_379' title='bbox 855 3838 1228 3904; x_wconf 90' lang='lat' dir='ltr'>conveniunt,</span> <span class='ocrx_word' id='word_1_380' title='bbox 1263 3837 1460 3893; x_wconf 88' lang='lat' dir='ltr'>animo</span> <span class='ocrx_word' id='word_1_381' title='bbox 1493 3855 1597 3892; x_wconf 90' lang='lat' dir='ltr'>nos</span> <span class='ocrx_word' id='word_1_382' title='bbox 1625 3838 1788 3892; x_wconf 92' lang='lat' dir='ltr'>decet</span> <span class='ocrx_word' id='word_1_383' title='bbox 1828 3840 2032 3894; x_wconf 88' lang='lat' dir='ltr'>libenti</span> 
     </span>
    </p>
   </div>
   <div class='ocr_carea' id='block_1_55' title="bbox 424 3925 2036 4000">
    <p class='ocr_par' dir='ltr' id='par_1_55' title="bbox 424 3925 2036 4000">
     <span class='ocr_line' id='line_1_55' title="bbox 424 3925 2036 4000; baseline 0 -18"><span class='ocrx_word' id='word_1_384' title='bbox 424 3927 825 3995; x_wconf 87' lang='lat' dir='ltr'>concedere,et</span> <span class='ocrx_word' id='word_1_385' title='bbox 839 3927 1157 4000; x_wconf 89' lang='lat' dir='ltr'>petentium</span> <span class='ocrx_word' id='word_1_386' title='bbox 1172 3925 1464 3982; x_wconf 90' lang='lat' dir='ltr'>desideriis</span> <span class='ocrx_word' id='word_1_387' title='bbox 1483 3942 1806 3997; x_wconf 87' lang='lat' dir='ltr'>congruum</span> <span class='ocrx_word' id='word_1_388' title='bbox 1825 3927 1902 3982; x_wconf 89' lang='lat' dir='ltr'>im</span> <span class='ocrx_word' id='word_1_389' title='bbox 1909 3945 2036 4000; x_wconf 87' lang='lat' dir='ltr'>per-</span> 
     </span>
    </p>
   </div>
   <div class='ocr_carea' id='block_1_56' title="bbox 421 4015 2034 4088">
    <p class='ocr_par' dir='ltr' id='par_1_56' title="bbox 421 4015 2034 4088">
     <span class='ocr_line' id='line_1_56' title="bbox 421 4015 2034 4088; baseline 0 -18"><span class='ocrx_word' id='word_1_390' title='bbox 421 4016 533 4072; x_wconf 92' lang='lat' dir='ltr'>tire</span> <span class='ocrx_word' id='word_1_391' title='bbox 562 4015 918 4088; x_wconf 78' lang='lat' dir='ltr'>sulIragium.</span> <span class='ocrx_word' id='word_1_392' title='bbox 937 4018 1124 4087; x_wconf 86' lang='lat' dir='ltr'>Atque</span> <span class='ocrx_word' id='word_1_393' title='bbox 1151 4015 1280 4070; x_wconf 91' lang='lat' dir='ltr'>ideo</span> <span class='ocrx_word' id='word_1_394' title='bbox 1303 4015 1439 4087; x_wconf 88' lang='lat' dir='ltr'>quia</span> <span class='ocrx_word' id='word_1_395' title='bbox 1468 4015 1764 4085; x_wconf 87' lang='lat' dir='ltr'>postulasti</span> <span class='ocrx_word' id='word_1_396' title='bbox 1796 4033 1829 4070; x_wconf 92' lang='lat' dir='ltr'>a</span> <span class='ocrx_word' id='word_1_397' title='bbox 1868 4017 2034 4072; x_wconf 91' lang='lat' dir='ltr'>nobis</span> 
     </span>
    </p>
   </div>
   <div class='ocr_carea' id='block_1_57' title="bbox 423 4103 2031 4178">
    <p class='ocr_par' dir='ltr' id='par_1_57' title="bbox 423 4103 2031 4178">
     <span class='ocr_line' id='line_1_57' title="bbox 423 4103 2031 4178; baseline 0 -17"><span class='ocrx_word' id='word_1_398' title='bbox 423 4109 706 4178; x_wconf 89' lang='lat' dir='ltr'>quatenus</span> <span class='ocrx_word' id='word_1_399' title='bbox 737 4104 1097 4177; x_wconf 87' lang='lat' dir='ltr'>privilegium</span> <span class='ocrx_word' id='word_1_400' title='bbox 1133 4104 1282 4158; x_wconf 92' lang='lat' dir='ltr'>sedis</span> <span class='ocrx_word' id='word_1_401' title='bbox 1319 4103 1646 4175; x_wconf 73' lang='lat' dir='ltr'>apostolicae</span> <span class='ocrx_word' id='word_1_402' title='bbox 1678 4107 2031 4161; x_wconf 91' lang='lat' dir='ltr'>monasterio</span> 
     </span>
    </p>
   </div>
   <div class='ocr_carea' id='block_1_58' title="bbox 422 4193 2028 4264">
    <p class='ocr_par' dir='ltr' id='par_1_58' title="bbox 422 4193 2028 4264">
     <span class='ocr_line' id='line_1_58' title="bbox 422 4193 2028 4264; baseline 0.001 -17"><span class='ocrx_word' id='word_1_403' title='bbox 422 4194 810 4260; x_wconf 87' lang='lat' dir='ltr'>Vizeliaco,cui</span> <span class='ocrx_word' id='word_1_404' title='bbox 827 4210 1069 4264; x_wconf 76' lang='lat' dir='ltr'>praeesse</span> <span class='ocrx_word' id='word_1_405' title='bbox 1089 4193 1461 4264; x_wconf 88' lang='lat' dir='ltr'>dignosceris,</span> <span class='ocrx_word' id='word_1_406' title='bbox 1478 4193 1634 4263; x_wconf 89' lang='lat' dir='ltr'>quod</span> <span class='ocrx_word' id='word_1_407' title='bbox 1655 4197 1875 4248; x_wconf 88' lang='lat' dir='ltr'>constat</span> <span class='ocrx_word' id='word_1_408' title='bbox 1891 4195 2028 4249; x_wconf 91' lang='lat' dir='ltr'>olim</span> 
     </span>
    </p>
   </div>
   <div class='ocr_carea' id='block_1_59' title="bbox 423 4281 2030 4349">
    <p class='ocr_par' dir='ltr' id='par_1_59' title="bbox 423 4281 2030 4349">
     <span class='ocr_line' id='line_1_59' title="bbox 423 4281 2030 4349; baseline 0 -12"><span class='ocrx_word' id='word_1_409' title='bbox 423 4300 456 4336; x_wconf 92' lang='lat' dir='ltr'>a</span> <span class='ocrx_word' id='word_1_410' title='bbox 482 4281 734 4337; x_wconf 86' lang='lat' dir='ltr'>Gerardo</span> <span class='ocrx_word' id='word_1_411' title='bbox 763 4281 1122 4335; x_wconf 88' lang='lat' dir='ltr'>nobilissimo</span> <span class='ocrx_word' id='word_1_412' title='bbox 1150 4284 1207 4334; x_wconf 89' lang='lat' dir='ltr'>et</span> <span class='ocrx_word' id='word_1_413' title='bbox 1239 4281 1724 4336; x_wconf 88' lang='lat' dir='ltr'>Christianissimo</span> <span class='ocrx_word' id='word_1_414' title='bbox 1748 4281 1892 4349; x_wconf 90' lang='lat' dir='ltr'>viro,</span> <span class='ocrx_word' id='word_1_415' title='bbox 1923 4299 2030 4337; x_wconf 91' lang='lat' dir='ltr'>nec</span> 
     </span>
    </p>
   </div>
   <div class='ocr_carea' id='block_1_60' title="bbox 2136 1891 3703 1948">
    <p class='ocr_par' dir='ltr' id='par_1_60' title="bbox 2136 1891 3703 1948">
     <span class='ocr_line' id='line_1_60' title="bbox 2136 1891 3703 1948; baseline 0.003 -6"><span class='ocrx_word' id='word_1_416' title='bbox 2136 1891 2546 1944; x_wconf 88' lang='lat' dir='ltr'>tantummodo</span> <span class='ocrx_word' id='word_1_417' title='bbox 2576 1891 2632 1944; x_wconf 90' lang='lat' dir='ltr'>in</span> <span class='ocrx_word' id='word_1_418' title='bbox 2661 1895 3009 1946; x_wconf 88' lang='lat' dir='ltr'>testamento</span> <span class='ocrx_word' id='word_1_419' title='bbox 3037 1895 3360 1948; x_wconf 90' lang='lat' dir='ltr'>traditionis</span> <span class='ocrx_word' id='word_1_420' title='bbox 3379 1891 3703 1948; x_wconf 84' lang='lat' dir='ltr'>afundatori-</span> 
     </span>
    </p>
   </div>
   <div class='ocr_carea' id='block_1_61' title="bbox 2131 1978 3700 2049">
    <p class='ocr_par' dir='ltr' id='par_1_61' title="bbox 2131 1978 3700 2049">
     <span class='ocr_line' id='line_1_61' title="bbox 2131 1978 3700 2049; baseline 0.003 -19"><span class='ocrx_word' id='word_1_421' title='bbox 2131 1978 2257 2044; x_wconf 88' lang='lat' dir='ltr'>bus,</span> <span class='ocrx_word' id='word_1_422' title='bbox 2292 1979 2387 2049; x_wconf 94' lang='lat' dir='ltr'>qui</span> <span class='ocrx_word' id='word_1_423' title='bbox 2407 1996 2474 2032; x_wconf 84' lang='lat' dir='ltr'>ex</span> <span class='ocrx_word' id='word_1_424' title='bbox 2499 1980 2705 2033; x_wconf 90' lang='lat' dir='ltr'>eodem</span> <span class='ocrx_word' id='word_1_425' title='bbox 2719 1981 3068 2036; x_wconf 89' lang='lat' dir='ltr'>monasterio</span> <span class='ocrx_word' id='word_1_426' title='bbox 3090 1984 3239 2038; x_wconf 90' lang='lat' dir='ltr'>hanc</span> <span class='ocrx_word' id='word_1_427' title='bbox 3259 1986 3507 2038; x_wconf 88' lang='lat' dir='ltr'>sanctam</span> <span class='ocrx_word' id='word_1_428' title='bbox 3529 1982 3700 2036; x_wconf 88' lang='lat' dir='ltr'>sedem</span> 
     </span>
    </p>
   </div>
   <div class='ocr_carea' id='block_1_62' title="bbox 2136 2066 3701 2143">
    <p class='ocr_par' dir='ltr' id='par_1_62' title="bbox 2136 2066 3701 2143">
     <span class='ocr_line' id='line_1_62' title="bbox 2136 2066 3701 2143; baseline 0.003 -23"><span class='ocrx_word' id='word_1_429' title='bbox 2136 2066 2468 2122; x_wconf 79' lang='lat' dir='ltr'>Romanam</span> <span class='ocrx_word' id='word_1_430' title='bbox 2504 2070 2796 2125; x_wconf 61' lang='lat' dir='ltr'>haeredem</span> <span class='ocrx_word' id='word_1_431' title='bbox 2837 2071 3118 2139; x_wconf 86' lang='lat' dir='ltr'>fecerunt,</span> <span class='ocrx_word' id='word_1_432' title='bbox 3170 2073 3343 2128; x_wconf 89' lang='lat' dir='ltr'>etiam</span> <span class='ocrx_word' id='word_1_433' title='bbox 3383 2073 3701 2143; x_wconf 85' lang='lat' dir='ltr'>delegatum,</span> 
     </span>
    </p>
   </div>
   <div class='ocr_carea' id='block_1_63' title="bbox 2137 2157 3705 2233">
    <p class='ocr_par' dir='ltr' id='par_1_63' title="bbox 2137 2157 3705 2233">
     <span class='ocr_line' id='line_1_63' title="bbox 2137 2157 3705 2233; baseline 0.002 -25"><span class='ocrx_word' id='word_1_434' title='bbox 2137 2157 2595 2226; x_wconf 34' lang='lat' dir='ltr'>unamjvidelicet</span> <span class='ocrx_word' id='word_1_435' title='bbox 2617 2159 2820 2213; x_wconf 90' lang='lat' dir='ltr'>libram</span> <span class='ocrx_word' id='word_1_436' title='bbox 2847 2161 3072 2231; x_wconf 90' lang='lat' dir='ltr'>argenti</span> <span class='ocrx_word' id='word_1_437' title='bbox 3099 2161 3265 2216; x_wconf 90' lang='lat' dir='ltr'>annis</span> <span class='ocrx_word' id='word_1_438' title='bbox 3281 2160 3705 2233; x_wconf 85' lang='lat' dir='ltr'>singulissucces-</span> 
     </span>
    </p>
   </div>
   <div class='ocr_carea' id='block_1_64' title="bbox 2135 2245 3703 2319">
    <p class='ocr_par' dir='ltr' id='par_1_64' title="bbox 2135 2245 3703 2319">
     <span class='ocr_line' id='line_1_64' title="bbox 2135 2245 3703 2319; baseline 0.001 -23"><span class='ocrx_word' id='word_1_439' title='bbox 2135 2260 2292 2298; x_wconf 90' lang='lat' dir='ltr'>sores</span> <span class='ocrx_word' id='word_1_440' title='bbox 2313 2245 2492 2299; x_wconf 89' lang='lat' dir='ltr'>nostri</span> <span class='ocrx_word' id='word_1_441' title='bbox 2511 2245 2877 2316; x_wconf 89' lang='lat' dir='ltr'>accipientes,</span> <span class='ocrx_word' id='word_1_442' title='bbox 2901 2247 3005 2318; x_wconf 63' lang='lat' dir='ltr'>pia:</span> <span class='ocrx_word' id='word_1_443' title='bbox 3018 2249 3382 2319; x_wconf 87' lang='lat' dir='ltr'>paternitatis</span> <span class='ocrx_word' id='word_1_444' title='bbox 3403 2247 3703 2318; x_wconf 68' lang='lat' dir='ltr'>suffragium</span> 
     </span>
    </p>
   </div>
   <div class='ocr_carea' id='block_1_65' title="bbox 2135 2332 3706 2409">
    <p class='ocr_par' dir='ltr' id='par_1_65' title="bbox 2135 2332 3706 2409">
     <span class='ocr_line' id='line_1_65' title="bbox 2135 2332 3706 2409; baseline 0.001 -23"><span class='ocrx_word' id='word_1_445' title='bbox 2135 2332 2323 2386; x_wconf 90' lang='lat' dir='ltr'>eidem</span> <span class='ocrx_word' id='word_1_446' title='bbox 2348 2335 2722 2402; x_wconf 89' lang='lat' dir='ltr'>monasterio,</span> <span class='ocrx_word' id='word_1_447' title='bbox 2747 2339 2804 2388; x_wconf 92' lang='lat' dir='ltr'>et</span> <span class='ocrx_word' id='word_1_448' title='bbox 2837 2336 2941 2390; x_wconf 91' lang='lat' dir='ltr'>tibi</span> <span class='ocrx_word' id='word_1_449' title='bbox 2961 2338 3486 2409; x_wconf 90' lang='lat' dir='ltr'>successoribusque</span> <span class='ocrx_word' id='word_1_450' title='bbox 3516 2335 3618 2389; x_wconf 90' lang='lat' dir='ltr'>tuis</span> <span class='ocrx_word' id='word_1_451' title='bbox 3649 2349 3706 2389; x_wconf 89' lang='lat' dir='ltr'>ac</span> 
     </span>
    </p>
   </div>
   <div class='ocr_carea' id='block_1_66' title="bbox 2139 2422 3705 2498">
    <p class='ocr_par' dir='ltr' id='par_1_66' title="bbox 2139 2422 3705 2498">
     <span class='ocr_line' id='line_1_66' title="bbox 2139 2422 3705 2498; baseline 0.002 -24"><span class='ocrx_word' id='word_1_452' title='bbox 2139 2422 2436 2476; x_wconf 91' lang='lat' dir='ltr'>monachis</span> <span class='ocrx_word' id='word_1_453' title='bbox 2449 2423 2551 2476; x_wconf 91' lang='lat' dir='ltr'>sub</span> <span class='ocrx_word' id='word_1_454' title='bbox 2569 2424 2691 2493; x_wconf 88' lang='lat' dir='ltr'>jam</span> <span class='ocrx_word' id='word_1_455' title='bbox 2717 2423 2852 2478; x_wconf 90' lang='lat' dir='ltr'>dicti</span> <span class='ocrx_word' id='word_1_456' title='bbox 2872 2425 3055 2479; x_wconf 88' lang='lat' dir='ltr'>Patris</span> <span class='ocrx_word' id='word_1_457' title='bbox 3076 2428 3278 2498; x_wconf 90' lang='lat' dir='ltr'>regula</span> <span class='ocrx_word' id='word_1_458' title='bbox 3291 2426 3498 2480; x_wconf 89' lang='lat' dir='ltr'>ibidem</span> <span class='ocrx_word' id='word_1_459' title='bbox 3516 2425 3705 2494; x_wconf 90' lang='lat' dir='ltr'>degen-</span> 
     </span>
    </p>
   </div>
   <div class='ocr_carea' id='block_1_67' title="bbox 2140 2507 3708 2586">
    <p class='ocr_par' dir='ltr' id='par_1_67' title="bbox 2140 2507 3708 2586">
     <span class='ocr_line' id='line_1_67' title="bbox 2140 2507 3708 2586; baseline 0.002 -25"><span class='ocrx_word' id='word_1_460' title='bbox 2140 2507 2980 2581; x_wconf 39' lang='lat' dir='ltr'>tibus,sollicitudinelpastorali</span> <span class='ocrx_word' id='word_1_461' title='bbox 3005 2514 3309 2586; x_wconf 89' lang='lat' dir='ltr'>vigilanter</span> <span class='ocrx_word' id='word_1_462' title='bbox 3325 2517 3518 2570; x_wconf 89' lang='lat' dir='ltr'>contra</span> <span class='ocrx_word' id='word_1_463' title='bbox 3529 2527 3708 2567; x_wconf 89' lang='lat' dir='ltr'>omnes</span> 
     </span>
    </p>
   </div>
   <div class='ocr_carea' id='block_1_68' title="bbox 2139 2595 3708 2674">
    <p class='ocr_par' dir='ltr' id='par_1_68' title="bbox 2139 2595 3708 2674">
     <span class='ocr_line' id='line_1_68' title="bbox 2139 2595 3708 2674; baseline 0.003 -25"><span class='ocrx_word' id='word_1_464' title='bbox 2139 2595 2481 2654; x_wconf 85' lang='lat' dir='ltr'>infestantes</span> <span class='ocrx_word' id='word_1_465' title='bbox 2503 2600 2844 2674; x_wconf 86' lang='lat' dir='ltr'>impendere</span> <span class='ocrx_word' id='word_1_466' title='bbox 2861 2602 3148 2658; x_wconf 89' lang='lat' dir='ltr'>studeant.</span> <span class='ocrx_word' id='word_1_467' title='bbox 3183 2606 3327 2659; x_wconf 94' lang='lat' dir='ltr'>ltem</span> <span class='ocrx_word' id='word_1_468' title='bbox 3343 2601 3708 2658; x_wconf 86' lang='lat' dir='ltr'>constituimus</span> 
     </span>
    </p>
   </div>
   <div class='ocr_carea' id='block_1_69' title="bbox 2138 2685 3709 2759">
    <p class='ocr_par' dir='ltr' id='par_1_69' title="bbox 2138 2685 3709 2759">
     <span class='ocr_line' id='line_1_69' title="bbox 2138 2685 3709 2759; baseline 0.001 -21"><span class='ocrx_word' id='word_1_469' title='bbox 2138 2688 2221 2752; x_wconf 90' lang='lat' dir='ltr'>ut,</span> <span class='ocrx_word' id='word_1_470' title='bbox 2247 2686 2498 2742; x_wconf 91' lang='lat' dir='ltr'>obeunte</span> <span class='ocrx_word' id='word_1_471' title='bbox 2530 2689 2736 2744; x_wconf 89' lang='lat' dir='ltr'>abbate</span> <span class='ocrx_word' id='word_1_472' title='bbox 2769 2690 2902 2744; x_wconf 90' lang='lat' dir='ltr'>dicti</span> <span class='ocrx_word' id='word_1_473' title='bbox 2944 2693 3302 2759; x_wconf 87' lang='lat' dir='ltr'>monasterii,</span> <span class='ocrx_word' id='word_1_474' title='bbox 3335 2708 3448 2747; x_wconf 92' lang='lat' dir='ltr'>non</span> <span class='ocrx_word' id='word_1_475' title='bbox 3487 2689 3616 2744; x_wconf 89' lang='lat' dir='ltr'>alius</span> <span class='ocrx_word' id='word_1_476' title='bbox 3643 2685 3709 2742; x_wconf 89' lang='lat' dir='ltr'>ibi</span> 
     </span>
    </p>
   </div>
   <div class='ocr_carea' id='block_1_70' title="bbox 2138 2777 3708 2849">
    <p class='ocr_par' dir='ltr' id='par_1_70' title="bbox 2138 2777 3708 2849">
     <span class='ocr_line' id='line_1_70' title="bbox 2138 2777 3708 2849; baseline 0.002 -22"><span class='ocrx_word' id='word_1_477' title='bbox 2138 2790 2482 2847; x_wconf 88' lang='lat' dir='ltr'>quacunque</span> <span class='ocrx_word' id='word_1_478' title='bbox 2502 2777 2857 2849; x_wconf 89' lang='lat' dir='ltr'>obreptionis</span> <span class='ocrx_word' id='word_1_479' title='bbox 2875 2779 3083 2833; x_wconf 87' lang='lat' dir='ltr'>astutia</span> <span class='ocrx_word' id='word_1_480' title='bbox 3106 2780 3424 2847; x_wconf 88' lang='lat' dir='ltr'>ordinetur,</span> <span class='ocrx_word' id='word_1_481' title='bbox 3440 2778 3540 2834; x_wconf 90' lang='lat' dir='ltr'>nisi</span> <span class='ocrx_word' id='word_1_482' title='bbox 3555 2792 3708 2849; x_wconf 89' lang='lat' dir='ltr'>quem</span> 
     </span>
    </p>
   </div>
   <div class='ocr_carea' id='block_1_71' title="bbox 2137 2865 3710 2924">
    <p class='ocr_par' dir='ltr' id='par_1_71' title="bbox 2137 2865 3710 2924">
     <span class='ocr_line' id='line_1_71' title="bbox 2137 2865 3710 2924; baseline 0.002 -10"><span class='ocrx_word' id='word_1_483' title='bbox 2137 2877 2448 2918; x_wconf 92' lang='lat' dir='ltr'>consensus</span> <span class='ocrx_word' id='word_1_484' title='bbox 2467 2867 2887 2921; x_wconf 91' lang='lat' dir='ltr'>monachorum</span> <span class='ocrx_word' id='word_1_485' title='bbox 2914 2868 3233 2922; x_wconf 91' lang='lat' dir='ltr'>secundum</span> <span class='ocrx_word' id='word_1_486' title='bbox 3265 2870 3529 2924; x_wconf 88' lang='lat' dir='ltr'>timorem</span> <span class='ocrx_word' id='word_1_487' title='bbox 3544 2865 3633 2921; x_wconf 90' lang='lat' dir='ltr'>Dei</span> <span class='ocrx_word' id='word_1_488' title='bbox 3659 2865 3710 2918; x_wconf 86' lang='lat' dir='ltr'>et</span> 
     </span>
    </p>
   </div>
   <div class='ocr_carea' id='block_1_72' title="bbox 2135 2949 3709 3030">
    <p class='ocr_par' dir='ltr' id='par_1_72' title="bbox 2135 2949 3709 3030">
     <span class='ocr_line' id='line_1_72' title="bbox 2135 2949 3709 3030; baseline 0.001 -27"><span class='ocrx_word' id='word_1_489' title='bbox 2135 2949 2562 3007; x_wconf 90' lang='lat' dir='ltr'>institutionem</span> <span class='ocrx_word' id='word_1_490' title='bbox 2591 2955 2802 3025; x_wconf 75' lang='lat' dir='ltr'>regula:</span> <span class='ocrx_word' id='word_1_491' title='bbox 2821 2955 2880 3008; x_wconf 90' lang='grc' dir='ltr'><strong>Β.</strong></span> <span class='ocrx_word' id='word_1_492' title='bbox 2907 2955 3199 3010; x_wconf 89' lang='lat' dir='ltr'>Benedicti</span> <span class='ocrx_word' id='word_1_493' title='bbox 3217 2958 3472 3030; x_wconf 88' lang='lat' dir='ltr'>elegerit,</span> <span class='ocrx_word' id='word_1_494' title='bbox 3497 2953 3709 3023; x_wconf 84' lang='lat' dir='ltr'>ethujus</span> 
     </span>
    </p>
   </div>
   <div class='ocr_carea' id='block_1_73' title="bbox 2135 3039 3708 3115">
    <p class='ocr_par' dir='ltr' id='par_1_73' title="bbox 2135 3039 3708 3115">
     <span class='ocr_line' id='line_1_73' title="bbox 2135 3039 3708 3115; baseline 0.002 -24"><span class='ocrx_word' id='word_1_495' title='bbox 2135 3039 2463 3111; x_wconf 80' lang='lat' dir='ltr'>apostolicae</span> <span class='ocrx_word' id='word_1_496' title='bbox 2505 3042 2652 3096; x_wconf 90' lang='lat' dir='ltr'>sedis</span> <span class='ocrx_word' id='word_1_497' title='bbox 2699 3044 2958 3114; x_wconf 81' lang='lat' dir='ltr'>pontifex</span> <span class='ocrx_word' id='word_1_498' title='bbox 2989 3045 3305 3115; x_wconf 88' lang='lat' dir='ltr'>providerit</span> <span class='ocrx_word' id='word_1_499' title='bbox 3323 3043 3708 3102; x_wconf 90' lang='lat' dir='ltr'>ordinandum.</span> 
     </span>
    </p>
   </div>
   <div class='ocr_carea' id='block_1_74' title="bbox 2135 3128 3709 3203">
    <p class='ocr_par' dir='ltr' id='par_1_74' title="bbox 2135 3128 3709 3203">
     <span class='ocr_line' id='line_1_74' title="bbox 2135 3128 3709 3203; baseline 0.001 -21"><span class='ocrx_word' id='word_1_500' title='bbox 2135 3128 2298 3183; x_wconf 90' lang='lat' dir='ltr'>Unde</span> <span class='ocrx_word' id='word_1_501' title='bbox 2324 3130 2750 3199; x_wconf 88' lang='lat' dir='ltr'>constituimus,</span> <span class='ocrx_word' id='word_1_502' title='bbox 2767 3136 2822 3186; x_wconf 92' lang='lat' dir='ltr'>et</span> <span class='ocrx_word' id='word_1_503' title='bbox 2842 3133 3154 3203; x_wconf 87' lang='lat' dir='ltr'>apostolica</span> <span class='ocrx_word' id='word_1_504' title='bbox 3173 3135 3512 3190; x_wconf 90' lang='lat' dir='ltr'>auctoritate</span> <span class='ocrx_word' id='word_1_505' title='bbox 3533 3146 3709 3187; x_wconf 87' lang='lat' dir='ltr'>cense-</span> 
     </span>
    </p>
   </div>
   <div class='ocr_carea' id='block_1_75' title="bbox 2135 3217 3712 3295">
    <p class='ocr_par' dir='ltr' id='par_1_75' title="bbox 2135 3217 3712 3295">
     <span class='ocr_line' id='line_1_75' title="bbox 2135 3217 3712 3295; baseline 0.001 -25"><span class='ocrx_word' id='word_1_506' title='bbox 2135 3217 2576 3290; x_wconf 71' lang='lat' dir='ltr'>mus,atque[per</span> <span class='ocrx_word' id='word_1_507' title='bbox 2586 3220 2694 3274; x_wconf 93' lang='lat' dir='ltr'>hoc</span> <span class='ocrx_word' id='word_1_508' title='bbox 2711 3224 2970 3275; x_wconf 86' lang='lat' dir='ltr'>nostrum</span> <span class='ocrx_word' id='word_1_509' title='bbox 2984 3223 3367 3293; x_wconf 88' lang='lat' dir='ltr'>apostolicum</span> <span class='ocrx_word' id='word_1_510' title='bbox 3378 3219 3712 3295; x_wconf 88' lang='lat' dir='ltr'>privilegium</span> 
     </span>
    </p>
   </div>
   <div class='ocr_carea' id='block_1_76' title="bbox 2136 3306 3713 3381">
    <p class='ocr_par' dir='ltr' id='par_1_76' title="bbox 2136 3306 3713 3381">
     <span class='ocr_line' id='line_1_76' title="bbox 2136 3306 3713 3381; baseline 0.001 -23"><span class='ocrx_word' id='word_1_511' title='bbox 2136 3306 2577 3374; x_wconf 87' lang='lat' dir='ltr'>confirmamus,</span> <span class='ocrx_word' id='word_1_512' title='bbox 2602 3312 2663 3362; x_wconf 91' lang='lat' dir='ltr'>ut</span> <span class='ocrx_word' id='word_1_513' title='bbox 2697 3309 2882 3362; x_wconf 89' lang='lat' dir='ltr'>nullus</span> <span class='ocrx_word' id='word_1_514' title='bbox 2905 3327 3003 3364; x_wconf 85' lang='lat' dir='ltr'>rex</span> <span class='ocrx_word' id='word_1_515' title='bbox 3028 3313 3125 3364; x_wconf 88' lang='lat' dir='ltr'>aut</span> <span class='ocrx_word' id='word_1_516' title='bbox 3145 3313 3428 3381; x_wconf 83' lang='lat' dir='ltr'>pontifex,</span> <span class='ocrx_word' id='word_1_517' title='bbox 3452 3310 3535 3364; x_wconf 90' lang='lat' dir='ltr'>vel</span> <span class='ocrx_word' id='word_1_518' title='bbox 3557 3307 3713 3362; x_wconf 84' lang='lat' dir='ltr'>abbas</span> 
     </span>
    </p>
   </div>
   <div class='ocr_carea' id='block_1_77' title="bbox 2135 3396 3718 3473">
    <p class='ocr_par' dir='ltr' id='par_1_77' title="bbox 2135 3396 3718 3473">
     <span class='ocr_line' id='line_1_77' title="bbox 2135 3396 3718 3473; baseline 0.001 -27"><span class='ocrx_word' id='word_1_519' title='bbox 2135 3397 2233 3446; x_wconf 87' lang='lat' dir='ltr'>aut</span> <span class='ocrx_word' id='word_1_520' title='bbox 2260 3409 2473 3462; x_wconf 91' lang='lat' dir='ltr'>comes,</span> <span class='ocrx_word' id='word_1_521' title='bbox 2509 3397 2594 3450; x_wconf 91' lang='lat' dir='ltr'>vel</span> <span class='ocrx_word' id='word_1_522' title='bbox 2628 3396 3038 3469; x_wconf 89' lang='lat' dir='ltr'>qualiscunque</span> <span class='ocrx_word' id='word_1_523' title='bbox 3060 3416 3280 3470; x_wconf 88' lang='lat' dir='ltr'>magna</span> <span class='ocrx_word' id='word_1_524' title='bbox 3307 3413 3585 3473; x_wconf 86' lang='lat' dir='ltr'>parvaque</span> <span class='ocrx_word' id='word_1_525' title='bbox 3607 3409 3718 3466; x_wconf 89' lang='lat' dir='ltr'>per-</span> 
     </span>
    </p>
   </div>
   <div class='ocr_carea' id='block_1_78' title="bbox 2134 3483 3716 3559">
    <p class='ocr_par' dir='ltr' id='par_1_78' title="bbox 2134 3483 3716 3559">
     <span class='ocr_line' id='line_1_78' title="bbox 2134 3483 3716 3559; baseline 0.001 -25"><span class='ocrx_word' id='word_1_526' title='bbox 2134 3496 2296 3549; x_wconf 90' lang='lat' dir='ltr'>sona,</span> <span class='ocrx_word' id='word_1_527' title='bbox 2334 3484 2587 3538; x_wconf 69' lang='lat' dir='ltr'>avaritiae</span> <span class='ocrx_word' id='word_1_528' title='bbox 2618 3485 2928 3556; x_wconf 86' lang='lat' dir='ltr'>cupiditate</span> <span class='ocrx_word' id='word_1_529' title='bbox 2959 3491 3283 3559; x_wconf 89' lang='lat' dir='ltr'>corruptus,</span> <span class='ocrx_word' id='word_1_530' title='bbox 3333 3492 3430 3542; x_wconf 90' lang='lat' dir='ltr'>aut</span> <span class='ocrx_word' id='word_1_531' title='bbox 3460 3483 3716 3541; x_wconf 84' lang='lat' dir='ltr'>diabolica</span> 
     </span>
    </p>
   </div>
   <div class='ocr_carea' id='block_1_79' title="bbox 2133 3571 3716 3648">
    <p class='ocr_par' dir='ltr' id='par_1_79' title="bbox 2133 3571 3716 3648">
     <span class='ocr_line' id='line_1_79' title="bbox 2133 3571 3716 3648; baseline 0.001 -26"><span class='ocrx_word' id='word_1_532' title='bbox 2133 3571 2502 3641; x_wconf 87' lang='lat' dir='ltr'>suggestione</span> <span class='ocrx_word' id='word_1_533' title='bbox 2525 3573 2815 3645; x_wconf 90' lang='lat' dir='ltr'>deceptus,</span> <span class='ocrx_word' id='word_1_534' title='bbox 2847 3575 3057 3630; x_wconf 90' lang='lat' dir='ltr'>audeat</span> <span class='ocrx_word' id='word_1_535' title='bbox 3087 3579 3173 3632; x_wconf 91' lang='lat' dir='ltr'>vel</span> <span class='ocrx_word' id='word_1_536' title='bbox 3203 3579 3513 3648; x_wconf 57' lang='lat' dir='ltr'>praesumat</span> <span class='ocrx_word' id='word_1_537' title='bbox 3537 3574 3716 3628; x_wconf 83' lang='lat' dir='ltr'>contra</span> 
     </span>
    </p>
   </div>
   <div class='ocr_carea' id='block_1_80' title="bbox 2137 3658 3718 3734">
    <p class='ocr_par' dir='ltr' id='par_1_80' title="bbox 2137 3658 3718 3734">
     <span class='ocr_line' id='line_1_80' title="bbox 2137 3658 3718 3734; baseline 0.001 -23"><span class='ocrx_word' id='word_1_538' title='bbox 2137 3661 2303 3713; x_wconf 92' lang='lat' dir='ltr'>tuum</span> <span class='ocrx_word' id='word_1_539' title='bbox 2332 3661 2642 3731; x_wconf 90' lang='lat' dir='ltr'>honorem,</span> <span class='ocrx_word' id='word_1_540' title='bbox 2664 3665 3048 3720; x_wconf 90' lang='lat' dir='ltr'>ovenerabilis</span> <span class='ocrx_word' id='word_1_541' title='bbox 3065 3667 3315 3722; x_wconf 84' lang='lat' dir='ltr'>Roberte</span> <span class='ocrx_word' id='word_1_542' title='bbox 3341 3666 3531 3731; x_wconf 88' lang='lat' dir='ltr'>abbas,</span> <span class='ocrx_word' id='word_1_543' title='bbox 3554 3658 3718 3734; x_wconf 88' lang='lat' dir='ltr'>quali-</span> 
     </span>
    </p>
   </div>
   <div class='ocr_carea' id='block_1_81' title="bbox 2135 3751 3716 3823">
    <p class='ocr_par' dir='ltr' id='par_1_81' title="bbox 2135 3751 3716 3823">
     <span class='ocr_line' id='line_1_81' title="bbox 2135 3751 3716 3823; baseline 0.002 -24"><span class='ocrx_word' id='word_1_544' title='bbox 2135 3761 2366 3819; x_wconf 89' lang='lat' dir='ltr'>cunque</span> <span class='ocrx_word' id='word_1_545' title='bbox 2386 3751 2562 3806; x_wconf 91' lang='lat' dir='ltr'>modo</span> <span class='ocrx_word' id='word_1_546' title='bbox 2584 3751 2903 3823; x_wconf 90' lang='lat' dir='ltr'>insurgere,</span> <span class='ocrx_word' id='word_1_547' title='bbox 2938 3755 3027 3808; x_wconf 64' lang='lat' dir='ltr'>vel</span> <span class='ocrx_word' id='word_1_548' title='bbox 3058 3755 3116 3809; x_wconf 89' lang='lat' dir='ltr'>in</span> <span class='ocrx_word' id='word_1_549' title='bbox 3145 3758 3244 3810; x_wconf 87' lang='lat' dir='ltr'>tuo</span> <span class='ocrx_word' id='word_1_550' title='bbox 3278 3757 3407 3810; x_wconf 93' lang='lat' dir='ltr'>loco</span> <span class='ocrx_word' id='word_1_551' title='bbox 3431 3756 3525 3808; x_wconf 87' lang='lat' dir='ltr'>aut</span> <span class='ocrx_word' id='word_1_552' title='bbox 3548 3751 3613 3806; x_wconf 91' lang='lat' dir='ltr'>de</span> <span class='ocrx_word' id='word_1_553' title='bbox 3631 3751 3716 3802; x_wconf 90' lang='lat' dir='ltr'>tuo</span> 
     </span>
    </p>
   </div>
   <div class='ocr_carea' id='block_1_82' title="bbox 2134 3835 3719 3910">
    <p class='ocr_par' dir='ltr' id='par_1_82' title="bbox 2134 3835 3719 3910">
     <span class='ocr_line' id='line_1_82' title="bbox 2134 3835 3719 3910; baseline 0.002 -22"><span class='ocrx_word' id='word_1_554' title='bbox 2134 3835 2357 3891; x_wconf 83' lang='lat' dir='ltr'>honore</span> <span class='ocrx_word' id='word_1_555' title='bbox 2384 3839 2674 3895; x_wconf 88' lang='lat' dir='ltr'>molestias</span> <span class='ocrx_word' id='word_1_556' title='bbox 2701 3841 2803 3895; x_wconf 86' lang='lat' dir='ltr'>tibi</span> <span class='ocrx_word' id='word_1_557' title='bbox 2826 3841 3066 3910; x_wconf 83' lang='lat' dir='ltr'>inferre,</span> <span class='ocrx_word' id='word_1_558' title='bbox 3085 3844 3173 3898; x_wconf 92' lang='lat' dir='ltr'>vel</span> <span class='ocrx_word' id='word_1_559' title='bbox 3193 3843 3261 3898; x_wconf 91' lang='lat' dir='ltr'>de</span> <span class='ocrx_word' id='word_1_560' title='bbox 3279 3842 3549 3899; x_wconf 90' lang='lat' dir='ltr'>omnibus</span> <span class='ocrx_word' id='word_1_561' title='bbox 3567 3838 3719 3894; x_wconf 85' lang='lat' dir='ltr'>rebus</span> 
     </span>
    </p>
   </div>
   <div class='ocr_carea' id='block_1_83' title="bbox 2137 3924 3717 4002">
    <p class='ocr_par' dir='ltr' id='par_1_83' title="bbox 2137 3924 3717 4002">
     <span class='ocr_line' id='line_1_83' title="bbox 2137 3924 3717 4002; baseline 0.001 -25"><span class='ocrx_word' id='word_1_562' title='bbox 2137 3927 2472 3981; x_wconf 89' lang='lat' dir='ltr'>monasterii</span> <span class='ocrx_word' id='word_1_563' title='bbox 2504 3945 2632 4000; x_wconf 75' lang='lat' dir='ltr'>quae</span> <span class='ocrx_word' id='word_1_564' title='bbox 2665 3929 2765 3983; x_wconf 90' lang='lat' dir='ltr'>tibi</span> <span class='ocrx_word' id='word_1_565' title='bbox 2800 3929 3024 4002; x_wconf 90' lang='lat' dir='ltr'>tuisque</span> <span class='ocrx_word' id='word_1_566' title='bbox 3056 3931 3450 3988; x_wconf 90' lang='lat' dir='ltr'>decessoribus</span> <span class='ocrx_word' id='word_1_567' title='bbox 3490 3947 3523 3984; x_wconf 91' lang='lat' dir='ltr'>a</span> <span class='ocrx_word' id='word_1_568' title='bbox 3565 3924 3717 3982; x_wconf 87' lang='lat' dir='ltr'>nobis</span> 
     </span>
    </p>
   </div>
   <div class='ocr_carea' id='block_1_84' title="bbox 2135 4011 3719 4092">
    <p class='ocr_par' dir='ltr' id='par_1_84' title="bbox 2135 4011 3719 4092">
     <span class='ocr_line' id='line_1_84' title="bbox 2135 4011 3719 4092; baseline 0.002 -25"><span class='ocrx_word' id='word_1_569' title='bbox 2135 4015 2458 4087; x_wconf 88' lang='lat' dir='ltr'>nostrisque</span> <span class='ocrx_word' id='word_1_570' title='bbox 2491 4018 2946 4074; x_wconf 89' lang='lat' dir='ltr'>antecessoribus</span> <span class='ocrx_word' id='word_1_571' title='bbox 2989 4036 3094 4091; x_wconf 93' lang='lat' dir='ltr'>per</span> <span class='ocrx_word' id='word_1_572' title='bbox 3131 4020 3406 4092; x_wconf 88' lang='lat' dir='ltr'>paginam</span> <span class='ocrx_word' id='word_1_573' title='bbox 3454 4011 3719 4091; x_wconf 83' lang='lat' dir='ltr'>privilegii</span> 
     </span>
    </p>
   </div>
   <div class='ocr_carea' id='block_1_85' title="bbox 2136 4103 3719 4180">
    <p class='ocr_par' dir='ltr' id='par_1_85' title="bbox 2136 4103 3719 4180">
     <span class='ocr_line' id='line_1_85' title="bbox 2136 4103 3719 4180; baseline 0 -25"><span class='ocrx_word' id='word_1_574' title='bbox 2136 4118 2403 4157; x_wconf 91' lang='lat' dir='ltr'>concessa</span> <span class='ocrx_word' id='word_1_575' title='bbox 2446 4107 2616 4176; x_wconf 90' lang='lat' dir='ltr'>atque</span> <span class='ocrx_word' id='word_1_576' title='bbox 2666 4107 2899 4160; x_wconf 87' lang='lat' dir='ltr'>firmata</span> <span class='ocrx_word' id='word_1_577' title='bbox 2949 4111 3103 4173; x_wconf 92' lang='lat' dir='ltr'>sunt,</span> <span class='ocrx_word' id='word_1_578' title='bbox 3149 4108 3373 4180; x_wconf 87' lang='lat' dir='ltr'>aliquas</span> <span class='ocrx_word' id='word_1_579' title='bbox 3420 4103 3719 4162; x_wconf 86' lang='lat' dir='ltr'>invasiones</span> 
     </span>
    </p>
   </div>
   <div class='ocr_carea' id='block_1_86' title="bbox 2135 4192 3720 4263">
    <p class='ocr_par' dir='ltr' id='par_1_86' title="bbox 2135 4192 3720 4263">
     <span class='ocr_line' id='line_1_86' title="bbox 2135 4192 3720 4263; baseline 0.001 -21"><span class='ocrx_word' id='word_1_580' title='bbox 2135 4192 2218 4244; x_wconf 90' lang='lat' dir='ltr'>vel</span> <span class='ocrx_word' id='word_1_581' title='bbox 2239 4192 2470 4263; x_wconf 90' lang='lat' dir='ltr'>rapinas</span> <span class='ocrx_word' id='word_1_582' title='bbox 2483 4193 2596 4248; x_wconf 77' lang='lat' dir='ltr'>sive</span> <span class='ocrx_word' id='word_1_583' title='bbox 2616 4195 2917 4249; x_wconf 91' lang='lat' dir='ltr'>violentias</span> <span class='ocrx_word' id='word_1_584' title='bbox 2931 4195 3176 4260; x_wconf 85' lang='lat' dir='ltr'>inferre;</span> <span class='ocrx_word' id='word_1_585' title='bbox 3197 4197 3240 4252; x_wconf 89' lang='lat' dir='ltr'>si</span> <span class='ocrx_word' id='word_1_586' title='bbox 3259 4214 3379 4254; x_wconf 91' lang='lat' dir='ltr'>non</span> <span class='ocrx_word' id='word_1_587' title='bbox 3395 4197 3529 4261; x_wconf 89' lang='lat' dir='ltr'>vult,</span> <span class='ocrx_word' id='word_1_588' title='bbox 3550 4193 3720 4247; x_wconf 85' lang='lat' dir='ltr'>aucto-</span> 
     </span>
    </p>
   </div>
   <div class='ocr_carea' id='block_1_87' title="bbox 2133 4278 3720 4357">
    <p class='ocr_par' dir='ltr' id='par_1_87' title="bbox 2133 4278 3720 4357">
     <span class='ocr_line' id='line_1_87' title="bbox 2133 4278 3720 4357; baseline 0.001 -26"><span class='ocrx_word' id='word_1_589' title='bbox 2133 4278 2302 4333; x_wconf 91' lang='lat' dir='ltr'>ritate</span> <span class='ocrx_word' id='word_1_590' title='bbox 2337 4280 2461 4343; x_wconf 84' lang='lat' dir='ltr'>Dei,</span> <span class='ocrx_word' id='word_1_591' title='bbox 2484 4283 2611 4336; x_wconf 91' lang='lat' dir='ltr'>etS.</span> <span class='ocrx_word' id='word_1_592' title='bbox 2647 4283 2818 4350; x_wconf 88' lang='lat' dir='ltr'>Petri,</span> <span class='ocrx_word' id='word_1_593' title='bbox 2855 4287 2911 4338; x_wconf 93' lang='lat' dir='ltr'>et</span> <span class='ocrx_word' id='word_1_594' title='bbox 2939 4288 3134 4339; x_wconf 88' lang='lat' dir='ltr'>nostra</span> <span class='ocrx_word' id='word_1_595' title='bbox 3155 4286 3473 4357; x_wconf 89' lang='lat' dir='ltr'>apostolica</span> <span class='ocrx_word' id='word_1_596' title='bbox 3514 4294 3720 4336; x_wconf 84' lang='lat' dir='ltr'>excom-</span> 
     </span>
    </p>
   </div>
   <div class='ocr_carea' id='block_1_88' title="bbox 421 4350 3716 4444">
    <p class='ocr_par' dir='ltr' id='par_1_88' title="bbox 421 4350 3716 4444">
     <span class='ocr_line' id='line_1_88' title="bbox 421 4350 3716 4444; baseline -0.002 -20"><span class='ocrx_word' id='word_1_597' title='bbox 421 4387 541 4424; x_wconf 92' lang='lat' dir='ltr'>non</span> <span class='ocrx_word' id='word_1_598' title='bbox 595 4373 652 4423; x_wconf 91' lang='lat' dir='ltr'>et</span> <span class='ocrx_word' id='word_1_599' title='bbox 695 4369 906 4423; x_wconf 88' lang='lat' dir='ltr'>Bertha</span> <span class='ocrx_word' id='word_1_600' title='bbox 953 4386 1128 4423; x_wconf 81' lang='lat' dir='ltr'>uxore</span> <span class='ocrx_word' id='word_1_601' title='bbox 1158 4369 1299 4438; x_wconf 87' lang='lat' dir='ltr'>ejus,</span> <span class='ocrx_word' id='word_1_602' title='bbox 1334 4369 1392 4422; x_wconf 92' lang='lat' dir='ltr'>in</span> <span class='ocrx_word' id='word_1_603' title='bbox 1439 4369 1662 4423; x_wconf 87' lang='lat' dir='ltr'>honore</span> <span class='ocrx_word' id='word_1_604' title='bbox 1706 4369 1934 4424; x_wconf 90' lang='lat' dir='ltr'>Domini</span> <span class='ocrx_word' id='word_1_605' title='bbox 1967 4375 2026 4425; x_wconf 90' lang='lat' dir='ltr'>et</span> <span class='ocrx_word' id='word_1_606' title='bbox 2051 4350 2103 4408; x_wconf 84' lang='lat' dir='ltr'>D</span> <span class='ocrx_word' id='word_1_607' title='bbox 2132 4367 2525 4424; x_wconf 89' lang='lat' dir='ltr'>municatione</span> <span class='ocrx_word' id='word_1_608' title='bbox 2547 4388 2581 4424; x_wconf 89' lang='lat' dir='ltr'>a</span> <span class='ocrx_word' id='word_1_609' title='bbox 2611 4387 2853 4442; x_wconf 89' lang='lat' dir='ltr'>corpore</span> <span class='ocrx_word' id='word_1_610' title='bbox 2887 4375 2944 4427; x_wconf 91' lang='lat' dir='ltr'>et</span> <span class='ocrx_word' id='word_1_611' title='bbox 2975 4373 3256 4444; x_wconf 88' lang='lat' dir='ltr'>sanguine</span> <span class='ocrx_word' id='word_1_612' title='bbox 3289 4370 3520 4428; x_wconf 91' lang='lat' dir='ltr'>Domini</span> <span class='ocrx_word' id='word_1_613' title='bbox 3553 4362 3716 4423; x_wconf 90' lang='lat' dir='ltr'>nostri</span> 
     </span>
    </p>
   </div>
   <div class='ocr_carea' id='block_1_89' title="bbox 423 4456 2022 4523">
    <p class='ocr_par' dir='ltr' id='par_1_89' title="bbox 423 4456 2022 4523">
     <span class='ocr_line' id='line_1_89' title="bbox 423 4456 2022 4523; baseline 0 -11"><span class='ocrx_word' id='word_1_614' title='bbox 423 4457 730 4512; x_wconf 84' lang='lat' dir='ltr'>Salvatoris</span> <span class='ocrx_word' id='word_1_615' title='bbox 761 4457 942 4511; x_wconf 90' lang='lat' dir='ltr'>nostri</span> <span class='ocrx_word' id='word_1_616' title='bbox 972 4457 1102 4510; x_wconf 84' lang='lat' dir='ltr'>Jesu</span> <span class='ocrx_word' id='word_1_617' title='bbox 1133 4456 1360 4523; x_wconf 88' lang='lat' dir='ltr'>Christi,</span> <span class='ocrx_word' id='word_1_618' title='bbox 1395 4460 1453 4511; x_wconf 92' lang='lat' dir='ltr'>et</span> <span class='ocrx_word' id='word_1_619' title='bbox 1492 4457 1860 4512; x_wconf 88' lang='lat' dir='ltr'>veneratione</span> <span class='ocrx_word' id='word_1_620' title='bbox 1887 4459 2022 4512; x_wconf 91' lang='lat' dir='ltr'>bea-</span> 
     </span>
    </p>
   </div>
   <div class='ocr_carea' id='block_1_90' title="bbox 419 4544 2020 4616">
    <p class='ocr_par' dir='ltr' id='par_1_90' title="bbox 419 4544 2020 4616">
     <span class='ocr_line' id='line_1_90' title="bbox 419 4544 2020 4616; baseline 0 -16"><span class='ocrx_word' id='word_1_621' title='bbox 419 4545 657 4600; x_wconf 66' lang='lat' dir='ltr'>tissima:</span> <span class='ocrx_word' id='word_1_622' title='bbox 690 4544 878 4601; x_wconf 66' lang='lat' dir='ltr'>Maria:</span> <span class='ocrx_word' id='word_1_623' title='bbox 925 4545 1219 4616; x_wconf 88' lang='lat' dir='ltr'>genitricis</span> <span class='ocrx_word' id='word_1_624' title='bbox 1250 4545 1509 4614; x_wconf 91' lang='lat' dir='ltr'>ejusdem</span> <span class='ocrx_word' id='word_1_625' title='bbox 1542 4546 1774 4600; x_wconf 91' lang='lat' dir='ltr'>Domini</span> <span class='ocrx_word' id='word_1_626' title='bbox 1818 4546 2020 4616; x_wconf 89' lang='lat' dir='ltr'>nostri,</span> 
     </span>
    </p>
   </div>
   <div class='ocr_carea' id='block_1_91' title="bbox 419 4632 2024 4704">
    <p class='ocr_par' dir='ltr' id='par_1_91' title="bbox 419 4632 2024 4704">
     <span class='ocr_line' id='line_1_91' title="bbox 419 4632 2024 4704; baseline 0.002 -18"><span class='ocrx_word' id='word_1_627' title='bbox 419 4637 815 4688; x_wconf 86' lang='lat' dir='ltr'>constructum</span> <span class='ocrx_word' id='word_1_628' title='bbox 845 4633 904 4687; x_wconf 91' lang='lat' dir='ltr'>in</span> <span class='ocrx_word' id='word_1_629' title='bbox 937 4650 1121 4704; x_wconf 91' lang='lat' dir='ltr'>regno</span> <span class='ocrx_word' id='word_1_630' title='bbox 1155 4632 1506 4703; x_wconf 64' lang='lat' dir='ltr'>Burgundiae</span> <span class='ocrx_word' id='word_1_631' title='bbox 1533 4632 1592 4687; x_wconf 91' lang='lat' dir='ltr'>in</span> <span class='ocrx_word' id='word_1_632' title='bbox 1621 4635 1898 4704; x_wconf 88' lang='lat' dir='ltr'>parochia</span> <span class='ocrx_word' id='word_1_633' title='bbox 1915 4638 2024 4689; x_wconf 82' lang='lat' dir='ltr'>Au-</span> 
     </span>
    </p>
   </div>
   <div class='ocr_carea' id='block_1_92' title="bbox 418 4720 2022 4794">
    <p class='ocr_par' dir='ltr' id='par_1_92' title="bbox 418 4720 2022 4794">
     <span class='ocr_line' id='line_1_92' title="bbox 418 4720 2022 4794; baseline 0.001 -19"><span class='ocrx_word' id='word_1_634' title='bbox 418 4721 855 4791; x_wconf 89' lang='lat' dir='ltr'>gustoduneusi,</span> <span class='ocrx_word' id='word_1_635' title='bbox 876 4721 934 4775; x_wconf 93' lang='lat' dir='ltr'>in</span> <span class='ocrx_word' id='word_1_636' title='bbox 957 4737 1106 4792; x_wconf 89' lang='lat' dir='ltr'>pago</span> <span class='ocrx_word' id='word_1_637' title='bbox 1119 4720 1383 4775; x_wconf 87' lang='lat' dir='ltr'>Avaleusi</span> <span class='ocrx_word' id='word_1_638' title='bbox 1401 4737 1414 4787; x_wconf 90' lang='lat'><strong>;</strong></span> <span class='ocrx_word' id='word_1_639' title='bbox 1432 4722 1701 4793; x_wconf 89' lang='lat' dir='ltr'>quodque</span> <span class='ocrx_word' id='word_1_640' title='bbox 1726 4740 1758 4776; x_wconf 91' lang='lat' dir='ltr'>a</span> <span class='ocrx_word' id='word_1_641' title='bbox 1771 4723 2022 4794; x_wconf 80' lang='lat' dir='ltr'>praefatis</span> 
     </span>
    </p>
   </div>
   <div class='ocr_carea' id='block_1_93' title="bbox 417 4809 2021 4880">
    <p class='ocr_par' dir='ltr' id='par_1_93' title="bbox 417 4809 2021 4880">
     <span class='ocr_line' id='line_1_93' title="bbox 417 4809 2021 4880; baseline 0 -16"><span class='ocrx_word' id='word_1_642' title='bbox 417 4809 821 4864; x_wconf 86' lang='lat' dir='ltr'>fundatoribus</span> <span class='ocrx_word' id='word_1_643' title='bbox 841 4811 898 4865; x_wconf 91' lang='lat' dir='ltr'>B.</span> <span class='ocrx_word' id='word_1_644' title='bbox 930 4811 1097 4863; x_wconf 89' lang='lat' dir='ltr'>Petro</span> <span class='ocrx_word' id='word_1_645' title='bbox 1117 4811 1513 4880; x_wconf 89' lang='lat' dir='ltr'>apostolorum</span> <span class='ocrx_word' id='word_1_646' title='bbox 1531 4809 1775 4880; x_wconf 91' lang='lat' dir='ltr'>principi</span> <span class='ocrx_word' id='word_1_647' title='bbox 1801 4809 2021 4865; x_wconf 88' lang='lat' dir='ltr'>liberali</span> 
     </span>
    </p>
   </div>
   <div class='ocr_carea' id='block_1_94' title="bbox 419 4897 2020 4967">
    <p class='ocr_par' dir='ltr' id='par_1_94' title="bbox 419 4897 2020 4967">
     <span class='ocr_line' id='line_1_94' title="bbox 419 4897 2020 4967; baseline 0 -14"><span class='ocrx_word' id='word_1_648' title='bbox 419 4897 724 4953; x_wconf 87' lang='lat' dir='ltr'>devotione</span> <span class='ocrx_word' id='word_1_649' title='bbox 743 4901 800 4952; x_wconf 91' lang='lat' dir='ltr'>et</span> <span class='ocrx_word' id='word_1_650' title='bbox 817 4897 1147 4951; x_wconf 89' lang='lat' dir='ltr'>testamenti</span> <span class='ocrx_word' id='word_1_651' title='bbox 1172 4897 1387 4967; x_wconf 87' lang='lat' dir='ltr'>pagina</span> <span class='ocrx_word' id='word_1_652' title='bbox 1411 4899 1680 4952; x_wconf 90' lang='lat' dir='ltr'>collatum</span> <span class='ocrx_word' id='word_1_653' title='bbox 1705 4901 1810 4964; x_wconf 87' lang='lat' dir='ltr'>est,</span> <span class='ocrx_word' id='word_1_654' title='bbox 1833 4899 2020 4954; x_wconf 85' lang='lat' dir='ltr'>facere</span> 
     </span>
    </p>
   </div>
   <div class='ocr_carea' id='block_1_95' title="bbox 416 4985 2018 5058">
    <p class='ocr_par' dir='ltr' id='par_1_95' title="bbox 416 4985 2018 5058">
     <span class='ocr_line' id='line_1_95' title="bbox 416 4985 2018 5058; baseline 0.001 -19"><span class='ocrx_word' id='word_1_655' title='bbox 416 4985 778 5052; x_wconf 88' lang='lat' dir='ltr'>deberemus,</span> <span class='ocrx_word' id='word_1_656' title='bbox 832 4985 1003 5040; x_wconf 90' lang='lat' dir='ltr'>veluti</span> <span class='ocrx_word' id='word_1_657' title='bbox 1049 5003 1083 5039; x_wconf 91' lang='lat' dir='ltr'>a</span> <span class='ocrx_word' id='word_1_658' title='bbox 1117 4986 1638 5058; x_wconf 63' lang='lat' dir='ltr'>praedecessoribus</span> <span class='ocrx_word' id='word_1_659' title='bbox 1671 4987 1878 5041; x_wconf 89' lang='lat' dir='ltr'>nostris</span> <span class='ocrx_word' id='word_1_660' title='bbox 1909 4987 2018 5058; x_wconf 66' lang='lat' dir='ltr'>piae</span> 
     </span>
    </p>
   </div>
   <div class='ocr_carea' id='block_1_96' title="bbox 414 5074 2017 5146">
    <p class='ocr_par' dir='ltr' id='par_1_96' title="bbox 414 5074 2017 5146">
     <span class='ocr_line' id='line_1_96' title="bbox 414 5074 2017 5146; baseline 0.002 -19"><span class='ocrx_word' id='word_1_661' title='bbox 414 5074 714 5128; x_wconf 71' lang='lat' dir='ltr'>memoria:</span> <span class='ocrx_word' id='word_1_662' title='bbox 741 5074 970 5128; x_wconf 82' lang='lat' dir='ltr'>Nicolao</span> <span class='ocrx_word' id='word_1_663' title='bbox 994 5090 1162 5144; x_wconf 90' lang='lat' dir='ltr'>papa,</span> <span class='ocrx_word' id='word_1_664' title='bbox 1195 5079 1367 5146; x_wconf 87' lang='lat' dir='ltr'>atque</span> <span class='ocrx_word' id='word_1_665' title='bbox 1399 5075 1640 5140; x_wconf 81' lang='lat' dir='ltr'>Joanne,</span> <span class='ocrx_word' id='word_1_666' title='bbox 1669 5075 2017 5145; x_wconf 90' lang='lat' dir='ltr'>jamdudum</span> 
     </span>
    </p>
   </div>
   <div class='ocr_carea' id='block_1_97' title="bbox 413 5163 2019 5235">
    <p class='ocr_par' dir='ltr' id='par_1_97' title="bbox 413 5163 2019 5235">
     <span class='ocr_line' id='line_1_97' title="bbox 413 5163 2019 5235; baseline 0.002 -19"><span class='ocrx_word' id='word_1_667' title='bbox 413 5164 628 5218; x_wconf 87' lang='lat' dir='ltr'>factum</span> <span class='ocrx_word' id='word_1_668' title='bbox 668 5163 868 5217; x_wconf 68' lang='lat' dir='ltr'>fuisse:</span> <span class='ocrx_word' id='word_1_669' title='bbox 892 5163 1151 5218; x_wconf 89' lang='lat' dir='ltr'>inclinati</span> <span class='ocrx_word' id='word_1_670' title='bbox 1189 5164 1453 5235; x_wconf 91' lang='lat' dir='ltr'>precibus</span> <span class='ocrx_word' id='word_1_671' title='bbox 1480 5164 1589 5218; x_wconf 91' lang='lat' dir='ltr'>tuis</span> <span class='ocrx_word' id='word_1_672' title='bbox 1625 5164 1872 5220; x_wconf 88' lang='lat' dir='ltr'>libenter</span> <span class='ocrx_word' id='word_1_673' title='bbox 1893 5166 2019 5220; x_wconf 89' lang='lat' dir='ltr'>fieri</span> 
     </span>
    </p>
   </div>
   <div class='ocr_carea' id='block_1_98' title="bbox 416 5251 2019 5326">
    <p class='ocr_par' dir='ltr' id='par_1_98' title="bbox 416 5251 2019 5326">
     <span class='ocr_line' id='line_1_98' title="bbox 416 5251 2019 5326; baseline 0.001 -20"><span class='ocrx_word' id='word_1_674' title='bbox 416 5251 794 5306; x_wconf 90' lang='lat' dir='ltr'>decrevimus.</span> <span class='ocrx_word' id='word_1_675' title='bbox 820 5253 928 5306; x_wconf 90' lang='lat' dir='ltr'>Per</span> <span class='ocrx_word' id='word_1_676' title='bbox 951 5253 1104 5324; x_wconf 88' lang='lat' dir='ltr'>quod</span> <span class='ocrx_word' id='word_1_677' title='bbox 1129 5253 1457 5324; x_wconf 64' lang='lat' dir='ltr'>apostolicae</span> <span class='ocrx_word' id='word_1_678' title='bbox 1481 5253 1837 5308; x_wconf 90' lang='lat' dir='ltr'>auctoritatis</span> <span class='ocrx_word' id='word_1_679' title='bbox 1853 5254 2019 5326; x_wconf 89' lang='lat' dir='ltr'>privi-</span> 
     </span>
    </p>
   </div>
   <div class='ocr_carea' id='block_1_99' title="bbox 408 5340 2018 5413">
    <p class='ocr_par' dir='ltr' id='par_1_99' title="bbox 408 5340 2018 5413">
     <span class='ocr_line' id='line_1_99' title="bbox 408 5340 2018 5413; baseline 0.002 -19"><span class='ocrx_word' id='word_1_680' title='bbox 408 5341 625 5411; x_wconf 87' lang='lat' dir='ltr'>legium</span> <span class='ocrx_word' id='word_1_681' title='bbox 644 5340 1060 5395; x_wconf 87' lang='lat' dir='ltr'>confirmamus</span> <span class='ocrx_word' id='word_1_682' title='bbox 1085 5344 1255 5412; x_wconf 88' lang='lat' dir='ltr'>atque</span> <span class='ocrx_word' id='word_1_683' title='bbox 1279 5341 1580 5394; x_wconf 86' lang='lat' dir='ltr'>statuimus</span> <span class='ocrx_word' id='word_1_684' title='bbox 1603 5345 1663 5394; x_wconf 91' lang='lat' dir='ltr'>ut</span> <span class='ocrx_word' id='word_1_685' title='bbox 1683 5342 1822 5396; x_wconf 89' lang='lat' dir='ltr'>nulli</span> <span class='ocrx_word' id='word_1_686' title='bbox 1839 5343 2018 5413; x_wconf 91' lang='lat' dir='ltr'>impe-</span> 
     </span>
    </p>
   </div>
   <div class='ocr_carea' id='block_1_100' title="bbox 407 5430 2009 5502">
    <p class='ocr_par' dir='ltr' id='par_1_100' title="bbox 407 5430 2009 5502">
     <span class='ocr_line' id='line_1_100' title="bbox 407 5430 2009 5502; baseline 0.002 -19"><span class='ocrx_word' id='word_1_687' title='bbox 407 5433 690 5498; x_wconf 88' lang='lat' dir='ltr'>ratorum,</span> <span class='ocrx_word' id='word_1_688' title='bbox 723 5431 866 5486; x_wconf 92' lang='lat' dir='ltr'>nulli</span> <span class='ocrx_word' id='word_1_689' title='bbox 895 5447 1152 5502; x_wconf 90' lang='lat' dir='ltr'>unquam</span> <span class='ocrx_word' id='word_1_690' title='bbox 1197 5447 1424 5500; x_wconf 90' lang='lat' dir='ltr'>regum,</span> <span class='ocrx_word' id='word_1_691' title='bbox 1475 5430 1614 5484; x_wconf 90' lang='lat' dir='ltr'>nulli</span> <span class='ocrx_word' id='word_1_692' title='bbox 1666 5432 2009 5498; x_wconf 89' lang='lat' dir='ltr'>antistitum,</span> 
     </span>
    </p>
   </div>
   <div class='ocr_carea' id='block_1_101' title="bbox 407 5519 2008 5592">
    <p class='ocr_par' dir='ltr' id='par_1_101' title="bbox 407 5519 2008 5592">
     <span class='ocr_line' id='line_1_101' title="bbox 407 5519 2008 5592; baseline 0.001 -18"><span class='ocrx_word' id='word_1_693' title='bbox 407 5519 548 5574; x_wconf 89' lang='lat' dir='ltr'>nulli</span> <span class='ocrx_word' id='word_1_694' title='bbox 581 5537 921 5591; x_wconf 89' lang='lat' dir='ltr'>quacunque</span> <span class='ocrx_word' id='word_1_695' title='bbox 955 5519 1196 5590; x_wconf 60' lang='lat' dir='ltr'>praedito</span> <span class='ocrx_word' id='word_1_696' title='bbox 1226 5519 1529 5590; x_wconf 84' lang='lat' dir='ltr'>dignitate,</span> <span class='ocrx_word' id='word_1_697' title='bbox 1568 5520 1707 5576; x_wconf 90' lang='lat' dir='ltr'>nulli</span> <span class='ocrx_word' id='word_1_698' title='bbox 1739 5521 2008 5592; x_wconf 85' lang='lat' dir='ltr'>cuiquam</span> 
     </span>
    </p>
   </div>
   <div class='ocr_carea' id='block_1_102' title="bbox 410 5609 2023 5680">
    <p class='ocr_par' dir='ltr' id='par_1_102' title="bbox 410 5609 2023 5680">
     <span class='ocr_line' id='line_1_102' title="bbox 410 5609 2023 5680; baseline 0.001 -15"><span class='ocrx_word' id='word_1_699' title='bbox 410 5609 529 5680; x_wconf 86' lang='lat' dir='ltr'>alii,</span> <span class='ocrx_word' id='word_1_700' title='bbox 564 5609 633 5665; x_wconf 91' lang='lat' dir='ltr'>de</span> <span class='ocrx_word' id='word_1_701' title='bbox 661 5609 929 5666; x_wconf 87' lang='lat' dir='ltr'>omnibus</span> <span class='ocrx_word' id='word_1_702' title='bbox 959 5610 1134 5666; x_wconf 89' lang='lat' dir='ltr'>rebus</span> <span class='ocrx_word' id='word_1_703' title='bbox 1165 5609 1475 5668; x_wconf 87' lang='lat' dir='ltr'>mobilibus</span> <span class='ocrx_word' id='word_1_704' title='bbox 1500 5611 1587 5666; x_wconf 85' lang='lat' dir='ltr'>vel</span> <span class='ocrx_word' id='word_1_705' title='bbox 1626 5610 2023 5667; x_wconf 84' lang='lat' dir='ltr'>immobilibus</span> 
     </span>
    </p>
   </div>
   <div class='ocr_carea' id='block_1_103' title="bbox 2127 4457 3718 4530">
    <p class='ocr_par' dir='ltr' id='par_1_103' title="bbox 2127 4457 3718 4530">
     <span class='ocr_line' id='line_1_103' title="bbox 2127 4457 3718 4530; baseline -0.002 -21"><span class='ocrx_word' id='word_1_706' title='bbox 2127 4457 2254 4510; x_wconf 85' lang='lat' dir='ltr'>Jesu</span> <span class='ocrx_word' id='word_1_707' title='bbox 2286 4457 2510 4524; x_wconf 89' lang='lat' dir='ltr'>Christi,</span> <span class='ocrx_word' id='word_1_708' title='bbox 2533 4459 2676 4512; x_wconf 86' lang='lat' dir='ltr'>etab</span> <span class='ocrx_word' id='word_1_709' title='bbox 2698 4459 2958 4530; x_wconf 81' lang='lat' dir='ltr'>ingressu</span> <span class='ocrx_word' id='word_1_710' title='bbox 2991 4462 3240 4516; x_wconf 62' lang='lat' dir='ltr'>ecclesiae</span> <span class='ocrx_word' id='word_1_711' title='bbox 3273 4460 3496 4516; x_wconf 89' lang='lat' dir='ltr'>noverit</span> <span class='ocrx_word' id='word_1_712' title='bbox 3532 4474 3588 4511; x_wconf 91' lang='lat' dir='ltr'>se</span> <span class='ocrx_word' id='word_1_713' title='bbox 3609 4469 3718 4509; x_wconf 87' lang='lat' dir='ltr'>esse</span> 
     </span>
    </p>
   </div>
   <div class='ocr_carea' id='block_1_104' title="bbox 2129 4539 3718 4620">
    <p class='ocr_par' dir='ltr' id='par_1_104' title="bbox 2129 4539 3718 4620">
     <span class='ocr_line' id='line_1_104' title="bbox 2129 4539 3718 4620; baseline 0.003 -25"><span class='ocrx_word' id='word_1_714' title='bbox 2129 4543 2499 4614; x_wconf 88' lang='lat' dir='ltr'>disjunctum.</span> <span class='ocrx_word' id='word_1_715' title='bbox 2518 4547 2634 4601; x_wconf 79' lang='lat' dir='ltr'>Hoc</span> <span class='ocrx_word' id='word_1_716' title='bbox 2649 4563 2878 4618; x_wconf 89' lang='lat' dir='ltr'>quoque</span> <span class='ocrx_word' id='word_1_717' title='bbox 2895 4548 3141 4618; x_wconf 87' lang='lat' dir='ltr'>capitulo</span> <span class='ocrx_word' id='word_1_718' title='bbox 3159 4549 3428 4620; x_wconf 77' lang='lat' dir='ltr'>praesenti</span> <span class='ocrx_word' id='word_1_719' title='bbox 3445 4539 3718 4616; x_wconf 78' lang='lat' dir='ltr'>subjungi-</span> 
     </span>
    </p>
   </div>
   <div class='ocr_carea' id='block_1_105' title="bbox 2128 4634 3716 4705">
    <p class='ocr_par' dir='ltr' id='par_1_105' title="bbox 2128 4634 3716 4705">
     <span class='ocr_line' id='line_1_105' title="bbox 2128 4634 3716 4705; baseline -0.001 -19"><span class='ocrx_word' id='word_1_720' title='bbox 2128 4650 2277 4700; x_wconf 91' lang='lat' dir='ltr'>mus,</span> <span class='ocrx_word' id='word_1_721' title='bbox 2310 4637 2373 4687; x_wconf 88' lang='lat' dir='ltr'>ut</span> <span class='ocrx_word' id='word_1_722' title='bbox 2393 4634 2584 4688; x_wconf 92' lang='lat' dir='ltr'>locum</span> <span class='ocrx_word' id='word_1_723' title='bbox 2613 4635 2864 4689; x_wconf 67' lang='lat' dir='ltr'>avaritia:</span> <span class='ocrx_word' id='word_1_724' title='bbox 2885 4636 3270 4704; x_wconf 90' lang='lat' dir='ltr'>secludamus,</span> <span class='ocrx_word' id='word_1_725' title='bbox 3297 4638 3442 4692; x_wconf 92' lang='lat' dir='ltr'>nulli</span> <span class='ocrx_word' id='word_1_726' title='bbox 3475 4645 3716 4705; x_wconf 90' lang='lat' dir='ltr'>unquam</span> 
     </span>
    </p>
   </div>
   <div class='ocr_carea' id='block_1_106' title="bbox 2126 4721 3716 4797">
    <p class='ocr_par' dir='ltr' id='par_1_106' title="bbox 2126 4721 3716 4797">
     <span class='ocr_line' id='line_1_106' title="bbox 2126 4721 3716 4797; baseline -0.002 -23"><span class='ocrx_word' id='word_1_727' title='bbox 2126 4721 2295 4776; x_wconf 90' lang='lat' dir='ltr'>liceat</span> <span class='ocrx_word' id='word_1_728' title='bbox 2316 4721 2386 4776; x_wconf 93' lang='lat' dir='ltr'>de</span> <span class='ocrx_word' id='word_1_729' title='bbox 2409 4722 2806 4793; x_wconf 89' lang='lat' dir='ltr'>regibus,nulli</span> <span class='ocrx_word' id='word_1_730' title='bbox 2825 4723 2894 4777; x_wconf 91' lang='lat' dir='ltr'>de</span> <span class='ocrx_word' id='word_1_731' title='bbox 2914 4723 3196 4797; x_wconf 89' lang='lat' dir='ltr'>episcopis</span> <span class='ocrx_word' id='word_1_732' title='bbox 3216 4721 3716 4783; x_wconf 87' lang='lat' dir='ltr'>velsacerdotibus,</span> 
     </span>
    </p>
   </div>
   <div class='ocr_carea' id='block_1_107' title="bbox 2127 4810 3717 4885">
    <p class='ocr_par' dir='ltr' id='par_1_107' title="bbox 2127 4810 3717 4885">
     <span class='ocr_line' id='line_1_107' title="bbox 2127 4810 3717 4885; baseline -0.004 -21"><span class='ocrx_word' id='word_1_733' title='bbox 2127 4811 2213 4864; x_wconf 90' lang='lat' dir='ltr'>vel</span> <span class='ocrx_word' id='word_1_734' title='bbox 2240 4811 2309 4864; x_wconf 92' lang='lat' dir='ltr'>de</span> <span class='ocrx_word' id='word_1_735' title='bbox 2326 4810 2763 4882; x_wconf 78' lang='lat' dir='ltr'>quibuscumque</span> <span class='ocrx_word' id='word_1_736' title='bbox 2778 4811 3062 4877; x_wconf 86' lang='lat' dir='ltr'>fidelibus,</span> <span class='ocrx_word' id='word_1_737' title='bbox 3085 4829 3189 4882; x_wconf 89' lang='lat' dir='ltr'>per</span> <span class='ocrx_word' id='word_1_738' title='bbox 3221 4831 3279 4868; x_wconf 92' lang='lat' dir='ltr'>se</span> <span class='ocrx_word' id='word_1_739' title='bbox 3309 4810 3717 4885; x_wconf 87' lang='lat' dir='ltr'>suppositamve</span> 
     </span>
    </p>
   </div>
   <div class='ocr_carea' id='block_1_108' title="bbox 2125 4895 3718 4970">
    <p class='ocr_par' dir='ltr' id='par_1_108' title="bbox 2125 4895 3718 4970">
     <span class='ocr_line' id='line_1_108' title="bbox 2125 4895 3718 4970; baseline -0.004 -18"><span class='ocrx_word' id='word_1_740' title='bbox 2125 4914 2456 4968; x_wconf 90' lang='lat' dir='ltr'>personam,</span> <span class='ocrx_word' id='word_1_741' title='bbox 2479 4898 2549 4953; x_wconf 91' lang='lat' dir='ltr'>de</span> <span class='ocrx_word' id='word_1_742' title='bbox 2574 4898 2938 4953; x_wconf 89' lang='lat' dir='ltr'>ordinatione</span> <span class='ocrx_word' id='word_1_743' title='bbox 2961 4900 3220 4970; x_wconf 89' lang='lat' dir='ltr'>ejusdem</span> <span class='ocrx_word' id='word_1_744' title='bbox 3241 4901 3485 4967; x_wconf 90' lang='lat' dir='ltr'>abbatis,</span> <span class='ocrx_word' id='word_1_745' title='bbox 3506 4899 3601 4952; x_wconf 91' lang='lat' dir='ltr'>aut</span> <span class='ocrx_word' id='word_1_746' title='bbox 3619 4895 3718 4947; x_wconf 86' lang='lat' dir='ltr'>cle-</span> 
     </span>
    </p>
   </div>
   <div class='ocr_carea' id='block_1_109' title="bbox 2123 4981 3717 5060">
    <p class='ocr_par' dir='ltr' id='par_1_109' title="bbox 2123 4981 3717 5060">
     <span class='ocr_line' id='line_1_109' title="bbox 2123 4981 3717 5060; baseline -0.003 -20"><span class='ocrx_word' id='word_1_747' title='bbox 2123 4987 2398 5054; x_wconf 85' lang='lat' dir='ltr'>ricorum,</span> <span class='ocrx_word' id='word_1_748' title='bbox 2418 4989 2504 5041; x_wconf 82' lang='lat' dir='ltr'>vel</span> <span class='ocrx_word' id='word_1_749' title='bbox 2529 4989 3021 5059; x_wconf 85' lang='lat' dir='ltr'>presbyterorum,</span> <span class='ocrx_word' id='word_1_750' title='bbox 3042 4993 3140 5043; x_wconf 89' lang='lat' dir='ltr'>aut</span> <span class='ocrx_word' id='word_1_751' title='bbox 3165 4990 3234 5044; x_wconf 91' lang='lat' dir='ltr'>de</span> <span class='ocrx_word' id='word_1_752' title='bbox 3256 4989 3562 5060; x_wconf 88' lang='lat' dir='ltr'>largitione</span> <span class='ocrx_word' id='word_1_753' title='bbox 3583 4981 3717 5038; x_wconf 92' lang='lat' dir='ltr'>chri-</span> 
     </span>
    </p>
   </div>
   <div class='ocr_carea' id='block_1_110' title="bbox 2122 5074 3718 5146">
    <p class='ocr_par' dir='ltr' id='par_1_110' title="bbox 2122 5074 3718 5146">
     <span class='ocr_line' id='line_1_110' title="bbox 2122 5074 3718 5146; baseline -0.003 -17"><span class='ocrx_word' id='word_1_754' title='bbox 2122 5076 2342 5141; x_wconf 89' lang='lat' dir='ltr'>smatis,</span> <span class='ocrx_word' id='word_1_755' title='bbox 2367 5077 2452 5128; x_wconf 88' lang='lat' dir='ltr'>vel</span> <span class='ocrx_word' id='word_1_756' title='bbox 2477 5075 2546 5128; x_wconf 89' lang='lat' dir='ltr'>de</span> <span class='ocrx_word' id='word_1_757' title='bbox 2565 5075 3000 5131; x_wconf 86' lang='lat' dir='ltr'>consecratione</span> <span class='ocrx_word' id='word_1_758' title='bbox 3016 5077 3283 5144; x_wconf 67' lang='lat' dir='ltr'>basilicae,</span> <span class='ocrx_word' id='word_1_759' title='bbox 3305 5079 3392 5132; x_wconf 89' lang='lat' dir='ltr'>vel</span> <span class='ocrx_word' id='word_1_760' title='bbox 3415 5077 3487 5131; x_wconf 91' lang='lat' dir='ltr'>de</span> <span class='ocrx_word' id='word_1_761' title='bbox 3500 5074 3718 5146; x_wconf 84' lang='lat' dir='ltr'>quibus-</span> 
     </span>
    </p>
   </div>
   <div class='ocr_carea' id='block_1_111' title="bbox 2123 5165 3714 5240">
    <p class='ocr_par' dir='ltr' id='par_1_111' title="bbox 2123 5165 3714 5240">
     <span class='ocr_line' id='line_1_111' title="bbox 2123 5165 3714 5240; baseline 0.001 -20"><span class='ocrx_word' id='word_1_762' title='bbox 2123 5183 2347 5237; x_wconf 87' lang='lat' dir='ltr'>cunque</span> <span class='ocrx_word' id='word_1_763' title='bbox 2364 5166 2548 5220; x_wconf 89' lang='lat' dir='ltr'>causis</span> <span class='ocrx_word' id='word_1_764' title='bbox 2569 5167 2641 5220; x_wconf 80' lang='lat' dir='ltr'>ad</span> <span class='ocrx_word' id='word_1_765' title='bbox 2656 5165 2810 5220; x_wconf 91' lang='lat' dir='ltr'>idem</span> <span class='ocrx_word' id='word_1_766' title='bbox 2841 5168 3260 5221; x_wconf 81' lang='lat' dir='ltr'>monasterium</span> <span class='ocrx_word' id='word_1_767' title='bbox 3282 5165 3714 5240; x_wconf 74' lang='lat' dir='ltr'>pertinentibus.</span> 
     </span>
    </p>
   </div>
   <div class='ocr_carea' id='block_1_112' title="bbox 2121 5249 3714 5328">
    <p class='ocr_par' dir='ltr' id='par_1_112' title="bbox 2121 5249 3714 5328">
     <span class='ocr_line' id='line_1_112' title="bbox 2121 5249 3714 5328; baseline -0.004 -19"><span class='ocrx_word' id='word_1_768' title='bbox 2121 5256 2331 5310; x_wconf 85' lang='lat' dir='ltr'>audere</span> <span class='ocrx_word' id='word_1_769' title='bbox 2346 5254 2404 5308; x_wconf 91' lang='lat' dir='ltr'>in</span> <span class='ocrx_word' id='word_1_770' title='bbox 2425 5255 2679 5327; x_wconf 88' lang='lat' dir='ltr'>qualibet</span> <span class='ocrx_word' id='word_1_771' title='bbox 2693 5255 2880 5327; x_wconf 90' lang='lat' dir='ltr'>specie</span> <span class='ocrx_word' id='word_1_772' title='bbox 2903 5256 3086 5310; x_wconf 87' lang='lat' dir='ltr'>exenii</span> <span class='ocrx_word' id='word_1_773' title='bbox 3104 5258 3227 5311; x_wconf 77' lang='lat' dir='ltr'>loco</span> <span class='ocrx_word' id='word_1_774' title='bbox 3251 5257 3564 5328; x_wconf 88' lang='lat' dir='ltr'>quidquam</span> <span class='ocrx_word' id='word_1_775' title='bbox 3578 5249 3714 5306; x_wconf 90' lang='lat' dir='ltr'>acci-</span> 
     </span>
    </p>
   </div>
   <div class='ocr_carea' id='block_1_113' title="bbox 2120 5344 3714 5416">
    <p class='ocr_par' dir='ltr' id='par_1_113' title="bbox 2120 5344 3714 5416">
     <span class='ocr_line' id='line_1_113' title="bbox 2120 5344 3714 5416; baseline -0.004 -20"><span class='ocrx_word' id='word_1_776' title='bbox 2120 5359 2277 5413; x_wconf 83' lang='lat' dir='ltr'>pere,</span> <span class='ocrx_word' id='word_1_777' title='bbox 2310 5359 2495 5413; x_wconf 88' lang='lat' dir='ltr'>neque</span> <span class='ocrx_word' id='word_1_778' title='bbox 2521 5344 2792 5398; x_wconf 87' lang='lat' dir='ltr'>eumdem</span> <span class='ocrx_word' id='word_1_779' title='bbox 2822 5344 3090 5399; x_wconf 87' lang='lat' dir='ltr'>abbatem</span> <span class='ocrx_word' id='word_1_780' title='bbox 3107 5362 3210 5416; x_wconf 91' lang='lat' dir='ltr'>pro</span> <span class='ocrx_word' id='word_1_781' title='bbox 3231 5344 3595 5399; x_wconf 90' lang='lat' dir='ltr'>ordinatione</span> <span class='ocrx_word' id='word_1_782' title='bbox 3621 5353 3714 5392; x_wconf 86' lang='lat' dir='ltr'>sua</span> 
     </span>
    </p>
   </div>
   <div class='ocr_carea' id='block_1_114' title="bbox 2118 5432 3714 5505">
    <p class='ocr_par' dir='ltr' id='par_1_114' title="bbox 2118 5432 3714 5505">
     <span class='ocr_line' id='line_1_114' title="bbox 2118 5432 3714 5505; baseline -0.004 -19"><span class='ocrx_word' id='word_1_783' title='bbox 2118 5432 2333 5503; x_wconf 87' lang='lat' dir='ltr'>aliquid</span> <span class='ocrx_word' id='word_1_784' title='bbox 2363 5433 2535 5497; x_wconf 87' lang='lat' dir='ltr'>dare;</span> <span class='ocrx_word' id='word_1_785' title='bbox 2562 5451 2749 5505; x_wconf 87' lang='lat' dir='ltr'>neque</span> <span class='ocrx_word' id='word_1_786' title='bbox 2767 5433 3066 5505; x_wconf 83' lang='lat' dir='ltr'>episcopus</span> <span class='ocrx_word' id='word_1_787' title='bbox 3088 5433 3325 5488; x_wconf 88' lang='lat' dir='ltr'>civitatis</span> <span class='ocrx_word' id='word_1_788' title='bbox 3368 5432 3542 5504; x_wconf 90' lang='lat' dir='ltr'>ipsius</span> <span class='ocrx_word' id='word_1_789' title='bbox 3559 5443 3714 5500; x_wconf 91' lang='lat' dir='ltr'>paro-</span> 
     </span>
    </p>
   </div>
   <div class='ocr_carea' id='block_1_115' title="bbox 2114 5520 3707 5596">
    <p class='ocr_par' dir='ltr' id='par_1_115' title="bbox 2114 5520 3707 5596">
     <span class='ocr_line' id='line_1_115' title="bbox 2114 5520 3707 5596; baseline -0.006 -18"><span class='ocrx_word' id='word_1_790' title='bbox 2114 5523 2275 5590; x_wconf 67' lang='lat' dir='ltr'>chia),</span> <span class='ocrx_word' id='word_1_791' title='bbox 2310 5523 2414 5577; x_wconf 90' lang='lat' dir='ltr'>nisi</span> <span class='ocrx_word' id='word_1_792' title='bbox 2464 5525 2534 5579; x_wconf 87' lang='lat' dir='ltr'>ab</span> <span class='ocrx_word' id='word_1_793' title='bbox 2585 5524 2792 5578; x_wconf 87' lang='lat' dir='ltr'>abbate</span> <span class='ocrx_word' id='word_1_794' title='bbox 2846 5524 3019 5596; x_wconf 90' lang='lat' dir='ltr'>ipsius</span> <span class='ocrx_word' id='word_1_795' title='bbox 3052 5523 3384 5579; x_wconf 88' lang='lat' dir='ltr'>monasterii</span> <span class='ocrx_word' id='word_1_796' title='bbox 3418 5520 3707 5581; x_wconf 86' lang='lat' dir='ltr'>invitatus,</span> 
     </span>
    </p>
   </div>
   <div class='ocr_carea' id='block_1_116' title="bbox 2112 5604 3708 5686">
    <p class='ocr_par' dir='ltr' id='par_1_116' title="bbox 2112 5604 3708 5686">
     <span class='ocr_line' id='line_1_116' title="bbox 2112 5604 3708 5686; baseline -0.006 -17"><span class='ocrx_word' id='word_1_797' title='bbox 2112 5611 2328 5670; x_wconf 86' lang='lat' dir='ltr'>ibidem</span> <span class='ocrx_word' id='word_1_798' title='bbox 2380 5611 2635 5686; x_wconf 76' lang='lat' dir='ltr'>publicas</span> <span class='ocrx_word' id='word_1_799' title='bbox 2663 5611 2862 5668; x_wconf 87' lang='lat' dir='ltr'>missas</span> <span class='ocrx_word' id='word_1_800' title='bbox 2911 5615 3065 5686; x_wconf 83' lang='lat' dir='ltr'>agat,</span> <span class='ocrx_word' id='word_1_801' title='bbox 3098 5631 3283 5686; x_wconf 84' lang='lat' dir='ltr'>neque</span> <span class='ocrx_word' id='word_1_802' title='bbox 3325 5609 3601 5668; x_wconf 85' lang='lat' dir='ltr'>stationes</span> <span class='ocrx_word' id='word_1_803' title='bbox 3653 5604 3708 5660; x_wconf 91' lang='lat' dir='ltr'>in</span> 
     </span>
    </p>
   </div>
  </div>
