3898 6168
187 340 266 413 tu

907 336 1142 400 SECI‘lO
1166 336 1234 395 ΙΙ.
1262 366 1331 381 --
1359 333 1672 396 EPITOLIE
1705 334 1795 397 ET
1836 337 2246 403 DIPLOMATA
2282 344 2713 404 PONTIFICIA.

3398 348 3506 421 asa

184 474 351 531 eodem
362 464 868 533 canobioindicat,
883 481 958 521 ne
981 478 1269 553 servorum
1296 461 1397 517 Dei
1414 462 1573 535 quies
1589 479 1736 534 quo-
1759 468 1817 528 Α
1842 482 1980 521 cum
2000 485 2187 539 quem
2212 467 2835 537 dicuntCalidas,cum
2855 476 3127 535 omnibus
3143 495 3270 553 qua
3286 479 3505 539 habere

182 578 364 635 cunque
393 558 562 615 modo
592 554 864 629 populati
883 556 1163 609 conventu
1181 552 1365 606 valeat
1388 552 1737 623 perturbari,

181 667 330 723 neque
348 645 786 703 mansionaticos
805 642 1013 698 exinde
1028 643 1332 714 prasumat
1349 639 1434 695 exi
1441 639 1739 712 gere.Sus-

180 739 453 812 captionem
496 738 691 790 autem
737 733 1000 788 ﬁdelium
1040 734 1135 786 aut
1159 729 1560 800 religiosorum
1586 729 1739 785 viro-

178 845 294 895 rum,
342 829 500 897 atque
536 821 991 878 beneﬁcentiam
1025 836 1196 890 quam
1227 818 1395 889 jubet
1434 818 1743 889 Apostolus

176 914 351 973 cunctis
372 911 775 976 exhibendam,
806 927 914 982 pro
947 907 1315 981 possibilitate
1342 906 1451 961 loci
1479 909 1536 960 et
1560 906 1742 962 facul-

175 1009 388 1071 tate,non
401 1002 571 1057 modo
590 1000 819 1055 ibidem
836 1000 962 1054 ﬁeri
975 999 1550 1069 denegamus,verum
1564 997 1742 1053 etiam

174 1094 448 1149 suademus.
474 1090 530 1145 Si
554 1089 686 1161 quis
707 1105 846 1143 vero
862 1081 1103 1159 regum,
1125 1086 1741 1158 episc0porum,sacer-

173 1175 1234 1248 dotum,abbatum,judicum,comitum
1259 1177 1355 1228 aut
1376 1175 1744 1230 sacularium

172 1284 517 1344 personarum,
538 1270 752 1322 contra
783 1265 935 1319 hanc
959 1266 1168 1318 nostrae
1194 1262 1567 1317 institutionis
1586 1262 1745 1334 pagi-

172 1376 276 1415 nam
303 1356 619 1423 tentaverit,
656 1370 963 1428 percussus
1011 1351 1317 1423 apostolico
1349 1351 1741 1418 anathemate,

174 1446 422 1518 potestatis
449 1443 765 1499 honorisve
794 1441 880 1496 sui
913 1439 1191 1512 dignitate
1222 1441 1430 1503 careat,
1461 1455 1744 1510 reumque

170 1553 213 1590 se
240 1551 406 1590 coram
422 1533 623 1588 divino
640 1530 864 1602 judicio
888 1532 1224 1601 cognoscat;
1257 1530 1313 1581 et
1339 1527 1443 1581 nisi
1466 1544 1534 1581 ea
1556 1544 1683 1599 qua
1711 1544 1746 1581 a

172 1641 214 1679 se
230 1624 357 1678 male
376 1626 497 1677 acta
514 1624 659 1675 sunt
680 1617 1007 1679 deﬁeverit,
1030 1634 1065 1672 a
1103 1615 1479 1671 sacratissimo
1503 1632 1745 1687 corpore

171 1710 354 1768 Domini
370 1710 546 1765 nostri
570 1710 709 1763 Jesu
725 1707 937 1762 Christi
958 1705 1180 1760 alienus
1200 1704 1319 1770 ﬁat,
1337 1707 1505 1775 atque
1525 1706 1744 1758 aterno

1843 555 2098 610 videtur.
2117 558 2193 611 Et
2210 573 2430 611 omnes
2450 558 2726 614 ecclesias
2760 567 3141 636 parochiales,
3161 571 3247 625 vel
3280 586 3500 643 appen-

1844 644 2035 710 ditias,
2067 660 2216 716 quae
2230 643 2295 698 in
2311 645 2597 715 praedicto
2621 651 2908 709 comitatu
2927 657 3323 713 Bisuldunensi
3340 663 3495 727 sunt,

1844 732 1937 805 qui
1966 736 2111 787 sunt
2134 734 2220 787 de
2240 734 2525 802 pradicta
2542 736 2699 805 sede,
2724 743 2815 797 vel
2838 759 2957 799 esse
2975 746 3205 813 debent,
3238 762 3368 803 cum
3398 749 3499 803 de-

1842 821 2024 884 cimis,
2048 824 2120 875 et
2146 821 2453 890 primitiis,
2492 825 2550 876 et
2584 825 2996 901 oblationibus,
3018 836 3074 888 et
3102 836 3332 890 alaudes
3362 853 3491 908 qua

1842 910 1916 966 ad
1946 909 2118 982 ipsas
2143 909 2421 964 ecclesias
2437 911 2754 983 pertinent,
2774 936 2906 974 cum
2930 922 3097 976 tertia
3107 927 3270 993 parte
3302 924 3372 978 de
3396 927 3486 980 ιε.

1842 1000 2039 1064 loneo,
2059 999 2132 1051 et
2160 1002 2451 1053 mercatos
2473 1016 2622 1068 suos,
2660 1008 2722 1059 et
2754 1006 2907 1079 ipsos
2936 1011 3278 1081 pascuarios.
3315 1012 3384 1067 Et
3420 1013 3481 1068 in

1842 1088 2076 1143 civitate
2104 1086 2417 1158 Empurias
2441 1089 2637 1145 omnia
2660 1098 2948 1165 quantum
2967 1097 3044 1151 ibi
3064 1099 3186 1170 ipsa
3205 1099 3483 1171 pradicta

1844 1176 2004 1231 sedes
2036 1175 2233 1230 habet
2266 1190 2394 1229 cum
2425 1174 2549 1247 ipso
2580 1194 2760 1236 censu
2795 1184 2865 1238 de
2886 1184 3007 1255 ipso
3035 1186 3202 1240 mari.
3227 1187 3369 1242 Etin
3385 1203 3479 1242 co-

1843 1264 2055 1344 mitatu
2085 1264 2368 1337 praedicto
2397 1264 2782 1337 Empuriense
2816 1272 3001 1344 ipsum
3017 1274 3283 1329 alaudem
3297 1293 3470 1347 quem

1844 1354 2043 1408 dicunt
2074 1354 2286 1409 Uliano
2317 1368 2449 1407 cum
2492 1358 2767 1414 terminis
2805 1364 2864 1415 et
2907 1361 3243 1432 adjacentiis
3272 1363 3384 1418 suis
3414 1367 3472 1418 et

1843 1459 1975 1497 cum
1989 1444 2222 1498 servitio
2242 1441 2452 1508 ﬁscale,
2468 1449 2527 1499 et
2547 1447 2816 1503 ecclesias
2829 1466 2956 1521 qua
2970 1449 3047 1504 ibi
3062 1453 3195 1504 sunt
3215 1450 3470 1506 fundata

1844 1547 1972 1584 cum
1990 1531 2233 1586 decimis
2255 1530 2312 1582 et
2332 1529 2609 1599 primitiis
2631 1538 2689 1589 et
2713 1536 3101 1593 oblationibus
3121 1555 3250 1610 qua
3276 1539 3348 1593 ad
3373 1554 3468 1592 eas

1847 1621 2114 1675 ecclesias
2137 1617 2536 1693 pertinent.Et
2558 1626 2862 1680 ecclesiam
2877 1627 3072 1682 Sancti
3088 1628 3324 1684 Joannis
3340 1642 3468 1700 qua

1846 1710 1931 1761 est
1944 1707 2001 1760 in
2016 1709 2283 1775 Bederga
2296 1724 2426 1763 cum
2441 1711 2630 1767 decim
2640 1713 2983 1786 is,primitiis
2994 1718 3052 1770 et
3062 1714 3466 1772 oblationibus.

171 1799 371 1854 examini
387 1798 664 1853 districta
688 1796 926 1851 ultionis
943 1795 1065 1864 subj
1083 1796 1263 1848 aceat.
1298 1792 1524 1847 Cunctis
1550 1795 1746 1847 autem
1764 1772 1815 1830 Β
1847 1795 1914 1849 Et
1930 1812 2141 1852 omnes
2155 1796 2428 1853 ecclesias
2446 1772 2811 1873 parochiales
2822 1820 2956 1859 cum
2979 1821 3179 1861 earum
3201 1800 3476 1878 appendi-

177 1888 324 1943 eidem
353 1888 473 1944 loca
496 1888 663 1958 justa
693 1885 1056 1941 servantibus
1080 1882 1152 1936 sit
1173 1898 1279 1954 pax
1313 1880 1540 1936 Domini
1566 1881 1747 1935 nostri

170 1977 269 2031 lesu
293 1976 506 2041 Christi,
531 1977 833 2048 quatenus
851 1975 909 2028 et
933 1972 1027 2026 hic
1052 1971 1303 2025 fructum
1325 1970 1490 2024 bona
1509 1968 1747 2024 actionis

172 2065 486 2139 recipiant,et
498 2064 663 2137 apud
681 2067 971 2118 aeternum
979 2061 1003 2133 j
1014 2059 1240 2115 udicem
1263 2057 1502 2130 pramia
1514 2061 1744 2113 aterna

172 2154 290 2226 pacis
314 2153 636 2210 inveniant.

915 2258 977 2311 X.

171 2348 371 2405 Silveslri
394 2349 456 2404 ΙΙ
513 2346 750 2422 epistola
794 2346 868 2401 ad
917 2345 1157 2401 Odonem
1195 2341 1498 2414 episcopum
1546 2338 1755 2395 Gerun-

835 2436 1066 2491 densam.

749 2542 945 2616 (Anno
971 2537 1154 2610 1002.)

350 2636 595 2707 [Florez,
630 2633 858 2704 Espana
887 2628 1162 2700 Sagrada,
1189 2626 1367 2695 XLIII,
1400 2627 1548 2693 “9.1

226 2722 499 2779 SiLvssrzn
528 2723 864 2796 episcopus,
884 2734 1080 2774 servus
1101 2731 1393 2771 servorum
1408 2713 1531 2779 Dei,
1556 2712 1761 2767 dilecto

175 2809 268 2866 tilio
293 2812 482 2879 Ouum,
514 2810 801 2882 episcOpo
835 2808 1049 2860 sancta
1079 2800 1468 2858 Gerundensis
1501 2798 1761 2854 Ecclesia

171 2899 356 2971 tuisque
384 2896 819 2954 successoribus
842 2894 904 2948 in
935 2894 1306 2964 perpetuum.

223 2987 564 3043 Desiderium
597 2985 781 3057 quod,
814 2986 923 3039 etc.
956 2982 1025 3035 Et
1063 2980 1195 3035 ideo
1226 2977 1364 3050 quia
1401 2977 1701 3049 postulasti
1731 2992 1764 3030 a

1703 3083 1764 3120 Π-
1784 3057 1831 3116 C
1862 3035 2046 3126 nostri
2067 3035 2351 3106 privilegii
2373 3037 2589 3109 pagina
2606 3039 3143 3096 corroboraremus.
3170 3035 3498 3126 PrOpterea

169 3076 301 3131 nobis
313 3080 369 3131 ut
381 3076 702 3148 prafatum
718 3073 1119 3145 episcopatum
1134 3066 1538 3123 sanctaMaria
1551 3066 1698 3120 Geru

170 3163 325 3220 densis
350 3165 621 3221 Ecclesia
644 3160 979 3234 apostolica
1005 3156 1370 3214 auctoritatis
1402 3155 1762 3227 protectione

1845 1883 1960 1950 tiis,
1980 1885 2199 1954 quain
2221 1887 2497 1955 pradicto
2521 1892 2802 1947 comitatu
2824 1894 3301 1966 Emporitanense
3318 1891 3474 1954 sunt,

1846 1988 1962 2026 una
1984 1988 2124 2026 cum
2157 1973 2420 2044 decimis,
2457 1981 2516 2032 et
2544 1980 2838 2051 primitiis,
2872 1984 2931 2036 et
2983 1981 3394 2040 oblationibus.
3422 1976 3482 2029 et

1848 2059 2164 2114 alaudibus
2197 2063 2333 2131 suis,
2361 2082 2491 2137 qua
2512 2072 2651 2123 sunt
2677 2070 2746 2124 de
2770 2068 2905 2141 ipsis
2927 2071 3192 2126 ecclesiis.
3212 2072 3282 2125 Et
3300 2069 3361 2124 in
3386 2077 3486 2136 pe-

1847 2150 2055 2204 tralata
2108 2152 2421 2208 ecclesiam
2455 2154 2655 2212 Sancti
2684 2158 2932 2226 Martini,
2965 2174 3096 2213 cum
3127 2157 3388 2219 decimis,
3428 2150 3490 2205 et

1850 2234 2151 2312 primitiis,
2169 2244 2230 2296 et
2244 2243 2641 2300 oblationibus
2657 2246 2791 2301 suis.
2820 2248 2888 2302 Et
2904 2246 2967 2302 in
2989 2248 3271 2305 comitatu
3291 2242 3493 2301 Petra-

1851 2327 2054 2383 latensi
2097 2330 2406 2386 ecclesiam
2456 2333 2686 2389 Sancta
2728 2335 2919 2391 Maria
2960 2353 3092 2392 cum
3141 2329 3416 2398 decimis,
3442 2330 3503 2387 et

1854 2416 2221 2489 primitiis,et
2234 2421 2653 2490 oblationibus,
2666 2426 2725 2479 et
2738 2424 3042 2481 alaudibus
3056 2427 3285 2484 suis.Et
3304 2437 3508 2480 omnes

1860 2506 2125 2562 ecclesias
2155 2510 2521 2581 parochiales
2552 2528 2685 2568 cum
2729 2530 2933 2569 earum
2975 2511 3355 2588 appenditiis
3386 2532 3509 2592 qua

1859 2596 1992 2647 sunt
2022 2594 2079 2649 in
2109 2596 2389 2653 comitatu
2423 2600 2705 2670 pradicto
2729 2602 3108 2658 Petralatensi
3130 2621 3298 2665 cum
3323 2626 3514 2674 earum

1861 2681 2119 2746 decimis,
2142 2688 2201 2738 et
2238 2685 2537 2754 primitiis,
2563 2693 2623 2743 et
2645 2689 3057 2758 oblationibus,
3080 2696 3137 2748 et
3174 2701 3515 2771 alaudibus.

1861 2771 1928 2824 Et
1950 2771 2179 2863 tertiam
2208 2777 2439 2863 partem
2458 2775 2541 2863 de
2568 2777 2802 2832 teloneo
2834 2778 2907 2832 de
2938 2778 3074 2849 ipsis
3106 2795 3423 2863 mercatis,
3456 2806 3516 2863 et.

1862 2857 2334 2964 tertiampartem
2354 2862 2428 2960 de
2451 2862 2587 2933 ipsis
2608 2842 3017 2936 pascuariisjit
3037 2871 3102 2921 ut
3117 2842 3510 2964 absquéﬁg:

1861 2962 1961 3000 seu
2010 2945 2228 3037 ditione
2276 2949 2667 3022 cujuscunque
2722 2967 2990 3022 persona
3049 2969 3195 3013 eum
3245 2945 3504 3037 Quinti;

1862 3123 1972 3178 tuis
2002 3122 2135 3177 ﬂexi
2171 3123 2439 3193 precibus
2488 3143 2593 3197 per
2641 3126 2810 3197 hujus
2861 3130 3073 3183 nostrae
3123 3122 3495 3205 auctoritatis

169 3253 510 3323 muniremus,
544 3256 614 3308 et
643 3212 853 3307 oinnia
878 3249 930 3304 ei
973 3245 1331 3320 pertinentia
1360 3212 1603 3315 perenni
1629 3244 1763 3314 jure
1861 3212 2580 3323 ξένηξέξίῗξηξξωθῳξδ
2606 3214 2974 3323 δθθθξξλίωυδ
3004 3221 3304 3323 “functa
3328 3230 3481 3323 10:38,

170 3340 347 3397 ibidem
374 3339 796 3397 inviolabiliter
826 3335 1230 3410 permanenda
1257 3333 1757 3399 conﬁrmaremus,

168 3428 387 3486 videlicet
399 3432 695 3504 quantum
709 3427 926 3482 habere
939 3424 1166 3479 videtur
1177 3422 1331 3477 infra
1351 3438 1548 3477 muros
1569 3419 1760 3475 civita-

170 3517 494 3575 tisGerunda
514 3519 616 3573 vel
640 3517 701 3571 in
723 3516 849 3586 ejus
880 3512 1182 3578 comitatu,
1207 3527 1325 3565 una
1356 3526 1487 3565 cum
1520 3507 1760 3564 ecclesia

171 3605 326 3664 Sancti
354 3610 554 3665 Felicis
600 3605 873 3678 martyris
904 3606 963 3659 et
999 3601 1197 3658 Sancti
1222 3598 1485 3667 Narcissi,
1519 3613 1649 3670 qua
1675 3599 1760 3652 est

162 3695 525 3769 juxtaportam
545 3694 793 3753 civitatis
803 3692 1249 3758 Gerunda,cum
1263 3687 1533 3744 omnibus
1552 3702 1754 3744 eorum

167 3784 585 3855 pertinentiis,et
599 3782 900 3840 ecclesiam
920 3780 1147 3835 Sanctae
1158 3777 1350 3834 Maria
1366 3792 1542 3849 quam
1559 3774 1757 3829 dicunt

168 3874 322 3947 (vulgo
353 3874 632 3943 Labisbal)
674 3870 1086 3944 episcopalem,
1114 3867 1403 3936 simulque
1444 3879 1578 3918 cum
1629 3861 1754 3933 ipso

170 3962 355 4031 alaude,
386 3965 471 4019 vel
503 3963 680 4018 ﬁscus
710 3975 887 4032 quem
913 3958 1111 4013 dicunt
1127 3956 1479 4011 Fontanetus
1493 3954 1551 4007 et
1574 3951 1753 4006 Fonte

168 4046 328 4117 Edeta,
348 4055 405 4106 et
423 4049 730 4123 Apiliares,
746 4050 805 4102 et
817 4044 1154 4112 Ventinaco,
1169 4046 1228 4098 et
1248 4058 1416 4097 muro
1431 4043 1490 4096 et
1505 4039 1751 4095 murello

168 4134 222 4190 de
238 4139 515 4207 Palatiolo,
532 4141 597 4194 et
617 4137 802 4209 ipsam
820 4136 1084 4190 Fontem.
1111 4134 1242 4187 Hac
1269 4129 1468 4187 omnia
1490 4144 1623 4183 cum
1652 4128 1751 4183 de-

167 4222 315 4293 cimis,
336 4232 389 4283 et
409 4226 713 4299 primitiis,
743 4227 801 4279 et
826 4220 1236 4287 oblationibus,
1265 4224 1323 4275 et
1352 4217 1649 4274 servitium
1682 4216 1747 4271 ﬁ-

167 4314 300 4379 scale,
316 4316 579 4387 etipsnm
600 4312 870 4368 alaudem
885 4327 1057 4382 quem
1077 4309 1276 4364 dicunt
1293 4306 1548 4362 Parietes
1562 4304 1751 4359 Ruﬁni

1861 3302 1996 3367 etc.,
2028 3300 2109 3355 ita
2137 3304 2200 3355 ut
2231 3301 2422 3356 nullus
2446 3301 2646 3373 judex,
2680 3302 2871 3357 nullus
2902 3306 3186 3375 marchio,
3220 3313 3330 3365 etc.
3366 3300 3478 3378 Qui

1858 3404 1993 3443 vero
2019 3391 2230 3456 custos,
2261 3391 2369 3443 etc.

1931 3476 2221 3548 Scriptum
2253 3493 2360 3550 per
2389 3492 2632 3531 manum
2659 3475 2813 3531 Petri
2852 3479 3067 3535 notarii
3105 3482 3165 3537 et
3193 3482 3478 3545 scriniarii

1859 3568 2070 3620 sancta
2106 3566 2383 3621 Romana
2410 3565 2672 3621 Ecclesia
2698 3565 2758 3621 in
2785 3582 2988 3623 mense
3015 3569 3344 3641 Decembri,
3384 3573 3475 3632 in-

1858 3654 2116 3710 dictione
2137 3653 2347 3727 prima.
2384 3656 2536 3710 Bene
2566 3655 2772 3711 valete.

2617 3781 2703 3835 XI.

1854 3867 2018 3923 Bulla
2048 3866 2296 3923 Silvestri
2320 3886 2481 3994 Wa
2512 3868 2712 3994 Ιζιὲαα
2754 3875 3043 3944 utrumque
3088 3879 3477 3930 monasterium

1923 3939 2239 3994 Stabulense
2269 3946 2317 3993 et
2404 3942 2553 3994 almu
2631 3956 2837 3994 arzense
2851 3942 2946 3994 sub
2977 3958 3077 3994 sua
3097 3945 3312 3994 suscipit
3353 3962 3475 3994 nro-

1923 3939 2239 4013 Stabulense
2269 3939 2837 4013 ethalmundarzea‘se
2851 3939 2964 3995 sub'
2977 3958 3077 4013 sua
3097 3945 3312 4013 suscipit
3341 3962 3475 4013 pro-

1926 4012 2166 4084 tectione,
2189 4012 2517 4084 mandatque
2538 4019 2596 4064 ut
2623 4014 2680 4065 in
2700 4011 2910 4065 abbatis
2951 4012 3208 4069 electione
3224 4011 3302 4067 “ex
3340 4011 3475 4071 Sta-

1926 4082 2144 4149 bulensi,
2176 4086 2227 4137 si
2246 4082 2445 4153 dignus
2472 4084 2789 4152 reperiatur,
2815 4091 3144 4138 assumatur.

2378 4172 2570 4241 (Anno
2624 4172 2943 4236 999-1003.)

2177 4279 2462 4353 [Marten.,
2492 4278 2654 4349 ampl.
2684 4275 2902 4332 Collect.
2930 4279 2998 4345 ll,
3033 4281 3150 4352 54.]

167 4416 267 4456 cum
289 4366 546 4460 terminis
572 4405 628 4457 et
651 4399 997 4472 adjacentiis
1012 4398 1148 4465 suis,
1181 4400 1239 4452 et
1261 4413 1468 4452 omnes
1486 4393 1751 4450 ecclesias
1774 4366 1827 4426 D
1927 4385 2241 4454 SILVESTER,
2273 4400 2531 4439 summus
2562 4386 2621 4438 et
2645 4381 2982 4438 universalis
3030 4401 3184 4458 papa
3219 4389 3277 4441 et
3312 4385 3467 4445 beati

170 4492 504 4557 parochiales,
520 4492 613 4547 vel
636 4487 1007 4563 appenditios
1028 4485 1125 4560 qui
1148 4487 1280 4541 sunt
1303 4484 1362 4539 in
1389 4483 1551 4539 omni
1568 4481 1749 4537 comi-

169 4580 263 4635 tatu
278 4581 651 4647 Gerunda,et
667 4596 801 4634 cum
822 4576 1082 4643 decimis,
1097 4579 1156 4631 et
1176 4573 1467 4648 primitiis,
1492 4575 1551 4627 et
1588 4572 1750 4626 obla-

170 4666 378 4723 tionibus
398 4669 686 4734 ﬁdelium,
708 4670 767 4721 et
785 4665 1019 4720 alaudes
1035 4682 1163 4736 quae
1192 4663 1265 4718 ad
1300 4662 1450 4733 ipsas
1481 4660 1753 4715 ecclesias

174 4755 442 4825 pertinent,
457 4759 548 4812 vel
564 4756 781 4812 habere
803 4753 1089 4819 videntur,
1106 4754 1164 4806 et
1184 4750 1416 4806 tertiam
1432 4751 1660 4820 partem
1678 4748 1749 4803 de

175 4841 269 4912 ipsa
289 4849 519 4901 moneta
546 4846 618 4900 de
639 4843 868 4899 civitate
896 4841 1186 4907 Gerunda,
1216 4838 1385 4894 simul
1411 4855 1542 4893 cum
1573 4854 1760 4893 censu.

178 4928 230 4983 de
254 4932 373 5004 ipsis
405 4933 642 5000 Judais,
673 4935 847 5003 atque
877 4930 1106 4985 tertiam
1133 4930 1360 5001 partem
1408 4926 1478 4981 de
1510 4927 1632 4997 ipso
1664 4928 1749 4980 te-

180 5018 336 5085 loneo,
354 5023 423 5077 de
443 5023 583 5095 ipsis
604 5019 877 5075 mercatis
907 5018 977 5072 de
1002 5016 1274 5090 praedicta
1300 5013 1546 5080 civitate,
1571 5015 1656 5068 vel
1677 5013 1749 5068 de

182 5106 276 5175 ejus
288 5111 580 5178 comitatu,
613 5112 673 5165 et
684 5107 918 5163 tertiam
939 5108 1166 5177 partem
1190 5105 1260 5159 de
1283 5103 1414 5174 ipsis
1434 5101 1748 5174 pascuariis

182 5193 235 5249 de
259 5199 519 5269 praedicto
547 5197 847 5254 comitatu.
873 5196 940 5250 Et
959 5195 1019 5249 in
1040 5192 1317 5248 comitatu
1348 5190 1746 5246 Bisuldunensi

185 5282 332 5353 ipsum
347 5290 470 5343 alau
480 5289 613 5342 dem
638 5302 810 5359 quem
826 5285 1022 5340 dicunt
1037 5284 1297 5348 Bascara,
1316 5284 1373 5335 et
1392 5280 1578 5351 ipsum
1594 5282 1747 5335 alau-

186 5369 287 5429 dem
301 5376 365 5431 de
378 5375 673 5448 Crispiano
689 5391 817 5429 cum
830 5389 1033 5428 eorum
1047 5369 1308 5425 terminis
1320 5372 1377 5424 et
1388 5369 1479 5440 adj
1488 5368 1743 5425 accntiis.

188 5459 423 5520 Elcellam
439 5464 635 5519 Sancti
652 5460 933 5518 Laurentii
943 5477 1091 5532 ,qua
1103 5463 1188 5514 est
1198 5475 1369 5531 supra
1381 5461 1630 5513 castrum
1645 5460 1748 5514 Bo-

189 5546 309 5616 beta,
325 5552 812 5625 quemadmodum
831 5550 1073 5605 Frcdolo
1095 5564 1198 5618 per
1214 5552 1501 5619 praecepta
1527 5548 1747 5620 regalia

190 5634 391 5697 detinet.
409 5642 478 5697 Et
499 5641 794 5698 ecclesiam
817 5637 1010 5695 Sancti
1040 5636 1286 5705 Martini,
1316 5652 1443 5709 quae
1465 5640 1549 5691 est
1575 5636 1633 5692 in
1663 5637 1744 5692 lo-

1852 4474 2006 4531 Petri
2035 4473 2296 4540 vicarius,
2322 4490 2516 4529 servus
2535 4487 2834 4527 servorum
2856 4471 2979 4540 Dei,
2998 4473 3311 4530 venerabili
3339 4474 3467 4532 Sta-

1852 4563 2179 4620 bulensium
2207 4565 2265 4618 et
2282 4558 2888 4617 Malmundariensium
2910 4561 3107 4618 abbati
3133 4564 3468 4620 Ravennam

1852 4657 1910 4708 et
1940 4653 2212 4708 omnibus
2239 4651 2296 4705 in
2317 4650 2539 4706 Christo
2571 4650 2664 4724 pie
2693 4648 2881 4704 vivere
2908 4651 3232 4707 volentibus
3264 4668 3465 4708 veram

1853 4743 1913 4798 in
1945 4741 2193 4797 Domino
2224 4742 2354 4795 Jesu
2386 4739 2758 4795 dilectionem
2788 4754 2855 4793 ac
2888 4742 3150 4796 mutuam
3186 4739 3458 4798 fraterna

1853 4830 2147 4886 charitatis
2178 4828 2646 4884 unanimitatem.

1925 4920 2064 4975 Cum
2085 4916 2783 4991 constatpostprimorum
2797 4918 3129 4972 nostrorum
3152 4919 3462 4989 parentum

1851 5009 2384 5081 praevaricationem
2401 5007 2460 5061 in
2478 5005 2642 5061 liberi
2666 5004 2889 5060 arbitrii
2912 5005 3252 5063 abusionem
3278 5023 3463 5081 genus

1850 5101 2172 5154 humanum
2201 5096 2254 5152 ei
2279 5095 2580 5151 sententia
2602 5094 2919 5162 addictum,
2945 5098 3077 5151 utet
3094 5096 3271 5151 homo
3304 5096 3460 5169 capi-

1848 5188 2000 5242 tibus
2012 5186 2259 5241 aliorum
2274 5184 2586 5240 secundum
2604 5184 3040 5256 Psalmographi
3051 5200 3249 5240 vocem
3268 5201 3465 5259 super-

1846 5275 2199 5350 ponatur,ad
2218 5273 2667 5346 compescendos
2682 5272 2893 5328 scilicet
2907 5273 3180 5328 humana
3197 5274 3460 5347 volupta-

1846 5365 2156 5421 tisillicitos
2173 5363 2542 5436 appetitus,et
2554 5363 2776 5434 legibus
2792 5378 2909 5417 non
2925 5363 3100 5418 modo
3111 5362 3456 5431 forensibus,

1848 5471 2046 5511 verum
2078 5454 2254 5509 etiam
2304 5452 2700 5508 ecclesiasticis
2738 5451 3115 5508 cohibeamur
3154 5453 3367 5523 regulis
3390 5468 3459 5507 ac

1848 5544 2189 5611 rationibus,
2208 5559 2459 5615 eousque
2488 5558 2795 5616 progressa
2824 5546 2910 5597 est
2938 5539 3344 5597 auctoritatum
3369 5539 3455 5594 iu-

1853 5632 2093 5704 stitutio,
2123 5635 2185 5688 ut
2213 5634 2410 5688 sancta
2434 5634 2770 5689 sanctorum
2798 5631 2947 5704 loca,
2978 5644 3105 5704 «piae
3143 5625 3450 5687 devotione
