3954 6170
1119 359 1474 432 SILVESTRI
1498 363 1548 420 Il
1575 359 1781 433 PAPIE
1810 361 1966 428 OPP.’
1997 361 2294 433 PABSIII.
2331 393 2403 430 -τ-
2430 362 2648 429 EPIST.
2681 362 3073 426 ETDIPLOM.

3638 358 3751 425 285

448 481 714 560 fidelium.
736 483 998 554 fundata,
1034 485 1210 544 cultui
1235 485 1425 542 divino
1456 485 1806 559 mancipata,
1829 487 1994 558 plura
2015 489 2124 562 a‘A
2147 501 2261 557 quo
2287 501 2383 542 eos
2410 485 2716 553 ordinavit,
2745 484 3038 544 noluerint
3058 480 3383 558 persistere,
3409 480 3482 542 ab
3502 479 3752 542 illo.sus.-

443 573 756 648 diversissti
767 576 1109 648 pendiorum
1123 576 1331 638 eximia
1347 579 1481 632 sunt
1493 578 1842 648 adepta,non
1862 577 2047 633 solum

445 663 684 736 regalia,
717 666 816 721 sed
845 666 1172 739 imperalia,
1210 669 1283 723 ad
1312 669 1742 732 immunitatem
1765 668 1848 732 sui
1875 684 2047 738 expo-

446 754 1002 830 stulentpraacepta;
1023 773 1224 824 verum
1255 759 1434 813 etiam
1459 758 1814 814 auctoritatis
1837 759 2048 811 nostrae

442 842 517 915 ad
536 843 905 910 stabilitatem
922 845 1007 900 sui
1027 847 1354 908 desiderent
1370 847 2051 920 privilegia.Quapropter

442 935 651 1003 rogatu
663 934 1006 990 venerabilis
1018 934 1254 1005 Notgeri
1276 936 1604 1012 Leodiensis
1617 935 1866 1008 episcopi
1881 935 2054 990 abba-

438 1019 985 1093 tiamStabulensem
1000 1024 1666 1090 velMalmundariensem
1681 1023 2052 1096 antiquorum

444 1125 652 1182 regum
683 1112 741 1166 et
764 1103 1183 1181 imperatorum
1212 1112 1608 1178 muniﬁcentia
1629 1113 1896 1167 nobiliter
1921 1128 2054 1168 con-

446 1201 746 1268 structam,
763 1190 820 1254 et
835 1217 1066 1271 semper
1082 1205 1200 1264 tam
1220 1206 1549 1262 nostrorum
1567 1202 2052 1273 praedecessorum

447 1287 785 1356 auctoritate
817 1279 990 1360 quam
1021 1290 1179 1360 regia
1208 1290 1578 1345 immunitate
1609 1290 1928 1357 defensam,
1948 1289 2050 1346 sub

447 1375 661 1444 eadem,
683 1375 1064 1444 immunitatis
1082 1382 1291 1434 nostrae
1320 1379 1560 1435 tuitione
1582 1374 2055 1449 suscipimus.Ab-

445 1462 640 1519 batem
667 1481 898 1536 semper
923 1466 1194 1532 habeant,
1233 1484 1300 1522 ea
1349 1471 1545 1530 tamen
1573 1468 2053 1540 prmponderante

451 1552 699 1620 ratione,
732 1555 1338 1620 Malmundariensium
1370 1573 1531 1628 pace,
1565 1560 1627 1612 ut
1674 1557 1809 1627 quia
1851 1557 2052 1611 beatus

449 1639 749 1698 Remaclus
775 1643 1070 1715 utriusque
1100 1645 1435 1700 monasterii
1456 1647 1814 1702 constructor
1833 1644 2051 1700 etTun-

452 1730 748 1798 grensium
766 1735 937 1790 antea
955 1732 1253 1804 episcopus
1269 1737 1326 1787 et
1347 1736 1543 1803 pastor
1563 1732 1766 1787 maluit
1791 1731 1850 1785 in
1873 1733 2051 1786 altero

455 1832 680 1888 eorum,
700 1819 874 1887 idest
899 1821 1344 1888 Stabulensium,
1377 1822 1569 1875 locum
1592 1821 1898 1890 sepultura:
1946 1805 2149 1882 sibi-13,!

454 1901 848 1978 deligere,ipsi
878 1909 1127 1979 primam
1148 1910 1441 1966 electionis
1460 1909 1759 1974 obtineant
1776 1909 1978 1973 vicem,
2010 1904 2056 1960 si

429 2053 431 2055 ,
455 1995 609 2068 apud
629 2012 734 2058 eos,
755 1988 962 2062 melior
977 1997 1196 2064 meritis
1216 2002 1275 2053 et
1306 1997 1635 2064 instructior
1657 1997 1862 2052 litteris
1900 1995 2054 2050 inve-

453 2084 664 2154 niatur.
687 2085 747 2149 Si.
761 2090 1092 2149 autemnon
1124 2087 1256 2155 illic,
1285 2088 1385 2142 sed
1420 2086 1818 2142 Malmundarii
1851 2084 2057 2140 melior

456 2163 798 2246 reperiatur,
819 2175 1045 2248 utrique
1074 2177 1200 2232 loco
1233 2175 1633 2246 praeﬁciendus
1661 2175 1852 2246 potius
1880 2189 2056 2244 quam

455 2262 705 2328 externis
729 2266 1053 2334 assumptus
1083 2264 1521 2328 intromittatur.

1197 2354 1307 2414 ΧΠ.

541 2436 800 2507 Sitoesm'
815 2437 880 2496 11
890 2457 1048 2512 papae
1075 2441 1290 2512 epistola
1311 2441 1381 2495 ad
1411 2440 1693 2496 0dilonem
1724 2437 1963 2504 abbatem

1046 2528 1467 2586 Cluniacensem.

984 2619 1174 2690 (Anno
1229 2616 1535 2687 999-1003.)

682 2706 941 2776 [Mabill.,
973 2706 1184 2762 Annal.
1213 2710 1356 2767 tom.
1389 2706 1476 2772 IV,
1511 2720 1642 2777 pag.
1681 2705 1850 2768 134.].

530 2792 642 2864 (40)
670 2793 964 2863 SlLvasran
1008 2793 1326 2864 episcopus,
1359 2808 1552 2847 servus
1590 2807 1884 2846 servorum
1933 2788 2056 2856 Dei,

462 2881 690 2958 Omnem
719 2883 924 2946 dilecto
959 2882 1076 2946 filio
1106 2885 1164 2936 et
1189 2881 1380 2936 abbati
1407 2881 1706 2953 praeclaro,
1738 2882 1910 2950 atque
1939 2878 2063 2932 uni-

453 2970 1079 3042 versaecongregationi
1092 2971 1197 3025 sibi
1217 2969 1803 3036 commissaz,charam
1815 2968 2059 3022 salutem

455 3062 512 3124 et
543 3061 916 3132 apostolicam
941 3060 1428 3123 benedictionem.

524 3147 736 3204 Vestris
752 3165 858 3206 nos
881 3149 1250 3204 sanctissimis
1277 3147 1439 3202 omni
1469 3151 1732 3217 tempore
1745 3144 2059 3202 committi-

458 3252 586 3302 mus
607 3236 984 3304 orationibus,
1000 3240 1058 3292 et
1071 3239 1132 3298 ut
1153 3229 1412 3306 accipere,
1435 3234 1776 3305 dignemini,
1801 3233 2062 3301 fidelibus

457 3340 764 3399 exoramus
793 3325 1188 3395 petitionibus,
1235 3324 1364 3395 quia
1408 3323 1465 3376 in
1501 3338 1844 3394 quocunque
1870 3323 2066 3388 noster

455 3412 700 3467 valuerit
724 3415 922 3480 status,
956 3413 1116 3467 nullo
1145 3413 1320 3467 modo
1342 3414 1528 3465 vester
1552 3410 1840 3475 defectum
1857 3409 2066 3466 sentiet

459 3500 864 3571 profectus.Ad
883 3501 1008 3560 haec
1028 3500 1230 3571 igitur,
1251 3517 1378 3572 quae
1397 3503 1608 3556 nostrae
1622 3498 1947 3563 auctoritati
1961 3515 2065 3569 per

457 3588 807 3661 Gelfbaldum
817 3592 1072 3651 vestrum
1086 3605 1223 3652 mon
1233 3589 1439 3644 achum
1453 3587 1808 3642 discutienda
1821 3603 2066 3658 praesen-

457 3675 611 3743 tatis,
642 3693 963 3731 arosromca
1014 3692 1398 3743 AUCTORITATE,
1452 3692 1514 3742 Er
1562 3691 1928 3743 conrnamuu,
1952 3691 2062 3730 EPI-

460 3781 734 3819 scoronou
763 3781 1024 3831 CONSILIO,
1055 3765 1155 3818 tali
1185 3764 1344 3820 vobis
1370 3764 1784 3834 respondemus
1818 3763 2063 3833 judicio.

461 3851 875 3928 cognoscimus
888 3852 1043 3906 enim
1063 3852 1223 3906 illum
1249 3852 1584 3924 episcopum
1601 3850 1878 3905 catholice
1891 3851 2063 3906 fuisse

458 3927 814 4010 ordinatum,
847 3945 905 3997 et
949 3940 1372 4006 rationabiliter
1416 3938 1739 4012 episcopale
1779 3938 2063 4008 accepisse

459 4017 714 4093 officium
738 4049 752 4098 ;
773 4031 874 4096 sed
891 4034 1198 4103 postquam
1217 4030 1408 4085 divino
1422 4045 1620 4084 amore
1638 4027 1858 4096 ductus,
1877 4029 2061 4082 hono-

457 4121 616 4176 ribus
636 4124 695 4175 et
724 4119 926 4175 ofﬁciis
944 4118 1298 4175 renuntiavit
1320 4116 1706 4184 saecularibus,
1731 4134 1848 4171 non
1871 4116 1976 4170 sibi
1995 4117 2062 4170 li-

457 4207 574 4262 cuit
599 4208 805 4262 eadem
832 4224 1096 4263 exercere
1125 4205 1358 4277 negotia
1387 4222 1514 4278 qua:
1564 4204 1722 4276 prius
1765 4205 1980 4258 fecerat
2005 4203 2064 4258 in

460 4295 760 4350 communi
789 4295 918 4354 vita.
959 4295 1142 4362 Unde,
1171 4295 1306 4365 quia
1335 4294 1491 4366 quod
1517 4293 1672 4359 fecit,
1702 4309 1822 4346 non
1845 4296 2064 4347 temere

2151 575 2487 646 pendantur
2503 577 2886 647 gradu,quem
2911 578 3041 646 post
3055 590 3217 629 suam
3234 579 3357 641 [at.,
3382 589 3484 645 pro
3504 572 3622 648 sua]
3656 572 3757 626 de-

2147 665 2500 737 positionem
2553 664 2900 737 acceperint,
2929 664 3029 718 sed
3069 651 3179 718 illo
3212 649 3478 718 fruantur
3516 660 3758 716 licenter

2148 771 2322 826 quem
2349 756 2661 821 habebant,
2691 759 2748 809 et
2774 755 2893 826 ipse
2919 753 3044 824 jam
3071 752 3254 812 dictus
3278 752 3578 828 episcopus
3608 752 3761 823 post-

2149 844 2256 900 hac
2282 844 2494 904 similia
2522 862 2639 900 non
2666 848 2994 916 praesumat.
3029 844 3242 900 Valete.

2889 935 3021 991 Xlll.

2327 1024 2574 1080 Silvestri
2595 1025 2825 1097 Ilpapae
2844 1023 3060 1096 epistola
3084 1022 3269 1078 ad.....
3305 1021 3567 1078 abbatem.

2689 1107 2878 1173 (Anno
2909 1105 3232 1168 9994003.)

2157 1194 2340 1265 [Apud
2368 1193 2638 1259 Theiner,
2658 1193 2940 1265 Disqujsﬂ.
2961 1193 3141 1246 critic.
3177 1193 3232 1244 in
3254 1191 3554 1265 praecipuas
3597 1205 3762 1265 cano-

2223 1258 2354 1318 num
2371 1273 2420 1320 et
2440 1258 2786 1320 decretaliuni
2804 1262 3161 1328 Collectz'ones,
3192 1258 3324 1334 pag.
3354 1258 3478 1328 318,
3510 1277 3577 1334 ex
3625 1258 3758 1320 cod.

2223 1335 2403 1390 Vatic.
2437 1355 2490 1390 n.
2534 1335 2692 1398 136.3,
2732 1335 2831 1389 fol.
2858 1337 3008 1400 207.]
3346 1339 3347 1342 ‘
3389 1339 3392 1342 ’
3431 1337 3434 1342 ’
3580 1337 3582 1339 ’

2226 1424 2521 1478 SILVESTER
2553 1423 2870 1496 episcopus,
2916 1437 3110 1476 servus
3164 1435 3476 1478 servorum,
3505 1418 3630 1485 Dei,
3665 1418 3764 1494 ab-

2153 1512 2391 1568 bati.....
2425 1512 2668 1566 salutem
2714 1514 2770 1566 et
2830 1509 3204 1583 apostolicam
3262 1507 3758 1566 benedictionem.

2227 1604 2305 1656 De
2334 1602 2443 1656 hoc
2475 1601 2626 1658 unde
2656 1585 2760 1654 nos
2786 1597 3261 1664 consuluistiideo
3284 1597 3638 1670 respondere
3657 1594 3764 1650 tibi

2153 1689 2496 1758 distulimus,
2513 1688 2786 1760 quoniam
2816 1685 3220 1764 auctoritatem
3239 1684 3294 1740 in
3316 1685 3589 1764 Romanis
3601 1685 3764 1760 volu-

2155 1778 2408 1833 minibus
2430 1795 2546 1832 non
2571 1778 2871 1832 habemus.
2887 1777 3017 1833 Illos
3039 1761 3232 1850 autem
3251 1775 3448 1838 libros,
3471 1773 3529 1830 in
3557 1761 3767 1850 quibus

2156 1852 2463 1938 specialem
2479 1864 2828 1920 sententiam
2848 1849 3110 1935 legimus,
3136 1863 3194 1917 in
3218 1861 3656 1939 Galliarelictos
3679 1851 3768 1916 re-

2157 1955 2418 2010 colimus.
2450 1953 2908 2026 Aliquidltamen
2942 1949 3230 2015 memoria
3259 1950 3577 2026 retinemus
3608 1949 3770 2024 quod

2156 2046 2268 2098 tua:
2292 2041 2555 2117 petitioni
2579 2041 2842 2118 sufﬁcere
2867 2057 3032 2116 posse
3049 2039 3353 2114 credimus.
3375 2041 3438 2115 ln
3459 2038 3666 2112 iisdem
3696 2037 3766 2116 li-

2157 2119 2272 2186 bris
2309 2131 2372 2186 de
2401 2133 2653 2202 episcopis
2679 2145 2780 2201 per
2823 2131 3101 2184 oecunz'am
3128 2130 3389 2200 promotis
3439 2127 3651 2203 legitur
3702 2131 3769 2200 ut

2157 2217 2410 2289 quisquis
2441 2218 2568 2273 talis
2592 2217 2857 2271 inventus
2887 2216 3080 2282 fuerit,
3115 2232 3218 2288 per
3245 2214 3547 2271 biennium
3572 2202 3766 2287 ponti-

2157 2306 2525 2384 ficalioflicio
2562 2322 2785 2372 carens,
2816 2293 2962 2382 duos
2987 2305 3107 2384 dies
3137 2321 3243 2375 per
3271 2303 3705 2380 hebdomadem
3735 2319 3772 2358 a

2139 2381 2364 2450 ‘vino'et
2389 2396 2550 2449 cocto
2573 2411 2632 2448 se
2655 2380 3025 2460 abstineat,et
3044 2392 3412 2462 postﬁnitum
3427 2390 3768 2463 psalterium

2158 2483 2443 2539 comedat.
2466 2484 2580 2538 Hoc
2597 2483 2809 2554 quippe
2825 2473 3231 2536 traditionibus
3249 2481 3511 2552 priorum
3529 2483 3768 2536 Patrum

2160 2572 2513 2627 concordare
2530 2571 2916 2642 videmus,qui
2935 2571 2985 2642 ej
2995 2569 3532 2641 usmodiepiscopos
3553 2568 3770 2640 deponi

2159 2662 2493 2715 sanxerunt.
2519 2659 2700 2714 Officii
2722 2659 3018 2730 suspensio
3051 2658 3126 2712 sit
3153 2659 3429 2730 cujusque
3460 2657 3769 2729 depositio.

2161 2748 2267 2812 Qui
2298 2748 2458 2802 enim
2490 2747 2820 2817 deponitur,
2840 2765 2872 2801 a
2900 2747 3312 2802 communione
3344 2761 3462 2800 non
3487 2745 3767 2817 privatur.

2159 2836 2322 2889 Valet
2353 2835 2548 2906 utique
2571 2834 2939 2888 tantumdem
2956 2833 3175 2888 biennii
3192 2833 3487 2904 suspensio
3505 2849 3638 2888 cum
3657 2851 3774 2905 poe-

2163 2923 2428 2990 nitentia,
2462 2925 2749 2993 quantum
2787 2923 2909 2976 sola
2970 2921 3272 2993 depositio.
3307 2920 3414 2985 Qui
3456 2937 3599 2990 vero,
3641 2925 3774 2994 post

2161 3012 2437 3068 biennem
2465 3011 2902 3082 suspensionem
2935 3013 2992 3064 et
3022 3011 3422 3082 pmnitentiam
3445 3009 3635 3065 officio
3669 3026 3772 3065 suo

2088 3083 2136 3144 (ἶ
2161 3100 2615 3172 redditur,quasi
2635 3101 2764 3170 post
2779 3098 3202 3171 depositionem
3227 3098 3778 3154 misericordia-irre-

2163 3188 2526 3244 conciliatur.
2559 3187 2749 3258 Incipe
2782 3202 2920 3257 ergo
2963 3189 3093 3257 post
3123 3189 3380 3241 octavam
3409 3187 3777 3242 Pentecostes

2164 3277 2512 3349 praedictum
2537 3275 2860 3342 biennium,
2879 3277 2936 3328 et
2961 3291 3028 3329 eo
3053 3277 3219 3346 pacto
3251 3273 3566 3336 tuo,ofﬁcio
3599 3275 3676 3330 sis
3691 3291 3782 3330 re-

2165 3365 2418 3421 stitutus.
2460 3365 2516 3419 Si
2563 3364 2809 3418 fratrum
2856 3362 3192 3418 custodiam,
3222 3366 3281 3420 et
3321 3361 3496 3418 totius
3531 3363 3782 3418 coenobii

2165 3453 2453 3508 sarcinam
2484 3451 2652 3506 alicui
2670 3451 2916 3506 fratrum
2946 3449 3313 3507 committere
3355 3449 3558 3522 possis,
3591 3451 3785 3506 donec

2165 3542 2468 3612 pceniteas,
2491 3538 2937 3595 committe.Sin
2970 3541 3190 3605 autem,
3222 3541 3473 3610 oportet,
3517 3539 3786 3610 quamvis

2165 3629 2439 3700 graveris,
2461 3632 2522 3684 ut
2542 3628 2661 3700 ipse
2683 3628 2975 3699 patienter
2992 3631 3179 3684 totum
3202 3627 3468 3686 sufferas.
3488 3627 3786 3700 Multiplex

2165 3719 2339 3790 igitur
2357 3719 2513 3774 calor
2533 3716 2728 3788 purius
2745 3715 2987 3773 effundit
3010 3715 3292 3775 afornace
3321 3716 3646 3790 metallum.

2903 3805 3033 3859 XIV.

2717 3893 3153 3964 (Fragmentum
3171 3895 3212 3957 .)

2161 3983 2416 4040 Silvester
2441 3980 2510 4035 II
2529 3981 2760 4036 ecclesiae
2810 3979 2918 4037 SS.
2956 3980 3203 4034 Gervasiz'
3229 3985 3279 4033 et
3319 3979 3575 4046 Protasii,
3609 3982 3667 4034 in
3695 3995 3785 4037 co-

2233 4056 2425 4107 mitatu
2449 4052 2771 4107 Gabalitano
2792 4071 2824 4105 a
2847 4052 3118 4122 Stephano
3141 4050 3474 4122 eice-comite
3494 4057 3544 4106 ct
3567 4053 3782 4122 Angel-

2237 4124 2393 4178 mocla
2440 4123 2662 4193 conjuge
2701 4119 3035 4189 constructae,
3087 4122 3337 4194 beateque
3373 4119 3536 4178 Petro
3583 4119 3782 4194 oblata

2225 4197 2602 4266 protectionem
2627 4195 2858 4264 suscipit.
3408 4197 3410 4199 ’
3749 4205 3752 4208 ·

2695 4282 2796 4353 (An
2806 4297 2878 4336 no
2931 4280 3250 4352 999-1003.)

459 4400 565 4440 nec
579 4387 779 4439 contra
791 4361 1138 4438 catholicam
1155 4361 1555 4438 auctoritatem
1575 4381 2068 4452 praasumpsit,sed
2088 4361 2144 4454 Ῑ),
2171 4372 2426 4444 [Histoire
2451 4372 2514 4427 de
2545 4371 2883 4442 Languedoc,
2907 4373 3051 4425 tom.
3082 4371 3148 4436 Π,
3179 4369 3437 4436 Ρνειιυεε,
3456 4385 3588 4441 pag.
3625 4371 3777 4442 154.]

459 4459 797 4544 obedienter
818 4474 875 4525 et
900 4470 1236 4542 simpliciter
1254 4471 1725 4542 coepiscoporum
1753 4468 1985 4522 licentia
2010 4471 2068 4524 et

457 4549 547 4616 sui.
568 4551 790 4617 abbatis
816 4557 1100 4626 exercuit;
1125 4560 1183 4612 et
1213 4558 1349 4629 quia
1386 4558 1542 4612 bona
1563 4557 1807 4611 intentio
1836 4573 1954 4611 non
1982 4559 2067 4630 est

457 4637 751 4712 contraria
769 4648 910 4714 Deo,
925 4640 1184 4708 volumus
1201 4650 1258 4700 et
1271 4644 1598 4716 judicamus
1615 4649 1677 4699 ut
1694 4661 2064 4716 quoscunque

455 4738 549 4794 ille
564 4723 632 4791 ad
651 4732 901 4809 aliquem
917 4734 1162 4807 gradum
1177 4734 1617 4799 ecclesiasticum
1639 4733 2065 4806 promovendos

458 4825 617 4881 duxit
639 4815 697 4880 et
726 4815 1040 4891 benedixit,
1069 4823 1359 4888 benedicti
1389 4823 1522 4890 sint,
1553 4826 1610 4876 et
1649 4822 1885 4894 preprio
1930 4822 2064 4876 fun-

456 4914 885 4986 gantur,.gradu
917 4916 1113 4970 nostra
1143 4912 1377 4968 licentia
1407 4916 1465 4968 et
1493 4911 1920 4965 benedictione.
1957 4909 2063 4974 Qui

457 4995 593 5060 vero
621 5003 865 5080 superbe
895 5007 952 5057 et
975 5005 1430 5074 praesumptuose
1458 5000 1515 5054 in
1547 5000 1754 5054 eodem
1787 4999 1967 5070 gradu
2004 4999 2064 5053 in

531 5145 641 5218 (40)
674 5146 816 5218 Cum
848 5145 1324 5218 adHCluniacengse
1355 5142 1773 5218 monasterium
1815 5142 2065 5218 episc0pi

457 5213 575 5272 non
601 5217 790 5288 pauci,
813 5217 1078 5280 abdicata
1110 5217 1411 5288 dignitate,
1437 5214 1770 5288 monasticae
1790 5213 1917 5268 vitae
1933 5213 2064 5286 pro-

457 5285 693 5348 fitendae
721 5305 891 5342 causa
932 5305 989 5342 se
1034 5285 1399 5358 reciperent;
1437 5285 1682 5358 contigit
1718 5288 1779 5339 ut
1812 5285 1955 5338 unus
1999 5301 2066 5358 ex

456 5361 588 5426 illis,
622 5355 1184 5430 coepiscoporumie't
1209 5357 1434 5430 abbatis
1465 5357 1546 5430 sui
1591 5355 1893 5430 consensu,
1941 5355 2064 5430 qui-

455 5431 700 5493 busdam
730 5427 964 5482 'clericis
1015 5428 1246 5482 ordines
1295 5427 1703 5500 ecclesiasticos
1756 5427 2062 5480 conferret.

456 5503 598 5556 Hinc
620 5501 901 5556 dubitatio
931 5500 1220 5552 nonnullis
1258 5500 1512 5560 suborta,
1546 5499 1824 5554 validmne
1879 5501 2068 5550 essent

457 5575 571 5628 ille:
607 5571 1035 5642 ordinationes;
1057 5570 1438 5642 videnturque
1449 5571 1530 5642 ab
1554 5569 2065 5642 aliquibus‘impro-

456 5641 936 5716 balaeuepiscopis,
957 5642 1054 5715 qui
1080 5639 1390 5710 ordinato—3'
1406 5641 1532 5698 illos
1551 5639 1920 5716 deposuerint
1942 5657 1953 5693 :
1979 5639 2064 5694 lii-

2240 4461 2537 4516 SiLvasraa
2567 4462 2887 4532 episcopus,
2933 4458 3202 4514 omnibus
3261 4458 3394 4513 fidei
3438 4455 3781 4524 Christiana:

2169 4549 2302 4604 ﬁdei
2336 4549 2669 4611 cultoribus.
3749 4537 3752 4540 i

2238 4638 2449 4692 Notum
2475 4653 2596 4701 esse
2618 4638 2883 4691 volumus
2907 4635 3267 4706 Stephanum
3289 4634 3689 4690 vicecomitem
3723 4638 3784 4691 et

2165 4727 2593 4798 Angelmodam
2625 4726 2920 4796 conjuges,
2956 4723 3254 4790 ecclesiam
3281 4726 3616 4788 sanctorum,
3639 4725 3782 4792 Ger-

2167 4815 2304 4871 vasii
2335 4819 2392 4870 et
2422 4814 2662 4872 Protasii
2689 4816 2758 4869 de
2780 4814 2892 4868 suis
2919 4813 3167 4885 propriis
3189 4816 3581 4867 constructam
3602 4811 3660 4867 in
3686 4801 3783 4869 eo-

2166 4904 2374 4958 mitatu
2392 4904 2728 4959 Gabalitano
2752 4891 3244 4974 positam,nostree
3267 4901 3323 4956 S.
3351 4901 3414 4955 R.
3439 4901 3499 4955 Ε.
3525 4917 3643 4973 ρετ,
3669 4902 3778 4958 do-

2166 4992 2417 5047 nationis
2433 4991 2709 5064 paginam
2745 4991 3009 5058 donasse,
3035 4987 3146 5044 etc.
3177 4989 3341 5044 Unde
3365 4989 3576 5062 placuit
3609 4991 3779 5045 nobis

2167 5153 2277 5208 que
2299 5134 2687 5208 nihilosecius,
2710 5134 2784 5188 ad
2807 5133 3040 5208 altiores
3059 5132 3274 5208 gradus
3294 5131 3776 5208 conscenderant.

2165 5203 2247 5262 De
2274 5207 2360 5262 his
2377 5205 2761 5261 consulendus
2786 5204 2931 5259 visus
2958 5207 3042 5258 est
3074 5204 3344 5258 Silvester
3371 5203 3784 5270 secundus,lit—

2168 5279 2303 5333 teris
2336 5278 2408 5332 ad
2436 5294 2567 5332 eum
2596 5277 2667 5331 ab
2691 5275 2931 5330 0dilone
2959 5275 3164 5328 abbate
3196 5273 3441 5344 scriptis,
3456 5271 3781 5347 delatisque

2169 5349 2632 5420 perGerbaldum
2653 5348 3205 5420 imonachum,eum,
3229 5349 3291 5398 ut
3311 5347 3470 5415 puto,
3488 5345 3583 5420 qui
3617 5345 3782 5420 post-3

2168 5416 2407 5474 inodum
2438 5419 2614 5474 abbas
2645 5419 2868 5472 Sancta:
2915 5417 3216 5471 Cbristinm
3249 5416 3582 5470 monasterii
3623 5419 3779 5488 apud

2168 5493 2456 5546 Olonuam
2489 5490 2546 5544 in
2589 5505 2730 5560 agro
2762 5488 3169 5560 Mediolancnsi
3199 5489 3388 5560 factus
3416 5490 3522 5542 est.
3552 5488 3644 5560 Ad
3677 5488 3778 5542 has

2166 5579 2297 5618 vero
2333 5563 2551 5616 litteras
2593 5558 2848 5634 pontifex
2889 5558 3186 5632 respondit
3221 5558 3279 5616 in
3313 5559 3466 5614 hunc
3504 5558 3776 5618 modum.
