3898 6168
192 334 266 415 is;

851 324 1092 386 sacrm
1127 324 1193 382 ιι.
1217 351 1288 366 -
1318 320 1685 415 Eprsrom.
1706 323 2238 419 mermoriam
2268 333 2697 397 pommus.

3367 354 3473 433 ὶδέ

190 458 395 517 aamdam
418 452 741 548 pradictam
761 451 1177 548 ecclesiam"...
1206 448 1308 505 sub
1339 450 1536 548 nostra
1564 464 1703 548 pros
1724 454 1785 516 A
1816 461 2133 518 concilium
2147 463 2209 518 in
2230 463 2451 520 eodem
2462 467 2836 526 monasterio
2864 470 3081 548 absque
3108 491 3391 537 consensu
3416 480 3477 538 et

188 544 807 617 tectione,etc.,jubemus
838 545 903 597 ut
927 542 1110 596 nullus
1131 555 1247 615 rex,
1266 538 1545 606 marchio,
1565 539 1703 608 dux,

184 654 343 703 remes,
362 636 653 690 vicecomes
663 634 767 688 aut
792 630 1064 704 alius1maj
1074 644 1252 697 orem,
1280 618 1567 700 parvaque
1580 645 1712 700 per-

1810 550 2109 611 voluntate
2139 553 2377 609 abbatis
2393 557 2454 609 et
2474 557 2912 618 monachorum
2926 564 3184 634 eiusdem
3204 568 3312 624 loci
3326 571 3472 628 cele-

1809 641 1977 696 brare
1997 644 2731 713 prmsumatJ‘llectionem
2756 666 2892 707 vero
2912 654 3152 724 abbatis,
3167 658 3467 717 monachis

184 743 301 819 sono,
321 725 457 819 illam
497 720 802 819 ecclesiam
835 719 1026 792 aliquo
1058 716 1230 773 modo
1257 715 1580 789 inquietare
1613 718 1725 777 vel.
1807 729 1984 803 ipsius
2013 731 2142 785 loci
2177 731 2525 803 licetagere,
2545 750 2665 791 non
2680 753 2752 792 ex
2771 715 3173 809 alienis,sedeit
3194 715 3467 819 prepriis,

181 817 417 873 molestare
440 812 662 878 audeat,
696 813 809 864 etc.

873 897 982 952 XV.

176 993 365 1051 Siloam
402 990 462 1045 II
504 989 897 1045 monasterium
948 985 1013 1041 S.
1068 984 1349 1038 Trinitatis
1375 990 1427 1037 et
1461 982 1524 1039 S.
1550 982 1713 1040 Petri

226 1062 537 1133 Burguliense,
566 1061 637 1114 ab
666 1058 873 1112 Emma
894 1058 1152 1111 comitissa
1183 1055 1711 1111 Pictaviensicondi-

227 1142 328 1201 tum,
343 1133 621 1205 pn’viiegiis
649 1136 832 1205 ornat.

706 1202 899 1267 (Anno
925 1196 1105 1267 1003).

412 1273 571 1342 [θαιι.
601 1265 836 1337 Christ,
862 1273 1008 1324 tom.
1040 1265 1128 1334 IV,
1160 1266 1295 1323 edit.
1332 1265 1409 1339 1.)

220 1362 480 1430 Suvrsraa,
511 1376 691 1435 papa,
712 1360 887 1414 Eme
915 1356 1216 1414 comitissas
1247 1353 1710 1426 Pictaviensium,

218 1452 465 1508 Innotuisti
494 1450 738 1507 auribus
765 1447 981 1503 nostris
1008 1446 1183 1518 quod,
1222 1447 1336 1501 Deo
1367 1445 1624 1499 donante
1653 1447 1714 1500 et

168 1540 408 1597 venerabili
435 1540 727 1594 Gauberto
753 1536 967 1592 abbate
992 1537 1233 1606 cogente
1251 1537 1307 1588 et
1329 1533 1625 1601 hortante,
1650 1533 1710 1588 in

165 1629 256 1685 loco
274 1630 354 1701 qui
379 1630 613 1683 vocatur
634 1625 942 1697 Burgulius
970 1623 1032 1678 in
1062 1624 1281 1677 honore
1303 1623 1512 1677 sanctas
1539 1625 1597 1675 et
1626 1620 1715 1675 in-

1810 819 1967 889 cujus
1988 818 2127 873 vita
2142 820 2208 872 et
2224 836 2419 874 mores
2437 824 2758 881 secundum
2780 830 2959 885 Deum
2981 831 3242 896 sint.Quo
3256 818 3460 905 electo,

1812 907 1937 964 duci
1963 907 2423 978 Aquitanorum
2454 910 2700 983 filiisque
2727 917 2851 988 ejus
2876 925 3454 992 eumrepraasentent,

1811 1000 1867 1053 et
1892 996 2015 1069 ipse
2054 993 2117 1048 ei
2178 995 2399 1081 donum.
2422 1000 2681 1069 praebeat
2709 1004 2967 1062 sine'ulla
2997 1007 3453 1066 contradictione

1813 1089 1911 1142 aut
1938 1084 2161 1156 aliqua
2187 1082 2612 1147 contrarietate.
2647 1084 2706 1147 Si
2730 1095 2856 1165 quis
2870 1113 3003 1152 vero
3019 1097 3196 1152 abbas
3223 1096 3442 1168 cupidi-

1812 1177 1930 1229 tate
1962 1172 2181 1261 aliqua
2202 1190 2490 1261 accensus,
2522 1181 2624 1232 aut
2652 1183 2916 1251 potentia
2944 1185 3134 1239 saeculi
3164 1182 3440 1255 munitus,

1815 1280 1946 1318 cum
1971 1261 2031 1317 vi
2065 1258 2294 1318 intrare
2320 1261 2378 1315 in
2433 1258 2583 1320 hanc
2613 1268 2909 1325 abbatiam
2937 1267 3180 1326 voluerit
3205 1276 3263 1327 et
3290 1271 3439 1329 hanc

1812 1351 2215 1423 supradictam
2246 1348 2624 1420 scriptionem
2654 1358 2954 1429 praeterire
2976 1375 3143 1414 ausus
3170 1360 3435 1427 fuerit,in

1811 1441 2113 1498 horrendo
2136 1438 2359 1513 judicio
2379 1440 2477 1494 Dei
2495 1441 2738 1500 incidat.
2756 1444 3018 1502 Ecclesia:
3040 1449 3237 1503 autem
3262 1449 3437 1520 ipsius

1810 1531 2150 1586 monasterii
2162 1530 2222 1584 in
2237 1526 2553 1598 quibuscun
2561 1550 2674 1604 que
2686 1535 2989 1590 territoriis
3004 1535 3127 1591 sitas
3139 1534 3439 1600 maneant,

1810 1619 2026 1689 absque
2057 1617 2300 1687 alicujus
2324 1618 2719 1692 episcopi,seu
2751 1623 3161 1691 archidiaconi,
3179 1620 3285 1680 nec
3314 1620 3434 1679 non

167 1717 351 1772 dividua;
373 1714 664 1771 Trinitatis
686 1717 747 1769 et
760 1713 820 1768 S.
844 1712 998 1768 Petri
1021 1712 1411 1784 apostolorum
1437 1708 1713 1781 principis
1731 1724 1782 1782 Β
1811 1710 1869 1760 et
1893 1708 2132 1764 alterius
2156 1721 2422 1778 personas
2452 1706 2883 1782 inquietudine,
2899 1717 3134 1787 excepto
3152 1709 3434 1786 synodali,

165 1805 507 1861 monasterium
520 1802 893 1868 fundaveris,
905 1801 1074 1855 terris
1087 1801 1213 1855 locu
1220 1798 1644 1872 pletaveris,reb
1651 1814 1714 1852 us

166 1895 385 1961 ditaveris,
408 1893 514 1949 tuis
544 1892 826 1965 precibus
853 1888 1111 1945 inclinati
1141 1888 1388 1944 libenter
1416 1902 1712 1942 assensum

161 1983 496 2055 impendimus.
528 1980 867 2060 Statuimus
897 1995 1067 2050 ergo,
1088 1980 1383 2032 annuente
1413 1975 1709 2048 Raynaldo

164 2070 485 2144 Andegavensi
514 2069 826 2144 episcopo,
859 2069 924 2123 ut
954 2066 1167 2123 nullius
1195 2064 1435 2121 civitatis
1458 2062 1713 2138 pontifex

1809 1796 1897 1849 vel
1930 1812 2059 1867 quas
2090 1795 2269 1865 vulgo
2299 1797 2536 1866 circada,
2566 1802 2655 1855 vel
2674 1802 2910 1871 parada,
2944 1803 3232 1871 dicuntur,
3256 1804 3364 1857 etc.

1890 1883 2203 1954 Scriptum
2233 1897 2335 1952 per
2363 1902 2585 1942 manus
2615 1889 2768 1944 Petri
2807 1890 3018 1946 notarii
3057 1894 3115 1946 et
3160 1882 3443 1947 scriniarii

1813 1974 2022 2028 sanctas
2040 1970 2335 2027 Romanae
2377 1974 2667 2043 Ecclesiae,
2720 1978 2921 2039 indict.
2965 1997 3004 2035 1.
3054 1981 3207 2037 Bene
3237 1980 3444 2041 valete:

1816 2059 2163 2134 Sylvester,’
2194 2060 2291 2133 qui
2337 2064 2396 2117 et
2431 2064 2742 2122 Gerbertus
2782 2082 2952 2141 papa.
3016 2062 3019 2065 ⁷
3206 2062 3211 2069 ’
3416 2055 3423 2061 ’

1626 2347 1895 2415 DUBIA

845 2506 979 2562 XVI.

153 2613 316 2672 littera
336 2616 586 2674 Silmtri
601 2614 664 2669 Il
675 2630 839 2686 papae
856 2612 928 2667 ad
954 2611 1203 2686 Ottgnem
1215 2607 1312 2686 III_
1331 2609 1718 2686 imperatorem,

201 2689 355 2760 quibus
375 2690 658 2760 signiﬁcat
675 2678 1007 2760 sep-episcopo
1018 2681 1312 2760 _1_‘icinensi
1335 2678 1721 2760 commendasse

197 2748 534 2815 monasterium
594 2748 1338 2817 moniaiium'Ticinensium,
1370 2750 1512 2822 quod
1540 2748 1717 2804 Sena-

200 2830 312 2884 toris
337 2831 619 2901 apellatur,
647 2830 927 2899 ipsumque
952 2828 1108 2895 rogat
1136 2829 1197 2876 ut
1219 2820 1537 2893 hujus'modi
1567 2835 1717 2875 cons-

200 2900 467 2958 titutionem
489 2900 795 2970 conﬁrmet.

704 3005 903 3075 (Anno
940 2997 1123 3071 1001.)

403 3110 732 3178 [Muratori,
760 3108 956 3183 Antig.
994 3104 1124 3160 Ital.
1157 3104 1222 3172 V,
1256 3105 1407 3169 991.]

1819 2501 2312 2569 dominationem,
2341 2524 2451 2564 nec
2468 2526 2577 2583 per
2592 2510 2850 2585 aliquam
2885 2515 3333 2585 conditionem,
3372 2510 3470 2572 sed

1818 2590 2088 2684 ad‘solam
2112 2597 2620 2684 consecrationem
2645 2604 2705 2656 et
2724 2601 3156 2674 defensionem,
3184 2584 3270 2667 ut
3284 2611 3475 2684 pastor

1819 2678 2118 2752 episcopus
2148 2682 2300 2738 illius
2328 2685 2441 2740 loci
2475 2692 2833 2758 praesentem
2860 2692 3248 2757 abbatissam
3275 2678 3335 2761 et
3360 2722 3481 2767 san.

1819 2771 1938 2822 etas
1968 2770 2254 2860 moniales
2268 2772 2341 2827 ab
2376 2776 2539 2830 omni
2566 2776 2973 2849 inquietudine
3000 2781 3372 2860 defendant.
3394 2798 3475 2860 ita

1817 2862 1887 2954 ut
1909 2857 2182 2954 praefatus
2210 2860 2538 2933 episcopus,
2559 2840 2887 2938 vel-aliquis
2921 2869 2992 2924 de
3021 2840 3473 2954 success-dgna:

1817 2944 1984 3044 alicui
2017 2962 2286 3001 meorum
2315 2966 2712 3021 successorum
2732 2957 2832 3008 aut
2858 2954 3325 3042 imperatorum,
3350 2944 3461 3050 se;

1817 3034 2094 3106 scriptum
2121 3036 2209 3088 vel
2236 3052 2341 3106 per
2372 3038 2608 3111 aliquod
2627 3022 3065 3113 ingenium....:
3090 3016 3453 3125 constitua;

1816 3124 2038 3192 fecerit,
2066 3126 2261 3181 statim
2304 3131 2727 3185 monasterium
2758 3134 2959 3195 nostra
2988 3124 3451 3212 consecrationis

195 3219 244 3273 lu
267 3220 490 3275 nomine
521 3219 749 3273 sanctas
783 3215 844 3269 et
869 3211 1181 3268 individua:
1205 3206 1717 3296 Trinitatis,SiLva-
1741 3218 1788 3283 ο
1819 3217 1878 3269 et
1894 3215 2101 3287 vestrae,
2124 3212 2479 3285 defensionis
2507 3220 2846 3289 revertatur.
2883 3220 3028 3284 Quia
3056 3241 3165 3280 nec
3195 3246 3304 3287 nos
3333 3206 3442 3296 ηξᾷ

144 3323 256 3374 sm,
281 3325 460 3364 servus
481 3321 793 3363 servorum
821 3301 945 3369 Dei,
977 3298 1309 3372 apostolicae
1339 3296 1487 3352 sedis
1522 3294 1716 3350 humi-

144 3393 192 3447 lis
210 3396 501 3468 episcopus,
539 3394 753 3450 ΟττοΝι
780 3387 1144 3463 imperatori.

194 3484 438 3542 Pastorali
463 3500 613 3541 cura
640 3496 874 3552 semper
891 3478 1130 3550 vigilare
1150 3492 1215 3531 ac
1231 3475 1497 3531 laborare
1524 3471 1720 3529 debita

142 3588 220 3642 pro
242 3575 412 3647 gregis
448 3575 642 3629 salute
699 3571 886 3636 decet,
931 3571 995 3622 ut
1037 3569 1226 3621 vestro
1259 3565 1406 3619 fulta
1447 3560 1743 3636 praesidio

142 3666 321 3719 nostras
343 3662 625 3719 Ecclesiae
649 3663 979 3733 protegere,
1011 3655 1163 3710 tueri
1199 3657 1373 3725 atque
1405 3651 1719 3710 defendere

142 3755 297 3807 nostra
319 3753 548 3808 studeat
569 3746 952 3822 providentia,
972 3761 1046 3799 ne
1076 3743 1412 3815 iniquorum
1434 3741 1719 3797 effrenata

140 3840 348 3909 servicia,
397 3840 684 3911 omnique
726 3835 936 3891 timore
972 3833 1176 3901 libera,
1218 3834 1336 3887 Deo
1364 3826 1717 3886 famulantes

140 3944 215 3981 sua
237 3946 499 4002 peragere
531 3926 731 3984 ofﬁcia
760 3923 1059 3996 impediat.
1084 3921 1293 3977 Vestris
1310 3920 1525 3993 quippe
1552 3919 1714 3972 ante-

141 4019 423 4086 cessoribus,
461 4021 789 4088 vestraeque
831 4011 1118 4084 imperiali
1171 4008 1459 4081 majestati
1507 4010 1715 4063 notum

139 4119 229 4161 esse
254 4108 468 4175 scimus,
487 4102 919 4162 monasterium
935 4101 1093 4174 quod
1118 4100 1367 4156 Senator
1391 4114 1498 4170 pro
1530 4111 1714 4151 reme-

140 4191 211 4247 dio
229 4196 416 4253 animas
441 4212 566 4250 sua:
588 4196 645 4249 et
673 4193 1017 4263 cunctorum
1049 4186 1399 4262 fidelium,in
1420 4187 1710 4240 honorem

139 4286 303 4340 sanctas
353 4284 451 4340 Dei
518 4278 827 4355 genitricis
870 4266 1217 4351 Semperque
1256 4272 1497 4347 virginis
1523 4271 1711 4328 Marias

139 4367 286 4440 Papia:
297 4369 638 4439 construxit,
669 4368 882 4423 nostras
905 4365 1113 4420 ditioni
1130 4363 1392 4420 deditum
1416 4379 1483 4418 eo
1508 4364 1711 4416 tenore

136 4458 277 4531 utpro
290 4463 553 4533 tempore
568 4456 1014 4523 abbatissam,ex
1039 4454 1241 4510 eadem
1257 4449 1710 4525 congregatione

137 4544 333 4603 electam
366 4550 466 4618 ibi,
497 4564 630 4623 qum
661 4548 890 4623 sanctas
919 4542 1200 4597 moniales
1229 4543 1480 4613 regeret,
1505 4555 1706 4594 conse-

138 4636 399 4706 craremus,
434 4641 493 4694 et
514 4620 803 4693 'ab'omni
834 4620 1128 4687 malarum
1163 4630 1470 4686 hominum
1513 4629 1708 4683 locum

140 4721 266 4780 illum
299 4725 705 4783 molestatione
738 4720 1208 4777 defenderemus.
1256 4719 1417 4773 Nunc
1449 4733 1703 4775 vero..."

139 4809 436 4870 abbatissam
468 4818 530 4870 et
549 4816 778 4869 sanctas
796 4811 1074 4866 moniales
1091 4811 1211 4864 Deo
1230 4807 1561 4876 servientes,
1586 4823 1709 4878 pes-

140 4897 369 4958 simorum
387 4902 763 4975 opprimente
779 4898 1236 4964 calumnia,dum
1256 4898 1429 4967 longe
1447 4896 1709 4970 positi,ut

140 4984 353 5057 decebat,
375 4990 695 5047 defendere
712 5005 827 5043 non
844 4988 1135 5060 potuimus
1160 5003 1172 5040 :
1198 5001 1301 5059 per
1314 4984 1706 5039 interventum

139 5074 348 5134 Wldonis
360 5078 788 5144 nostriVicarii,
811 5077 1070 5148 ejusdem
1094 5074 1198 5130 loci
1217 5074 1491 5146 episcopi,
1517 5077 1708 5128 vestra

141 5179 325 5239 quoque
342 5168 635 5242 imperiali
653 5168 998 5243 suggerente
1017 5164 1131 5235 maj
1144 5162 1491 5229 estate,illud
1507 5179 1708 5218 mona-

140 5255 333 5312 sterium
363 5257 620 5313 ecclesiae
664 5250 856 5311 Sancti
891 5253 1016 5326 Syri
1042 5251 1447 5319 concessimus,
1481 5268 1600 5307 non
1632 5251 1706 5306 ad

143 5339 425 5400 dominium
462 5362 569 5419 per
603 5343 1041 5416 subje’ctioncm,
1072 5357 1258 5413 neque
1290 5356 1395 5412 per
1423 5345 1697 5398 extra.....

1819 3298 2022 3374 aliquis
2052 3301 2222 3357 aliter
2243 3320 2419 3375 quam
2436 3306 2603 3361 bonas
2623 3308 2924 3363 memoriae
2937 3309 3186 3368 Senator
3215 3333 3347 3375 cum
3365 3325 3440 3382 de

1819 3408 1888 3448 eo
1920 3390 2300 3459 constituerit,
2349 3394 2747 3451 audemus.....
2782 3399 3032 3452 vestram
3067 3399 3437 3472 imperialem

1819 3479 2198 3550 deprecamur
2212 3479 2947 3549 clementiam,utnostram
2961 3488 3437 3555 constitutionem

1816 3570 2003 3621 vestro
2035 3566 2419 3622 corroboretis
2435 3573 2813 3641 prmcepto,et
2827 3572 2979 3628 hanc
2992 3573 3235 3632 ﬁrmetis
3262 3595 3439 3652 rogo.

1819 3654 1877 3711 Si
1908 3655 2032 3727 quis
2059 3672 2192 3712 vero
2224 3656 2525 3729 episcopus
2554 3661 2654 3713 aut
2672 3660 2866 3731 aliqua
2891 3678 3109 3735 magna
3139 3667 3226 3721 vel
3255 3684 3437 3739 parva

1815 3759 2067 3826 persona
2082 3745 2236 3799 bona
2249 3745 2422 3817 ipsius
2441 3746 2695 3801 ecclesias
2715 3747 3046 3806 diminuere
3060 3755 3159 3808 aut
3172 3753 3436 3811 devasta-

1815 3848 1900 3899 re,
1919 3833 2006 3887 vel
2027 3832 2261 3905 aliquod
2278 3833 2563 3888 tributum
2577 3830 2808 3905 exigere
2821 3840 3273 3913 praesumpserit,
3297 3858 3437 3899 ana-

1815 3920 2086 3976 thematis
2116 3922 2336 3977 vinculo
2370 3940 2437 3978 ex
2486 3925 2651 3994 parte
2696 3923 2754 3978 S.
2786 3924 2975 3980 Mariae
3005 3931 3065 3982 et
3097 3932 3433 3989 sanctorum

1816 4011 2209 4081 apostolorum
2241 4011 2396 4067 Petri
2424 4014 2482 4066 et
2510 4010 2691 4075 Pauli,
2721 4015 2779 4066 et
2816 4012 3430 4074 omnium'electorum

1812 4096 1914 4153 Dei
1944 4101 2001 4152 et
2029 4101 2245 4167 nostra,
2280 4097 2389 4155 nisi
2417 4098 2744 4170 resipuerit,
2769 4101 3070 4173 alligatum
3099 4120 3158 4159 se
3188 4102 3351 4169 sciat,
3373 4110 3434 4163 et

1810 4203 1943 4242 cum
1960 4188 1988 4241 Ι
1993 4187 2105 4242 uda
2119 4186 2649 4261 proditoreDomini
2672 4186 2732 4242 in
2749 4190 3034 4246 aeternum
3062 4190 3425 4261 damnatum.

1811 4275 1928 4330 Hoc
1940 4292 2168 4348 quoque
2189 4277 2250 4330 ut
2266 4274 2489 4331 ﬁrmius
2503 4276 2806 4355 habeatur,
2822 4295 3000 4334 manu
3018 4266 3215 4336 nostra
3228 4260 3430 4355 subter

1812 4364 2188 4432 ﬁrmavimus,
2221 4368 2278 4420 et
2309 4369 2504 4421 nostro
2528 4352 2713 4438 sigillo
2745 4365 3145 4439 signavimus.’
3228 4352 3235 4367 ’
3310 4354 3315 4361 ’
3366 4354 3371 4365 ’
3402 4376 3405 4383 ‘

1882 4452 2250 4509 Silvester.....
2308 4456 2571 4527 episcopus
2600 4461 2650 4510 et
2706 4461 2904 4511 sanctae
2953 4455 3153 4514 Mariae
3196 4459 3427 4530 virginis

1811 4541 1916 4596 Dei
1939 4544 2209 4612 genitricis
2236 4560 2397 4597 manu
2409 4546 2633 4615 propria
2661 4544 3136 4602 corroboravimus.
3321 4530 3327 4567 ³
3390 4546 3401 4553 “

1882 4629 2227 4703 Imperatoris
2259 4631 2463 4687 Ottonis
2492 4634 2724 4702 signum.
3080 4620 3085 4637 Γ

1881 4718 2171 4792 Scriptum
2205 4736 2308 4792 per
2336 4737 2543 4775 manus
2564 4720 2719 4776 Petri
2749 4721 3042 4797 scriptdris
3071 4726 3284 4799 sancta:
3310 4725 3423 4781 Ro-

1808 4824 1998 4863 manas
2032 4808 2317 4867 Ecclesiae.

1879 4897 2298 4953 Conﬁrmatum
2310 4914 2415 4970 per
2426 4914 2631 4953 manus
2640 4899 2899 4971 Gregorii
2922 4901 3191 4958 chartarii
3209 4907 3421 4962 sanctas

1807 4987 2147 5060 apostolicze'
2164 4986 2332 5046 sedis.
3286 4976 3294 4991 ’

1876 5077 2081 5131 Actum
2100 5076 2210 5132 hoc
2242 5076 2461 5145 Romae,
2486 5093 2641 5134 anno
2671 5079 2983 5135 Dominicae
3005 5081 3419 5140 incarnationis

1806 5163 2111 5220 millesimo
2128 5164 2660 5241 primo,indictione
2676 5156 3253 5245 tertiadecima,anno
3281 5170 3417 5230 vero

1804 5252 2173 5324 pontiﬁcatus
2200 5252 2454 5308 Silvestri
2484 5254 2822 5312 universalis
2848 5274 3013 5331 papas
3043 5240 3271 5332 quarto.
3394 5262 3399 5267 ’

2142 5341 2408 5412 Sigillum
2424 5343 2739 5414 plumbeum
2770 5362 3076 5417 appensum.
3160 5346 3185 5355 ”
3228 5348 3231 5351 ⁷
