3898 6168
395 384 501 445 287

1704 381 2077 440 SILVESTER
2114 385 2160 440 II
2200 386 2404 444 PAPA.

3605 388 3715 452 288

397 510 3704 539 MM

1253 613 1996 720 SILVESTRI
2063 617 2165 716 II
2235 616 2876 723 CARMINA

1182 918 1230 972 Ι.

2037 914 2092 972 Α
2126 914 2316 970 Caesar
2344 916 2573 971 Lotbari
2606 917 3060 988 prmtendisluce
3090 921 3356 989 secunda,

395 1007 756 1085 Epigramma
774 1009 1018 1065 Gerberti
1043 1007 1268 1079 episcopi
1285 1003 1576 1066 Ravennae,
1600 1009 1720 1076 post
1739 1003 2014 1076 pontiﬁcis
2111 1003 2363 1058 Terrifici
2401 1004 2591 1060 Martis
2621 1006 2775 1077 quod
2797 1023 2924 1061 eras
2951 1013 3286 1080 conspectus
3307 1010 3363 1066 in
3396 1015 3570 1072 astro.

467 1099 726 1167 Romani,
759 1098 901 1172 quod
931 1100 1005 1152 sic
1024 1114 1076 1150 se
1107 1094 1259 1149 habet
1293 1093 1606 1163 inscriptum
1627 1091 1698 1146 ad
1726 1094 2013 1162 imaginem

473 1188 670 1244 Boetii.

400 1279 634 1350 [Baron.
665 1274 880 1331 Annal.
928 1273 1108 1339 cccles,
1141 1276 1283 1327 tom.
1328 1271 1440 1338 VII,
1474 1269 1734 1341 Append.
1769 1285 1902 1342 pag.
1936 1271 2010 1340 5.]

397 1367 584 1422 Roma
615 1369 821 1439 potens
853 1364 990 1418 dum
1035 1363 1171 1432 jura
1197 1379 1297 1416 suo
1334 1361 1586 1415 declarat
1616 1359 1673 1412 in
1705 1359 1867 1428 orbe,

394 1454 478 1508 Tu
509 1455 679 1508 Pater
708 1456 765 1508 et
788 1452 987 1524 patriae
1019 1452 1241 1512 lumen,
1271 1449 1538 1504 Severine
1570 1447 1728 1502 Boeti

400 1541 660 1598 Consulis
687 1540 875 1595 officio
904 1556 1098 1594 rerum
1131 1537 1385 1608 disponis
1427 1537 1701 1602 habenas,

399 1628 658 1684 Infundis
687 1630 884 1682 lumen
917 1627 1136 1690 studiis,
1172 1629 1229 1680 et
1259 1626 1464 1680 cedere
1497 1623 1695 1678 nescis.

399 1717 731 1772 Graecorum
767 1715 1042 1787 ingeniis;
1075 1715 1176 1769 sed
1205 1731 1370 1768 mens
1391 1713 1584 1768 divina
1609 1727 1830 1765 coerce.

298 1867 303 1872 _
398 1805 713 1877 Imperium
746 1804 983 1872 mundi;
1017 1803 1207 1874 gladio
1236 1803 1550 1857 bacchante
1565 1801 1904 1868 Gothorum,

401 1893 661 1949 Libertas
688 1894 949 1948 Romana
974 1892 1123 1964 perit
1155 1908 1168 1945 :
1201 1895 1263 1945 tu
1295 1891 1489 1946 consul
1522 1893 1579 1944 et
1610 1890 1792 1954 exsul,

399 1982 660 2052 Insignes
690 1981 884 2035 titulos
912 1981 1187 2052 praeclara
1210 1981 1397 2034 morte
1434 1977 1729 2048 relinquis.

407 2069 568 2123 Nunc
605 2069 777 2124 decus
815 2068 1043 2140 imperii
1071 2084 1327 2122 summas
1361 2065 1457 2137 qui
1494 2067 1819 2138 praegravat
1848 2068 2018 2133 artes,

407 2157 628 2212 Tertius
659 2157 790 2212 Otto
815 2173 918 2210 sua
941 2155 1181 2228 dignum
1215 2159 1268 2209 te
1293 2153 1518 2225 judicat
1547 2155 1698 2218 aula,

397 2247 814 2316 IEternumque
841 2243 922 2298 tui
935 2244 1134 2298 statuit
1159 2244 1540 2297 monumenta
1570 2240 1802 2308 laboris,

401 2333 470 2388 Et
497 2331 648 2389 bene
671 2331 1052 2405 promeritum
1081 2331 1299 2386 meritis
1330 2333 1574 2386 exornat
1596 2330 1876 2386 honestis.

1173 2439 1237 2491 II.

617 2523 975 2596 Epitaphium
996 2526 1136 2595 regis
1165 2524 1504 2579 Francorum
1542 2523 1806 2578 Lotharii.

509 2613 701 2684 [Apud
729 2615 1012 2669 Duchesn.
1043 2613 1242 2685 Script.
1276 2632 1380 2668 rer.
1406 2613 1638 2678 Frena,
1665 2617 1806 2671 tom.
1841 2615 1906 2681 II,

867 2703 1019 2757 inter
1056 2702 1220 2774 epist.
1245 2702 1556 2774 Gerberti.]

413 2790 585 2862 Cujus
611 2791 684 2845 ad
717 2790 1055 2862 obsequium
1085 2791 1273 2845 coiere
1304 2790 1497 2858 duces,
1519 2792 1706 2846 bonus
1728 2790 1918 2845 omnis

415 2880 600 2946 Quem
636 2880 832 2947 coluit,
865 2883 984 2934 sate
1031 2879 1368 2948 Caesaribus,
1406 2883 1790 2935 monumenta
1812 2879 2024 2935 doloris

2501 1192 2856 1264 Epitaphium
2877 1108 2922 1248 :11
2917 1108 3026 1250 cici:
3043 1194 3321 1250 Frideriei.

2812 1283 3006 1349 [Ibid.]

2114 1371 2465 1426 Francorum
2500 1371 2708 1442 placito
2737 1389 2952 1428 nomen
2977 1373 3105 1427 tulit
3134 1373 3225 1428 hic
3249 1373 3551 1430 Friderici:

2114 1460 2295 1524 Quem
2327 1462 2524 1532 proavi
2554 1462 2752 1517 fudere
2783 1463 2953 1518 duces
2982 1480 3016 1517 a
3040 1463 3319 1534 sanguine
3343 1480 3571 1535 regum,

2117 1549 2317 1605 Officio
2351 1550 2686 1622 meritisque
2720 1567 2920 1622 parem
2949 1567 3120 1621 sopor
3148 1550 3380 1606 ultimus
3400 1552 3607 1607 hausit.

2113 1637 2372 1694 Mercurii
2404 1656 2533 1692 cum
2567 1639 2718 1694 celsa
2749 1639 2959 1694 domus
2982 1639 3106 1706 tibi,
3139 1639 3370 1705 Pbaabe,
3398 1642 3645 1712 pateret.

2868 1729 2954 1782 IV.

2404 1815 2756 1888 Epitaphium
2783 1817 3072 1872 Adaiberti
3095 1816 3431 1874 Scholastici.

2848 1906 2989 1961 Ibid.

2125 1992 2288 2049 Edite
2322 1993 2610 2049 nobilibus
2638 1906 3161 2051 studiulriinfagionis
3184 1996 3410 2068 adepte,

2124 2081 2270 2137 Dicit
2307 2083 2685 2139 Adalbertum
2718 2086 2774 2140 te
2801 2084 3029 2156 Belgica
3054 2085 3195 2140 ﬂore
3214 2085 3488 2156 juventae,

2125 2170 2298 2225 Stare
2331 2171 2429 2226 diu
2459 2188 2580 2226 non
2611 2188 2796 2242 passa,
2831 2173 2958 2228 tulit
2993 2173 3225 2228 fortuna
3252 2189 3528 2239 recursus,

2048 2232 2099 2291 B
2127 2258 2214 2314 Bis
2245 2276 2412 2314 senas
2439 2232 2642 2315 Februi
2675 2232 2806 2314 cum
2835 2261 3195 2332 produxisset
3217 2261 3439 2334 Apollo.

2887 2350 2950 2406 V.

2442 2439 2795 2510 Epitaphium
2828 2439 3035 2493 Gitonis
3061 2440 3406 2512 imperatoris.

2831 2526 3020 2598 [lbid.]

2123 2614 2294 2685 Cujus
2325 2614 2397 2669 ad
2424 2614 2733 2686 imperium
2760 2618 3046 2670 tremuere
3073 2616 3262 2683 duces,
3286 2616 3418 2671 tulit
3445 2615 3624 2672 hostis

2123 2702 2306 2766 Quem
2331 2703 2635 2757 dominum
2654 2705 2965 2776 populique
2989 2721 3152 2759 suum
3169 2721 3380 2760 novere
3402 2707 3746 2778 parentem,

2123 2791 2254 2864 Otto
2287 2791 2459 2846 decus
2508 2791 2726 2859 divum,
2760 2793 2948 2848 Caesar
2979 2793 3333 2858 charissima,
3366 2793 3550 2861 nobis,

2123 2879 2433 2934 Immeritis
2456 2881 2649 2951 rapuit
2675 2883 2731 2934 te
2762 2881 2854 2934 lux
2884 2884 3121 2952 septena
3136 2880 3478 2937 decembris.

921 3026 1994 3389 eam;

2117 3027 2294 3396 [ﬁt
2399 3152 3230 3313 ALIENA

690 3509 966 3618 ACTA
1031 3509 1513 3616 GONGILII
1584 3505 2132 3613 REMENSIS
2197 3505 2334 3612 AD
2407 3497 2902 3614 SANCTUM
2967 3507 3465 3618 BASOLUM

1407 3691 1731 3748 AUCTORE
1769 3690 2134 3745 GERBERTO
2171 3689 2728 3746 ARCHIEPISCOPO

901 3843 1087 3916 (Apud
1117 3844 1299 3910 Pertz,
1331 3842 1684 3897 Monumenta
1717 3840 2022 3896 Germaniae
2061 3839 2332 3906 historica,
2365 3839 2576 3911 Script.
2608 3842 2749 3894 tom.
2781 3839 2874 3906 Ill,
2906 3856 3039 3913 pag.
3078 3841 3229 3913 658.)

895 4075 1318 4164 INCIPIT
1393 4072 2004 4162 PROLOGUS
2071 4069 2489 4160 SYNODI
2571 4073 3258 4162 BEMENSIS".

484 4272 636 4326 Licet
659 4268 854 4326 aemuli
883 4269 996 4323 mei
1018 4269 1221 4323 dentes
1251 4269 1306 4322 in
1339 4285 1430 4323 me
1453 4267 2025 4339 exacuant,dictaque
2057 4270 2103 4328 C
2123 4269 2213 4320 cet
2243 4271 2303 4321 ut
2334 4268 2598 4338 quaedam
2633 4269 2706 4323 ad
2720 4270 2956 4325 verbum
2976 4288 3041 4324 ex
3057 4271 3168 4326 alia
3193 4271 3250 4327 in
3273 4271 3445 4327 aliam
3479 4275 3743 4330 transfe-

413 4362 471 4414 et
490 4361 642 4415 facta
673 4357 1044 4432 proscindere
1073 4361 1302 4431 parent,
1322 4359 1447 4426 plus
1474 4362 1668 4412 tamen
1701 4359 2023 4414 amicorum

413 4447 690 4520 obsequio
745 4463 920 4518 quam
951 4446 1278 4500 invidorum
1332 4447 1463 4501 odio
1497 4463 1856 4516 permoveor.
1898 4449 2022 4501 Non

415 4537 593 4602 enim,
618 4534 855 4600 ubinon
877 4537 998 4588 erat
1013 4533 1208 4601 timor,
1233 4534 1436 4588 timere
1463 4534 1656 4601 didici,
1675 4552 1778 4589 ncc
1809 4535 2021 4590 amico-

413 4641 543 4679 rum
578 4623 791 4678 infecta
823 4621 1149 4694 relinquere
1176 4623 1428 4694 negotia.
1461 4623 1743 4696 Accingor
1765 4624 2025 4695 igitur,et

413 4729 776 4770 summarum
811 4709 1045 4784 quidem
1077 4729 1292 4783 genera
1321 4729 1620 4767 causarum
1652 4713 1710 4766 in
1755 4712 2023 4767 Remensi

413 4802 658 4858 concilio
687 4802 942 4874 exposita
959 4801 1207 4857 breviter
1233 4802 1542 4873 attingam,
1563 4806 1623 4855 ut
1647 4804 1705 4854 et
1728 4804 2022 4871 gestorum

412 4891 619 4947 veritas
642 4890 984 4954 innotescat,
1013 4895 1208 4962 etquae
1234 4909 1267 4946 a
1287 4890 1527 4945 summis
1555 4889 1692 4944 viris
1716 4892 2024 4944 retractata

414 4985 546 5037 sunt
571 4985 980 5054 agnoscantur,
1004 4983 1142 5037 Peto
1183 4985 1376 5037 autem
1410 4980 1482 5034 ab
1509 4979 1683 5051 hujus
1711 4978 1854 5032 sacri
1882 4994 2018 5033 con-

416 5074 620 5126 ventus
666 5071 934 5142 prmlatis,
978 5070 1023 5125 si
1064 5071 1203 5143 quid
1241 5070 1433 5125 minus
1475 5085 1648 5139 grave
1683 5069 1771 5121 vel
1812 5083 2015 5138 parum

414 5163 714 5232 comptum
757 5176 1111 5232 expressero,
1163 5176 1278 5214 non
1329 5174 1443 5211 suae
1477 5155 1699 5228 injuriae
1738 5156 1841 5211 sed
1872 5173 2014 5213 mea:

416 5248 619 5304 ascribi
649 5247 1024 5319 ignorantiae;
1059 5249 1132 5303 ab
1150 5246 1508 5303 auditoribus
1539 5262 1789 5318 quoque,
1820 5263 1893 5300 ne
1921 5263 2015 5301 me

414 5336 603 5392 aliena
632 5340 717 5393 vel
738 5354 943 5410 parum
959 5338 1162 5393 dixisse
1185 5335 1788 5406 denotent.Siquidem
1809 5334 2016 5407 triplici

414 5443 627 5498 genere
646 5427 1137 5499 interpretationis
1150 5427 1607 5482 utendumﬂfore
1625 5443 1859 5495 censeo;
1879 5427 2023 5482 scili-

2122 4361 2327 4411 rantur
2340 4357 2620 4428 linguam;
2644 4357 2700 4412 in
2715 4359 3055 4431 quibusdam
3082 4363 3274 4414 autem
3304 4361 3743 4420 sententiarum

2123 4445 2370 4515 gravitas
2401 4449 2457 4500 et
2478 4446 2690 4518 eloquii
2724 4448 2971 4519 dignitas
2997 4447 3223 4503 dicendi
3253 4465 3466 4521 genere
3491 4450 3746 4506 confor-

2121 4536 2424 4602 menturso;
2445 4551 2616 4606 porro
2631 4534 2688 4589 in
2703 4536 2829 4590 aliis
2842 4553 2956 4590 una
2970 4536 3142 4591 dictio
3157 4537 3518 4592 occasionem
3531 4538 3744 4609 faciat,

2122 4625 2180 4675 et
2214 4622 2410 4677 abdita
2437 4623 2787 4694 investigari,
2807 4628 2865 4679 et
2895 4624 2953 4679 in
2977 4626 3163 4680 lucem
3185 4625 3335 4696 ipsos
3351 4625 3587 4680 affectus
3603 4644 3746 4684 ma-

2123 4709 2324 4764 nifeste
2369 4712 2633 4782 proferri.
2669 4713 2806 4776 Quae
2837 4714 2939 4768 etsi
2967 4713 3038 4768 ad
3068 4715 3305 4784 plenum
3331 4713 3556 4786 assequi
3601 4733 3740 4774 non

2120 4804 2384 4872 potuero,
2409 4801 2703 4857 bistamen
2729 4803 2916 4857 modis
2929 4802 3388 4858 doctissimorum
3415 4803 3746 4862 hominum

2120 4891 2434 4945 sententias
2459 4891 2713 4945 conabor
2738 4890 3124 4962 interpretari.
3161 4891 3272 4947 Sed
3299 4908 3497 4948 earum
3522 4894 3751 4965 ampli-

2120 4978 2439 5046 ficationes,
2474 4979 2875 5050 digressiones,
2926 4979 3030 5034 etsi
3079 4997 3194 5052 qua
3239 4981 3521 5051 ejusmodi
3569 4987 3746 5053 sunt,

2118 5067 2571 5139 quodamjstudio
2585 5069 2673 5122 ref
2675 5067 2716 5121 ri
2729 5085 2923 5139 ngam,
2949 5085 3020 5123 ne
3036 5068 3170 5123 odio
3187 5069 3571 5140 quarumdam
3591 5086 3750 5141 per-

2117 5173 2394 5212 sonarum
2419 5157 2900 5229 potissimumque
2930 5156 3150 5211 Arnulfi
3171 5157 3480 5226 proditoris
3503 5162 3750 5216 moveri

2115 5248 2332 5314 videar,
2367 5247 2523 5318 quasi
2555 5263 2619 5300 ex
2641 5247 2762 5318 ejus
2782 5246 3042 5318 legitima
3061 5245 3418 5318 depositione
3442 5245 3751 5306 Remense

2121 5337 2475 5409 episcopium
2510 5335 2768 5407 legitime
2787 5335 3020 5390 sortitus
3051 5334 3227 5389 videri
3249 5338 3542 5406 appetam.
3565 5337 3749 5392 Alte-

2119 5427 2236 5482 rius
2261 5425 2370 5480 erit
2399 5425 2506 5480 hoc
2537 5425 2726 5496 operis
2752 5425 2986 5496 aliisque
3018 5423 3362 5496 implicitum
3405 5423 3746 5495 questioni-

1725 5553 1952 5607 VARIE
2001 5550 2398 5608 LECTIONES.

487 5684 532 5720 ³⁸
559 5693 596 5736 ι.
629 5678 692 5732 G.
729 5679 896 5751 Papae
927 5681 975 5732 ί.
1009 5685 1056 5720 29
1088 5677 1288 5733 indum
1315 5694 1450 5734 corr.
1479 5681 1758 5736 utendum
1792 5684 1842 5734 '2.
1876 5687 1923 5721 ιο
1953 5680 2027 5732 ita
2059 5681 2108 5745 1,
2141 5681 2194 5734 2.
