  <div class='ocr_page' id='page_1' title='image "/cluster/home/n/w/nwhite01/storage/ocr_20150623/139/hvd.32044054759998/150.png"; bbox 0 0 3954 6170; ppageno 0'>
   <div class='ocr_carea' id='block_1_1' title="bbox 195 401 289 463">
    <p class='ocr_par' dir='ltr' id='par_1_1' title="bbox 195 401 289 463">
     <span class='ocr_line' id='line_1_1' title="bbox 195 401 289 463; baseline -0.032 0"><span class='ocrx_word' id='word_1_1' title='bbox 195 401 289 463; x_wconf 68' lang='grc'><strong>289</strong></span> 
     </span>
    </p>
   </div>
   <div class='ocr_carea' id='block_1_2' title="bbox 197 503 1809 596">
    <p class='ocr_par' dir='ltr' id='par_1_2' title="bbox 197 521 1809 596">
     <span class='ocr_line' id='line_1_2' title="bbox 197 521 1809 596; baseline 0 -18"><span class='ocrx_word' id='word_1_2' title='bbox 197 524 316 589; x_wconf 84' lang='lat' dir='ltr'><strong>bus,</strong></span> <span class='ocrx_word' id='word_1_3' title='bbox 348 539 481 578; x_wconf 91' lang='lat' dir='ltr'><strong>cum</strong></span> <span class='ocrx_word' id='word_1_4' title='bbox 513 522 584 577; x_wconf 89' lang='lat' dir='ltr'><strong>de</strong></span> <span class='ocrx_word' id='word_1_5' title='bbox 614 521 884 596; x_wconf 81' lang='lat' dir='ltr'><strong>propriis,</strong></span> <span class='ocrx_word' id='word_1_6' title='bbox 915 525 1328 580; x_wconf 87' lang='lat' dir='ltr'><strong>communibus</strong></span> <span class='ocrx_word' id='word_1_7' title='bbox 1379 528 1438 579; x_wconf 91' lang='lat' dir='ltr'><strong>et</strong></span> <span class='ocrx_word' id='word_1_8' title='bbox 1467 525 1809 579; x_wconf 87' lang='lat' dir='ltr'><strong>diﬂerentiis</strong></span> 
     </span>
    </p>
   </div>
   <div class='ocr_carea' id='block_1_3' title="bbox 201 612 1811 686">
    <p class='ocr_par' dir='ltr' id='par_1_3' title="bbox 201 612 1811 686">
     <span class='ocr_line' id='line_1_3' title="bbox 201 612 1811 686; baseline 0.001 -20"><span class='ocrx_word' id='word_1_9' title='bbox 201 612 1318 685; x_wconf 84' lang='lat' dir='ltr'><strong>episcoporum,archiepiscoporum,vel</strong></span> <span class='ocrx_word' id='word_1_10' title='bbox 1337 614 1811 686; x_wconf 88' lang='lat' dir='ltr'><strong>metropolitano-</strong></span> 
     </span>
    </p>
   </div>
   <div class='ocr_carea' id='block_1_4' title="bbox 200 701 1805 773">
    <p class='ocr_par' dir='ltr' id='par_1_4' title="bbox 200 701 1805 773">
     <span class='ocr_line' id='line_1_4' title="bbox 200 701 1805 773; baseline 0.001 -19"><span class='ocrx_word' id='word_1_11' title='bbox 200 701 1024 771; x_wconf 65' lang='lat' dir='ltr'><strong>rum”&#39;,patriarcharum,seu</strong></span> <span class='ocrx_word' id='word_1_12' title='bbox 1047 703 1483 773; x_wconf 89' lang='lat' dir='ltr'><strong>primatum,vel</strong></span> <span class='ocrx_word' id='word_1_13' title='bbox 1504 702 1680 756; x_wconf 89' lang='lat' dir='ltr'><strong>etiam</strong></span> <span class='ocrx_word' id='word_1_14' title='bbox 1695 703 1805 756; x_wconf 86' lang='lat' dir='ltr'><strong>Ro-</strong></span> 
     </span>
    </p>
   </div>
   <div class='ocr_carea' id='block_1_5' title="bbox 822 802 1857 869">
    <p class='ocr_par' dir='ltr' id='par_1_5' title="bbox 822 802 1857 869">
     <span class='ocr_line' id='line_1_5' title="bbox 822 802 1857 869; baseline 0.001 -2"><span class='ocrx_word' id='word_1_15' title='bbox 822 802 1232 869; x_wconf 89' lang='lat' dir='ltr'><strong>EXPLICIT</strong></span> <span class='ocrx_word' id='word_1_16' title='bbox 1279 802 1756 869; x_wconf 86' lang='lat' dir='ltr'><strong>PROLOGUS</strong></span> <span class='ocrx_word' id='word_1_17' title='bbox 1787 809 1857 868; x_wconf 82' lang='grc'><strong>³¹.</strong></span> 
     </span>
    </p>
   </div>
   <div class='ocr_carea' id='block_1_6' title="bbox 206 913 1806 989">
    <p class='ocr_par' dir='ltr' id='par_1_6' title="bbox 206 913 1806 989">
     <span class='ocr_line' id='line_1_6' title="bbox 206 913 1806 989; baseline 0 -19"><span class='ocrx_word' id='word_1_18' title='bbox 206 919 249 970; x_wconf 99' lang='grc'><strong>1.</strong></span> <span class='ocrx_word' id='word_1_19' title='bbox 281 913 410 982; x_wconf 85' lang='lat' dir='ltr'><strong>Qui,</strong></span> <span class='ocrx_word' id='word_1_20' title='bbox 442 917 500 968; x_wconf 93' lang='lat' dir='ltr'><strong>et</strong></span> <span class='ocrx_word' id='word_1_21' title='bbox 534 931 674 986; x_wconf 90' lang='lat' dir='ltr'><strong>quo,</strong></span> <span class='ocrx_word' id='word_1_22' title='bbox 703 918 761 970; x_wconf 90' lang='lat' dir='ltr'><strong>et</strong></span> <span class='ocrx_word' id='word_1_23' title='bbox 794 933 863 971; x_wconf 90' lang='lat' dir='ltr'><strong>ex</strong></span> <span class='ocrx_word' id='word_1_24' title='bbox 907 915 1114 988; x_wconf 89' lang='lat' dir='ltr'><strong>quibus</strong></span> <span class='ocrx_word' id='word_1_25' title='bbox 1170 915 1502 989; x_wconf 84' lang='lat' dir='ltr'><strong>provinciis,</strong></span> <span class='ocrx_word' id='word_1_26' title='bbox 1554 915 1806 988; x_wconf 88' lang='lat' dir='ltr'><strong>episcopi</strong></span> 
     </span>
    </p>
   </div>
   <div class='ocr_carea' id='block_1_7' title="bbox 266 1004 667 1058">
    <p class='ocr_par' dir='ltr' id='par_1_7' title="bbox 266 1004 667 1058">
     <span class='ocr_line' id='line_1_7' title="bbox 266 1004 667 1058; baseline 0.002 -2"><span class='ocrx_word' id='word_1_27' title='bbox 266 1004 667 1058; x_wconf 80' lang='lat' dir='ltr'><strong>convenerint.</strong></span> 
     </span>
    </p>
   </div>
   <div class='ocr_carea' id='block_1_8' title="bbox 205 1093 1806 1168">
    <p class='ocr_par' dir='ltr' id='par_1_8' title="bbox 205 1093 1806 1168">
     <span class='ocr_line' id='line_1_8' title="bbox 205 1093 1806 1168; baseline 0.003 -22"><span class='ocrx_word' id='word_1_28' title='bbox 205 1095 251 1146; x_wconf 88' lang='lat'><strong>2.</strong></span> <span class='ocrx_word' id='word_1_29' title='bbox 284 1093 629 1148; x_wconf 64' lang='lat' dir='ltr'><strong>Pralocutio</strong></span> <span class='ocrx_word' id='word_1_30' title='bbox 658 1094 884 1149; x_wconf 76' lang='lat' dir='ltr'><strong>Arnulﬁ</strong></span> <span class='ocrx_word' id='word_1_31' title='bbox 915 1095 1168 1168; x_wconf 87' lang='lat' dir='ltr'><strong>episcopi</strong></span> <span class='ocrx_word' id='word_1_32' title='bbox 1199 1096 1268 1150; x_wconf 93' lang='lat' dir='ltr'><strong>de</strong></span> <span class='ocrx_word' id='word_1_33' title='bbox 1299 1096 1687 1151; x_wconf 79' lang='lat' dir='ltr'><strong>examinanda</strong></span> <span class='ocrx_word' id='word_1_34' title='bbox 1704 1099 1806 1150; x_wconf 86' lang='lat' dir='ltr'><strong>Ar-</strong></span> 
     </span>
    </p>
   </div>
   <div class='ocr_carea' id='block_1_9' title="bbox 271 1182 634 1238">
    <p class='ocr_par' dir='ltr' id='par_1_9' title="bbox 271 1182 634 1238">
     <span class='ocr_line' id='line_1_9' title="bbox 271 1182 634 1238; baseline 0.006 -2"><span class='ocrx_word' id='word_1_35' title='bbox 271 1182 414 1238; x_wconf 83' lang='lat' dir='ltr'><strong>nulfi</strong></span> <span class='ocrx_word' id='word_1_36' title='bbox 442 1199 609 1238; x_wconf 89' lang='lat' dir='ltr'><strong>causa</strong></span> <span class='ocrx_word' id='word_1_37' title='bbox 621 1226 634 1238; x_wconf 93' lang='lat'><strong>.</strong></span> 
     </span>
    </p>
   </div>
   <div class='ocr_carea' id='block_1_10' title="bbox 210 1271 1810 1347">
    <p class='ocr_par' dir='ltr' id='par_1_10' title="bbox 210 1271 1810 1347">
     <span class='ocr_line' id='line_1_10' title="bbox 210 1271 1810 1347; baseline 0.003 -23"><span class='ocrx_word' id='word_1_38' title='bbox 210 1273 257 1324; x_wconf 87' lang='lat'><strong>3.</strong></span> <span class='ocrx_word' id='word_1_39' title='bbox 287 1271 606 1342; x_wconf 84' lang='lat' dir='ltr'><strong>Responsio</strong></span> <span class='ocrx_word' id='word_1_40' title='bbox 662 1271 887 1345; x_wconf 84' lang='lat' dir='ltr'><strong>Signini</strong></span> <span class='ocrx_word' id='word_1_41' title='bbox 925 1273 1338 1347; x_wconf 80' lang='lat' dir='ltr'><strong>archiepiscopi</strong></span> <span class='ocrx_word' id='word_1_42' title='bbox 1373 1273 1443 1328; x_wconf 90' lang='lat' dir='ltr'><strong>de</strong></span> <span class='ocrx_word' id='word_1_43' title='bbox 1476 1274 1810 1346; x_wconf 78' lang='lat' dir='ltr'><strong>cognitione</strong></span> 
     </span>
    </p>
   </div>
   <div class='ocr_carea' id='block_1_11' title="bbox 269 1359 494 1430">
    <p class='ocr_par' dir='ltr' id='par_1_11' title="bbox 269 1359 494 1430">
     <span class='ocr_line' id='line_1_11' title="bbox 269 1359 494 1430; baseline 0.004 -17"><span class='ocrx_word' id='word_1_44' title='bbox 269 1359 494 1430; x_wconf 86' lang='lat' dir='ltr'><strong>judicii.</strong></span> 
     </span>
    </p>
   </div>
   <div class='ocr_carea' id='block_1_12' title="bbox 205 1447 1809 1523">
    <p class='ocr_par' dir='ltr' id='par_1_12' title="bbox 205 1447 1809 1523">
     <span class='ocr_line' id='line_1_12' title="bbox 205 1447 1809 1523; baseline 0.003 -22"><span class='ocrx_word' id='word_1_45' title='bbox 205 1448 256 1501; x_wconf 83' lang='lat'><strong>4.</strong></span> <span class='ocrx_word' id='word_1_46' title='bbox 289 1447 552 1518; x_wconf 87' lang='lat' dir='ltr'><strong>Objectio</strong></span> <span class='ocrx_word' id='word_1_47' title='bbox 608 1450 865 1505; x_wconf 88' lang='lat' dir='ltr'><strong>Daiberti</strong></span> <span class='ocrx_word' id='word_1_48' title='bbox 914 1450 1327 1523; x_wconf 83' lang='lat' dir='ltr'><strong>archiepiscopi</strong></span> <span class='ocrx_word' id='word_1_49' title='bbox 1370 1454 1428 1506; x_wconf 92' lang='lat' dir='ltr'><strong>et</strong></span> <span class='ocrx_word' id='word_1_50' title='bbox 1456 1451 1656 1506; x_wconf 88' lang='lat' dir='ltr'><strong>Hervei</strong></span> <span class='ocrx_word' id='word_1_51' title='bbox 1690 1452 1809 1523; x_wconf 92' lang='lat' dir='ltr'><strong>epi-</strong></span> 
     </span>
    </p>
   </div>
   <div class='ocr_carea' id='block_1_13' title="bbox 269 1537 453 1608">
    <p class='ocr_par' dir='ltr' id='par_1_13' title="bbox 269 1537 453 1608">
     <span class='ocr_line' id='line_1_13' title="bbox 269 1537 453 1608; baseline 0.005 -19"><span class='ocrx_word' id='word_1_52' title='bbox 269 1537 453 1608; x_wconf 79' lang='lat' dir='ltr'><strong>scapi.</strong></span> 
     </span>
    </p>
   </div>
   <div class='ocr_carea' id='block_1_14' title="bbox 205 1624 1258 1700">
    <p class='ocr_par' dir='ltr' id='par_1_14' title="bbox 205 1624 1258 1700">
     <span class='ocr_line' id='line_1_14' title="bbox 205 1624 1258 1700; baseline 0.002 -22"><span class='ocrx_word' id='word_1_53' title='bbox 205 1627 256 1679; x_wconf 84' lang='lat'><strong>5.</strong></span> <span class='ocrx_word' id='word_1_54' title='bbox 289 1624 644 1698; x_wconf 88' lang='lat' dir='ltr'><strong>Conquestio</strong></span> <span class='ocrx_word' id='word_1_55' title='bbox 677 1628 958 1682; x_wconf 87' lang='lat' dir='ltr'><strong>Brunonis</strong></span> <span class='ocrx_word' id='word_1_56' title='bbox 985 1627 1258 1700; x_wconf 87' lang='lat' dir='ltr'><strong>episcopi.</strong></span> 
     </span>
    </p>
   </div>
   <div class='ocr_carea' id='block_1_15' title="bbox 203 1715 1810 1790">
    <p class='ocr_par' dir='ltr' id='par_1_15' title="bbox 203 1715 1810 1790">
     <span class='ocr_line' id='line_1_15' title="bbox 203 1715 1810 1790; baseline 0.004 -24"><span class='ocrx_word' id='word_1_57' title='bbox 203 1715 251 1766; x_wconf 83' lang='lat'><strong>6.</strong></span> <span class='ocrx_word' id='word_1_58' title='bbox 281 1715 615 1770; x_wconf 87' lang='lat' dir='ltr'><strong>Prosecutio</strong></span> <span class='ocrx_word' id='word_1_59' title='bbox 638 1716 1010 1772; x_wconf 88' lang='lat' dir='ltr'><strong>Gotesmanni</strong></span> <span class='ocrx_word' id='word_1_60' title='bbox 1035 1723 1094 1771; x_wconf 90' lang='lat' dir='ltr'><strong>et</strong></span> <span class='ocrx_word' id='word_1_61' title='bbox 1113 1715 1396 1771; x_wconf 89' lang='lat' dir='ltr'><strong>Brunonis</strong></span> <span class='ocrx_word' id='word_1_62' title='bbox 1409 1717 1810 1790; x_wconf 90' lang='lat' dir='ltr'><strong>episcoporum</strong></span> 
     </span>
    </p>
   </div>
   <div class='ocr_carea' id='block_1_16' title="bbox 269 1803 1090 1861">
    <p class='ocr_par' dir='ltr' id='par_1_16' title="bbox 269 1803 1090 1861">
     <span class='ocr_line' id='line_1_16' title="bbox 269 1803 1090 1861; baseline 0.006 -6"><span class='ocrx_word' id='word_1_63' title='bbox 269 1803 340 1856; x_wconf 90' lang='lat' dir='ltr'><strong>de</strong></span> <span class='ocrx_word' id='word_1_64' title='bbox 373 1803 728 1859; x_wconf 83' lang='lat' dir='ltr'><strong>discussione</strong></span> <span class='ocrx_word' id='word_1_65' title='bbox 748 1810 819 1846; x_wconf 72' lang='lat'><strong>31&#39;</strong></span> <span class='ocrx_word' id='word_1_66' title='bbox 851 1807 1090 1861; x_wconf 81' lang='lat' dir='ltr'><strong>Arnulfi.</strong></span> 
     </span>
    </p>
   </div>
   <div class='ocr_carea' id='block_1_17' title="bbox 207 1891 1816 1968">
    <p class='ocr_par' dir='ltr' id='par_1_17' title="bbox 207 1891 1816 1968">
     <span class='ocr_line' id='line_1_17' title="bbox 207 1891 1816 1968; baseline 0.004 -24"><span class='ocrx_word' id='word_1_67' title='bbox 207 1895 256 1945; x_wconf 82' lang='lat'><strong>7.</strong></span> <span class='ocrx_word' id='word_1_68' title='bbox 285 1891 588 1947; x_wconf 84' lang='lat' dir='ltr'><strong>Ratbodus</strong></span> <span class='ocrx_word' id='word_1_69' title='bbox 616 1893 916 1965; x_wconf 91' lang='lat' dir='ltr'><strong>episcopus</strong></span> <span class='ocrx_word' id='word_1_70' title='bbox 935 1895 1332 1950; x_wconf 90' lang='lat' dir='ltr'><strong>Lotharienses</strong></span> <span class='ocrx_word' id='word_1_71' title='bbox 1359 1896 1654 1968; x_wconf 86' lang='lat' dir='ltr'><strong>episcopos</strong></span> <span class='ocrx_word' id='word_1_72' title='bbox 1674 1895 1816 1950; x_wconf 81' lang='lat' dir='ltr'><strong>ciro-</strong></span> 
     </span>
    </p>
   </div>
   <div class='ocr_carea' id='block_1_18' title="bbox 273 1981 1470 2056">
    <p class='ocr_par' dir='ltr' id='par_1_18' title="bbox 273 1981 1470 2056">
     <span class='ocr_line' id='line_1_18' title="bbox 273 1981 1470 2056; baseline 0.004 -22"><span class='ocrx_word' id='word_1_73' title='bbox 273 1981 572 2052; x_wconf 84' lang='lat' dir='ltr'><strong>graphum</strong></span> <span class='ocrx_word' id='word_1_74' title='bbox 598 1983 822 2038; x_wconf 81' lang='lat' dir='ltr'><strong>Arnulfi</strong></span> <span class='ocrx_word' id='word_1_75' title='bbox 851 1985 1279 2056; x_wconf 85' lang='lat' dir='ltr'><strong>reprehendere</strong></span> <span class='ocrx_word' id='word_1_76' title='bbox 1315 1987 1470 2041; x_wconf 85' lang='lat' dir='ltr'><strong>dicit.</strong></span> 
     </span>
    </p>
   </div>
   <div class='ocr_carea' id='block_1_19' title="bbox 210 2069 816 2125">
    <p class='ocr_par' dir='ltr' id='par_1_19' title="bbox 210 2069 816 2125">
     <span class='ocr_line' id='line_1_19' title="bbox 210 2069 816 2125; baseline 0.003 -2"><span class='ocrx_word' id='word_1_77' title='bbox 210 2071 259 2123; x_wconf 86' lang='lat'><strong>8.</strong></span> <span class='ocrx_word' id='word_1_78' title='bbox 288 2069 542 2124; x_wconf 82' lang='lat' dir='ltr'><strong>Libellus</strong></span> <span class='ocrx_word' id='word_1_79' title='bbox 572 2071 816 2125; x_wconf 80' lang='lat' dir='ltr'><strong>Arnulﬁ.</strong></span> 
     </span>
    </p>
   </div>
   <div class='ocr_carea' id='block_1_20' title="bbox 211 2158 1816 2234">
    <p class='ocr_par' dir='ltr' id='par_1_20' title="bbox 211 2158 1816 2234">
     <span class='ocr_line' id='line_1_20' title="bbox 211 2158 1816 2234; baseline 0.002 -24"><span class='ocrx_word' id='word_1_80' title='bbox 211 2159 260 2210; x_wconf 86' lang='lat'><strong>9.</strong></span> <span class='ocrx_word' id='word_1_81' title='bbox 291 2158 572 2212; x_wconf 81' lang='lat' dir='ltr'><strong>Arnulfus</strong></span> <span class='ocrx_word' id='word_1_82' title='bbox 596 2160 896 2231; x_wconf 90' lang='lat' dir='ltr'><strong>episcopus</strong></span> <span class='ocrx_word' id='word_1_83' title='bbox 920 2162 1171 2217; x_wconf 88' lang='lat' dir='ltr'><strong>eundem</strong></span> <span class='ocrx_word' id='word_1_84' title='bbox 1202 2162 1457 2217; x_wconf 91' lang='lat' dir='ltr'><strong>libellum</strong></span> <span class='ocrx_word' id='word_1_85' title='bbox 1480 2161 1539 2215; x_wconf 94' lang='lat' dir='ltr'><strong>in</strong></span> <span class='ocrx_word' id='word_1_86' title='bbox 1561 2164 1722 2234; x_wconf 89' lang='lat' dir='ltr'><strong>parte</strong></span> <span class='ocrx_word' id='word_1_87' title='bbox 1739 2159 1816 2214; x_wconf 90' lang='lat' dir='ltr'><strong>vi-</strong></span> 
     </span>
    </p>
   </div>
   <div class='ocr_carea' id='block_1_21' title="bbox 275 2248 1137 2319">
    <p class='ocr_par' dir='ltr' id='par_1_21' title="bbox 275 2248 1137 2319">
     <span class='ocr_line' id='line_1_21' title="bbox 275 2248 1137 2319; baseline 0.007 -20"><span class='ocrx_word' id='word_1_88' title='bbox 275 2249 512 2317; x_wconf 84' lang='lat' dir='ltr'><strong>tuperat</strong></span> <span class='ocrx_word' id='word_1_89' title='bbox 537 2250 598 2300; x_wconf 92' lang='lat' dir='ltr'><strong>et</strong></span> <span class='ocrx_word' id='word_1_90' title='bbox 635 2248 694 2300; x_wconf 92' lang='lat' dir='ltr'><strong>in</strong></span> <span class='ocrx_word' id='word_1_91' title='bbox 728 2252 891 2319; x_wconf 89' lang='lat' dir='ltr'><strong>parte</strong></span> <span class='ocrx_word' id='word_1_92' title='bbox 922 2249 1137 2305; x_wconf 81' lang='lat' dir='ltr'><strong>laudat.</strong></span> 
     </span>
    </p>
   </div>
   <div class='ocr_carea' id='block_1_22' title="bbox 212 2335 1706 2409">
    <p class='ocr_par' dir='ltr' id='par_1_22' title="bbox 212 2335 1706 2409">
     <span class='ocr_line' id='line_1_22' title="bbox 212 2335 1706 2409; baseline 0.002 -20"><span class='ocrx_word' id='word_1_93' title='bbox 212 2337 296 2389; x_wconf 87' lang='grc'><strong>10.</strong></span> <span class='ocrx_word' id='word_1_94' title='bbox 327 2335 638 2406; x_wconf 85' lang='lat' dir='ltr'><strong>Exemplar</strong></span> <span class='ocrx_word' id='word_1_95' title='bbox 653 2336 830 2391; x_wconf 91' lang='lat' dir='ltr'><strong>libelli</strong></span> <span class='ocrx_word' id='word_1_96' title='bbox 860 2339 1154 2409; x_wconf 88' lang='lat' dir='ltr'><strong>cujusdam</strong></span> <span class='ocrx_word' id='word_1_97' title='bbox 1172 2338 1408 2394; x_wconf 79' lang='lat' dir='ltr'><strong>heretici</strong></span> <span class='ocrx_word' id='word_1_98' title='bbox 1429 2338 1706 2394; x_wconf 87' lang='lat' dir='ltr'><strong>conversi.</strong></span> 
     </span>
    </p>
   </div>
   <div class='ocr_carea' id='block_1_23' title="bbox 213 2423 1278 2499">
    <p class='ocr_par' dir='ltr' id='par_1_23' title="bbox 213 2423 1278 2499">
     <span class='ocr_line' id='line_1_23' title="bbox 213 2423 1278 2499; baseline 0.006 -23"><span class='ocrx_word' id='word_1_99' title='bbox 213 2427 297 2477; x_wconf 87' lang='grc'><strong>11.</strong></span> <span class='ocrx_word' id='word_1_100' title='bbox 333 2423 628 2479; x_wconf 84' lang='lat' dir='ltr'><strong>Confessio</strong></span> <span class='ocrx_word' id='word_1_101' title='bbox 652 2425 923 2497; x_wconf 75' lang='lat' dir='ltr'><strong>Adalgeri</strong></span> <span class='ocrx_word' id='word_1_102' title='bbox 955 2427 1278 2499; x_wconf 89' lang='lat' dir='ltr'><strong>presbiteri.</strong></span> 
     </span>
    </p>
   </div>
   <div class='ocr_carea' id='block_1_24' title="bbox 214 2511 1816 2584">
    <p class='ocr_par' dir='ltr' id='par_1_24' title="bbox 214 2511 1816 2584">
     <span class='ocr_line' id='line_1_24' title="bbox 214 2511 1816 2584; baseline 0.002 -20"><span class='ocrx_word' id='word_1_103' title='bbox 214 2513 297 2565; x_wconf 89' lang='grc'><strong>12.</strong></span> <span class='ocrx_word' id='word_1_104' title='bbox 332 2511 456 2566; x_wconf 90' lang='lat' dir='ltr'><strong>Odo</strong></span> <span class='ocrx_word' id='word_1_105' title='bbox 497 2521 544 2554; x_wconf 72' lang='grc'><strong>³³</strong></span> <span class='ocrx_word' id='word_1_106' title='bbox 605 2513 907 2584; x_wconf 92' lang='lat' dir='ltr'><strong>episcopus</strong></span> <span class='ocrx_word' id='word_1_107' title='bbox 937 2515 1453 2572; x_wconf 73' lang='lat' dir='ltr'><strong>commonitorium</strong></span> <span class='ocrx_word' id='word_1_108' title='bbox 1485 2515 1705 2570; x_wconf 86' lang='lat' dir='ltr'><strong>Arnulfi</strong></span> <span class='ocrx_word' id='word_1_109' title='bbox 1759 2517 1816 2568; x_wconf 92' lang='lat' dir='ltr'><strong>et</strong></span> 
     </span>
    </p>
   </div>
   <div class='ocr_carea' id='block_1_25' title="bbox 279 2601 870 2658">
    <p class='ocr_par' dir='ltr' id='par_1_25' title="bbox 279 2601 870 2658">
     <span class='ocr_line' id='line_1_25' title="bbox 279 2601 870 2658; baseline 0.005 -3"><span class='ocrx_word' id='word_1_110' title='bbox 279 2601 597 2656; x_wconf 89' lang='lat' dir='ltr'><strong>anathema</strong></span> <span class='ocrx_word' id='word_1_111' title='bbox 633 2602 870 2658; x_wconf 86' lang='lat' dir='ltr'><strong>inducit.</strong></span> 
     </span>
    </p>
   </div>
   <div class='ocr_carea' id='block_1_26' title="bbox 212 2689 1502 2764">
    <p class='ocr_par' dir='ltr' id='par_1_26' title="bbox 212 2689 1502 2764">
     <span class='ocr_line' id='line_1_26' title="bbox 212 2689 1502 2764; baseline 0.004 -23"><span class='ocrx_word' id='word_1_112' title='bbox 212 2691 295 2742; x_wconf 92' lang='grc'><strong>13.</strong></span> <span class='ocrx_word' id='word_1_113' title='bbox 328 2689 656 2745; x_wconf 87' lang='lat' dir='ltr'><strong>Gualterius</strong></span> <span class='ocrx_word' id='word_1_114' title='bbox 685 2691 984 2764; x_wconf 85' lang='lat' dir='ltr'><strong>episcopus</strong></span> <span class='ocrx_word' id='word_1_115' title='bbox 1009 2710 1078 2747; x_wconf 92' lang='lat' dir='ltr'><strong>ea</strong></span> <span class='ocrx_word' id='word_1_116' title='bbox 1107 2693 1502 2764; x_wconf 89' lang='lat' dir='ltr'><strong>reprehendit.</strong></span> 
     </span>
    </p>
   </div>
   <div class='ocr_carea' id='block_1_27' title="bbox 211 2777 1634 2850">
    <p class='ocr_par' dir='ltr' id='par_1_27' title="bbox 211 2777 1634 2850">
     <span class='ocr_line' id='line_1_27' title="bbox 211 2777 1634 2850; baseline 0.004 -21"><span class='ocrx_word' id='word_1_117' title='bbox 211 2779 294 2832; x_wconf 80' lang='grc'><strong>14.</strong></span> <span class='ocrx_word' id='word_1_118' title='bbox 328 2777 510 2832; x_wconf 86' lang='lat' dir='ltr'><strong>Guido</strong></span> <span class='ocrx_word' id='word_1_119' title='bbox 542 2779 843 2850; x_wconf 91' lang='lat' dir='ltr'><strong>episcopus</strong></span> <span class='ocrx_word' id='word_1_120' title='bbox 873 2781 1026 2835; x_wconf 86' lang='lat' dir='ltr'><strong>aliud</strong></span> <span class='ocrx_word' id='word_1_121' title='bbox 1055 2782 1371 2835; x_wconf 87' lang='lat' dir='ltr'><strong>anathema</strong></span> <span class='ocrx_word' id='word_1_122' title='bbox 1397 2781 1634 2835; x_wconf 86' lang='lat' dir='ltr'><strong>inducit.</strong></span> 
     </span>
    </p>
   </div>
   <div class='ocr_carea' id='block_1_28' title="bbox 212 2865 1818 2940">
    <p class='ocr_par' dir='ltr' id='par_1_28' title="bbox 212 2865 1818 2940">
     <span class='ocr_line' id='line_1_28' title="bbox 212 2865 1818 2940; baseline 0.003 -21"><span class='ocrx_word' id='word_1_123' title='bbox 212 2868 296 2919; x_wconf 86' lang='grc'><strong>15.</strong></span> <span class='ocrx_word' id='word_1_124' title='bbox 332 2865 604 2937; x_wconf 88' lang='lat' dir='ltr'><strong>Siguinus</strong></span> <span class='ocrx_word' id='word_1_125' title='bbox 633 2869 1091 2940; x_wconf 85' lang='lat' dir='ltr'><strong>archiepiscopus</strong></span> <span class='ocrx_word' id='word_1_126' title='bbox 1123 2873 1582 2940; x_wconf 84' lang='lat' dir='ltr'><strong>argumentatur,</strong></span> <span class='ocrx_word' id='word_1_127' title='bbox 1615 2870 1818 2924; x_wconf 85' lang='lat' dir='ltr'><strong>Arnul-</strong></span> 
     </span>
    </p>
   </div>
   <div class='ocr_carea' id='block_1_29' title="bbox 275 2955 1600 3029">
    <p class='ocr_par' dir='ltr' id='par_1_29' title="bbox 275 2955 1600 3029">
     <span class='ocr_line' id='line_1_29' title="bbox 275 2955 1600 3029; baseline 0.002 -21"><span class='ocrx_word' id='word_1_128' title='bbox 275 2955 402 3008; x_wconf 85' lang='lat' dir='ltr'><strong>fum</strong></span> <span class='ocrx_word' id='word_1_129' title='bbox 434 2959 491 3009; x_wconf 92' lang='lat' dir='ltr'><strong>et</strong></span> <span class='ocrx_word' id='word_1_130' title='bbox 515 2973 648 3010; x_wconf 88' lang='lat' dir='ltr'><strong>suos</strong></span> <span class='ocrx_word' id='word_1_131' title='bbox 679 2957 984 3026; x_wconf 90' lang='lat' dir='ltr'><strong>complices</strong></span> <span class='ocrx_word' id='word_1_132' title='bbox 1017 2957 1363 3029; x_wconf 87' lang='lat' dir='ltr'><strong>dampnatos</strong></span> <span class='ocrx_word' id='word_1_133' title='bbox 1397 2957 1600 3011; x_wconf 89' lang='lat' dir='ltr'><strong>videri.</strong></span> 
     </span>
    </p>
   </div>
   <div class='ocr_carea' id='block_1_30' title="bbox 211 3044 1816 3118">
    <p class='ocr_par' dir='ltr' id='par_1_30' title="bbox 211 3044 1816 3118">
     <span class='ocr_line' id='line_1_30' title="bbox 211 3044 1816 3118; baseline 0.003 -22"><span class='ocrx_word' id='word_1_134' title='bbox 211 3044 296 3096; x_wconf 84' lang='grc'><strong>16.</strong></span> <span class='ocrx_word' id='word_1_135' title='bbox 329 3044 607 3114; x_wconf 80' lang='lat' dir='ltr'><strong>Exempla</strong></span> <span class='ocrx_word' id='word_1_136' title='bbox 635 3061 928 3099; x_wconf 91' lang='lat' dir='ltr'><strong>canonum</strong></span> <span class='ocrx_word' id='word_1_137' title='bbox 984 3046 1054 3100; x_wconf 88' lang='lat' dir='ltr'><strong>de</strong></span> <span class='ocrx_word' id='word_1_138' title='bbox 1109 3047 1440 3116; x_wconf 86' lang='lat' dir='ltr'><strong>dampnatis</strong></span> <span class='ocrx_word' id='word_1_139' title='bbox 1499 3047 1597 3118; x_wconf 88' lang='lat' dir='ltr'><strong>qui</strong></span> <span class='ocrx_word' id='word_1_140' title='bbox 1643 3045 1816 3100; x_wconf 90' lang='lat' dir='ltr'><strong>mini-</strong></span> 
     </span>
    </p>
   </div>
   <div class='ocr_carea' id='block_1_31' title="bbox 278 3134 484 3187">
    <p class='ocr_par' dir='ltr' id='par_1_31' title="bbox 278 3134 484 3187">
     <span class='ocr_line' id='line_1_31' title="bbox 278 3134 484 3187; baseline 0 -1"><span class='ocrx_word' id='word_1_141' title='bbox 278 3134 484 3187; x_wconf 87' lang='lat' dir='ltr'><strong>strant.</strong></span> 
     </span>
    </p>
   </div>
   <div class='ocr_carea' id='block_1_32' title="bbox 208 3222 1816 3296">
    <p class='ocr_par' dir='ltr' id='par_1_32' title="bbox 208 3222 1816 3296">
     <span class='ocr_line' id='line_1_32' title="bbox 208 3222 1816 3296; baseline 0.001 -20"><span class='ocrx_word' id='word_1_142' title='bbox 208 3225 298 3276; x_wconf 78' lang='lat' dir='ltr'><strong>I7.</strong></span> <span class='ocrx_word' id='word_1_143' title='bbox 329 3222 615 3294; x_wconf 76' lang='lat' dir='ltr'><strong>Arnulphi</strong></span> <span class='ocrx_word' id='word_1_144' title='bbox 663 3223 916 3295; x_wconf 88' lang='lat' dir='ltr'><strong>episcopi</strong></span> <span class='ocrx_word' id='word_1_145' title='bbox 975 3223 1294 3279; x_wconf 88' lang='lat' dir='ltr'><strong>admonitio</strong></span> <span class='ocrx_word' id='word_1_146' title='bbox 1343 3240 1448 3296; x_wconf 94' lang='lat' dir='ltr'><strong>pro</strong></span> <span class='ocrx_word' id='word_1_147' title='bbox 1481 3222 1816 3278; x_wconf 87' lang='lat' dir='ltr'><strong>defensione</strong></span> 
     </span>
    </p>
   </div>
   <div class='ocr_carea' id='block_1_33' title="bbox 276 3311 584 3381">
    <p class='ocr_par' dir='ltr' id='par_1_33' title="bbox 276 3311 584 3381">
     <span class='ocr_line' id='line_1_33' title="bbox 276 3311 584 3381; baseline -0.003 -17"><span class='ocrx_word' id='word_1_148' title='bbox 276 3311 584 3381; x_wconf 82' lang='lat' dir='ltr'><strong>Arnulphi.</strong></span> 
     </span>
    </p>
   </div>
   <div class='ocr_carea' id='block_1_34' title="bbox 211 3399 1814 3475">
    <p class='ocr_par' dir='ltr' id='par_1_34' title="bbox 211 3399 1814 3475">
     <span class='ocr_line' id='line_1_34' title="bbox 211 3399 1814 3475; baseline 0.002 -22"><span class='ocrx_word' id='word_1_149' title='bbox 211 3402 297 3454; x_wconf 88' lang='grc'><strong>18.</strong></span> <span class='ocrx_word' id='word_1_150' title='bbox 329 3399 559 3471; x_wconf 84' lang='lat' dir='ltr'><strong>Signini</strong></span> <span class='ocrx_word' id='word_1_151' title='bbox 585 3401 995 3474; x_wconf 85' lang='lat' dir='ltr'><strong>archiepiscopi</strong></span> <span class='ocrx_word' id='word_1_152' title='bbox 1021 3403 1332 3458; x_wconf 88' lang='lat' dir='ltr'><strong>anathema</strong></span> <span class='ocrx_word' id='word_1_153' title='bbox 1361 3419 1466 3475; x_wconf 90' lang='lat' dir='ltr'><strong>pro</strong></span> <span class='ocrx_word' id='word_1_154' title='bbox 1498 3402 1701 3457; x_wconf 91' lang='lat' dir='ltr'><strong>eadem</strong></span> <span class='ocrx_word' id='word_1_155' title='bbox 1731 3419 1814 3457; x_wconf 90' lang='lat' dir='ltr'><strong>re.</strong></span> 
     </span>
    </p>
   </div>
   <div class='ocr_carea' id='block_1_35' title="bbox 211 3488 1821 3563">
    <p class='ocr_par' dir='ltr' id='par_1_35' title="bbox 211 3488 1821 3563">
     <span class='ocr_line' id='line_1_35' title="bbox 211 3488 1821 3563; baseline 0.001 -19"><span class='ocrx_word' id='word_1_156' title='bbox 211 3491 299 3544; x_wconf 87' lang='grc'><strong>19.</strong></span> <span class='ocrx_word' id='word_1_157' title='bbox 328 3488 437 3552; x_wconf 88' lang='lat' dir='ltr'><strong>Qui</strong></span> <span class='ocrx_word' id='word_1_158' title='bbox 469 3491 837 3562; x_wconf 80' lang='lat' dir='ltr'><strong>Arnulphum</strong></span> <span class='ocrx_word' id='word_1_159' title='bbox 859 3491 1170 3547; x_wconf 85' lang='lat' dir='ltr'><strong>defendere</strong></span> <span class='ocrx_word' id='word_1_160' title='bbox 1184 3492 1374 3547; x_wconf 90' lang='lat' dir='ltr'><strong>conati</strong></span> <span class='ocrx_word' id='word_1_161' title='bbox 1388 3493 1604 3559; x_wconf 90' lang='lat' dir='ltr'><strong>sunt,et</strong></span> <span class='ocrx_word' id='word_1_162' title='bbox 1616 3491 1821 3563; x_wconf 89' lang='lat' dir='ltr'><strong>quibus</strong></span> 
     </span>
    </p>
   </div>
   <div class='ocr_carea' id='block_1_36' title="bbox 280 3564 586 3649">
    <p class='ocr_par' dir='ltr' id='par_1_36' title="bbox 280 3564 586 3649">
     <span class='ocr_line' id='line_1_36' title="bbox 280 3564 586 3649; baseline 0.003 -19"><span class='ocrx_word' id='word_1_163' title='bbox 280 3564 586 3649; x_wconf 77' lang='lat' dir='ltr'><strong>exemplis.</strong></span> 
     </span>
    </p>
   </div>
   <div class='ocr_carea' id='block_1_37' title="bbox 205 3666 1821 3744">
    <p class='ocr_par' dir='ltr' id='par_1_37' title="bbox 205 3666 1821 3744">
     <span class='ocr_line' id='line_1_37' title="bbox 205 3666 1821 3744; baseline 0.001 -22"><span class='ocrx_word' id='word_1_164' title='bbox 205 3668 296 3722; x_wconf 82' lang='lat'><strong>20.</strong></span> <span class='ocrx_word' id='word_1_165' title='bbox 325 3666 587 3740; x_wconf 86' lang='lat' dir='ltr'><strong>Epistola</strong></span> <span class='ocrx_word' id='word_1_166' title='bbox 637 3667 922 3740; x_wconf 89' lang='lat' dir='ltr'><strong>Stephani</strong></span> <span class='ocrx_word' id='word_1_167' title='bbox 955 3670 1370 3744; x_wconf 89' lang='lat' dir='ltr'><strong>archiepiscopi</strong></span> <span class='ocrx_word' id='word_1_168' title='bbox 1401 3670 1475 3724; x_wconf 91' lang='lat' dir='ltr'><strong>ad</strong></span> <span class='ocrx_word' id='word_1_169' title='bbox 1505 3671 1821 3726; x_wconf 85' lang='lat' dir='ltr'><strong>Damasum</strong></span> 
     </span>
    </p>
   </div>
   <div class='ocr_carea' id='block_1_38' title="bbox 287 3769 524 3827">
    <p class='ocr_par' dir='ltr' id='par_1_38' title="bbox 287 3769 524 3827">
     <span class='ocr_line' id='line_1_38' title="bbox 287 3769 524 3827; baseline -0.004 -18"><span class='ocrx_word' id='word_1_170' title='bbox 287 3769 524 3827; x_wconf 87' lang='lat' dir='ltr'><strong>papam.</strong></span> 
     </span>
    </p>
   </div>
   <div class='ocr_carea' id='block_1_39' title="bbox 208 3851 1367 3924">
    <p class='ocr_par' dir='ltr' id='par_1_39' title="bbox 208 3851 1367 3924">
     <span class='ocr_line' id='line_1_39' title="bbox 208 3851 1367 3924; baseline 0.004 -18"><span class='ocrx_word' id='word_1_171' title='bbox 208 3856 298 3907; x_wconf 83' lang='grc'><strong>21.</strong></span> <span class='ocrx_word' id='word_1_172' title='bbox 330 3851 698 3924; x_wconf 82' lang='lat' dir='ltr'><strong>Rescriptum</strong></span> <span class='ocrx_word' id='word_1_173' title='bbox 725 3854 957 3909; x_wconf 90' lang='lat' dir='ltr'><strong>Damasi</strong></span> <span class='ocrx_word' id='word_1_174' title='bbox 988 3855 1061 3910; x_wconf 89' lang='lat' dir='ltr'><strong>ad</strong></span> <span class='ocrx_word' id='word_1_175' title='bbox 1092 3856 1367 3911; x_wconf 90' lang='lat' dir='ltr'><strong>eundem.</strong></span> 
     </span>
    </p>
   </div>
   <div class='ocr_carea' id='block_1_40' title="bbox 209 3942 1825 4016">
    <p class='ocr_par' dir='ltr' id='par_1_40' title="bbox 209 3942 1825 4016">
     <span class='ocr_line' id='line_1_40' title="bbox 209 3942 1825 4016; baseline 0 -20"><span class='ocrx_word' id='word_1_176' title='bbox 209 3944 295 3996; x_wconf 81' lang='lat'><strong>22.</strong></span> <span class='ocrx_word' id='word_1_177' title='bbox 327 3942 629 3996; x_wconf 83' lang='lat' dir='ltr'><strong>Ratbodus</strong></span> <span class='ocrx_word' id='word_1_178' title='bbox 660 3943 956 4016; x_wconf 88' lang='lat' dir='ltr'><strong>episcopus</strong></span> <span class='ocrx_word' id='word_1_179' title='bbox 985 3945 1332 4000; x_wconf 90' lang='lat' dir='ltr'><strong>decretalem</strong></span> <span class='ocrx_word' id='word_1_180' title='bbox 1362 3946 1592 4000; x_wconf 84' lang='lat' dir='ltr'><strong>tomum</strong></span> <span class='ocrx_word' id='word_1_181' title='bbox 1622 3942 1825 3997; x_wconf 91' lang='lat' dir='ltr'><strong>sinodo</strong></span> 
     </span>
    </p>
   </div>
   <div class='ocr_carea' id='block_1_41' title="bbox 277 4030 1293 4102">
    <p class='ocr_par' dir='ltr' id='par_1_41' title="bbox 277 4030 1293 4102">
     <span class='ocr_line' id='line_1_41' title="bbox 277 4030 1293 4102; baseline 0.003 -16"><span class='ocrx_word' id='word_1_182' title='bbox 277 4030 528 4102; x_wconf 85' lang='lat' dir='ltr'><strong>porrigit</strong></span> <span class='ocrx_word' id='word_1_183' title='bbox 557 4047 663 4102; x_wconf 91' lang='lat' dir='ltr'><strong>pro</strong></span> <span class='ocrx_word' id='word_1_184' title='bbox 687 4033 908 4087; x_wconf 83' lang='lat' dir='ltr'><strong>Arnulﬁ</strong></span> <span class='ocrx_word' id='word_1_185' title='bbox 938 4033 1293 4090; x_wconf 83' lang='lat' dir='ltr'><strong>defensione.</strong></span> 
     </span>
    </p>
   </div>
   <div class='ocr_carea' id='block_1_42' title="bbox 210 4119 1828 4193">
    <p class='ocr_par' dir='ltr' id='par_1_42' title="bbox 210 4119 1828 4193">
     <span class='ocr_line' id='line_1_42' title="bbox 210 4119 1828 4193; baseline 0.001 -20"><span class='ocrx_word' id='word_1_186' title='bbox 210 4121 298 4174; x_wconf 88' lang='lat'><strong>23.</strong></span> <span class='ocrx_word' id='word_1_187' title='bbox 329 4120 529 4174; x_wconf 74' lang='lat' dir='ltr'><strong>Brevis</strong></span> <span class='ocrx_word' id='word_1_188' title='bbox 549 4121 850 4176; x_wconf 89' lang='lat' dir='ltr'><strong>annotatio</strong></span> <span class='ocrx_word' id='word_1_189' title='bbox 879 4122 1258 4177; x_wconf 88' lang='lat' dir='ltr'><strong>accusationis</strong></span> <span class='ocrx_word' id='word_1_190' title='bbox 1280 4125 1337 4176; x_wconf 93' lang='lat' dir='ltr'><strong>et</strong></span> <span class='ocrx_word' id='word_1_191' title='bbox 1357 4119 1828 4193; x_wconf 65' lang='lat' dir='ltr'><strong>defensionislAr-</strong></span> 
     </span>
    </p>
   </div>
   <div class='ocr_carea' id='block_1_43' title="bbox 212 4207 1824 4352">
    <p class='ocr_par' dir='ltr' id='par_1_43' title="bbox 212 4207 1824 4352">
     <span class='ocr_line' id='line_1_43' title="bbox 212 4207 1824 4352; baseline 0 -18"><span class='ocrx_word' id='word_1_192' title='bbox 212 4207 506 4343; x_wconf 52' lang='lat' dir='ltr'><strong>2:33od</strong></span> <span class='ocrx_word' id='word_1_193' title='bbox 522 4279 676 4350; x_wconf 85' lang='lat' dir='ltr'><strong>juste</strong></span> <span class='ocrx_word' id='word_1_194' title='bbox 699 4286 899 4352; x_wconf 89' lang='lat' dir='ltr'><strong>captus</strong></span> <span class='ocrx_word' id='word_1_195' title='bbox 918 4281 993 4336; x_wconf 91' lang='lat' dir='ltr'><strong>sit</strong></span> <span class='ocrx_word' id='word_1_196' title='bbox 1014 4299 1082 4338; x_wconf 84' lang='lat' dir='ltr'><strong>ex</strong></span> <span class='ocrx_word' id='word_1_197' title='bbox 1116 4281 1406 4337; x_wconf 81' lang='lat' dir='ltr'><strong>Affricano</strong></span> <span class='ocrx_word' id='word_1_198' title='bbox 1445 4284 1517 4324; x_wconf 66' lang='lat'><strong>83&#39;</strong></span> <span class='ocrx_word' id='word_1_199' title='bbox 1557 4279 1824 4336; x_wconf 84' lang='lat' dir='ltr'><strong>concilio.</strong></span> 
     </span>
    </p>
   </div>
   <div class='ocr_carea' id='block_1_44' title="bbox 212 4367 1830 4442">
    <p class='ocr_par' dir='ltr' id='par_1_44' title="bbox 212 4367 1830 4442">
     <span class='ocr_line' id='line_1_44' title="bbox 212 4367 1830 4442; baseline 0.001 -23"><span class='ocrx_word' id='word_1_200' title='bbox 212 4370 303 4420; x_wconf 81' lang='grc'><strong>25.</strong></span> <span class='ocrx_word' id='word_1_201' title='bbox 330 4367 644 4438; x_wconf 78' lang='lat' dir='ltr'><strong>Exemplar</strong></span> <span class='ocrx_word' id='word_1_202' title='bbox 667 4369 919 4440; x_wconf 69' lang='lat' dir='ltr'><strong>epistola:</strong></span> <span class='ocrx_word' id='word_1_203' title='bbox 948 4370 1102 4442; x_wconf 89' lang='lat' dir='ltr'><strong>regis</strong></span> <span class='ocrx_word' id='word_1_204' title='bbox 1131 4370 1204 4425; x_wconf 93' lang='lat' dir='ltr'><strong>ad</strong></span> <span class='ocrx_word' id='word_1_205' title='bbox 1235 4371 1568 4426; x_wconf 85' lang='lat' dir='ltr'><strong>Romanum</strong></span> <span class='ocrx_word' id='word_1_206' title='bbox 1598 4367 1830 4441; x_wconf 84' lang='lat' dir='ltr'><strong>pontiﬁ-</strong></span> 
     </span>
    </p>
   </div>
   <div class='ocr_carea' id='block_1_45' title="bbox 283 4455 1284 4529">
    <p class='ocr_par' dir='ltr' id='par_1_45' title="bbox 283 4455 1284 4529">
     <span class='ocr_line' id='line_1_45' title="bbox 283 4455 1284 4529; baseline 0.004 -21"><span class='ocrx_word' id='word_1_207' title='bbox 283 4471 419 4508; x_wconf 87' lang='lat' dir='ltr'><strong>cem</strong></span> <span class='ocrx_word' id='word_1_208' title='bbox 448 4455 677 4511; x_wconf 72' lang='lat' dir='ltr'><strong>directaa</strong></span> <span class='ocrx_word' id='word_1_209' title='bbox 707 4473 814 4529; x_wconf 90' lang='lat' dir='ltr'><strong>pro</strong></span> <span class='ocrx_word' id='word_1_210' title='bbox 843 4475 1014 4516; x_wconf 86' lang='lat' dir='ltr'><strong>causa</strong></span> <span class='ocrx_word' id='word_1_211' title='bbox 1040 4459 1284 4513; x_wconf 78' lang='lat' dir='ltr'><strong>Arnulfi.</strong></span> 
     </span>
    </p>
   </div>
   <div class='ocr_carea' id='block_1_46' title="bbox 213 4544 1330 4618">
    <p class='ocr_par' dir='ltr' id='par_1_46' title="bbox 213 4544 1330 4618">
     <span class='ocr_line' id='line_1_46' title="bbox 213 4544 1330 4618; baseline 0.004 -21"><span class='ocrx_word' id='word_1_212' title='bbox 213 4545 304 4610; x_wconf 84' lang='lat'><strong>26,</strong></span> <span class='ocrx_word' id='word_1_213' title='bbox 332 4544 483 4599; x_wconf 82' lang='lat' dir='ltr'><strong>Item</strong></span> <span class='ocrx_word' id='word_1_214' title='bbox 514 4545 918 4618; x_wconf 90' lang='lat' dir='ltr'><strong>episcoporum</strong></span> <span class='ocrx_word' id='word_1_215' title='bbox 952 4547 1025 4602; x_wconf 91' lang='lat' dir='ltr'><strong>ad</strong></span> <span class='ocrx_word' id='word_1_216' title='bbox 1054 4547 1330 4602; x_wconf 90' lang='lat' dir='ltr'><strong>eundem.</strong></span> 
     </span>
    </p>
   </div>
   <div class='ocr_carea' id='block_1_47' title="bbox 1087 394 2604 465">
    <p class='ocr_par' dir='ltr' id='par_1_47' title="bbox 1087 394 2604 465">
     <span class='ocr_line' id='line_1_47' title="bbox 1087 394 2604 465; baseline 0.002 -3"><span class='ocrx_word' id='word_1_217' title='bbox 1087 402 1344 462; x_wconf 77' lang='lat' dir='ltr'><strong>SPURIA</strong></span> <span class='ocrx_word' id='word_1_218' title='bbox 1372 394 1508 462; x_wconf 75' lang='lat' dir='ltr'><strong>AUT</strong></span> <span class='ocrx_word' id='word_1_219' title='bbox 1531 401 1803 461; x_wconf 79' lang='lat' dir='ltr'><strong>ALIENA.</strong></span> <span class='ocrx_word' id='word_1_220' title='bbox 1831 432 1906 446; x_wconf 90' lang='lat'><strong>-</strong></span> <span class='ocrx_word' id='word_1_221' title='bbox 1931 403 2086 461; x_wconf 82' lang='lat' dir='ltr'><strong>ACT.</strong></span> <span class='ocrx_word' id='word_1_222' title='bbox 2119 403 2322 462; x_wconf 81' lang='lat' dir='ltr'><strong>GONC.</strong></span> <span class='ocrx_word' id='word_1_223' title='bbox 2357 395 2604 465; x_wconf 42' lang='lat' dir='ltr'><strong>BASO&#39;L.</strong></span> 
     </span>
    </p>
   </div>
   <div class='ocr_carea' id='block_1_48' title="bbox 3408 409 3518 473">
    <p class='ocr_par' dir='ltr' id='par_1_48' title="bbox 3408 409 3518 473">
     <span class='ocr_line' id='line_1_48' title="bbox 3408 409 3518 473; baseline 0 0"><span class='ocrx_word' id='word_1_224' title='bbox 3408 409 3518 473; x_wconf 66' lang='lat'><strong>290</strong></span> 
     </span>
    </p>
   </div>
   <div class='ocr_carea' id='block_1_49' title="bbox 1911 525 3523 607">
    <p class='ocr_par' dir='ltr' id='par_1_49' title="bbox 1911 525 3523 607">
     <span class='ocr_line' id='line_1_49' title="bbox 1911 525 3523 607; baseline 0.008 -28"><span class='ocrx_word' id='word_1_225' title='bbox 1911 525 2070 580; x_wconf 90' lang='lat' dir='ltr'><strong>mani</strong></span> <span class='ocrx_word' id='word_1_226' title='bbox 2101 526 2352 598; x_wconf 89' lang='lat' dir='ltr'><strong>episcopi</strong></span> <span class='ocrx_word' id='word_1_227' title='bbox 2372 531 2747 600; x_wconf 87' lang='lat' dir='ltr'><strong>polestate,ut</strong></span> <span class='ocrx_word' id='word_1_228' title='bbox 2762 528 2958 587; x_wconf 88' lang='lat' dir='ltr'><strong>animo</strong></span> <span class='ocrx_word' id='word_1_229' title='bbox 2981 531 3523 607; x_wconf 84' lang='lat' dir='ltr'><strong>concepi,prolixius</strong></span> 
     </span>
    </p>
   </div>
   <div class='ocr_carea' id='block_1_50' title="bbox 1911 613 2236 685">
    <p class='ocr_par' dir='ltr' id='par_1_50' title="bbox 1911 613 2236 685">
     <span class='ocr_line' id='line_1_50' title="bbox 1911 613 2236 685; baseline 0.012 -17"><span class='ocrx_word' id='word_1_230' title='bbox 1911 613 2236 685; x_wconf 85' lang='lat' dir='ltr'><strong>disputabo.</strong></span> 
     </span>
    </p>
   </div>
   <div class='ocr_carea' id='block_1_51' title="bbox 1930 803 2892 877">
    <p class='ocr_par' dir='ltr' id='par_1_51' title="bbox 1930 803 2892 877">
     <span class='ocr_line' id='line_1_51' title="bbox 1930 803 2892 877; baseline 0.009 -9"><span class='ocrx_word' id='word_1_231' title='bbox 1930 803 2392 872; x_wconf 89' lang='lat' dir='ltr'><strong>INCIPIUNT</strong></span> <span class='ocrx_word' id='word_1_232' title='bbox 2441 806 2892 877; x_wconf 85' lang='lat' dir='ltr'><strong>CAPITULA.</strong></span> 
     </span>
    </p>
   </div>
   <div class='ocr_carea' id='block_1_52' title="bbox 1912 916 3516 997">
    <p class='ocr_par' dir='ltr' id='par_1_52' title="bbox 1912 916 3516 997">
     <span class='ocr_line' id='line_1_52' title="bbox 1912 916 3516 997; baseline 0.005 -24"><span class='ocrx_word' id='word_1_233' title='bbox 1912 921 1999 974; x_wconf 85' lang='lat'><strong>27.</strong></span> <span class='ocrx_word' id='word_1_234' title='bbox 2029 916 2176 981; x_wconf 86' lang='lat' dir='ltr'><strong>Quid</strong></span> <span class='ocrx_word' id='word_1_235' title='bbox 2208 917 2359 990; x_wconf 86' lang='lat' dir='ltr'><strong>regis</strong></span> <span class='ocrx_word' id='word_1_236' title='bbox 2381 923 2438 974; x_wconf 88' lang='lat' dir='ltr'><strong>et</strong></span> <span class='ocrx_word' id='word_1_237' title='bbox 2475 921 2759 977; x_wconf 88' lang='lat' dir='ltr'><strong>Brunonis</strong></span> <span class='ocrx_word' id='word_1_238' title='bbox 2807 922 3058 995; x_wconf 90' lang='lat' dir='ltr'><strong>episcopi</strong></span> <span class='ocrx_word' id='word_1_239' title='bbox 3103 924 3278 997; x_wconf 88' lang='lat' dir='ltr'><strong>legati</strong></span> <span class='ocrx_word' id='word_1_240' title='bbox 3318 924 3516 982; x_wconf 65' lang='lat' dir='ltr'><strong>Romae</strong></span> 
     </span>
    </p>
   </div>
   <div class='ocr_carea' id='block_1_53' title="bbox 1981 1006 2228 1076">
    <p class='ocr_par' dir='ltr' id='par_1_53' title="bbox 1981 1006 2228 1076">
     <span class='ocr_line' id='line_1_53' title="bbox 1981 1006 2228 1076; baseline 0 -16"><span class='ocrx_word' id='word_1_241' title='bbox 1981 1006 2228 1076; x_wconf 91' lang='lat' dir='ltr'><strong>egerint.</strong></span> 
     </span>
    </p>
   </div>
   <div class='ocr_carea' id='block_1_54' title="bbox 1910 1095 3522 1172">
    <p class='ocr_par' dir='ltr' id='par_1_54' title="bbox 1910 1095 3522 1172">
     <span class='ocr_line' id='line_1_54' title="bbox 1910 1095 3522 1172; baseline 0.004 -21"><span class='ocrx_word' id='word_1_242' title='bbox 1910 1096 1998 1151; x_wconf 84' lang='lat'><strong>28.</strong></span> <span class='ocrx_word' id='word_1_243' title='bbox 2034 1095 2345 1150; x_wconf 90' lang='lat' dir='ltr'><strong>Luculeuta</strong></span> <span class='ocrx_word' id='word_1_244' title='bbox 2376 1097 2561 1152; x_wconf 90' lang='lat' dir='ltr'><strong>oratio</strong></span> <span class='ocrx_word' id='word_1_245' title='bbox 2585 1099 2807 1154; x_wconf 82' lang='lat' dir='ltr'><strong>Arnulﬁ</strong></span> <span class='ocrx_word' id='word_1_246' title='bbox 2837 1099 3214 1172; x_wconf 88' lang='lat' dir='ltr'><strong>episcopivim</strong></span> <span class='ocrx_word' id='word_1_247' title='bbox 3240 1101 3423 1157; x_wconf 89' lang='lat' dir='ltr'><strong>tocius</strong></span> <span class='ocrx_word' id='word_1_248' title='bbox 3451 1100 3522 1157; x_wconf 81' lang='lat' dir='ltr'><strong>si-</strong></span> 
     </span>
    </p>
   </div>
   <div class='ocr_carea' id='block_1_55' title="bbox 1983 1185 2473 1240">
    <p class='ocr_par' dir='ltr' id='par_1_55' title="bbox 1983 1185 2473 1240">
     <span class='ocr_line' id='line_1_55' title="bbox 1983 1185 2473 1240; baseline 0.004 -2"><span class='ocrx_word' id='word_1_249' title='bbox 1983 1185 2119 1239; x_wconf 89' lang='lat' dir='ltr'><strong>nodi</strong></span> <span class='ocrx_word' id='word_1_250' title='bbox 2149 1186 2473 1240; x_wconf 90' lang='lat' dir='ltr'><strong>continens.</strong></span> 
     </span>
    </p>
   </div>
   <div class='ocr_carea' id='block_1_56' title="bbox 1912 1273 3196 1345">
    <p class='ocr_par' dir='ltr' id='par_1_56' title="bbox 1912 1273 3196 1345">
     <span class='ocr_line' id='line_1_56' title="bbox 1912 1273 3196 1345; baseline 0.005 -17"><span class='ocrx_word' id='word_1_251' title='bbox 1912 1275 1998 1328; x_wconf 90' lang='lat'><strong>29.</strong></span> <span class='ocrx_word' id='word_1_252' title='bbox 2021 1273 2293 1345; x_wconf 87' lang='lat' dir='ltr'><strong>Exempla</strong></span> <span class='ocrx_word' id='word_1_253' title='bbox 2323 1290 2612 1330; x_wconf 90' lang='lat' dir='ltr'><strong>canonum</strong></span> <span class='ocrx_word' id='word_1_254' title='bbox 2641 1280 2843 1331; x_wconf 89' lang='lat' dir='ltr'><strong>contra</strong></span> <span class='ocrx_word' id='word_1_255' title='bbox 2866 1277 3196 1334; x_wconf 78' lang='lat' dir='ltr'><strong>Amulium.</strong></span> 
     </span>
    </p>
   </div>
   <div class='ocr_carea' id='block_1_57' title="bbox 1915 1362 3519 1441">
    <p class='ocr_par' dir='ltr' id='par_1_57' title="bbox 1915 1362 3519 1441">
     <span class='ocr_line' id='line_1_57' title="bbox 1915 1362 3519 1441; baseline 0.006 -25"><span class='ocrx_word' id='word_1_256' title='bbox 1915 1363 2001 1416; x_wconf 89' lang='lat'><strong>30.</strong></span> <span class='ocrx_word' id='word_1_257' title='bbox 2035 1362 2307 1416; x_wconf 81' lang='lat' dir='ltr'><strong>Arnulfus</strong></span> <span class='ocrx_word' id='word_1_258' title='bbox 2337 1363 2395 1417; x_wconf 89' lang='lat' dir='ltr'><strong>in</strong></span> <span class='ocrx_word' id='word_1_259' title='bbox 2453 1364 2724 1420; x_wconf 92' lang='lat' dir='ltr'><strong>sinodum</strong></span> <span class='ocrx_word' id='word_1_260' title='bbox 2778 1365 3076 1422; x_wconf 89' lang='lat' dir='ltr'><strong>deductus.</strong></span> <span class='ocrx_word' id='word_1_261' title='bbox 3113 1367 3519 1441; x_wconf 89' lang='lat' dir='ltr'><strong>episcoporum</strong></span> 
     </span>
    </p>
   </div>
   <div class='ocr_carea' id='block_1_58' title="bbox 1985 1452 3519 1522">
    <p class='ocr_par' dir='ltr' id='par_1_58' title="bbox 1985 1452 3519 1522">
     <span class='ocr_line' id='line_1_58' title="bbox 1985 1452 3519 1522; baseline 0.006 -18"><span class='ocrx_word' id='word_1_262' title='bbox 1985 1452 2284 1507; x_wconf 86' lang='lat' dir='ltr'><strong>sententiis</strong></span> <span class='ocrx_word' id='word_1_263' title='bbox 2306 1454 2647 1508; x_wconf 90' lang='lat' dir='ltr'><strong>contradicit</strong></span> <span class='ocrx_word' id='word_1_264' title='bbox 2671 1472 2684 1522; x_wconf 88' lang='lat'><strong>;</strong></span> <span class='ocrx_word' id='word_1_265' title='bbox 2712 1455 2807 1508; x_wconf 90' lang='lat' dir='ltr'><strong>sed</strong></span> <span class='ocrx_word' id='word_1_266' title='bbox 2831 1455 3083 1510; x_wconf 84' lang='lat' dir='ltr'><strong>Rainerii</strong></span> <span class='ocrx_word' id='word_1_267' title='bbox 3109 1464 3156 1498; x_wconf 83' lang='grc'><strong>³³</strong></span> <span class='ocrx_word' id='word_1_268' title='bbox 3171 1457 3519 1513; x_wconf 87' lang='lat' dir='ltr'><strong>sententiam</strong></span> 
     </span>
    </p>
   </div>
   <div class='ocr_carea' id='block_1_59' title="bbox 1985 1540 2876 1613">
    <p class='ocr_par' dir='ltr' id='par_1_59' title="bbox 1985 1540 2876 1613">
     <span class='ocr_line' id='line_1_59' title="bbox 1985 1540 2876 1613; baseline 0.004 -20"><span class='ocrx_word' id='word_1_269' title='bbox 1985 1557 2103 1594; x_wconf 87' lang='lat' dir='ltr'><strong>non</strong></span> <span class='ocrx_word' id='word_1_270' title='bbox 2142 1540 2360 1607; x_wconf 84' lang='lat' dir='ltr'><strong>ferens,</strong></span> <span class='ocrx_word' id='word_1_271' title='bbox 2396 1558 2688 1596; x_wconf 90' lang='lat' dir='ltr'><strong>secessum</strong></span> <span class='ocrx_word' id='word_1_272' title='bbox 2712 1543 2876 1613; x_wconf 90' lang='lat' dir='ltr'><strong>petit.</strong></span> 
     </span>
    </p>
   </div>
   <div class='ocr_carea' id='block_1_60' title="bbox 1915 1628 3521 1705">
    <p class='ocr_par' dir='ltr' id='par_1_60' title="bbox 1915 1628 3521 1705">
     <span class='ocr_line' id='line_1_60' title="bbox 1915 1628 3521 1705; baseline 0.006 -25"><span class='ocrx_word' id='word_1_273' title='bbox 1915 1629 2001 1681; x_wconf 90' lang='grc'><strong>31.</strong></span> <span class='ocrx_word' id='word_1_274' title='bbox 2037 1628 2302 1696; x_wconf 92' lang='lat' dir='ltr'><strong>Sinodus,</strong></span> <span class='ocrx_word' id='word_1_275' title='bbox 2339 1629 2569 1685; x_wconf 90' lang='lat' dir='ltr'><strong>abiente</strong></span> <span class='ocrx_word' id='word_1_276' title='bbox 2595 1630 2924 1698; x_wconf 84' lang='lat' dir='ltr'><strong>Arnulfo,in</strong></span> <span class='ocrx_word' id='word_1_277' title='bbox 2957 1631 3080 1703; x_wconf 91' lang='lat' dir='ltr'><strong>ejus</strong></span> <span class='ocrx_word' id='word_1_278' title='bbox 3110 1632 3521 1705; x_wconf 88' lang='lat' dir='ltr'><strong>criminacapi-</strong></span> 
     </span>
    </p>
   </div>
   <div class='ocr_carea' id='block_1_61' title="bbox 1985 1717 2379 1772">
    <p class='ocr_par' dir='ltr' id='par_1_61' title="bbox 1985 1717 2379 1772">
     <span class='ocr_line' id='line_1_61' title="bbox 1985 1717 2379 1772; baseline 0.008 -3"><span class='ocrx_word' id='word_1_279' title='bbox 1985 1717 2103 1771; x_wconf 90' lang='lat' dir='ltr'><strong>tula</strong></span> <span class='ocrx_word' id='word_1_280' title='bbox 2117 1722 2379 1772; x_wconf 89' lang='lat' dir='ltr'><strong>annotat.</strong></span> 
     </span>
    </p>
   </div>
   <div class='ocr_carea' id='block_1_62' title="bbox 1916 1806 3520 1883">
    <p class='ocr_par' dir='ltr' id='par_1_62' title="bbox 1916 1806 3520 1883">
     <span class='ocr_line' id='line_1_62' title="bbox 1916 1806 3520 1883; baseline 0.005 -25"><span class='ocrx_word' id='word_1_281' title='bbox 1916 1806 2000 1858; x_wconf 89' lang='lat'><strong>32.</strong></span> <span class='ocrx_word' id='word_1_282' title='bbox 2041 1807 2120 1860; x_wconf 89' lang='lat' dir='ltr'><strong>De</strong></span> <span class='ocrx_word' id='word_1_283' title='bbox 2147 1806 2522 1862; x_wconf 82' lang='lat' dir='ltr'><strong>confinitimis</strong></span> <span class='ocrx_word' id='word_1_284' title='bbox 2552 1807 2806 1862; x_wconf 90' lang='lat' dir='ltr'><strong>hostium</strong></span> <span class='ocrx_word' id='word_1_285' title='bbox 2833 1809 3245 1879; x_wconf 84' lang='lat' dir='ltr'><strong>sacerdotibus,</strong></span> <span class='ocrx_word' id='word_1_286' title='bbox 3281 1810 3376 1883; x_wconf 89' lang='lat' dir='ltr'><strong>qui</strong></span> <span class='ocrx_word' id='word_1_287' title='bbox 3399 1810 3520 1866; x_wconf 88' lang='lat' dir='ltr'><strong>sine</strong></span> 
     </span>
    </p>
   </div>
   <div class='ocr_carea' id='block_1_63' title="bbox 1983 1893 2972 1968">
    <p class='ocr_par' dir='ltr' id='par_1_63' title="bbox 1983 1893 2972 1968">
     <span class='ocr_line' id='line_1_63' title="bbox 1983 1893 2972 1968; baseline 0.005 -22"><span class='ocrx_word' id='word_1_288' title='bbox 1983 1893 2136 1964; x_wconf 91' lang='lat' dir='ltr'><strong>regis</strong></span> <span class='ocrx_word' id='word_1_289' title='bbox 2165 1895 2397 1949; x_wconf 92' lang='lat' dir='ltr'><strong>licentia</strong></span> <span class='ocrx_word' id='word_1_290' title='bbox 2427 1896 2746 1967; x_wconf 89' lang='lat' dir='ltr'><strong>legationes</strong></span> <span class='ocrx_word' id='word_1_291' title='bbox 2772 1901 2972 1968; x_wconf 85' lang='lat' dir='ltr'><strong>agunt.</strong></span> 
     </span>
    </p>
   </div>
   <div class='ocr_carea' id='block_1_64' title="bbox 1917 1983 3517 2057">
    <p class='ocr_par' dir='ltr' id='par_1_64' title="bbox 1917 1983 3517 2057">
     <span class='ocr_line' id='line_1_64' title="bbox 1917 1983 3517 2057; baseline 0.004 -22"><span class='ocrx_word' id='word_1_292' title='bbox 1917 1983 2004 2036; x_wconf 88' lang='lat'><strong>33.</strong></span> <span class='ocrx_word' id='word_1_293' title='bbox 2030 1984 2105 2037; x_wconf 92' lang='lat' dir='ltr'><strong>De</strong></span> <span class='ocrx_word' id='word_1_294' title='bbox 2123 1983 2209 2038; x_wconf 88' lang='lat' dir='ltr'><strong>his</strong></span> <span class='ocrx_word' id='word_1_295' title='bbox 2222 1985 2318 2056; x_wconf 92' lang='lat' dir='ltr'><strong>qui</strong></span> <span class='ocrx_word' id='word_1_296' title='bbox 2332 1984 2563 2057; x_wconf 89' lang='lat' dir='ltr'><strong>regibus</strong></span> <span class='ocrx_word' id='word_1_297' title='bbox 2575 1985 2751 2040; x_wconf 84' lang='lat' dir='ltr'><strong>fidem</strong></span> <span class='ocrx_word' id='word_1_298' title='bbox 2769 1986 3114 2056; x_wconf 85' lang='lat' dir='ltr'><strong>promissam</strong></span> <span class='ocrx_word' id='word_1_299' title='bbox 3130 2003 3246 2041; x_wconf 90' lang='lat' dir='ltr'><strong>non</strong></span> <span class='ocrx_word' id='word_1_300' title='bbox 3267 1989 3517 2043; x_wconf 89' lang='lat' dir='ltr'><strong>servant.</strong></span> 
     </span>
    </p>
   </div>
   <div class='ocr_carea' id='block_1_65' title="bbox 1913 2072 3519 2145">
    <p class='ocr_par' dir='ltr' id='par_1_65' title="bbox 1913 2072 3519 2145">
     <span class='ocr_line' id='line_1_65' title="bbox 1913 2072 3519 2145; baseline 0.004 -21"><span class='ocrx_word' id='word_1_301' title='bbox 1913 2072 2002 2124; x_wconf 85' lang='grc'><strong>34.</strong></span> <span class='ocrx_word' id='word_1_302' title='bbox 2036 2073 2113 2126; x_wconf 87' lang='lat' dir='ltr'><strong>De</strong></span> <span class='ocrx_word' id='word_1_303' title='bbox 2141 2073 2358 2127; x_wconf 87' lang='lat' dir='ltr'><strong>clericis</strong></span> <span class='ocrx_word' id='word_1_304' title='bbox 2405 2073 2503 2144; x_wconf 90' lang='lat' dir='ltr'><strong>qui</strong></span> <span class='ocrx_word' id='word_1_305' title='bbox 2555 2075 2820 2145; x_wconf 90' lang='lat' dir='ltr'><strong>capitalia</strong></span> <span class='ocrx_word' id='word_1_306' title='bbox 2851 2074 3099 2129; x_wconf 91' lang='lat' dir='ltr'><strong>crimina</strong></span> <span class='ocrx_word' id='word_1_307' title='bbox 3126 2075 3519 2142; x_wconf 89' lang='lat' dir='ltr'><strong>committunt,</strong></span> 
     </span>
    </p>
   </div>
   <div class='ocr_carea' id='block_1_66' title="bbox 1916 2161 2956 2233">
    <p class='ocr_par' dir='ltr' id='par_1_66' title="bbox 1916 2161 2956 2233">
     <span class='ocr_line' id='line_1_66' title="bbox 1916 2161 2956 2233; baseline 0.004 -19"><span class='ocrx_word' id='word_1_308' title='bbox 1916 2163 2003 2215; x_wconf 84' lang='lat'><strong>35.</strong></span> <span class='ocrx_word' id='word_1_309' title='bbox 2040 2161 2118 2215; x_wconf 90' lang='lat' dir='ltr'><strong>De</strong></span> <span class='ocrx_word' id='word_1_310' title='bbox 2146 2162 2614 2233; x_wconf 84' lang='lat' dir='ltr'><strong>confugientibus</strong></span> <span class='ocrx_word' id='word_1_311' title='bbox 2639 2163 2711 2217; x_wconf 90' lang='lat' dir='ltr'><strong>ad</strong></span> <span class='ocrx_word' id='word_1_312' title='bbox 2741 2163 2956 2220; x_wconf 87' lang='lat' dir='ltr'><strong>hostes.</strong></span> 
     </span>
    </p>
   </div>
   <div class='ocr_carea' id='block_1_67' title="bbox 1916 2250 3526 2322">
    <p class='ocr_par' dir='ltr' id='par_1_67' title="bbox 1916 2250 3526 2322">
     <span class='ocr_line' id='line_1_67' title="bbox 1916 2250 3526 2322; baseline 0.001 -17"><span class='ocrx_word' id='word_1_313' title='bbox 1916 2253 2004 2308; x_wconf 86' lang='lat'><strong>36.</strong></span> <span class='ocrx_word' id='word_1_314' title='bbox 2034 2252 2113 2304; x_wconf 88' lang='lat' dir='ltr'><strong>De</strong></span> <span class='ocrx_word' id='word_1_315' title='bbox 2146 2251 2234 2304; x_wconf 90' lang='lat' dir='ltr'><strong>his</strong></span> <span class='ocrx_word' id='word_1_316' title='bbox 2264 2251 2382 2322; x_wconf 92' lang='lat' dir='ltr'><strong>qui,</strong></span> <span class='ocrx_word' id='word_1_317' title='bbox 2411 2268 2547 2322; x_wconf 92' lang='lat' dir='ltr'><strong>rege</strong></span> <span class='ocrx_word' id='word_1_318' title='bbox 2567 2251 2891 2322; x_wconf 85' lang='lat' dir='ltr'><strong>superstite,</strong></span> <span class='ocrx_word' id='word_1_319' title='bbox 2925 2254 3022 2306; x_wconf 91' lang='lat' dir='ltr'><strong>aut</strong></span> <span class='ocrx_word' id='word_1_320' title='bbox 3047 2250 3154 2306; x_wconf 89' lang='lat' dir='ltr'><strong>sibi</strong></span> <span class='ocrx_word' id='word_1_321' title='bbox 3190 2254 3287 2307; x_wconf 89' lang='lat' dir='ltr'><strong>aut</strong></span> <span class='ocrx_word' id='word_1_322' title='bbox 3303 2250 3428 2306; x_wconf 90' lang='lat' dir='ltr'><strong>aliis</strong></span> <span class='ocrx_word' id='word_1_323' title='bbox 3443 2251 3526 2306; x_wconf 85' lang='lat' dir='ltr'><strong>af-</strong></span> 
     </span>
    </p>
   </div>
   <div class='ocr_carea' id='block_1_68' title="bbox 1987 2339 2880 2412">
    <p class='ocr_par' dir='ltr' id='par_1_68' title="bbox 1987 2339 2880 2412">
     <span class='ocr_line' id='line_1_68' title="bbox 1987 2339 2880 2412; baseline 0.001 -18"><span class='ocrx_word' id='word_1_324' title='bbox 1987 2340 2246 2394; x_wconf 86' lang='lat' dir='ltr'><strong>futurum</strong></span> <span class='ocrx_word' id='word_1_325' title='bbox 2279 2339 2585 2410; x_wconf 89' lang='lat' dir='ltr'><strong>provident</strong></span> <span class='ocrx_word' id='word_1_326' title='bbox 2609 2357 2880 2412; x_wconf 89' lang='lat' dir='ltr'><strong>regnum.</strong></span> 
     </span>
    </p>
   </div>
   <div class='ocr_carea' id='block_1_69' title="bbox 1917 2429 2954 2502">
    <p class='ocr_par' dir='ltr' id='par_1_69' title="bbox 1917 2429 2954 2502">
     <span class='ocr_line' id='line_1_69' title="bbox 1917 2429 2954 2502; baseline -0.002 -15"><span class='ocrx_word' id='word_1_327' title='bbox 1917 2434 2004 2487; x_wconf 86' lang='lat'><strong>37.</strong></span> <span class='ocrx_word' id='word_1_328' title='bbox 2044 2432 2124 2485; x_wconf 93' lang='lat' dir='ltr'><strong>De</strong></span> <span class='ocrx_word' id='word_1_329' title='bbox 2148 2429 2407 2484; x_wconf 91' lang='lat' dir='ltr'><strong>custodia</strong></span> <span class='ocrx_word' id='word_1_330' title='bbox 2437 2429 2558 2483; x_wconf 65' lang='lat' dir='ltr'><strong>vitm</strong></span> <span class='ocrx_word' id='word_1_331' title='bbox 2605 2430 2954 2502; x_wconf 90' lang='lat' dir='ltr'><strong>principum.</strong></span> 
     </span>
    </p>
   </div>
   <div class='ocr_carea' id='block_1_70' title="bbox 1918 2517 3428 2590">
    <p class='ocr_par' dir='ltr' id='par_1_70' title="bbox 1918 2517 3428 2590">
     <span class='ocr_line' id='line_1_70' title="bbox 1918 2517 3428 2590; baseline 0 -16"><span class='ocrx_word' id='word_1_332' title='bbox 1918 2522 2004 2574; x_wconf 87' lang='lat'><strong>38.</strong></span> <span class='ocrx_word' id='word_1_333' title='bbox 2041 2521 2119 2574; x_wconf 92' lang='lat' dir='ltr'><strong>De</strong></span> <span class='ocrx_word' id='word_1_334' title='bbox 2150 2519 2366 2589; x_wconf 82' lang='lat' dir='ltr'><strong>refugis</strong></span> <span class='ocrx_word' id='word_1_335' title='bbox 2391 2521 2564 2590; x_wconf 89' lang='lat' dir='ltr'><strong>atque</strong></span> <span class='ocrx_word' id='word_1_336' title='bbox 2598 2518 2832 2590; x_wconf 80' lang='lat' dir='ltr'><strong>perﬁdis</strong></span> <span class='ocrx_word' id='word_1_337' title='bbox 2857 2517 3074 2572; x_wconf 91' lang='lat' dir='ltr'><strong>clericis</strong></span> <span class='ocrx_word' id='word_1_338' title='bbox 3101 2517 3213 2572; x_wconf 85' lang='lat' dir='ltr'><strong>sive</strong></span> <span class='ocrx_word' id='word_1_339' title='bbox 3252 2517 3428 2574; x_wconf 89' lang='lat' dir='ltr'><strong>laicis.</strong></span> 
     </span>
    </p>
   </div>
   <div class='ocr_carea' id='block_1_71' title="bbox 1919 2606 3522 2679">
    <p class='ocr_par' dir='ltr' id='par_1_71' title="bbox 1919 2606 3522 2679">
     <span class='ocr_line' id='line_1_71' title="bbox 1919 2606 3522 2679; baseline -0.001 -17"><span class='ocrx_word' id='word_1_340' title='bbox 1919 2610 2005 2662; x_wconf 88' lang='lat'><strong>39.</strong></span> <span class='ocrx_word' id='word_1_341' title='bbox 2031 2609 2109 2662; x_wconf 89' lang='lat' dir='ltr'><strong>De</strong></span> <span class='ocrx_word' id='word_1_342' title='bbox 2141 2607 2360 2661; x_wconf 89' lang='lat' dir='ltr'><strong>clericis</strong></span> <span class='ocrx_word' id='word_1_343' title='bbox 2387 2609 2470 2661; x_wconf 91' lang='lat' dir='ltr'><strong>vel</strong></span> <span class='ocrx_word' id='word_1_344' title='bbox 2489 2607 2788 2661; x_wconf 88' lang='lat' dir='ltr'><strong>monachis</strong></span> <span class='ocrx_word' id='word_1_345' title='bbox 2810 2612 3013 2662; x_wconf 90' lang='lat' dir='ltr'><strong>contra</strong></span> <span class='ocrx_word' id='word_1_346' title='bbox 3035 2623 3232 2678; x_wconf 90' lang='lat' dir='ltr'><strong>regem</strong></span> <span class='ocrx_word' id='word_1_347' title='bbox 3258 2606 3522 2679; x_wconf 87' lang='lat' dir='ltr'><strong>perjuris.</strong></span> 
     </span>
    </p>
   </div>
   <div class='ocr_carea' id='block_1_72' title="bbox 1917 2695 3524 2767">
    <p class='ocr_par' dir='ltr' id='par_1_72' title="bbox 1917 2695 3524 2767">
     <span class='ocr_line' id='line_1_72' title="bbox 1917 2695 3524 2767; baseline -0.001 -17"><span class='ocrx_word' id='word_1_348' title='bbox 1917 2699 2005 2752; x_wconf 89' lang='lat'><strong>40.</strong></span> <span class='ocrx_word' id='word_1_349' title='bbox 2036 2695 2450 2767; x_wconf 89' lang='lat' dir='ltr'><strong>Episcoporum</strong></span> <span class='ocrx_word' id='word_1_350' title='bbox 2477 2695 2758 2763; x_wconf 93' lang='lat' dir='ltr'><strong>collectio,</strong></span> <span class='ocrx_word' id='word_1_351' title='bbox 2801 2700 2859 2750; x_wconf 93' lang='lat' dir='ltr'><strong>et</strong></span> <span class='ocrx_word' id='word_1_352' title='bbox 2883 2695 3104 2750; x_wconf 81' lang='lat' dir='ltr'><strong>Arnulﬁ</strong></span> <span class='ocrx_word' id='word_1_353' title='bbox 3138 2696 3442 2764; x_wconf 87' lang='lat' dir='ltr'><strong>confessio,</strong></span> <span class='ocrx_word' id='word_1_354' title='bbox 3467 2697 3524 2750; x_wconf 90' lang='lat' dir='ltr'><strong>et</strong></span> 
     </span>
    </p>
   </div>
   <div class='ocr_carea' id='block_1_73' title="bbox 1987 2783 2984 2856">
    <p class='ocr_par' dir='ltr' id='par_1_73' title="bbox 1987 2783 2984 2856">
     <span class='ocr_line' id='line_1_73' title="bbox 1987 2783 2984 2856; baseline -0.001 -18"><span class='ocrx_word' id='word_1_355' title='bbox 1987 2800 2157 2856; x_wconf 90' lang='lat' dir='ltr'><strong>super</strong></span> <span class='ocrx_word' id='word_1_356' title='bbox 2184 2784 2308 2854; x_wconf 86' lang='lat' dir='ltr'><strong>ejus</strong></span> <span class='ocrx_word' id='word_1_357' title='bbox 2343 2783 2711 2855; x_wconf 90' lang='lat' dir='ltr'><strong>depositione</strong></span> <span class='ocrx_word' id='word_1_358' title='bbox 2741 2784 2984 2855; x_wconf 89' lang='lat' dir='ltr'><strong>questio.</strong></span> 
     </span>
    </p>
   </div>
   <div class='ocr_carea' id='block_1_74' title="bbox 1917 2872 2983 2944">
    <p class='ocr_par' dir='ltr' id='par_1_74' title="bbox 1917 2872 2983 2944">
     <span class='ocr_line' id='line_1_74' title="bbox 1917 2872 2983 2944; baseline -0.002 -16"><span class='ocrx_word' id='word_1_359' title='bbox 1917 2875 2006 2928; x_wconf 87' lang='grc'><strong>41.</strong></span> <span class='ocrx_word' id='word_1_360' title='bbox 2040 2875 2118 2927; x_wconf 92' lang='lat' dir='ltr'><strong>De</strong></span> <span class='ocrx_word' id='word_1_361' title='bbox 2138 2872 2378 2927; x_wconf 82' lang='lat' dir='ltr'><strong>Maximo</strong></span> <span class='ocrx_word' id='word_1_362' title='bbox 2410 2873 2677 2944; x_wconf 88' lang='lat' dir='ltr'><strong>episcopo</strong></span> <span class='ocrx_word' id='word_1_363' title='bbox 2701 2873 2983 2943; x_wconf 89' lang='lat' dir='ltr'><strong>deposito.</strong></span> 
     </span>
    </p>
   </div>
   <div class='ocr_carea' id='block_1_75' title="bbox 1917 2959 2775 3029">
    <p class='ocr_par' dir='ltr' id='par_1_75' title="bbox 1917 2959 2775 3029">
     <span class='ocr_line' id='line_1_75' title="bbox 1917 2959 2775 3029; baseline -0.005 -13"><span class='ocrx_word' id='word_1_364' title='bbox 1917 2963 2006 3016; x_wconf 82' lang='lat'><strong>42.</strong></span> <span class='ocrx_word' id='word_1_365' title='bbox 2039 2962 2117 3015; x_wconf 92' lang='lat' dir='ltr'><strong>De</strong></span> <span class='ocrx_word' id='word_1_366' title='bbox 2151 2959 2402 3013; x_wconf 87' lang='lat' dir='ltr'><strong>Eulicete</strong></span> <span class='ocrx_word' id='word_1_367' title='bbox 2434 2959 2775 3029; x_wconf 90' lang='lat' dir='ltr'><strong>presbitero.</strong></span> 
     </span>
    </p>
   </div>
   <div class='ocr_carea' id='block_1_76' title="bbox 1915 3047 2947 3118">
    <p class='ocr_par' dir='ltr' id='par_1_76' title="bbox 1915 3047 2947 3118">
     <span class='ocr_line' id='line_1_76' title="bbox 1915 3047 2947 3118; baseline -0.002 -14"><span class='ocrx_word' id='word_1_368' title='bbox 1915 3051 2006 3106; x_wconf 89' lang='lat'><strong>43.</strong></span> <span class='ocrx_word' id='word_1_369' title='bbox 2039 3049 2118 3102; x_wconf 92' lang='lat' dir='ltr'><strong>De</strong></span> <span class='ocrx_word' id='word_1_370' title='bbox 2151 3047 2425 3102; x_wconf 82' lang='lat' dir='ltr'><strong>Ratherio</strong></span> <span class='ocrx_word' id='word_1_371' title='bbox 2453 3051 2511 3101; x_wconf 93' lang='lat' dir='ltr'><strong>et</strong></span> <span class='ocrx_word' id='word_1_372' title='bbox 2531 3048 2702 3101; x_wconf 92' lang='lat' dir='ltr'><strong>Petro</strong></span> <span class='ocrx_word' id='word_1_373' title='bbox 2730 3047 2947 3118; x_wconf 90' lang='lat' dir='ltr'><strong>ejectis.</strong></span> 
     </span>
    </p>
   </div>
   <div class='ocr_carea' id='block_1_77' title="bbox 1916 3136 2673 3208">
    <p class='ocr_par' dir='ltr' id='par_1_77' title="bbox 1916 3136 2673 3208">
     <span class='ocr_line' id='line_1_77' title="bbox 1916 3136 2673 3208; baseline -0.004 -14"><span class='ocrx_word' id='word_1_374' title='bbox 1916 3141 2005 3196; x_wconf 83' lang='lat'><strong>44.</strong></span> <span class='ocrx_word' id='word_1_375' title='bbox 2040 3140 2116 3193; x_wconf 87' lang='lat' dir='ltr'><strong>De</strong></span> <span class='ocrx_word' id='word_1_376' title='bbox 2139 3138 2350 3208; x_wconf 87' lang='lat' dir='ltr'><strong>injuste</strong></span> <span class='ocrx_word' id='word_1_377' title='bbox 2375 3136 2673 3207; x_wconf 89' lang='lat' dir='ltr'><strong>depositis.</strong></span> 
     </span>
    </p>
   </div>
   <div class='ocr_carea' id='block_1_78' title="bbox 1917 3224 3150 3296">
    <p class='ocr_par' dir='ltr' id='par_1_78' title="bbox 1917 3224 3150 3296">
     <span class='ocr_line' id='line_1_78' title="bbox 1917 3224 3150 3296; baseline -0.002 -13"><span class='ocrx_word' id='word_1_378' title='bbox 1917 3230 2006 3283; x_wconf 83' lang='grc'><strong>45.</strong></span> <span class='ocrx_word' id='word_1_379' title='bbox 2042 3226 2342 3291; x_wconf 85' lang='lat' dir='ltr'><strong>Quomodo</strong></span> <span class='ocrx_word' id='word_1_380' title='bbox 2369 3226 2640 3280; x_wconf 88' lang='lat' dir='ltr'><strong>Arnulfus</strong></span> <span class='ocrx_word' id='word_1_381' title='bbox 2671 3224 2883 3296; x_wconf 88' lang='lat' dir='ltr'><strong>deponi</strong></span> <span class='ocrx_word' id='word_1_382' title='bbox 2922 3224 3150 3281; x_wconf 88' lang='lat' dir='ltr'><strong>debeat.</strong></span> 
     </span>
    </p>
   </div>
   <div class='ocr_carea' id='block_1_79' title="bbox 1917 3310 3521 3387">
    <p class='ocr_par' dir='ltr' id='par_1_79' title="bbox 1917 3310 3521 3387">
     <span class='ocr_line' id='line_1_79' title="bbox 1917 3310 3521 3387; baseline -0.003 -15"><span class='ocrx_word' id='word_1_383' title='bbox 1917 3319 2007 3372; x_wconf 90' lang='lat'><strong>46.</strong></span> <span class='ocrx_word' id='word_1_384' title='bbox 2043 3316 2379 3387; x_wconf 88' lang='lat' dir='ltr'><strong>Exemplum</strong></span> <span class='ocrx_word' id='word_1_385' title='bbox 2412 3315 2483 3369; x_wconf 93' lang='lat' dir='ltr'><strong>de</strong></span> <span class='ocrx_word' id='word_1_386' title='bbox 2502 3314 2765 3369; x_wconf 91' lang='lat' dir='ltr'><strong>Potomio</strong></span> <span class='ocrx_word' id='word_1_387' title='bbox 2799 3312 3225 3384; x_wconf 90' lang='lat' dir='ltr'><strong>archiepiscopo</strong></span> <span class='ocrx_word' id='word_1_388' title='bbox 3240 3310 3521 3382; x_wconf 89' lang='lat' dir='ltr'><strong>deposito.</strong></span> 
     </span>
    </p>
   </div>
   <div class='ocr_carea' id='block_1_80' title="bbox 1920 3402 2988 3474">
    <p class='ocr_par' dir='ltr' id='par_1_80' title="bbox 1920 3402 2988 3474">
     <span class='ocr_line' id='line_1_80' title="bbox 1920 3402 2988 3474; baseline -0.005 -14"><span class='ocrx_word' id='word_1_389' title='bbox 1920 3408 2010 3461; x_wconf 87' lang='lat'><strong>47.</strong></span> <span class='ocrx_word' id='word_1_390' title='bbox 2043 3404 2124 3457; x_wconf 91' lang='lat' dir='ltr'><strong>De</strong></span> <span class='ocrx_word' id='word_1_391' title='bbox 2155 3403 2356 3474; x_wconf 88' lang='lat' dir='ltr'><strong>Egidio</strong></span> <span class='ocrx_word' id='word_1_392' title='bbox 2385 3407 2442 3458; x_wconf 92' lang='lat' dir='ltr'><strong>et</strong></span> <span class='ocrx_word' id='word_1_393' title='bbox 2472 3404 2666 3458; x_wconf 89' lang='lat' dir='ltr'><strong>Ebone</strong></span> <span class='ocrx_word' id='word_1_394' title='bbox 2698 3402 2988 3474; x_wconf 90' lang='lat' dir='ltr'><strong>depositis.</strong></span> 
     </span>
    </p>
   </div>
   <div class='ocr_carea' id='block_1_81' title="bbox 1921 3491 2903 3562">
    <p class='ocr_par' dir='ltr' id='par_1_81' title="bbox 1921 3491 2903 3562">
     <span class='ocr_line' id='line_1_81' title="bbox 1921 3491 2903 3562; baseline -0.001 -15"><span class='ocrx_word' id='word_1_395' title='bbox 1921 3494 2012 3547; x_wconf 86' lang='lat'><strong>48.</strong></span> <span class='ocrx_word' id='word_1_396' title='bbox 2046 3493 2126 3546; x_wconf 91' lang='lat' dir='ltr'><strong>De</strong></span> <span class='ocrx_word' id='word_1_397' title='bbox 2147 3492 2367 3562; x_wconf 87' lang='lat' dir='ltr'><strong>judicio</strong></span> <span class='ocrx_word' id='word_1_398' title='bbox 2399 3508 2517 3546; x_wconf 93' lang='lat' dir='ltr'><strong>non</strong></span> <span class='ocrx_word' id='word_1_399' title='bbox 2549 3491 2903 3547; x_wconf 88' lang='lat' dir='ltr'><strong>innovando.</strong></span> 
     </span>
    </p>
   </div>
   <div class='ocr_carea' id='block_1_82' title="bbox 1921 3579 2780 3652">
    <p class='ocr_par' dir='ltr' id='par_1_82' title="bbox 1921 3579 2780 3652">
     <span class='ocr_line' id='line_1_82' title="bbox 1921 3579 2780 3652; baseline 0.001 -17"><span class='ocrx_word' id='word_1_400' title='bbox 1921 3583 2012 3636; x_wconf 86' lang='lat'><strong>49.</strong></span> <span class='ocrx_word' id='word_1_401' title='bbox 2045 3580 2346 3652; x_wconf 88' lang='lat' dir='ltr'><strong>Sequentis</strong></span> <span class='ocrx_word' id='word_1_402' title='bbox 2377 3579 2490 3634; x_wconf 90' lang='lat' dir='ltr'><strong>diei</strong></span> <span class='ocrx_word' id='word_1_403' title='bbox 2525 3580 2780 3636; x_wconf 85' lang='lat' dir='ltr'><strong>sinodus.</strong></span> 
     </span>
    </p>
   </div>
   <div class='ocr_carea' id='block_1_83' title="bbox 1925 3667 2994 3739">
    <p class='ocr_par' dir='ltr' id='par_1_83' title="bbox 1925 3667 2994 3739">
     <span class='ocr_line' id='line_1_83' title="bbox 1925 3667 2994 3739; baseline 0.001 -17"><span class='ocrx_word' id='word_1_404' title='bbox 1925 3671 2018 3723; x_wconf 87' lang='grc'><strong>50.</strong></span> <span class='ocrx_word' id='word_1_405' title='bbox 2055 3671 2346 3739; x_wconf 85' lang='lat' dir='ltr'><strong>Ingressus</strong></span> <span class='ocrx_word' id='word_1_406' title='bbox 2375 3684 2580 3739; x_wconf 88' lang='lat' dir='ltr'><strong>regum</strong></span> <span class='ocrx_word' id='word_1_407' title='bbox 2613 3668 2671 3721; x_wconf 93' lang='lat' dir='ltr'><strong>in</strong></span> <span class='ocrx_word' id='word_1_408' title='bbox 2701 3667 2994 3723; x_wconf 91' lang='lat' dir='ltr'><strong>sinodum.</strong></span> 
     </span>
    </p>
   </div>
   <div class='ocr_carea' id='block_1_84' title="bbox 1925 3753 3529 3828">
    <p class='ocr_par' dir='ltr' id='par_1_84' title="bbox 1925 3753 3529 3828">
     <span class='ocr_line' id='line_1_84' title="bbox 1925 3753 3529 3828; baseline -0.001 -17"><span class='ocrx_word' id='word_1_409' title='bbox 1925 3760 2012 3811; x_wconf 89' lang='grc'><strong>51.</strong></span> <span class='ocrx_word' id='word_1_410' title='bbox 2041 3756 2312 3810; x_wconf 79' lang='lat' dir='ltr'><strong>Arnulfus</strong></span> <span class='ocrx_word' id='word_1_411' title='bbox 2342 3757 2645 3828; x_wconf 86' lang='lat' dir='ltr'><strong>episcopus</strong></span> <span class='ocrx_word' id='word_1_412' title='bbox 2676 3756 2958 3828; x_wconf 59' lang='lat' dir='ltr'><strong>praeteriti</strong></span> <span class='ocrx_word' id='word_1_413' title='bbox 2989 3754 3100 3810; x_wconf 91' lang='lat' dir='ltr'><strong>diei</strong></span> <span class='ocrx_word' id='word_1_414' title='bbox 3125 3757 3250 3810; x_wconf 89' lang='lat' dir='ltr'><strong>acta</strong></span> <span class='ocrx_word' id='word_1_415' title='bbox 3279 3753 3529 3810; x_wconf 88' lang='lat' dir='ltr'><strong>breviter</strong></span> 
     </span>
    </p>
   </div>
   <div class='ocr_carea' id='block_1_85' title="bbox 1997 3845 2356 3916">
    <p class='ocr_par' dir='ltr' id='par_1_85' title="bbox 1997 3845 2356 3916">
     <span class='ocr_line' id='line_1_85' title="bbox 1997 3845 2356 3916; baseline 0.008 -17"><span class='ocrx_word' id='word_1_416' title='bbox 1997 3845 2356 3916; x_wconf 89' lang='lat' dir='ltr'><strong>recapitulat.</strong></span> 
     </span>
    </p>
   </div>
   <div class='ocr_carea' id='block_1_86' title="bbox 1925 3913 3526 3988">
    <p class='ocr_par' dir='ltr' id='par_1_86' title="bbox 1925 3913 3526 3988">
     <span class='ocr_line' id='line_1_86' title="bbox 1925 3913 3526 3988; baseline -0.001 -17"><span class='ocrx_word' id='word_1_417' title='bbox 1925 3920 2014 3973; x_wconf 82' lang='lat'><strong>52.</strong></span> <span class='ocrx_word' id='word_1_418' title='bbox 2045 3913 2314 3970; x_wconf 77' lang='lat' dir='ltr'><strong>Arnulfus</strong></span> <span class='ocrx_word' id='word_1_419' title='bbox 2346 3915 2646 3988; x_wconf 86' lang='lat' dir='ltr'><strong>episcopus</strong></span> <span class='ocrx_word' id='word_1_420' title='bbox 2678 3915 2902 3970; x_wconf 82' lang='lat' dir='ltr'><strong>Arnulfi</strong></span> <span class='ocrx_word' id='word_1_421' title='bbox 2930 3913 3359 3971; x_wconf 82' lang='lat' dir='ltr'><strong>confessionem</strong></span> <span class='ocrx_word' id='word_1_422' title='bbox 3388 3914 3526 3970; x_wconf 88' lang='lat' dir='ltr'><strong>sub-</strong></span> 
     </span>
    </p>
   </div>
   <div class='ocr_carea' id='block_1_87' title="bbox 1998 4005 3313 4073">
    <p class='ocr_par' dir='ltr' id='par_1_87' title="bbox 1998 4005 3313 4073">
     <span class='ocr_line' id='line_1_87' title="bbox 1998 4005 3313 4073; baseline -0.004 -12"><span class='ocrx_word' id='word_1_423' title='bbox 1998 4007 2230 4073; x_wconf 89' lang='lat' dir='ltr'><strong>hornat,</strong></span> <span class='ocrx_word' id='word_1_424' title='bbox 2261 4010 2468 4061; x_wconf 89' lang='lat' dir='ltr'><strong>contra</strong></span> <span class='ocrx_word' id='word_1_425' title='bbox 2495 4006 2886 4060; x_wconf 86' lang='lat' dir='ltr'><strong>Brochardum</strong></span> <span class='ocrx_word' id='word_1_426' title='bbox 2913 4007 2983 4047; x_wconf 76' lang='grc'><strong>³³⁶</strong></span> <span class='ocrx_word' id='word_1_427' title='bbox 3019 4005 3313 4059; x_wconf 91' lang='lat' dir='ltr'><strong>comitem.</strong></span> 
     </span>
    </p>
   </div>
   <div class='ocr_carea' id='block_1_88' title="bbox 1929 4090 3528 4175">
    <p class='ocr_par' dir='ltr' id='par_1_88' title="bbox 1929 4090 3528 4175">
     <span class='ocr_line' id='line_1_88' title="bbox 1929 4090 3528 4175; baseline -0.004 -24"><span class='ocrx_word' id='word_1_428' title='bbox 1929 4099 2015 4152; x_wconf 84' lang='lat'><strong>53.</strong></span> <span class='ocrx_word' id='word_1_429' title='bbox 2049 4097 2381 4150; x_wconf 86' lang='lat' dir='ltr'><strong>Arnulfusa</strong></span> <span class='ocrx_word' id='word_1_430' title='bbox 2428 4095 2657 4166; x_wconf 90' lang='lat' dir='ltr'><strong>regibus</strong></span> <span class='ocrx_word' id='word_1_431' title='bbox 2688 4095 2918 4147; x_wconf 90' lang='lat' dir='ltr'><strong>veniam</strong></span> <span class='ocrx_word' id='word_1_432' title='bbox 2975 4093 3141 4164; x_wconf 90' lang='lat' dir='ltr'><strong>petit,</strong></span> <span class='ocrx_word' id='word_1_433' title='bbox 3195 4094 3253 4146; x_wconf 89' lang='lat' dir='ltr'><strong>et</strong></span> <span class='ocrx_word' id='word_1_434' title='bbox 3304 4090 3528 4175; x_wconf 72' lang='lat' dir='ltr'><strong>accipit,</strong></span> 
     </span>
    </p>
   </div>
   <div class='ocr_carea' id='block_1_89' title="bbox 1999 4181 3085 4256">
    <p class='ocr_par' dir='ltr' id='par_1_89' title="bbox 1999 4181 3085 4256">
     <span class='ocr_line' id='line_1_89' title="bbox 1999 4181 3085 4256; baseline -0.006 -15"><span class='ocrx_word' id='word_1_435' title='bbox 1999 4187 2355 4256; x_wconf 90' lang='lat' dir='ltr'><strong>modumque</strong></span> <span class='ocrx_word' id='word_1_436' title='bbox 2388 4181 2774 4238; x_wconf 90' lang='lat' dir='ltr'><strong>abdicationis</strong></span> <span class='ocrx_word' id='word_1_437' title='bbox 2806 4181 3085 4253; x_wconf 89' lang='lat' dir='ltr'><strong>agnoscit.</strong></span> 
     </span>
    </p>
   </div>
   <div class='ocr_carea' id='block_1_90' title="bbox 1929 4269 2962 4330">
    <p class='ocr_par' dir='ltr' id='par_1_90' title="bbox 1929 4269 2962 4330">
     <span class='ocr_line' id='line_1_90' title="bbox 1929 4269 2962 4330; baseline -0.006 -1"><span class='ocrx_word' id='word_1_438' title='bbox 1929 4276 2017 4330; x_wconf 83' lang='lat'><strong>54.</strong></span> <span class='ocrx_word' id='word_1_439' title='bbox 2047 4274 2291 4328; x_wconf 88' lang='lat' dir='ltr'><strong>Libellus</strong></span> <span class='ocrx_word' id='word_1_440' title='bbox 2321 4269 2698 4326; x_wconf 89' lang='lat' dir='ltr'><strong>abdicationis</strong></span> <span class='ocrx_word' id='word_1_441' title='bbox 2721 4271 2962 4324; x_wconf 76' lang='lat' dir='ltr'><strong>Arnulfi.</strong></span> 
     </span>
    </p>
   </div>
   <div class='ocr_carea' id='block_1_91' title="bbox 1929 4357 3432 4434">
    <p class='ocr_par' dir='ltr' id='par_1_91' title="bbox 1929 4357 3432 4434">
     <span class='ocr_line' id='line_1_91' title="bbox 1929 4357 3432 4434; baseline -0.003 -17"><span class='ocrx_word' id='word_1_442' title='bbox 1929 4367 2018 4417; x_wconf 90' lang='grc'><strong>55.</strong></span> <span class='ocrx_word' id='word_1_443' title='bbox 2045 4361 2313 4434; x_wconf 83' lang='lat' dir='ltr'><strong>Adalgeri</strong></span> <span class='ocrx_word' id='word_1_444' title='bbox 2339 4359 2640 4432; x_wconf 90' lang='lat' dir='ltr'><strong>presbiteri</strong></span> <span class='ocrx_word' id='word_1_445' title='bbox 2672 4359 3008 4414; x_wconf 91' lang='lat' dir='ltr'><strong>reclamatio</strong></span> <span class='ocrx_word' id='word_1_446' title='bbox 3042 4361 3101 4413; x_wconf 91' lang='lat' dir='ltr'><strong>et</strong></span> <span class='ocrx_word' id='word_1_447' title='bbox 3128 4357 3432 4429; x_wconf 90' lang='lat' dir='ltr'><strong>depositio.</strong></span> 
     </span>
    </p>
   </div>
   <div class='ocr_carea' id='block_1_92' title="bbox 1929 4444 3536 4520">
    <p class='ocr_par' dir='ltr' id='par_1_92' title="bbox 1929 4444 3536 4520">
     <span class='ocr_line' id='line_1_92' title="bbox 1929 4444 3536 4520; baseline -0.004 -14"><span class='ocrx_word' id='word_1_448' title='bbox 1929 4455 2017 4506; x_wconf 87' lang='grc'><strong>56.</strong></span> <span class='ocrx_word' id='word_1_449' title='bbox 2049 4451 2384 4505; x_wconf 87' lang='lat' dir='ltr'><strong>Africanum</strong></span> <span class='ocrx_word' id='word_1_450' title='bbox 2414 4448 2721 4505; x_wconf 88' lang='lat' dir='ltr'><strong>concilium</strong></span> <span class='ocrx_word' id='word_1_451' title='bbox 2775 4447 2833 4502; x_wconf 91' lang='lat' dir='ltr'><strong>in</strong></span> <span class='ocrx_word' id='word_1_452' title='bbox 2889 4463 3002 4520; x_wconf 93' lang='lat' dir='ltr'><strong>quo</strong></span> <span class='ocrx_word' id='word_1_453' title='bbox 3047 4447 3258 4503; x_wconf 89' lang='lat' dir='ltr'><strong>modus</strong></span> <span class='ocrx_word' id='word_1_454' title='bbox 3288 4444 3536 4502; x_wconf 81' lang='lat' dir='ltr'><strong>Romani</strong></span> 
     </span>
    </p>
   </div>
   <div class='ocr_carea' id='block_1_93' title="bbox 2001 4537 2669 4612">
    <p class='ocr_par' dir='ltr' id='par_1_93' title="bbox 2001 4537 2669 4612">
     <span class='ocr_line' id='line_1_93' title="bbox 2001 4537 2669 4612; baseline -0.004 -18"><span class='ocrx_word' id='word_1_455' title='bbox 2001 4539 2253 4612; x_wconf 90' lang='lat' dir='ltr'><strong>episcopi</strong></span> <span class='ocrx_word' id='word_1_456' title='bbox 2273 4537 2669 4610; x_wconf 89' lang='lat' dir='ltr'><strong>cognoscitur.</strong></span> 
     </span>
    </p>
   </div>
   <div class='ocr_carea' id='block_1_94' title="bbox 979 4660 2788 4757">
    <p class='ocr_par' dir='ltr' id='par_1_94' title="bbox 979 4660 2788 4757">
     <span class='ocr_line' id='line_1_94' title="bbox 979 4660 2788 4757; baseline -0.004 -3"><span class='ocrx_word' id='word_1_457' title='bbox 979 4669 1404 4757; x_wconf 86' lang='lat' dir='ltr'><strong>INCIPIT</strong></span> <span class='ocrx_word' id='word_1_458' title='bbox 1494 4664 2023 4755; x_wconf 90' lang='lat' dir='ltr'><strong>SYNODUS</strong></span> <span class='ocrx_word' id='word_1_459' title='bbox 2117 4660 2788 4749; x_wconf 80' lang='lat' dir='ltr'><strong>REMENSIS&quot;.</strong></span> 
     </span>
    </p>
   </div>
   <div class='ocr_carea' id='block_1_95' title="bbox 281 4819 1832 4877">
    <p class='ocr_par' dir='ltr' id='par_1_95' title="bbox 281 4819 1832 4877">
     <span class='ocr_line' id='line_1_95' title="bbox 281 4819 1832 4877; baseline -0.003 -1"><span class='ocrx_word' id='word_1_460' title='bbox 281 4824 335 4876; x_wconf 87' lang='grc'><strong>1.</strong></span> <span class='ocrx_word' id='word_1_461' title='bbox 365 4822 538 4877; x_wconf 84' lang='lat' dir='ltr'><strong>Anno</strong></span> <span class='ocrx_word' id='word_1_462' title='bbox 564 4821 636 4877; x_wconf 86' lang='lat' dir='ltr'><strong>ab</strong></span> <span class='ocrx_word' id='word_1_463' title='bbox 665 4826 738 4864; x_wconf 72' lang='lat' dir='ltr'><em>W</em></span> <span class='ocrx_word' id='word_1_464' title='bbox 792 4821 1198 4877; x_wconf 88' lang='lat' dir='ltr'><strong>incarnatione</strong></span> <span class='ocrx_word' id='word_1_465' title='bbox 1233 4820 1456 4876; x_wconf 90' lang='lat' dir='ltr'><strong>domini</strong></span> <span class='ocrx_word' id='word_1_466' title='bbox 1487 4819 1670 4875; x_wconf 90' lang='lat' dir='ltr'><strong>nostri</strong></span> <span class='ocrx_word' id='word_1_467' title='bbox 1699 4819 1832 4872; x_wconf 85' lang='lat' dir='ltr'><strong>Jesu</strong></span> 
     </span>
    </p>
   </div>
   <div class='ocr_carea' id='block_1_96' title="bbox 217 4906 1834 4983">
    <p class='ocr_par' dir='ltr' id='par_1_96' title="bbox 217 4906 1834 4983">
     <span class='ocr_line' id='line_1_96' title="bbox 217 4906 1834 4983; baseline -0.003 -18"><span class='ocrx_word' id='word_1_468' title='bbox 217 4910 435 4965; x_wconf 84' lang='lat' dir='ltr'><strong>Christi</strong></span> <span class='ocrx_word' id='word_1_469' title='bbox 459 4913 552 4964; x_wconf 84' lang='lat' dir='ltr'><strong>99l</strong></span> <span class='ocrx_word' id='word_1_470' title='bbox 567 4911 903 4977; x_wconf 89' lang='lat' dir='ltr'><strong>,indictione</strong></span> <span class='ocrx_word' id='word_1_471' title='bbox 923 4915 1146 4983; x_wconf 89' lang='lat' dir='ltr'><strong>quarta,</strong></span> <span class='ocrx_word' id='word_1_472' title='bbox 1163 4927 1318 4965; x_wconf 90' lang='lat' dir='ltr'><strong>anno</strong></span> <span class='ocrx_word' id='word_1_473' title='bbox 1340 4909 1549 4981; x_wconf 80' lang='lat' dir='ltr'><strong>regni5</strong></span> <span class='ocrx_word' id='word_1_474' title='bbox 1568 4917 1613 4950; x_wconf 83' lang='grc'><strong>³³</strong></span> <span class='ocrx_word' id='word_1_475' title='bbox 1633 4906 1834 4962; x_wconf 90' lang='lat' dir='ltr'><strong>domni</strong></span> 
     </span>
    </p>
   </div>
   <div class='ocr_carea' id='block_1_97' title="bbox 217 4997 1832 5072">
    <p class='ocr_par' dir='ltr' id='par_1_97' title="bbox 217 4997 1832 5072">
     <span class='ocr_line' id='line_1_97' title="bbox 217 4997 1832 5072; baseline -0.001 -20"><span class='ocrx_word' id='word_1_476' title='bbox 217 4999 486 5071; x_wconf 77' lang='lat' dir='ltr'><strong>[lagonis</strong></span> <span class='ocrx_word' id='word_1_477' title='bbox 505 5000 726 5072; x_wconf 88' lang='lat' dir='ltr'><strong>augusti</strong></span> <span class='ocrx_word' id='word_1_478' title='bbox 744 5004 801 5055; x_wconf 90' lang='lat' dir='ltr'><strong>et</strong></span> <span class='ocrx_word' id='word_1_479' title='bbox 827 5000 1284 5056; x_wconf 82' lang='lat' dir='ltr'><strong>excellentissimi</strong></span> <span class='ocrx_word' id='word_1_480' title='bbox 1308 4997 1832 5071; x_wconf 68' lang='lat' dir='ltr'><strong>regisRotberti435,</strong></span> 
     </span>
    </p>
   </div>
   <div class='ocr_carea' id='block_1_98' title="bbox 215 5085 1828 5160">
    <p class='ocr_par' dir='ltr' id='par_1_98' title="bbox 215 5085 1828 5160">
     <span class='ocr_line' id='line_1_98' title="bbox 215 5085 1828 5160; baseline -0.002 -17"><span class='ocrx_word' id='word_1_481' title='bbox 215 5092 582 5160; x_wconf 80' lang='lat' dir='ltr'><strong>congregata</strong></span> <span class='ocrx_word' id='word_1_482' title='bbox 624 5093 708 5143; x_wconf 90' lang='lat' dir='ltr'><strong>est</strong></span> <span class='ocrx_word' id='word_1_483' title='bbox 759 5088 1014 5160; x_wconf 85' lang='lat' dir='ltr'><strong>synodus</strong></span> <span class='ocrx_word' id='word_1_484' title='bbox 1067 5089 1126 5144; x_wconf 93' lang='lat' dir='ltr'><strong>in</strong></span> <span class='ocrx_word' id='word_1_485' title='bbox 1193 5088 1463 5145; x_wconf 82' lang='lat' dir='ltr'><strong>Remensi</strong></span> <span class='ocrx_word' id='word_1_486' title='bbox 1513 5085 1828 5141; x_wconf 85' lang='lat' dir='ltr'><strong>territorio.</strong></span> 
     </span>
    </p>
   </div>
   <div class='ocr_carea' id='block_1_99' title="bbox 216 5176 1835 5250">
    <p class='ocr_par' dir='ltr' id='par_1_99' title="bbox 216 5176 1835 5250">
     <span class='ocr_line' id='line_1_99' title="bbox 216 5176 1835 5250; baseline -0.002 -19"><span class='ocrx_word' id='word_1_487' title='bbox 216 5179 432 5231; x_wconf 80' lang='lat' dir='ltr'><strong>Actum</strong></span> <span class='ocrx_word' id='word_1_488' title='bbox 463 5181 553 5232; x_wconf 86' lang='lat' dir='ltr'><strong>est</strong></span> <span class='ocrx_word' id='word_1_489' title='bbox 581 5183 773 5233; x_wconf 89' lang='lat' dir='ltr'><strong>autem</strong></span> <span class='ocrx_word' id='word_1_490' title='bbox 807 5194 1022 5249; x_wconf 89' lang='lat' dir='ltr'><strong>magna</strong></span> <span class='ocrx_word' id='word_1_491' title='bbox 1051 5178 1333 5234; x_wconf 90' lang='lat' dir='ltr'><strong>industria</strong></span> <span class='ocrx_word' id='word_1_492' title='bbox 1384 5176 1738 5250; x_wconf 86' lang='lat' dir='ltr'><strong>principum,</strong></span> <span class='ocrx_word' id='word_1_493' title='bbox 1772 5177 1835 5228; x_wconf 93' lang='lat' dir='ltr'><strong>ut</strong></span> 
     </span>
    </p>
   </div>
   <div class='ocr_carea' id='block_1_100' title="bbox 220 5264 1832 5340">
    <p class='ocr_par' dir='ltr' id='par_1_100' title="bbox 220 5264 1832 5340">
     <span class='ocr_line' id='line_1_100' title="bbox 220 5264 1832 5340; baseline -0.001 -22"><span class='ocrx_word' id='word_1_494' title='bbox 220 5267 357 5338; x_wconf 79' lang='lat' dir='ltr'><strong>quia</strong></span> <span class='ocrx_word' id='word_1_495' title='bbox 388 5282 598 5322; x_wconf 87' lang='lat' dir='ltr'><strong>omnes</strong></span> <span class='ocrx_word' id='word_1_496' title='bbox 629 5266 942 5321; x_wconf 84' lang='lat' dir='ltr'><strong>Galliarum</strong></span> <span class='ocrx_word' id='word_1_497' title='bbox 978 5267 1227 5340; x_wconf 88' lang='lat' dir='ltr'><strong>episcopi</strong></span> <span class='ocrx_word' id='word_1_498' title='bbox 1276 5283 1344 5322; x_wconf 94' lang='lat' dir='ltr'><strong>eo</strong></span> <span class='ocrx_word' id='word_1_499' title='bbox 1375 5264 1683 5320; x_wconf 91' lang='lat' dir='ltr'><strong>convenire</strong></span> <span class='ocrx_word' id='word_1_500' title='bbox 1715 5280 1832 5317; x_wconf 93' lang='lat' dir='ltr'><strong>non</strong></span> 
     </span>
    </p>
   </div>
   <div class='ocr_carea' id='block_1_101' title="bbox 1932 4810 3540 4889">
    <p class='ocr_par' dir='ltr' id='par_1_101' title="bbox 1932 4810 3540 4889">
     <span class='ocr_line' id='line_1_101' title="bbox 1932 4810 3540 4889; baseline -0.001 -19"><span class='ocrx_word' id='word_1_501' title='bbox 1932 4818 2224 4889; x_wconf 88' lang='lat' dir='ltr'><strong>poterant,</strong></span> <span class='ocrx_word' id='word_1_502' title='bbox 2257 4817 2496 4886; x_wconf 85' lang='lat' dir='ltr'><strong>propter</strong></span> <span class='ocrx_word' id='word_1_503' title='bbox 2521 4813 2805 4884; x_wconf 89' lang='lat' dir='ltr'><strong>quasdam</strong></span> <span class='ocrx_word' id='word_1_504' title='bbox 2828 4812 2994 4884; x_wconf 90' lang='lat' dir='ltr'><strong>regni</strong></span> <span class='ocrx_word' id='word_1_505' title='bbox 3024 4810 3540 4880; x_wconf 81' lang='lat' dir='ltr'><strong>necessitudines,ii</strong></span> 
     </span>
    </p>
   </div>
   <div class='ocr_carea' id='block_1_102' title="bbox 1931 4901 3536 4974">
    <p class='ocr_par' dir='ltr' id='par_1_102' title="bbox 1931 4901 3536 4974">
     <span class='ocr_line' id='line_1_102' title="bbox 1931 4901 3536 4974; baseline -0.002 -15"><span class='ocrx_word' id='word_1_506' title='bbox 1931 4904 2181 4959; x_wconf 81' lang='lat' dir='ltr'><strong>maxime</strong></span> <span class='ocrx_word' id='word_1_507' title='bbox 2203 4903 2578 4958; x_wconf 91' lang='lat' dir='ltr'><strong>convenirent</strong></span> <span class='ocrx_word' id='word_1_508' title='bbox 2603 4901 2700 4974; x_wconf 89' lang='lat' dir='ltr'><strong>qui</strong></span> <span class='ocrx_word' id='word_1_509' title='bbox 2724 4917 2850 4956; x_wconf 92' lang='lat' dir='ltr'><strong>com</strong></span> <span class='ocrx_word' id='word_1_510' title='bbox 2858 4902 3234 4973; x_wconf 84' lang='lat' dir='ltr'><strong>provinciales</strong></span> <span class='ocrx_word' id='word_1_511' title='bbox 3253 4910 3299 4945; x_wconf 77' lang='grc'>³⁷</span> <span class='ocrx_word' id='word_1_512' title='bbox 3321 4904 3536 4965; x_wconf 87' lang='lat' dir='ltr'><strong>essent,</strong></span> 
     </span>
    </p>
   </div>
   <div class='ocr_carea' id='block_1_103' title="bbox 1934 4987 3535 5060">
    <p class='ocr_par' dir='ltr' id='par_1_103' title="bbox 1934 4987 3535 5060">
     <span class='ocr_line' id='line_1_103' title="bbox 1934 4987 3535 5060; baseline -0.001 -14"><span class='ocrx_word' id='word_1_513' title='bbox 1934 4991 2143 5046; x_wconf 88' lang='lat' dir='ltr'><strong>deinde</strong></span> <span class='ocrx_word' id='word_1_514' title='bbox 2176 5007 2242 5045; x_wconf 83' lang='lat' dir='ltr'><strong>ex</strong></span> <span class='ocrx_word' id='word_1_515' title='bbox 2273 4990 2470 5044; x_wconf 87' lang='lat' dir='ltr'><strong>vicinis</strong></span> <span class='ocrx_word' id='word_1_516' title='bbox 2494 4987 2801 5060; x_wconf 89' lang='lat' dir='ltr'><strong>provinciis</strong></span> <span class='ocrx_word' id='word_1_517' title='bbox 2832 4989 2990 5043; x_wconf 89' lang='lat' dir='ltr'><strong>fama</strong></span> <span class='ocrx_word' id='word_1_518' title='bbox 3015 4992 3073 5042; x_wconf 91' lang='lat' dir='ltr'><strong>et</strong></span> <span class='ocrx_word' id='word_1_519' title='bbox 3117 4988 3399 5060; x_wconf 88' lang='lat' dir='ltr'><strong>dignitate</strong></span> <span class='ocrx_word' id='word_1_520' title='bbox 3430 4989 3535 5044; x_wconf 90' lang='lat' dir='ltr'><strong>ho-</strong></span> 
     </span>
    </p>
   </div>
   <div class='ocr_carea' id='block_1_104' title="bbox 1934 5078 3534 5152">
    <p class='ocr_par' dir='ltr' id='par_1_104' title="bbox 1934 5078 3534 5152">
     <span class='ocr_line' id='line_1_104' title="bbox 1934 5078 3534 5152; baseline -0.003 -17"><span class='ocrx_word' id='word_1_521' title='bbox 1934 5081 2236 5149; x_wconf 87' lang='lat' dir='ltr'><strong>nestiores,</strong></span> <span class='ocrx_word' id='word_1_522' title='bbox 2271 5084 2329 5135; x_wconf 90' lang='lat' dir='ltr'><strong>et</strong></span> <span class='ocrx_word' id='word_1_523' title='bbox 2358 5080 2457 5152; x_wconf 92' lang='lat' dir='ltr'><strong>qui</strong></span> <span class='ocrx_word' id='word_1_524' title='bbox 2510 5078 2801 5150; x_wconf 87' lang='lat' dir='ltr'><strong>legatione</strong></span> <span class='ocrx_word' id='word_1_525' title='bbox 2842 5093 3077 5132; x_wconf 88' lang='lat' dir='ltr'><strong>suarum</strong></span> <span class='ocrx_word' id='word_1_526' title='bbox 3107 5078 3534 5148; x_wconf 87' lang='lat' dir='ltr'><strong>provinciarum</strong></span> 
     </span>
    </p>
   </div>
   <div class='ocr_carea' id='block_1_105' title="bbox 1934 5165 3538 5241">
    <p class='ocr_par' dir='ltr' id='par_1_105' title="bbox 1934 5165 3538 5241">
     <span class='ocr_line' id='line_1_105' title="bbox 1934 5165 3538 5241; baseline -0.003 -17"><span class='ocrx_word' id='word_1_527' title='bbox 1934 5169 2092 5241; x_wconf 79' lang='lat' dir='ltr'><strong>digni</strong></span> <span class='ocrx_word' id='word_1_528' title='bbox 2113 5169 2818 5238; x_wconf 86' lang='lat' dir='ltr'><strong>viderentur,suorumque</strong></span> <span class='ocrx_word' id='word_1_529' title='bbox 2836 5165 3081 5220; x_wconf 85' lang='lat' dir='ltr'><strong>fratrum</strong></span> <span class='ocrx_word' id='word_1_530' title='bbox 3096 5165 3416 5220; x_wconf 87' lang='lat' dir='ltr'><strong>absentiam</strong></span> <span class='ocrx_word' id='word_1_531' title='bbox 3433 5180 3538 5220; x_wconf 85' lang='lat' dir='ltr'><strong>sua</strong></span> 
     </span>
    </p>
   </div>
   <div class='ocr_carea' id='block_1_106' title="bbox 1934 5253 3534 5333">
    <p class='ocr_par' dir='ltr' id='par_1_106' title="bbox 1934 5253 3534 5333">
     <span class='ocr_line' id='line_1_106' title="bbox 1934 5253 3534 5333; baseline -0.001 -21"><span class='ocrx_word' id='word_1_532' title='bbox 1934 5257 2242 5333; x_wconf 65' lang='lat' dir='ltr'><strong>praesentia</strong></span> <span class='ocrx_word' id='word_1_533' title='bbox 2288 5258 2570 5311; x_wconf 90' lang='lat' dir='ltr'><strong>sustinere</strong></span> <span class='ocrx_word' id='word_1_534' title='bbox 2623 5257 2875 5328; x_wconf 91' lang='lat' dir='ltr'><strong>possent.</strong></span> <span class='ocrx_word' id='word_1_535' title='bbox 2932 5254 3110 5325; x_wconf 91' lang='lat' dir='ltr'><strong>Igitur</strong></span> <span class='ocrx_word' id='word_1_536' title='bbox 3160 5257 3222 5308; x_wconf 89' lang='grc'><strong>15</strong></span> <span class='ocrx_word' id='word_1_537' title='bbox 3266 5254 3390 5308; x_wconf 86' lang='lat' dir='ltr'><strong>Kal.</strong></span> <span class='ocrx_word' id='word_1_538' title='bbox 3420 5253 3534 5310; x_wconf 83' lang='lat' dir='ltr'><strong>Jul.</strong></span> 
     </span>
    </p>
   </div>
   <div class='ocr_carea' id='block_1_107' title="bbox 1551 5355 2208 5416">
    <p class='ocr_par' dir='ltr' id='par_1_107' title="bbox 1551 5355 2208 5416">
     <span class='ocr_line' id='line_1_107' title="bbox 1551 5355 2208 5416; baseline -0.011 0"><span class='ocrx_word' id='word_1_539' title='bbox 1551 5362 1777 5416; x_wconf 76' lang='lat' dir='ltr'><strong>VARUE</strong></span> <span class='ocrx_word' id='word_1_540' title='bbox 1811 5355 2099 5415; x_wconf 84' lang='lat' dir='ltr'><strong>LECTION</strong></span> <span class='ocrx_word' id='word_1_541' title='bbox 2108 5356 2208 5410; x_wconf 88' lang='lat' dir='ltr'><strong>ES.</strong></span> 
     </span>
    </p>
   </div>
   <div class='ocr_carea' id='block_1_108' title="bbox 293 5439 3529 5582">
    <p class='ocr_par' dir='ltr' id='par_1_108' title="bbox 293 5439 3529 5582">
     <span class='ocr_line' id='line_1_108' title="bbox 293 5439 3529 5582; baseline -0.006 -71"><span class='ocrx_word' id='word_1_542' title='bbox 293 5460 368 5497; x_wconf 68' lang='grc' dir='ltr'><strong>*θ’</strong></span> <span class='ocrx_word' id='word_1_543' title='bbox 400 5455 987 5579; x_wconf 55' lang='grc' dir='ltr'><strong>ωθῑτῗιροιίῐδηοιουιῐι</strong></span> <span class='ocrx_word' id='word_1_544' title='bbox 1014 5460 1061 5511; x_wconf 89' lang='grc'><strong>1.</strong></span> <span class='ocrx_word' id='word_1_545' title='bbox 1123 5465 1164 5499; x_wconf 69' lang='grc'>³1</span> <span class='ocrx_word' id='word_1_546' title='bbox 1195 5457 1344 5582; x_wconf 86' lang='grc' dir='ltr'><strong>Ε.</strong></span> <span class='ocrx_word' id='word_1_547' title='bbox 1375 5452 1859 5510; x_wconf 89' lang='lat' dir='ltr'><strong>sinodiremensis</strong></span> <span class='ocrx_word' id='word_1_548' title='bbox 1880 5455 1932 5506; x_wconf 91' lang='lat'><strong>2.</strong></span> <span class='ocrx_word' id='word_1_549' title='bbox 1988 5451 2057 5491; x_wconf 67' lang='grc' dir='ltr'><strong>δι’</strong></span> <span class='ocrx_word' id='word_1_550' title='bbox 2091 5446 2412 5504; x_wconf 89' lang='lat' dir='ltr'><strong>discusione</strong></span> <span class='ocrx_word' id='word_1_551' title='bbox 2443 5450 2492 5502; x_wconf 91' lang='grc'><strong>1.</strong></span> <span class='ocrx_word' id='word_1_552' title='bbox 2550 5455 2596 5488; x_wconf 75' lang='grc'><strong>³³</strong></span> <span class='ocrx_word' id='word_1_553' title='bbox 2620 5446 2740 5501; x_wconf 92' lang='lat' dir='ltr'><strong>Odo</strong></span> <span class='ocrx_word' id='word_1_554' title='bbox 2768 5449 2821 5500; x_wconf 77' lang='lat'><strong>2°</strong></span> <span class='ocrx_word' id='word_1_555' title='bbox 2874 5449 2945 5488; x_wconf 71' lang='grc' dir='ltr'><strong>ιε’</strong></span> <span class='ocrx_word' id='word_1_556' title='bbox 2970 5443 3226 5499; x_wconf 83' lang='lat' dir='ltr'><strong>africano</strong></span> <span class='ocrx_word' id='word_1_557' title='bbox 3247 5445 3302 5499; x_wconf 91' lang='lat'><strong>2.</strong></span> <span class='ocrx_word' id='word_1_558' title='bbox 3329 5449 3375 5485; x_wconf 81' lang='grc'><strong>³³</strong></span> <span class='ocrx_word' id='word_1_559' title='bbox 3389 5439 3529 5494; x_wconf 81' lang='lat' dir='ltr'><strong>reti-</strong></span> 
     </span>
     <span class='ocr_line' id='line_1_109' title="bbox 293 5512 3526 5582; baseline -0.005 -4"><span class='ocrx_word' id='word_1_560' title='bbox 293 5527 354 5581; x_wconf 73' lang='grc' dir='ltr'><strong>ιινί</strong></span> <span class='ocrx_word' id='word_1_561' title='bbox 381 5531 435 5582; x_wconf 88' lang='grc'><strong>2.</strong></span> <span class='ocrx_word' id='word_1_562' title='bbox 463 5534 516 5580; x_wconf 81' lang='lat' dir='ltr'><strong>et</strong></span> <span class='ocrx_word' id='word_1_563' title='bbox 543 5545 570 5579; x_wconf 85' lang='lat' dir='ltr'><strong>e</strong></span> <span class='ocrx_word' id='word_1_564' title='bbox 605 5527 660 5580; x_wconf 76' lang='grc' dir='ltr'><strong>ἀ·</strong></span> <span class='ocrx_word' id='word_1_565' title='bbox 690 5527 951 5582; x_wconf 82' lang='lat' dir='ltr'><strong>Francof.</strong></span> <span class='ocrx_word' id='word_1_566' title='bbox 1012 5531 1050 5582; x_wconf 86' lang='lat' dir='ltr'><strong>ll</strong></span> <span class='ocrx_word' id='word_1_567' title='bbox 1082 5527 1129 5582; x_wconf 78' lang='lat' dir='ltr'><strong>bi</strong></span> <span class='ocrx_word' id='word_1_568' title='bbox 1158 5535 1207 5582; x_wconf 84' lang='lat' dir='ltr'><strong>et</strong></span> <span class='ocrx_word' id='word_1_569' title='bbox 1310 5527 1438 5582; x_wconf 62' lang='lat' dir='ltr'><strong>lacti</strong></span> <span class='ocrx_word' id='word_1_570' title='bbox 1516 5531 1566 5582; x_wconf 85' lang='lat'><strong>(2</strong></span> <span class='ocrx_word' id='word_1_571' title='bbox 1590 5526 1668 5582; x_wconf 76' lang='grc' dir='ltr'><strong>ὁ).</strong></span> <span class='ocrx_word' id='word_1_572' title='bbox 1722 5527 1793 5565; x_wconf 68' lang='grc' dir='ltr'><strong>δι’</strong></span> <span class='ocrx_word' id='word_1_573' title='bbox 1845 5539 1894 5577; x_wconf 89' lang='lat' dir='ltr'><strong>c.</strong></span> <span class='ocrx_word' id='word_1_574' title='bbox 1927 5522 1982 5574; x_wconf 94' lang='lat' dir='ltr'><strong>b.</strong></span> <span class='ocrx_word' id='word_1_575' title='bbox 2016 5525 2069 5575; x_wconf 88' lang='grc'><strong>2.</strong></span> <span class='ocrx_word' id='word_1_576' title='bbox 2142 5529 2187 5560; x_wconf 66' lang='grc'><strong>³³</strong></span> <span class='ocrx_word' id='word_1_577' title='bbox 2218 5524 2266 5573; x_wconf 92' lang='grc'><strong>1.</strong></span> <span class='ocrx_word' id='word_1_578' title='bbox 2301 5535 2346 5572; x_wconf 89' lang='lat' dir='ltr'><strong>s.</strong></span> <span class='ocrx_word' id='word_1_579' title='bbox 2378 5537 2426 5573; x_wconf 92' lang='lat' dir='ltr'><strong>r.</strong></span> <span class='ocrx_word' id='word_1_580' title='bbox 2450 5518 2638 5571; x_wconf 81' lang='lat' dir='ltr'><strong>desunt</strong></span> <span class='ocrx_word' id='word_1_581' title='bbox 2668 5522 2721 5574; x_wconf 89' lang='lat'><strong>2.</strong></span> <span class='ocrx_word' id='word_1_582' title='bbox 2801 5521 2871 5559; x_wconf 65' lang='grc' dir='ltr'><strong>τι·</strong></span> <span class='ocrx_word' id='word_1_583' title='bbox 2911 5517 3050 5570; x_wconf 80' lang='lat' dir='ltr'><strong>deest</strong></span> <span class='ocrx_word' id='word_1_584' title='bbox 3079 5515 3155 5572; x_wconf 79' lang='lat'><strong>2?</strong></span> <span class='ocrx_word' id='word_1_585' title='bbox 3228 5521 3274 5554; x_wconf 77' lang='grc'><strong>³³</strong></span> <span class='ocrx_word' id='word_1_586' title='bbox 3303 5512 3440 5566; x_wconf 78' lang='lat' dir='ltr'><strong>deest</strong></span> <span class='ocrx_word' id='word_1_587' title='bbox 3469 5514 3526 5582; x_wconf 85' lang='lat'><strong>2.</strong></span> 
     </span>
    </p>
   </div>
   <div class='ocr_carea' id='block_1_109' title="bbox 227 5527 1207 5600">
    <p class='ocr_par' dir='ltr' id='par_1_109' title="bbox 227 5527 1207 5600">
     <span class='ocr_line' id='line_1_110' title="bbox 227 5527 1207 5600; baseline -0.001 -19"><span class='ocrx_word' id='word_1_588' title='bbox 227 5527 354 5600; x_wconf 62' lang='lat' dir='ltr'><strong>neri</strong></span> <span class='ocrx_word' id='word_1_589' title='bbox 381 5531 435 5593; x_wconf 87' lang='lat'><strong>2,</strong></span> <span class='ocrx_word' id='word_1_590' title='bbox 463 5534 516 5600; x_wconf 80' lang='lat' dir='ltr'><strong>et</strong></span> <span class='ocrx_word' id='word_1_591' title='bbox 543 5527 660 5600; x_wconf 74' lang='lat' dir='ltr'><strong>edd&#39;</strong></span> <span class='ocrx_word' id='word_1_592' title='bbox 690 5527 951 5596; x_wconf 83' lang='lat' dir='ltr'><strong>Francof.</strong></span> <span class='ocrx_word' id='word_1_593' title='bbox 1012 5531 1050 5598; x_wconf 78' lang='lat' dir='ltr'><strong>(l</strong></span> <span class='ocrx_word' id='word_1_594' title='bbox 1082 5527 1129 5600; x_wconf 78' lang='grc' dir='ltr'><strong>ὁ)</strong></span> <span class='ocrx_word' id='word_1_595' title='bbox 1158 5535 1207 5582; x_wconf 86' lang='lat' dir='ltr'><strong>et</strong></span> 
     </span>
    </p>
   </div>
   <div class='ocr_carea' id='block_1_110' title="bbox 1361 5512 3526 5592">
    <p class='ocr_par' dir='ltr' id='par_1_110' title="bbox 1361 5512 3526 5592">
     <span class='ocr_line' id='line_1_111' title="bbox 1361 5512 3526 5592; baseline -0.008 -12"><span class='ocrx_word' id='word_1_596' title='bbox 1361 5529 1438 5582; x_wconf 69' lang='lat' dir='ltr'><strong>cii</strong></span> <span class='ocrx_word' id='word_1_597' title='bbox 1516 5531 1566 5592; x_wconf 81' lang='lat'><strong>(2</strong></span> <span class='ocrx_word' id='word_1_598' title='bbox 1590 5526 1668 5591; x_wconf 88' lang='lat' dir='ltr'><strong>b).</strong></span> <span class='ocrx_word' id='word_1_599' title='bbox 1722 5527 1793 5565; x_wconf 71' lang='grc' dir='ltr'><strong>η’</strong></span> <span class='ocrx_word' id='word_1_600' title='bbox 1845 5539 1894 5577; x_wconf 90' lang='lat' dir='ltr'><strong>e.</strong></span> <span class='ocrx_word' id='word_1_601' title='bbox 1927 5522 1982 5574; x_wconf 94' lang='lat' dir='ltr'><strong>b.</strong></span> <span class='ocrx_word' id='word_1_602' title='bbox 2016 5525 2069 5575; x_wconf 88' lang='lat'><strong>2.</strong></span> <span class='ocrx_word' id='word_1_603' title='bbox 2142 5529 2187 5560; x_wconf 66' lang='grc'><strong>³³</strong></span> <span class='ocrx_word' id='word_1_604' title='bbox 2218 5524 2266 5592; x_wconf 84' lang='grc'><strong>1.</strong></span> <span class='ocrx_word' id='word_1_605' title='bbox 2301 5535 2346 5572; x_wconf 89' lang='lat' dir='ltr'><strong>s.</strong></span> <span class='ocrx_word' id='word_1_606' title='bbox 2378 5537 2426 5573; x_wconf 92' lang='lat' dir='ltr'><strong>r.</strong></span> <span class='ocrx_word' id='word_1_607' title='bbox 2450 5518 2638 5571; x_wconf 81' lang='lat' dir='ltr'><strong>desunt</strong></span> <span class='ocrx_word' id='word_1_608' title='bbox 2668 5522 2721 5592; x_wconf 78' lang='lat'><strong>2.</strong></span> <span class='ocrx_word' id='word_1_609' title='bbox 2801 5521 2871 5592; x_wconf 58' lang='grc' dir='ltr'><strong>κζ’</strong></span> <span class='ocrx_word' id='word_1_610' title='bbox 2911 5517 3050 5592; x_wconf 71' lang='lat' dir='ltr'><strong>deest</strong></span> <span class='ocrx_word' id='word_1_611' title='bbox 3079 5515 3155 5592; x_wconf 64' lang='lat'><strong>2?</strong></span> <span class='ocrx_word' id='word_1_612' title='bbox 3228 5521 3274 5554; x_wconf 78' lang='grc'><strong>³³</strong></span> <span class='ocrx_word' id='word_1_613' title='bbox 3303 5512 3526 5592; x_wconf 43' lang='lat' dir='ltr'><strong>deest}.</strong></span> 
     </span>
    </p>
   </div>
   <div class='ocr_carea' id='block_1_111' title="bbox 225 5580 3530 5670">
    <p class='ocr_par' dir='ltr' id='par_1_111' title="bbox 225 5580 3530 5670">
     <span class='ocr_line' id='line_1_112' title="bbox 225 5580 3530 5670; baseline -0.003 -21"><span class='ocrx_word' id='word_1_614' title='bbox 225 5580 286 5650; x_wconf 66' lang='grc' dir='ltr'><strong>ν.</strong></span> <span class='ocrx_word' id='word_1_615' title='bbox 309 5580 493 5670; x_wconf 15' lang='grc' dir='ltr'><strong>νιέεέῃὶ</strong></span> <span class='ocrx_word' id='word_1_616' title='bbox 528 5598 610 5652; x_wconf 76' lang='lat' dir='ltr'><strong>ib.</strong></span> <span class='ocrx_word' id='word_1_617' title='bbox 665 5580 975 5654; x_wconf 10' lang='lat' dir='ltr'><strong>ali&#39;rdcest&#39;l.</strong></span> <span class='ocrx_word' id='word_1_618' title='bbox 1013 5580 1076 5654; x_wconf 82' lang='lat' dir='ltr'><strong>lb</strong></span> <span class='ocrx_word' id='word_1_619' title='bbox 1114 5580 1276 5654; x_wconf 66' lang='lat' dir='ltr'><strong>annd</strong></span> <span class='ocrx_word' id='word_1_620' title='bbox 1302 5580 1469 5669; x_wconf 86' lang='lat' dir='ltr'><strong>regni</strong></span> <span class='ocrx_word' id='word_1_621' title='bbox 1494 5580 1716 5654; x_wconf 75' lang='lat' dir='ltr'><strong>domini</strong></span> <span class='ocrx_word' id='word_1_622' title='bbox 1743 5593 1983 5651; x_wconf 90' lang='lat' dir='ltr'><strong>Othonis</strong></span> <span class='ocrx_word' id='word_1_623' title='bbox 2007 5590 2234 5664; x_wconf 87' lang='lat' dir='ltr'><strong>augusti</strong></span> <span class='ocrx_word' id='word_1_624' title='bbox 2258 5606 2414 5646; x_wconf 92' lang='lat' dir='ltr'><strong>nono</strong></span> <span class='ocrx_word' id='word_1_625' title='bbox 2446 5594 2505 5646; x_wconf 88' lang='lat' dir='ltr'><strong>et</strong></span> <span class='ocrx_word' id='word_1_626' title='bbox 2535 5588 2896 5660; x_wconf 78' lang='lat' dir='ltr'><strong>excell.regis</strong></span> <span class='ocrx_word' id='word_1_627' title='bbox 2919 5584 3174 5659; x_wconf 79' lang='lat' dir='ltr'><strong>Hugonis</strong></span> <span class='ocrx_word' id='word_1_628' title='bbox 3199 5585 3407 5656; x_wconf 87' lang='lat' dir='ltr'><strong>quarto</strong></span> <span class='ocrx_word' id='word_1_629' title='bbox 3434 5580 3530 5639; x_wconf 85' lang='lat' dir='ltr'><strong>2b.</strong></span> 
     </span>
    </p>
   </div>
   <div class='ocr_carea' id='block_1_112' title="bbox 227 5669 1403 5748">
    <p class='ocr_par' dir='ltr' id='par_1_112' title="bbox 227 5669 1403 5748">
     <span class='ocr_line' id='line_1_113' title="bbox 227 5669 1403 5748; baseline 0.002 -24"><span class='ocrx_word' id='word_1_630' title='bbox 227 5675 271 5710; x_wconf 77' lang='grc'>³·</span> <span class='ocrx_word' id='word_1_631' title='bbox 299 5669 595 5748; x_wconf 85' lang='lat' dir='ltr'><strong>provintia</strong></span> <span class='ocrx_word' id='word_1_632' title='bbox 621 5687 686 5725; x_wconf 80' lang='lat' dir='ltr'><strong>en</strong></span> <span class='ocrx_word' id='word_1_633' title='bbox 716 5673 767 5727; x_wconf 86' lang='lat'><strong>2.</strong></span> <span class='ocrx_word' id='word_1_634' title='bbox 801 5676 1104 5727; x_wconf 81' lang='lat' dir='ltr'><strong>constanter</strong></span> <span class='ocrx_word' id='word_1_635' title='bbox 1131 5671 1403 5726; x_wconf 76' lang='lat' dir='ltr'><strong>scribitur.</strong></span> 
     </span>
    </p>
   </div>
  </div>
