3954 6170
482 336 585 405 203

1794 338 2198 408 SILVESTRR.
2238 346 2284 406 ll
2323 341 2504 407 PAPA
3641 363 3730 422 296

485 472 622 528 dam
646 469 1076 544 episcopum,ex
1089 472 1274 527 heresi
1299 470 1370 528 ad
1388 471 1562 528 ﬁdem
1596 474 1938 529 catholicam
1953 492 2085 530 con-
2103 479 2158 538 Α
2186 479 2530 531 avunculum
2549 493 2714 530 suum
2748 475 3110 543 Rotbertum,
3138 475 3323 532 Karoli
3347 495 3572 549 servum,
3589 487 3739 540 comi.

485 563 910 631 versum,beato
924 563 1195 634 Gregorio
1213 563 1459 617 similem
1474 563 1730 617 libellum
1762 564 2049 636 porexisse
2069 581 2082 631 ;

485 654 588 708 sed
617 654 727 708 hoc
757 652 1053 720 interesse,
1076 653 1231 724 quod
1247 653 1338 707 hic
1358 653 1630 707 Arnulfus
1642 655 1930 708 malarum
1954 671 2086 707 cau-

481 758 678 798 sarum
701 741 1019 797 rationibus
1045 745 1339 814 permotus
1363 741 1453 809 sit,
1488 742 1545 795 id
1577 745 1742 795 estw‘
1767 742 2011 812 perfidia
2033 745 2091 795 et

479 831 814 902 cupiditate,
845 831 941 885 ille
973 835 1166 885 autem
1181 831 1531 902 optimarum
1549 839 1615 897 ⁵ο,
1649 830 1708 884 id
1739 835 1824 884 est
1855 831 1967 885 ﬁde
1999 847 2094 884 ca-

480 920 696 974 tholica
727 923 785 974 et
814 936 1012 975 amore
1041 920 1290 974 habendi
1322 921 1528 974 Deum.
1564 919 1697 973 Erat
1743 935 1874 973 vero
1907 918 1984 972 ibi
2011 918 2091 972 ita

480 1009 756 1081 scriptum
785 1009 937 1063 inter
963 1013 1154 1063 cetera
1187 1025 1199 1062 :

557 1100 641 1152 10.
669 1118 694 1150 σ
725 1097 792 1151 Et
823 1097 951 1152 ideo
974 1100 1301 1168 postquam,
1335 1099 1633 1166 comperto
1682 1095 1972 1150 divisionis
2005 1096 2089 1149 la-

482 1201 630 1258 queo
653 1201 766 1257 quo
779 1185 1267 1252 tenebar,diutina
1286 1200 1512 1239 mecum
1528 1183 1943 1239 deliberatione
1968 1199 2094 1254 per-

487 1277 760 1340 tractans,
793 1290 978 1344 prona
998 1276 1386 1344 etspontanea
1412 1273 1708 1329 voluntate
1722 1271 1794 1325 ad
1809 1270 2090 1324 unitatem

487 1362 638 1417 sedis
667 1362 996 1434 apostolicae
1024 1361 1217 1416 divina
1242 1361 1429 1433 gratia
1460 1361 1602 1415 duce
1625 1377 1880 1414 reversus
1915 1376 2041 1413 sum
2075 1376 2088 1426 ;

487 1467 560 1504 ne
587 1459 634 1492 ⁸ο
665 1468 783 1506 non
813 1467 958 1521 pura
992 1453 1185 1504 mente
1208 1450 1308 1504 sed
1337 1449 1600 1503 simulate
1621 1464 1880 1503 reversus
1901 1447 2088 1501 existi-

486 1554 634 1604 mer,
657 1539 914 1609 spondeo
944 1538 1045 1592 sub
1077 1538 1296 1593 ordinis
1331 1537 1445 1592 mei
1472 1554 1603 1592 casu
1634 1542 1690 1592 et
1711 1536 2092 1592 anathematis

489 1625 863 1697 obligatione,
897 1630 1072 1698 atque
1122 1627 1396 1698 promitto
1433 1626 1559 1694 tibi,
1593 1630 1651 1680 et
1679 1643 1782 1697 per
1808 1629 1862 1679 te
1895 1628 2090 1680 sancto

487 1716 660 1769 Petro
689 1715 1085 1785 apostolorum
1110 1714 1377 1785 principi,
1397 1717 1567 1785 atque
1592 1715 1713 1784 ejus
1732 1714 1940 1767 vicario
1963 1713 2094 1767 bea-

487 1801 709 1857 tissimo
739 1801 1040 1873 Gregorio,
1065 1803 1150 1855 vel
1181 1802 1908 1872 successoribusipsius,me
1923 1818 2091 1854 num-
2121 1794 2172 1852 B

487 1905 661 1961 quam
679 1890 1071 1962 quorumlibet
1101 1890 1572 1957 suasionibus,vel
1595 1906 1960 1962 quocumque
1981 1889 2091 1944 alio

402 2038 408 2039 γ
487 1979 764 2045 modo,ad
783 1979 1027 2033 schisma
1043 1979 1112 2033 de
1130 1996 1241 2050 quo
1253 1978 1654 2050 Redemptoris
1673 1979 1852 2033 nostri
1872 1976 2092 2031 miseri-

487 2066 684 2122 cordia
710 2068 993 2123 liberante
1023 2073 1252 2139 ereptus
1272 2085 1420 2134 sum,
1437 2084 1819 2132 reversurum,
1835 2067 1932 2121 sed
1951 2083 2097 2120 sem-

490 2173 595 2228 per
614 2173 708 2211 me
728 2157 787 2211 in
801 2157 1022 2210 unitate
1045 2160 1256 2210 sanctae
1269 2157 1538 2210 mcclesim
1560 2156 1855 2210 catholica:
1873 2158 1930 2209 et
1943 2172 2097 2209 com-

488 2244 767 2298 munione
792 2244 1035 2298 Romani
1067 2245 1354 2315 pontiﬁcis
1376 2262 1480 2316 per
1509 2244 1707 2298 omnia
1725 2261 2091 2315 permanere.

490 2331 890 2402 Undejuratus
907 2333 1032 2386 dico
1048 2349 1147 2403 per
1163 2333 1348 2386 Deum
1371 2333 1858 2404 omnipotentem.
1884 2336 1940 2386 et
1969 2333 2091 2386 haec

486 2423 1001 2492 sanctaquatuor=M
1043 2421 1344 2491 evangelia
1386 2438 1512 2492 qua}
1559 2422 1616 2474 in
1647 2421 1789 2475 meis
1819 2421 2094 2474 manibus

486 2513 680 2575 teneo,
715 2513 772 2564 et
802 2510 1042 2564 salutem
1076 2510 1429 2581 geniumque
1447 2510 1697 2564 Mauricii
1723 2510 2091 2581 atquoTheo-

489 2597 632 2652 dosii
651 2598 1022 2652 dominorum
1044 2603 1376 2654 nostrorum
1399 2599 1480 2653 rei
1494 2599 1736 2668 publicae
1749 2599 2094 2668 gubernato-

488 2703 600 2753 res,
632 2702 727 2741 me
762 2686 817 2741 in
851 2687 1072 2742 unitate
1096 2688 1240 2742 sicut
1263 2688 1375 2742 dixi
1403 2687 1960 2758 aecclesiae,adquam
1976 2688 2090 2740 Deo

488 2775 739 2847 propitio
757 2793 881 2830 sum
897 2780 1240 2844 reversus,et
1253 2777 1665 2831 communione
1681 2774 1926 2830 Romani
1948 2790 2090 2844 pon-

487 2863 654 2919 tiﬁcis
678 2883 909 2938 semper
939 2869 996 2920 et
1023 2867 1144 2920 sine
1176 2866 1349 2921 dubio
1378 2882 1739 2938 permanere.
1803 2864 1967 2928 Quod
2024 2863 2089 2930 si,

489 2954 646 3024 quod
666 2955 1034 3027 absit,aliqua
1050 2955 1410 3010 excusatione
1425 2955 1511 3008 vel
1533 2956 1878 3025 argumento
1899 2953 1969 3006 ab
1986 2952 2094 3006 hac

2188 570 2304 620 tem
2336 565 2674 619 fidissimum
2720 565 2840 620 fore
2887 565 3221 637 designavit,
3249 582 3371 621 cum
3392 569 3505 623 aliis
3547 572 3744 642 quibus-

2189 654 2345 708 dam.
2372 655 2438 707 Et
2465 658 2525 708 ut
2543 655 2651 709 hoc
2667 655 2880 709 factum
2900 655 3002 708 sub
3016 654 3202 726 specie
3225 655 3436 710 honesti
3460 660 3742 731 tegeretur,

2193 757 2398 796 manus
2429 747 2486 796 et
2509 747 2872 798 sacramenta
2921 745 3091 798 simul
3138 745 3338 798 Karolo
3395 747 3615 816 praebui,
3665 751 3747 805 sed

2183 830 2346 899 jussu
2379 831 2577 902 ipsius;
2613 834 2796 887 claves
2818 833 2973 887 urbis
2991 832 3204 904 accepi,
3239 833 3334 887 sed
3352 849 3383 886 a
3400 836 3750 908 manuipsius;

2192 923 2385 988 portas
2408 921 2629 990 aperui,
2661 921 2763 975 sed
2790 921 2941 975 illius
2963 925 3270 993 praecepto.
3293 922 3416 976 Haec
3433 922 3472 976 si
3487 923 3749 996 quisquam

2192 1009 2443 1062 vestrum
2475 1008 2640 1063 aliter
2653 1026 2771 1063 esse
2811 1012 2994 1081 putat,
3020 1007 3532 1081 mequeindignum
3562 1012 3751 1066 cuicre-

2195 1095 2382 1162 datur,
2412 1097 2607 1151 credat
2642 1097 2783 1168 igni,
2816 1097 3060 1151 ferventi
3093 1114 3278 1168 aquae,
3304 1098 3556 1152 candenti
3582 1100 3751 1167 ferro;

2192 1182 2407 1238 faciant
2435 1184 2609 1239 ﬁdem
2640 1189 2954 1252 tormenta,
2987 1185 3193 1257 quibus
3217 1201 3334 1239 non
3355 1185 3624 1241 sufﬁciunt
3644 1205 3756 1242 mea

2192 1272 2398 1340 verba;
2432 1273 2536 1344 ipsi
2578 1277 2770 1327 hostes
2800 1273 2936 1342 mei,
2971 1273 3174 1345 quibus
3205 1290 3387 1346 nuper
3417 1273 3612 1329 invisus
3656 1292 3755 1330 esse

2193 1361 2358 1432 coepi,
2386 1361 2716 1415 testimonio
2737 1365 3064 1429 erunt,cum
3078 1378 3177 1416 suo
3196 1378 3288 1415 me
3309 1361 3577 1417 beneﬁcio
3600 1363 3760 1418 vivere

2192 1449 2655 1519 comprobabunt
2677 1467 2689 1518 ;
2727 1450 2959 1521 quando
2974 1453 3223 1504 vestrum
3239 1450 3542 1504 anathema
3559 1451 3762 1520 perhor-

2193 1553 2440 1604 rescens,
2473 1554 2677 1592 eorum
2708 1541 2844 1592 tunc
2868 1537 3238 1592 miseratione
3269 1537 3488 1608 gladios
3506 1538 3763 1601 Richardi,

2192 1624 2384 1679 fratris
2416 1625 2687 1697 episcopi,
2717 1625 2802 1679 vix
2825 1625 2995 1693 evasi,
3046 1625 3196 1680 hanc
3251 1642 3443 1680 meam
3490 1623 3763 1680 confessio-

2192 1730 2327 1767 nem
2373 1713 2814 1784 expavescentis.
2849 1733 2879 1765 »

2269 1805 2350 1855 l2.
2383 1802 2469 1855 Ad
2496 1802 2616 1855 haec
2635 1802 2753 1856 Odo
2773 1802 3071 1873 episcopus
3089 1800 3528 1857 Silvanectensis
3548 1818 3560 1856 :
3581 1824 3608 1852 ‹‹
3634 1801 3767 1855 Bene

2195 1907 2367 1951 nunc,
2390 1891 2593 1960 inquit,
2623 1892 2938 1945 anathema
2959 1891 3014 1944 in
3045 1891 3395 1945 memoriam
3425 1890 3586 1944 redit.
3619 1890 3766 1943 Pater

2195 1979 2354 2032 enim
2396 1980 2666 2033 Arnulfus
2709 1980 2860 2033 hunc
2894 1982 3155 2034 nostrum
3185 1979 3492 2033 Arnulfum
3544 1977 3599 2032 in
3629 1993 3769 2047 cyro-

2196 2067 2415 2138 grapho
2439 2083 2496 2120 se
2541 2069 2884 2140 dampnasse
2916 2068 3082 2132 dixit;
3110 2085 3214 2122 nos
3276 2071 3470 2121 autem
3502 2065 3770 2138 quoddam

2195 2155 2468 2225 scriptum
2498 2157 2569 2210 ab
2599 2173 2666 2210 eo
2691 2157 2748 2210 in
2782 2160 3043 2226 tempore
3070 2155 3190 2227 ipso
3205 2155 3534 2227 accepimus
3546 2170 3643 2224 per
3667 2169 3771 2206 ma-

2196 2260 2301 2296 nus
2330 2243 2601 2298 Guidonis
2664 2245 3003 2299 venerabilis
3033 2244 3320 2316 episcopi;
3352 2243 3525 2314 inquo
3557 2245 3610 2295 et
3655 2256 3773 2295 con-

2194 2331 2361 2386 fessio
2385 2332 2468 2405 sui
2494 2333 2628 2387 facti
2659 2338 2716 2387 et
2745 2333 3086 2403 danipnatio
3130 2333 3312 2403 ipsius
3345 2331 3626 2387 contineri
3649 2329 3778 2382 vide-

2193 2419 2396 2488 batur;
2428 2421 2584 2492 quod
2615 2421 2673 2476 in
2702 2421 2970 2492 prmsenti
2995 2422 3198 2492 jubeat
3261 2421 3508 2474 recitare
3538 2416 3777 2473 sanctitas

2193 2512 2398 2563 vestra.
2436 2530 2463 2557 »
2497 2507 2759 2580 Synodus
2791 2510 2972 2564 dixit:
3010 2533 3036 2559 «
3072 2510 3389 2564 Recitetur.
3423 2529 3454 2561 »
3487 2507 3778 2562 Recitatum

2194 2598 2277 2648 est
2302 2595 2493 2667 itaque
2516 2597 2575 2650 in
2615 2598 2767 2651 hunc
2809 2598 3049 2652 modum
3076 2614 3088 2650 :
3120 2616 3150 2649 α
3175 2597 3458 2653 Arnulfus
3493 2593 3666 2667 gratia
3693 2593 3779 2651 Dei

2193 2684 2670 2757 archiepiscopus,
2686 2684 3195 2739 commonitorium
3221 2689 3295 2726 δ”
3309 2683 3673 2756 praedonibus
3687 2680 3781 2732 Be-

2194 2788 2445 2828 morum.
2475 2773 2737 2836 Quidtibi
2765 2773 3200 2844 vispraedonum
3233 2772 3611 2829 Remensium
3628 2769 3781 2823 scele-

2193 2866 2318 2917 rata
2349 2879 2552 2918 manus
2581 2862 2608 2916 ?
2634 2862 2892 2916 Nichilne
2939 2866 2994 2916 te
3023 2866 3267 2917 movent
3295 2861 3502 2935 pupilli
3537 2863 3592 2914 et
3621 2858 3784 2913 vidua:

2193 2951 2444 3005 lacrimae
2461 2950 2487 3004 ‘t
2516 2951 2626 3004 Nec
2639 2949 2944 3004 advocatus
2961 2951 3337 3018 eorum,velis
3357 2948 3784 3016 nolis,Dominus

489 3059 585 3098 me
601 3043 822 3098 unitate
842 3043 1594 3114 divisero,periuriireatum
1616 3043 1916 3096 incurrens
1932 3045 2094 3095 mter—
2123 3075 2170 3134 Ο
2194 3043 2342 3107 tuus,
2377 3039 2496 3110 ipse
2552 3039 2730 3106 testis,
2792 3039 3063 3109 etjudex,
3092 3043 3151 3093 et
3181 3040 3382 3110 gravis
3431 3040 3600 3105 ultor,
3648 3035 3788 3106 cujus

488 3148 579 3185 na:
610 3147 797 3202 pcenae
820 3133 1104 3204 obligatus
1135 3132 1418 3198 inveniar,
1451 3134 1508 3184 et
1533 3147 1663 3185 cum
1695 3134 1926 3185 auctore
1957 3129 2089 3184 scis-

487 3221 659 3275 matis
688 3222 938 3276 habeam
969 3220 1028 3275 in
1058 3221 1250 3276 futuro
1311 3220 1890 3292 smculoiportioncm.
1917 3237 1949 3270 ›>

563 3313 648 3364 11.
679 3309 1032 3380 Adalgerus:
1070 3331 1097 3358 «
1123 3309 1250 3364 Scio
1283 3326 1399 3376 me,
1430 3309 1638 3380 inquit,
1667 3324 1784 3362 non
1812 3323 2091 3378 magnam

486 3398 825 3453 habiturum
857 3398 1318 3469 expectationem
1368 3398 1426 3451 in
1460 3398 1724 3463 dicendo,
1755 3395 2091 3452 reverentis-

485 3485 617 3540 simi
646 3488 861 3551 Patres,
893 3502 1024 3540 cum
1056 3486 1256 3540 omnia
1308 3503 1434 3556 qum
1460 3503 1564 3557 pro
1594 3485 1928 3540 defensione
1959 3502 2091 3539 mea

489 3572 740 3629 dicturus
793 3590 940 3640 sum,
970 3577 1174 3628 contra
1215 3591 1308 3628 me
1335 3574 1575 3628 fortasse
1622 3573 1943 3628 videantur.
1974 3575 2088 3629 Hoc

486 3663 645 3718 enim
666 3662 801 3717 etin
832 3662 994 3717 initio
1017 3663 1288 3729 intellexi,
1317 3679 1447 3716 cum
1464 3663 1648 3729 Dudo,
1680 3662 1874 3717 Karoli
1903 3662 2086 3729 miles,

487 3753 551 3806 ut
581 3752 749 3823 hujus
765 3751 1106 3823 proditionis
1126 3757 1325 3807 auctor
1349 3752 1672 3817 existerem,
1729 3751 2090 3805 machinatus

487 3843 602 3908 est;
637 3841 726 3894 cui
752 3856 884 3894 cum
909 3841 1324 3912 responderem
1356 3857 1456 3894 cur
1486 3857 1552 3894 ex
1584 3843 1744 3894 tanta
1776 3857 1962 3894 massa
1987 3841 2089 3896 ho-

485 3927 713 3984 minum
747 3945 854 4000 ego
879 3929 1116 3983 clericus
1146 3933 1204 3984 et
1234 3929 1500 3983 sacerdos
1530 3928 1890 3998 potissimum
1914 3929 2087 3999 elige-

483 4033 600 4085 rer,
634 4020 696 4071 ut
725 4017 1015 4072 seniorem
1045 4021 1101 4071 et
1131 4017 1464 4088 episcopum
1490 4033 1685 4072 meum
1708 4017 2000 4070 traderem
2015 4017 2088 4071 ob

483 4123 715 4162 causam
734 4107 926 4162 Karoli
946 4106 1019 4160 ad
1037 4123 1211 4178 quem
1230 4106 1372 4160 nihil
1393 4105 1991 4176 attinebam,primum
2005 4122 2091 4159 so-

489 4196 749 4252 cordiam
765 4199 823 4250 et
851 4196 1177 4250 fatuitatem
1195 4195 1501 4250 hominum
1529 4211 1623 4248 me
1655 4195 1796 4249 scire
1829 4195 2084 4261 dicebat;

485 4300 682 4339 meum
714 4288 909 4338 autem
938 4282 2087 4354 ingenium,prudentiam,animimagni-

2184 3128 2466 3200 judicium
2489 3144 2604 3182 non
2627 3127 2900 3198 effugies?
2931 3128 3067 3182 Vide
3090 3128 3230 3199 quid
3261 3131 3401 3183 ante
3427 3128 3619 3182 oculos
3635 3123 3787 3195 ipsius

2191 3217 2403 3288 egeris:
2421 3220 2679 3271 sanctam
2698 3215 3030 3288 pudicitiam
3057 3217 3242 3287 virgin
3253 3233 3356 3271 um
3371 3233 3492 3271 non
3507 3210 3788 3276 erubuisti;

2192 3310 2488 3359 matronas
2517 3305 2693 3359 etiam
2714 3304 2973 3359 barbaris
2987 3305 3269 3360 verendas
3285 3305 3476 3360 nudas
3495 3300 3756 3374 reliquisti
3775 3315 3786 3364 ;

2191 3394 2514 3464 orphanum
2544 3397 2602 3448 et
2629 3393 2912 3464 pupillum
2945 3410 3062 3448 non
3095 3394 3430 3464 respexisti.
3465 3395 3674 3448 Parum
3700 3387 3792 3442 tibi

2189 3482 2297 3536 hoc
2315 3499 2329 3549 ;
2358 3481 2636 3536 accessisti
2650 3482 2721 3536 ad
2742 3483 3025 3552 templum
3048 3483 3253 3536 matris
3273 3483 3407 3548 Dei,
3422 3479 3639 3536 cunctis
3653 3493 3792 3532 mor-

2189 3571 2394 3625 talibus
2423 3571 2827 3625 reverendam.
2863 3570 2994 3640 Ejus
3035 3571 3252 3625 atrium
3298 3568 3655 3643 perfregisti,
3683 3566 3794 3638 pol-

2189 3659 2362 3724 luisti,
2381 3658 2790 3722 violasti.Quod
2807 3659 2954 3713 oculi
2969 3659 3041 3713 ibi
3062 3656 3715 3729 viderunt,concupiisti
3731 3663 3789 3705 ⁵³.

2190 3748 2353 3811 Quod
2370 3764 2572 3801 manus
2589 3750 2895 3801 attrectare
2909 3750 2978 3788 σθ’
2993 3745 3686 3819 potuerunt,rapuisti.Et
3707 3756 3798 3796 nos

2189 3836 2422 3907 quidem
2449 3840 2652 3892 contra
2673 3835 2928 3890 divinum
2951 3852 3015 3890 ac
3031 3833 3799 3907 humanumjusmisericor-

2189 3926 2282 3980 dia
2306 3924 2787 3995 abutentes,quod
2805 3924 2914 3978 cibi
2941 3928 2999 3978 et
3029 3928 3193 3994 potus
3225 3925 3544 3990 abstulisti,
3579 3938 3695 3978 non
3723 3919 3800 3972 in-

2190 4013 2620 4084 dulgemus,sed
2635 4016 2870 4085 propter
2885 4013 3061 4084 impia
3075 4016 3355 4084 tempora
3370 4032 3494 4069 non
3514 4012 3802 4083 exigimus.

2190 4102 2482 4173 Exigimus
2498 4106 2688 4156 autem
2703 4103 2924 4174 reliqua
2936 4103 3132 4156 omnia
3144 4119 3277 4174 qum
3294 4102 3540 4175 pollutis
3554 4099 3804 4155 manibus

2190 4191 2504 4261 pervasisti,
2527 4208 2591 4245 ac
2621 4191 2855 4247 retines.
2897 4191 3093 4246 Redde
3122 4208 3290 4262 ergo,
3328 4195 3434 4246 aut
3467 4187 3806 4247 sententiam

2190 4279 2687 4349 dampnationisin
2715 4295 3045 4351 pervasores
3069 4296 3268 4333 rerum
3292 4280 3804 4335 ecclesiasticarum

485 4371 769 4438 tudinem,
797 4371 1233 4426 mirislaudibus
1262 4372 1597 4440 extollebat;
1639 4371 1884 4442 denique
1900 4371 2083 4441 ipsum
2113 4359 2165 4418 D
2188 4384 2221 4422 a
2249 4369 2420 4422 sacris
2458 4369 2774 4423 canonibus
2804 4369 3256 4438 promulgatam,
3295 4387 3562 4442 eamque
3596 4377 3641 4410 ιι
3673 4367 3726 4420 in
3757 4367 3806 4416 te

485 4475 685 4515 meum
711 4461 1001 4514 seniorem
1015 4461 1121 4514 hoc
1139 4460 1218 4514 ita
1243 4460 1723 4531 velle,sibiqueita
1747 4460 2084 4532 praecepisse

487 4549 588 4604 Cui
615 4566 745 4603 cum
763 4549 941 4603 ﬁdem
956 4548 1115 4621 quasi
1128 4549 1586 4620 spopondissem,
1603 4552 1929 4603 nontamen
1951 4549 2087 4603 satis

486 4639 677 4692 tutum
710 4638 835 4693 fore
867 4638 977 4692 hoc
1010 4653 1238 4691 mecum
1270 4637 1634 4707 reputabam,
1683 4637 1790 4692 nisi
1817 4655 1882 4692 ex
1913 4637 2086 4708 ipsius

485 4725 729 4781 senioris
759 4743 859 4781 ore
879 4742 995 4780 non
1009 4726 1158 4780 bene
1175 4725 1393 4780 credita
1405 4741 1508 4796 per
1524 4729 1744 4780 memet
1759 4725 1944 4797 ipsum
1964 4726 2083 4780 sine

485 4811 800 4886 interprete
816 4815 1437 4885 recognoscerem;ejus
1453 4815 1766 4885 amor,ejus
1779 4814 2084 4885 imperium

487 4919 584 4957 me
612 4903 674 4959 in
703 4903 807 4958 has
833 4902 1499 4973 prmcipitavitmiserias.
1527 4902 1864 4967 Quaerebam
1890 4906 2086 4958 tamen

485 5008 553 5046 ex
581 4991 979 5062 eo,cujusnam
997 4990 1176 5045 fretus
1203 4991 1710 5062 auxilioimperata
1727 4990 2085 5061 perﬁcerem,

485 5083 544 5135 et
565 5080 610 5134 si
634 5083 705 5122 κί’
726 5079 829 5134 sibi
857 5079 1381 5151 pertimescendum
1412 5080 1601 5134 foret?
1623 5079 1878 5142 Quicum
1910 5080 2086 5134 Karo-

483 5167 605 5224 lum
626 5169 729 5224 sibi
743 5173 1016 5242 patruum
1037 5187 1157 5224 esse
1189 5168 1437 5236 dixisset,
1465 5170 1773 5224 Mannasen
1797 5177 1841 5208 δ’
1860 5185 2086 5240 quoque

483 5262 541 5314 et
561 5257 876 5331 Rotgerum
906 5263 1268 5314 sacramenta
1295 5275 1422 5329 quae
1451 5256 1692 5313 voluerit
1729 5257 2078 5327 praestitisse,

2187 4459 2363 4511 latam
2381 4457 2829 4528 multotiensque
2863 4457 3166 4512 ferendam
3189 4458 3403 4530 excipe
3424 4457 3623 4514 :ANA
3637 4451 3809 4509 THE-

2184 4545 2300 4599 ΜΛ
2329 4545 2415 4599 ΙΝ
2435 4545 2860 4601 PREDONES
2877 4555 2921 4587 δι
2941 4547 3289 4600 Auctoritate
3306 4547 3699 4618 omnipotentis
3718 4541 3814 4596 Dei

2184 4635 2394 4696 Patris,
2443 4641 2492 4688 et
2521 4634 2672 4702 Filii,
2722 4643 2772 4689 et
2811 4635 3269 4705 Spiritussancti,
3327 4638 3726 4691 interveniente
3767 4637 3811 4683 et

2187 4723 2474 4794 adjuvante
2521 4723 2668 4777 beata
2715 4723 2898 4778 Maria
2945 4741 3143 4794 semper
3199 4726 3445 4794 virgine,
3507 4724 3816 4780 auctoritate

2187 4831 2393 4886 quoque
2425 4830 2488 4870 ac
2524 4819 2784 4884 potestate
2814 4813 3060 4883 apostolis
3108 4812 3312 4866 tradita
3347 4815 3616 4886 nobisque
3645 4811 3814 4866 relicta

2189 4904 2719 4970 excommunicamus,
2794 4902 3340 4970 anathematizamus,
3429 4901 3816 4962 maledicimus,

2186 4992 2556 5062 dampnamus,
2591 4999 2640 5045 et
2669 5009 2701 5044 a
2758 4991 3025 5044 liminibus
3053 4996 3250 5045 sanctao
3314 4995 3526 5046 matris
3583 4990 3820 5046 secclesia!

2185 5097 2489 5151 separamus
2518 5097 2606 5134 vos
2634 5079 2973 5134 Remensium
2997 5079 3321 5150 praedonum
3352 5088 3634 5148 auctores,
3657 5079 3822 5150 facto-

2186 5187 2284 5234 res,
2341 5175 2716 5239 cooperatores,
2773 5167 3010 5238 fautores
3041 5186 3072 5221 a
3090 5169 3336 5238 propriis
3374 5169 3620 5223 dominis
3651 5181 3823 5220 rerum

2182 5274 2405 5312 suarum
2427 5257 2521 5311 sub
2552 5257 2765 5310 nomine
2815 5257 3089 5327 emptionis
3131 5254 3564 5314 abalienatores.
3603 5257 3824 5315 Obtene-

1818 5416 2065 5470 VARL/E
2087 5415 2462 5471 LECTIONES

482 5545 622 5598 η’...
655 5539 713 5596 id
735 5543 786 5597 2.
848 5548 895 5582 ⁸ο
912 5543 1032 5611 opt,
1063 5553 1202 5611 corr.
1242 5536 1361 5594 obt.
1395 5540 1446 5594 2.
1499 5540 1585 5611 βο·
1601 5556 1716 5611 nec
1752 5543 1800 5594 1.
1871 5547 1914 5581 ιιι
1949 5543 2219 5611 quattuor
2240 5543 2292 5594 2.

1863 5614 1932 5655 δι’
1958 5615 2265 5668 attractare
2296 5615 2348 5668 2.

484 5627 619 5671 rum
650 5615 701 5668 2·
766 5621 812 5656 ⁸³
843 5609 1160 5684 concupisti
1194 5615 1246 5666 1.
1270 5609 1688 5684 concupivisisti
1716 5614 1771 5678 2,

2791 5553 3119 5594 manassem
3154 5539 3205 5594 2.
3303 5544 3384 5583 δι’
3429 5537 3825 5599 οοωῐηοηίὶο·

2785 5616 2854 5653 δι’
2886 5628 2937 5666 a'
2973 5611 3008 5665 i.
3042 5627 3100 5683 p.
3133 5611 3330 5666 desunt
3359 5617 3417 5670 2.

2383 5541 2453 5581 δι’
2503 5539 2646 5594 deest
2672 5544 2690 5594 l

2419 5619 2463 5654 ιι
2493 5627 2620 5668 eam
2656 5615 2705 5668 1.
