3954 6170
221 378 322 437 297

1109 374 1362 433 SPURIA
1388 376 1525 432 aur
1561 364 1919 436 ALIENA.-—
1951 378 2105 437 AC’l‘.
2142 379 2345 439 CONC.
2376 377 2623 439 BASOL.

3426 368 3531 450 aiis

228 521 465 574 litescunt
492 517 635 573 oculi
666 518 830 575 vestri
873 519 967 591 qui
987 521 1419 589 concupiverunt,
1451 526 1689 573 arescant
1717 538 1835 574 ma-
1856 507 1912 566 Α
1935 507 2131 559 ηοδῖθτ
2151 521 2281 559 cum
2302 505 2455 559 Clem
2481 508 2539 559 et
2568 506 2780 578 Populo
2811 506 2995 563 teneri
3017 505 3088 564 ab
3118 510 3376 570 hOStibus
3391 530 3541 587 ΡῙἛ·

220 627 320 663 nus
347 626 469 680 quae
491 615 811 680 rapuerunt,
848 609 1207 678 [debilitentur
1239 610 1421 664 omnia
1452 609 1687 663 membra
1713 626 1831 681 qua

215 697 542 767 adjuverunt
572 699 663 758 '5].
703 697 922 767 Semper
981 698 1247 763 laboretis,
1308 714 1400 751 nec
1428 715 1659 768 requiem
1687 701 1832 752 inve-

215 787 398 846 niatis,
420 788 774 856 fructumque
794 786 985 839 laboris
1010 788 1461 855 vestriprivemini
1478 815 1493 852 ,-
1523 783 1832 855 formidetis

213 881 261 928 et
276 876 532 945 parcatis
563 892 596 927 a
623 875 770 944 facie
787 875 1168 946 persequentis,
1216 880 1265 927 et
1320 890 1427 926 non
1473 876 1833 945 persequentis

211 964 401 1031 hostis,
455 969 517 1017 ut
549 962 853 1017 tabescendo
882 962 1159 1031 deﬁciatis.
1208 960 1297 1016 Sit
1308 963 1486 1033 portio
1511 968 1682 1017 uestra
1712 979 1833 1016 cum

208 1052 357 1106 Juda
394 1052 663 1107 traditore
688 1052 913 1106 Domini
940 1054 995 1105 in
1016 1058 1156 1106 terra
1184 1053 1370 1105 mortis
1399 1059 1449 1106 et
1477 1052 1830 1119 tenebrarum,

216 1141 382 1195 donec
412 1141 577 1195 corda
601 1155 771 1195 vestra
818 1140 889 1194 ad
907 1141 1129 1211 plenum
1155 1141 1572 1209 satis/actionem
1623 1156 1834 1194 conver-

218 1237 432 1284 tantur.
464 1230 581 1285 Hic
629 1238 809 1284 autem
838 1232 905 1283 sit
934 1229 1121 1283 modus
1142 1230 1316 1300 plenae
1343 1230 1745 1299 satis/actionis,
1777 1235 1834 1280 ut

216 1322 397 1373 omnia
432 1320 638 1390 injuste
662 1319 862 1383 ablata,
883 1326 1078 1389 praeter
1104 1319 1277 1373 cibum
1307 1324 1357 1372 et
1368 1328 1581 1388 potum,
1595 1319 1837 1389 propriis

216 1407 449 1463 dominis
501 1425 566 1462 es:
642 1410 847 1478 integro
897 1409 1207 1473 restituatis,
1260 1424 1543 1478 coramque
1592 1405 1843 1469 Reme-nsi

217 1497 443 1553 ecclesia
463 1496 769 1569 pernitendo
800 1496 1175 1562 humiliemini,
1203 1497 1299 1567 qui
1325 1500 1566 1549 sanctam
1614 1494 1843 1550 Remen-

216 1602 322 1641 sem
345 1586 628 1641 ecclesiam
644 1587 860 1639 reveriti
876 1601 982 1638 non
1018 1586 1142 1638 estis
1165 1613 1181 1650 ,-
1208 1600 1302 1637 nec
1326 1586 1396 1624 δι’
1428 1590 1621 1637 cessent
1644 1601 1675 1637 a
1692 1584 1837 1638 vobis

216 1675 296 1728 ha:
344 1674 749 1728 maledictioues
803 1673 1059 1729 scelerum
1106 1679 1399 1726 vestrorum
1440 1673 1838 1743 persecutrices,

218 1764 480 1835 quamdiu
499 1763 890 1834 permanebitis
938 1764 992 1814 in
1017 1768 1236 1832 peccato
1252 1762 1603 1831 pervasionis.
1635 1761 1835 1817 Amen.

215 1852 364 1908 Fiat.
399 1850 563 1907 Fi’at.
606 1872 635 1901 ))

1936 592 2252 648 dicabatur.
2303 594 2522 649 Rumor
2543 595 2789 649 tatmem
2806 596 2879 652 ab
2911 614 2979 653 eo
3010 598 3174 655 factae
3195 604 3541 674 proditionis

1934 681 2207 752 frequens
2237 685 2382 737 erat.
2404 684 2599 754 itaque
2624 688 2957 741 nostrorum
2987 691 3539 759 conprovincialiu'm

1934 770 2235 823 communi
2271 772 2532 824 consultu
2571 773 2878 827 statuimus
2915 776 3229 832 anathema
3278 779 3338 834 in
3388 797 3540 850 reos,

1934 857 2091 929 quod
2122 858 2310 912 nullus
2325 857 2517 930 aliquo
2545 860 2720 915 modo
2751 877 2810 916 se
2836 864 3127 920 occultans
3144 867 3542 940 subterfugere

1934 947 2145 1017 posset.
2196 946 2327 1017 Ejus
2367 948 2744 1019 exemplar”,
2773 949 2821 1004 si
2867 952 3074 1023 placet,
3117 955 3473 1026 proferatur.
3506 978 3536 1008 »

1935 1033 2345 1104 Prolatumque
2376 1037 2463 1089 est
2488 1035 2546 1090 in
2575 1037 2730 1091 hunc
2758 1039 3001 1095 modum
3035 1058 3049 1095 :

1939 1145 1967 1173 ‹‹
1999 1138 2195 1178 ORATIO
2228 1141 2511 1182 INVECTIVA
2541 1143 2903 1184 EPISCOPORUI
2952 1146 3210 1187 REHENSIS
3254 1148 3542 1191 υιοεεεεοε

2249 1230 2365 1268 νιειζ
2392 1231 2609 1271 DECRET]
2650 1233 2844 1271 HABITA
2867 1234 3227 1276 SILVANECTIS.

2012 1323 2039 1351 «
2063 1301 2367 1375 Quousque
2393 1321 2453 1360 se
2482 1306 2758 1360 extendet
2780 1305 3060 1364 effrenata
3084 1310 3314 1367 licentia
3332 1317 3539 1383 vestra,

1941 1388 2172 1445 alterius
2201 1390 2509 1461 proditoris
2534 1393 2694 1449 Iudae
2722 1394 3036 1450 satellites?
3057 1397 3145 1452 Ad
3166 1414 3342 1471 quem
3361 1400 3540 1457 ﬁnem

1941 1478 2221 1533 scelerum
2241 1481 2644 1551 progredietur
2656 1482 2904 1555 incmpta
2916 1484 3146 1541 audatia
3160 1489 3331 1543 vestri
3342 1490 3502 1545 ducis
3515 1490 3545 1544 ?

1944 1565 2101 1621 ducis
2122 1567 2363 1623 dicimus
2378 1569 2647 1640 Adalgeri
2666 1571 2990 1641 presbiteri,
3006 1574 3105 1645 qui
3121 1591 3337 1633 nomen
3354 1594 3543 1633 sacer-

1944 1654 2150 1709 dotalis
2172 1655 2469 1727 dignitatis
2497 1673 2593 1712 suc
2628 1658 2865 1714 nomine
2904 1661 3129 1732 polluit.
3159 1663 3235 1717 Te
3256 1663 3433 1735 igitur
3452 1664 3546 1719 in-

1942 1744 2335 1813 terpellamus,
2360 1744 2585 1799 funeste
2607 1746 2891 1817 presbiter
2914 1765 2929 1817 ;
2963 1748 3101 1821 quid
3125 1749 3227 1805 tibi
3257 1750 3440 1805 visum
3460 1755 3546 1807 est

1866 1866 1918 1924 B
1939 1833 2069 1924 post
2093 1832 2190 1886 illa
2205 1835 2443 1924 cruenta
2462 1834 2855 1924 arma,quibus
2868 1840 2923 1890 te
2938 1836 3196 1892 Lauduni
3218 1840 3543 1908 exercuisti,

292 1943 379 1995 13.
426 1938 554 2004 Quo
613 1941 890 2012 pel-lecto,
941 1939 1262 1993 Quauerius
1315 1937 1837 2009 Auguslidunensis
1866 1918 1914 1924 ”
1942 1923 2004 1973 ut
2024 1918 2235 2012 iterum
2252 1920 2375 1974 vilis
2397 1924 2659 2012 apostata
2678 1921 3202 1980 factus.Arnulfum
3225 1927 3543 1983 Remorum

217 2030 490 2086 ecclesia:
510 2029 813 2101 episcopus
841 2045 854 2082 :
887 2051 914 2079 ‹.
943 2028 1234 2092 Quidnam
1256 2036 1324 2097 ⁸ο,
1345 2028 1556 2100 inquit,
1575 2029 1684 2083 hoc
1708 2043 1837 2099 por-

217 2123 446 2174 tentum
471 2118 600 2173 est?
623 2117 848 2172 Satisne
866 2133 1019 2172 sanae
1038 2116 1249 2172 mentis
1277 2120 1363 2171 est
1390 2116 1482 2170 hic
1511 2117 1835 2188 episcopus,

217 2208 313 2280 qui
325 2223 437 2280 pro
442 2208 674 2278 jactura
684 2205 970 2261 vilissima:
987 2205 1315 2279 supellectis
1327 2208 1397 2247 η’
1413 2222 1542 2260 reos
1556 2205 1836 2276 dampnat

217 2310 390 2368 super
418 2295 508 2349 sui
532 2299 729 2349 autem
760 2298 818 2348 et
834 2294 970 2349 cleri
985 2298 1043 2350 et
1076 2294 1270 2367 populi
1286 2293 1620 2366 captivitate
1636 2295 1787 2348 tacet
1803 2293 1831 2348 ‘I

216 2384 326 2439 Pro
351 2398 681 2455 pauperum
698 2382 942 2454 tuguriis
955 2383 1105 2437 forte
1126 2382 1313 2454 magis
1325 2382 1475 2436 carie
1492 2390 1537 2424 ⁸⁷
1550 2399 1726 2454 quam
1746 2381 1827 2436 vi-

214 2471 522 2526 ruentibus
573 2470 1041 2538 anathematizat,
1097 2474 1154 2525 et
1178 2487 1283 2541 pro
1311 2471 1529 2543 templo
1597 2470 1697 2525 Dei
1725 2485 1830 2542 per

215 2561 427 2616 orbem
479 2564 773 2614 terrarum
803 2559 1197 2614 famosissimo
1211 2558 1357 2613 nihil
1385 2558 1570 2613 dicit?
1606 2559 1827 2630 Nempe

214 2648 414 2704 omnis
443 2651 681 2703 terrena
712 2651 975 2703 creatura
998 2648 1238 2703 homine
1250 2647 1415 2703 vilior
1446 2650 1551 2715 est,
1580 2649 1827 2702 etomne

212 2736 626 2792 manufactum
640 2736 944 2792 aedificium
962 2736 1179 2808 templo
1198 2735 1299 2791 Dei
1312 2736 1493 2791 vilius.
1510 2735 1623 2791 Sed
1635 2735 1769 2808 quia
1784 2744 1830 2779 εδ

212 2825 370 2880 forte
400 2825 711 2898 Apostolus
763 2824 945 2880 dicit:
976 2823 1045 2879 Si
1087 2826 1327 2879 esurierit
1392 2826 1639 2880 inimicus
1689 2830 1827 2894 tuus,

214 2916 334 2970 rica
365 2913 565 2981 illum,-
594 2915 644 2967 si
694 2915 826 2981 sitit,
879 2919 1069 2983 potum
1128 2912 1197 2967 da
1242 2912 1324 2967 illi
1368 2912 1541 2984 (Rom.
1584 2928 1684 2979 xu,
1719 2912 1831 2982 20),

212 3005 527 3076 tamquam
549 3002 764 3075 pietate
784 3018 916 3055 usus
936 3001 1306 3073 praedonibus
1324 3000 1516 3056 cibum
1547 3003 1606 3055 et
1632 3004 1835 3073 potum

1942 2007 2435 2079 archiepiscopum
2459 2009 2735 2078 traderes,
2754 2028 2886 2066 cum
2903 2016 3039 2066 ante
3060 2029 3195 2067 eum
3206 2016 3360 2069 velut
3388 2014 3542 2070 ﬁdis-

1942 2098 2120 2154 simus
2149 2103 2335 2155 custos
2357 2100 2612 2171 cubares,
2644 2102 2877 2156 conviva
2908 2102 3162 2157 assiduus
3209 2120 3381 2173 esses,
3410 2120 3545 2160 con-

1938 2188 2063 2242 silia
2101 2188 2453 2261 disponeres,
2485 2193 2847 2244 sacrosancta
2890 2189 3366 2248 administrares?
3392 2192 3540 2248 Num

1935 2277 2195 2348 rigorem
2214 2277 2623 2333 mcclesiasticaa
2644 2277 2980 2345 severitatis,
3004 2278 3091 2333 vel
3105 2279 3392 2350 judicium
3419 2297 3542 2336 om-

1934 2363 2247 2437 nipotentis
2294 2364 2396 2419 Dei
2436 2362 2691 2435 etl'ugere
2735 2368 2792 2419 te
2840 2365 3097 2437 putasti?
3128 2366 3295 2422 Urbis
3344 2371 3542 2439 portas

1933 2452 2226 2524 aperuisti,
2258 2454 2451 2508 hostes
2480 2452 2868 2522 introduxisti,
2896 2454 3223 2510 venerabile
3254 2456 3540 2528 templum

1932 2540 2135 2596 matris
2163 2540 2267 2595 Dei
2306 2543 2477 2612 atque
2502 2540 2637 2614 ipsis
2664 2540 2923 2597 barbaris
2951 2542 3356 2611 reverendam,
3386 2545 3542 2600 velut

1932 2629 2185 2684 hostium
2218 2633 2405 2685 castra
2425 2629 2946 2703 oppugnasti.Num
2972 2631 3149 2687 etiam
3181 2649 3281 2689 vos
3312 2632 3538 2705 praedo-

1935 2734 2075 2773 num
2099 2718 2354 2773 maxima
2370 2719 2683 2791 portio,qui
2697 2719 2966 2775 (ecclesiae
2978 2720 3310 2792 ingentibus
3326 2720 3542 2778 beneﬂ~

1935 2805 2034 2862 ciis
2056 2806 2227 2861 eratis
2240 2806 2598 2880 obligati,qui
2613 2808 2798 2863 dicitis
2813 2825 2826 2863 :
2844 2808 3541 2883 ereditatepossideamus

1934 2897 2297 2950 sanctuarium
2326 2895 2454 2963 Dei,
2481 2895 2579 2966 qui
2605 2895 2771 2968 signa
2794 2897 3088 2967 militaria,
3118 2898 3343 2954 loricati
3369 2902 3427 2954 et
3441 2914 3540 2970 ga-

1935 2982 2093 3051 leati,
2140 2998 2271 3038 cum
2298 2983 2468 3039 scutis
2516 2986 2575 3038 et
2614 2984 2826 3040 lanceis
2856 2988 2991 3040 ante
3030 3002 3194 3041 aram
3223 2987 3409 3041 beate
3439 2985 3543 3042 Dei

212 3070 507 3162 indulget,
538 3070 795 3145 attamen
814 3090 885 3144 ab
910 3070 1049 3145 auro
1071 3092 1131 3144 et
1148 3094 1388 3161 argento
1408 3070 1835 3152 deterret.Quid

1938 3070 2553 3139 Genitricisintulistis;
2587 3072 2685 3145 qui
2705 3071 2938 3145 pollutis
2956 3073 3222 3129 manibus
3246 3075 3541 3144 pastorem

214 3180 323 3237 hoc
347 3154 430 3235 ad
451 3154 738 3253 pauperes
767 3178 1015 3233 Christi?
1048 3154 1266 3232 Certeii
1294 3194 1505 3232 aurum
1538 3180 1595 3232 et
1623 3191 1837 3248 argen-
1859 3154 1907 3215 Ο
1936 3175 2068 3253 cum
2098 3161 2215 3253 def
2218 3177 2251 3216 0
2279 3161 2337 3253 9t
2364 3161 2591 3253 Impulit
2611 3161 2765 3253 milia
2793 3164 3001 3253 εξηίξίθί
3019 3163 3350 3253 “nam”?!
3378 3175 3540 3253 comf

214 3270 339 3323 tum
373 3284 499 3323 non
556 3266 956 3340 perdiderunt,
1002 3265 1138 3337 quia
1167 3282 1283 3321 non
1336 3267 1694 3333 habuerunt;
1735 3265 1837 3320 sed

214 3356 415 3412 cibum
432 3359 495 3410 et
511 3358 713 3427 potum
726 3369 919 3426 ,quem
933 3353 1006 3408 ad
1023 3370 1190 3408 usum
1203 3353 1330 3408 vita:
1344 3370 1462 3408 non
1480 3353 1603 3408 sine
1618 3370 1834 3426 magno

214 3445 416 3500 labore
445 3442 1088 3515 conquisiverunt.Ecce
1116 3442 1373 3509 audistis,
1407 3441 1637 3511 fratres,
1663 3459 1835 3515 argu-

215 3538 488 3588 mentum
520 3532 730 3604 perditi
751 3531 1352 3603 hominis,pauperum
1370 3532 1835 3603 necatoris,praa-

216 3622 440 3677 donum
482 3620 807 3678 nutritoris.
843 3620 1203 3675 Intellexistis
1232 3619 1368 3692 quia
1421 3620 1495 3675 ad
1521 3621 1628 3675 hoc
1654 3620 1833 3675 voluit

216 3710 363 3783 capi,
427 3712 494 3765 ut
526 3726 629 3764 sua
656 3709 926 3764 simulata
965 3708 1263 3781 captivitas
1320 3724 1519 3763 veram
1551 3708 1832 3764 nobilium

216 3797 1041 3870 efﬁceretcaptivitatemldeo
1052 3797 1360 3868 sacrilegos
1373 3798 1834 3853 acommunione

217 3905 333 3943 non
348 3888 675 3959 arcet,quia
686 3904 745 3941 se
762 3890 1057 3941 auctorem
1070 3886 1352 3957 sacrilegii
1368 3902 1492 3941 esse
1508 3886 1827 3957 cognoscit.

217 3976 329 4033 Nec
356 3978 503 4032 sic”
526 3981 725 4031 tamen
756 3976 965 4043 evadit,
998 3976 1138 4030 dum
1171 3977 1454 4042 auctores,
1480 3974 1831 4041 inventores,

216 4064 1294 4137 factores,cooperatores,fautoresque
1313 4063 1482 4117 simul
1503 4063 1830 4135 permiscet.

220 4155 341 4226 Ipse
371 4154 535 4211 enim
556 4155 778 4219 auctor,
809 4152 968 4224 cujus
990 4151 1225 4207 consilio
1239 4154 1297 4206 et
1321 4151 1565 4223 imperio
1581 4150 1832 4224 proditio

219 4243 372 4299 facta
388 4247 476 4299 est
500 4261 516 4309 ;
545 4243 667 4315 ipse
678 4242 864 4297 factor
883 4244 941 4295 et
955 4243 1387 4313 cooperator,ut
1401 4256 1504 4312 per
1519 4240 1835 4312 quemdam

219 4332 547 4407 sapientem
572 4331 814 4386 dicitur:
843 4328 1076 4385 Comites
1092 4329 1174 4383 illi
1188 4331 1286 4397 tui,
1318 4346 1509 4383 manus
1529 4336 1677 4383 erant
1708 4336 1832 4396 tuae,-

1936 3249 2342 3327 prehendistis,
2375 3250 2649 3306 custodite
2666 3249 3056 3315 distribuistis,
3088 3250 3303 3306 carceri
3326 3248 3543 3305 manci-

1937 3341 2136 3414 pastis,
2166 3343 2224 3395 et
2254 3339 2440 3395 adhuc
2468 3338 2763 3408 retinetis;
2794 3355 2937 3395 num
2968 3338 3212 3414 inquam.
3233 3354 3332 3395 vos
3350 3337 3544 3393 divina

1929 3430 2065 3502 jura
2085 3428 2370 3500 eﬂ'ugietis
2386 3429 2414 3483 ‘?
2435 3428 2544 3483 Vos
2569 3442 3075 3501 quoque,quorum
3092 3426 3225 3483 dolo
3244 3428 3302 3483 et
3315 3425 3540 3494 fraude,

1936 3518 2173 3574 consilio
2201 3520 2259 3572 et
2286 3516 2516 3584 auxilio,
2549 3520 2776 3572 tantum
2801 3516 2983 3573 scelus
3012 3515 3230 3572 factum
3274 3517 3380 3583 est,
3410 3529 3544 3570 cum

1934 3606 2023 3661 his
2049 3614 2094 3649 οι
2125 3605 2221 3678 qui
2254 3605 2545 3677 principes
2587 3604 2735 3660 tanti
2772 3604 3044 3660 facinoris
3079 3603 3319 3660 fuerunt
3337 3617 3541 3659 conso-

1934 3694 2123 3750 ciandi
2150 3693 2304 3762 estis,
2336 3697 2401 3749 ut
2427 3710 2660 3765 poenam
2710 3693 2931 3765 peccati
2971 3693 3143 3748 simul
3198 3692 3415 3760 feratis,
3444 3690 3544 3765 qui

1933 3782 1992 3838 in
2005 3790 2053 3824 θ’
2064 3798 2235 3837 causa
2247 3781 2464 3853 peccati
2479 3782 2649 3836 simul
2661 3781 3322 3854 conspirastis,honaque
3336 3779 3544 3836 civium

1935 3870 2312 3925 Remensium
2351 3868 2655 3941 praedones
2695 3868 3019 3939 impiissimi
3051 3869 3207 3923 velut
3244 3869 3349 3923 sub
3377 3868 3543 3923 hasta

1936 3958 2294 4014 distraxistis.
2332 3958 2445 4013 Nec
2475 3956 2652 4012 etiam
2698 3973 2797 4011 vos
2833 3957 3029 4011 abesse
3064 3956 3303 4023 debetis,
3344 3957 3442 4027 qui
3481 3954 3538 4009 in

1933 4048 2361 4103 Adalberonem
2379 4046 2821 4101 Laudunensem
2844 4044 3177 4116 episcopum
3206 4060 3325 4098 non
3347 4043 3540 4097 minus

1934 4137 2082 4192 levia
2096 4135 2430 4207 perfecistis;
2446 4137 2505 4190 et
2526 4138 2589 4188 ut
2602 4133 2984 4205 pullulantem
3001 4140 3047 4175 σι
3058 4130 3309 4188 heresim
3330 4129 3543 4187 rescin-

1937 4226 2162 4294 damus,
2204 4241 2331 4297 quae
2357 4223 2580 4278 dictitat
2604 4221 2804 4277 omnia
2831 4220 3002 4276 licere
3029 4221 3239 4277 Karolo
3272 4220 3449 4277 etiam
3479 4220 3539 4275 in

1936 4315 2109 4369 sacris
2160 4313 2317 4381 locis,
2371 4314 2719 4367 Remensem
2771 4311 2941 4366 simul
2988 4327 3053 4367 ac
3097 4310 3539 4368 Laudunensem

214 4399 333 4493 ipse
363 4421 582 4488 fautor,
616 4419 712 4490 qui
734 4434 911 4490 usque
937 4417 997 4473 in
1030 4434 1282 4490 praesens
1310 4417 1554 4472 tacendo
1589 4434 1834 4474 consen-
1856 4406 1909 4466 D
1935 4402 2275 4469 ωοοῙθδίᾶῐην
2321 4405 2627 4493 nuntiique
2658 4399 2956 4472 sacrilegio
2982 4399 3251 4493 guﬁmvis
3282 4399 3543 4493 dissimili

212 4509 304 4575 sit,
331 4512 409 4577 et,
431 4512 503 4563 ut
529 4507 692 4562 fama
712 4505 1053 4577 est,magnis
1068 4506 1304 4578 insuper
1315 4505 1610 4560 beneflciis
1631 4522 1830 4561 cumu-

214 4596 368 4653 lavit.
392 4594 611 4651 Tendit
638 4593 887 4649 materia
914 4594 1036 4649 haec
1058 4593 1117 4647 in
1149 4593 1533 4663 immensum;
1567 4594 1667 4648 sed
1698 4610 1834 4649 con-

214 4685 381 4740 trabe
405 4700 747 4741 sermonem
790 4699 904 4754 qua
932 4698 1165 4754 possum
1196 4682 1471 4749 hreviate,
1520 4698 1593 4737 ne
1638 4682 1835 4738 videar

221 4774 379 4846 quasi
408 4772 747 4828 criminales
773 4770 1011 4826 dictare.
1040 4793 1068 4820 ››

291 4863 378 4917 14.
399 4861 588 4917 Guido
603 4861 901 4933 episcopus
932 4876 945 4914 :
984 4878 1009 4913 ‹
1029 4860 1087 4916 Si
1103 4860 1162 4914 in
1187 4858 1433 4931 propriis
1453 4858 1836 4931 conscriptio-

221 4950 406 5018 nibus,
438 4950 538 5006 ubi
565 4966 773 5006 cavere
796 4948 901 5004 sibi
915 4949 1101 5021 potuit
1120 4948 1416 5016 Arnulfus,
1446 4949 1527 5003 ita
1556 4950 1705 5003 Iesus
1722 4951 1831 5013 est,

224 5040 520 5110 quomodo
560 5040 621 5095 in
674 5038 939 5112 proxima
982 5037 1186 5093 sinodo
1246 5037 1578 5093 Silvanectis
1638 5037 1837 5093 habita

225 5126 580 5201 dampnatus
591 5144 710 5183 non
723 5130 807 5182 est
821 5128 849 5182 ?
864 5127 1331 5183 Conveneramus
1346 5126 1558 5199 quippe
1575 5127 1634 5180 in
1652 5143 1834 5181 unum

224 5232 327 5271 nos
347 5233 560 5272 omnes
587 5216 686 5288 qui
717 5216 807 5271 hic
835 5216 1106 5271 adsumus
1136 5217 1453 5271 Remorum
1485 5215 1836 5284 diocesanei,

222 5309 608 5379 conquestum
625 5307 884 5360 sanctam
900 5305 1248 5360 Remensem
1269 5305 1849 5371 aicclesiam,nostra_

223 5412 353 5452 rum
363 5394 635 5451 omnium
655 5394 1259 5464 matrem,desolatum
1271 5393 1768 5475 iri.Metropolitan
1776 5415 1838 5453 us

1934 4493 2235 4565 pollutam,
2264 4508 2298 4545 a
2338 4489 2511 4545 sacris
2540 4505 2908 4544 removemus
2938 4488 3161 4559 officiis,
3192 4487 3375 4543 donec
3404 4487 3543 4559 legi-

1934 4581 2077 4636 time
2106 4579 2509 4634 reconcilietur
2540 4582 2802 4651 utraque.
2837 4579 2906 4634 Et
2935 4594 3008 4633 ne
3036 4577 3163 4651 quis
3195 4592 3301 4632 nos
3328 4576 3541 4632 talibus

1933 4671 2208 4725 monstris
2221 4668 2527 4724 hominum
2544 4667 2971 4736 favere,talibus
2984 4666 3229 4740 negotiis
3245 4681 3542 4725 assensum

1932 4760 2278 4833 praebituros
2292 4760 2475 4831 putet,
2495 4756 2596 4811 sed
2612 4773 2716 4828 pro
2734 4756 2849 4812 fide
2872 4774 2987 4830 qua
3003 4757 3245 4812 vivimus
3270 4755 3542 4812 omnibus

1937 4849 2220 4921 expositos
2244 4846 2531 4920 periculis,
2563 4845 2912 4901 sententiam
2945 4847 3207 4901 nostram
3237 4844 3319 4900 ita
3338 4843 3545 4899 conﬁr-

1937 4955 2186 5005 mamus,
2235 4937 2576 5003 stabilimus,
2639 4934 3087 4990 corroboramus
3119 4951 3133 4990 :
3165 4933 3543 4991 ΑΝΑΤΗΕΜΑ

1936 5029 2007 5083 IN
2044 5026 2245 5082 REOS.
2276 5024 2631 5081 Auctoritate
2663 5022 3080 5095 omnipotentis
3121 5023 3221 5078 Dei
3271 5023 3457 5081 Patris
3485 5028 3546 5079 et

1938 5117 2061 5174 Filii
2087 5120 2146 5171 et
2175 5115 2419 5189 Spiritus
2457 5113 2659 5178 sancti,
2696 5112 3120 5168 interveniente
3151 5115 3211 5167 et
3230 5113 3545 5184 adiuvante

1939 5210 2112 5266 beata
2138 5206 2313 5262 Maria
2337 5220 2569 5276 semper
2597 5202 2819 5275 virgine
2846 5219 2977 5257 cum
3006 5201 3273 5258 omnibus
3314 5202 3548 5273 sanctis,

1947 5280 2287 5355 auctoritate
2318 5308 2546 5365 quoque
2596 5307 2661 5347 ac
2711 5295 2997 5364 potestate
3026 5291 3298 5364 apostolis
3338 5291 3552 5348 tradita

1950 5388 2231 5462 nobisque
2260 5385 2478 5455 relicta,
2497 5383 3085 5454 excommunicamus,
3109 5381 3555 5440 anathematiza-

1545 5516 1776 5572 VARLE
1824 5514 1994 5573 LECT
1999 5513 2116 5570 [ON
2121 5510 2226 5567 ES.

294 5626 343 5663 ⁸³
372 5617 515 5677 Haec
540 5615 725 5674 desunt
757 5620 806 5685 l,
883 5623 959 5660 δι’
987 5634 1060 5672 ne
1095 5619 1143 5672 1.
1221 5624 1267 5659 ⁵ο
1296 5614 1593 5689 quodnam
1619 5619 1672 5672 2.
1750 5617 1823 5657 ιϐ’
1863 5630 2027 5686 supp.
2065 5616 2162 5689 2.__
2197 5616 2241 5651 ιτ
2264 5608 2413 5689 glosa
2437 5605 2614 5689 ,ἰὰ-εει
2643 5604 2951 5689 putredine
2982 5605 3121 5689 l._in
3151 5602 3394 5689 margine
3432 5599 3541 5671 ipso

229 5692 482 5750 vitabqu
504 5707 655 5747 eraso
683 5690 832 5746 carie
856 5693 910 5747 2.
986 5698 1032 5732 ιδ
1060 5689 1105 5745 f.
1127 5705 1186 5761 q.
1215 5692 1271 5743 2.
1314 5688 1394 5730 ⁷⁷⁸9
1419 5688 1560 5744 deest
1585 5690 1636 5746 1.

739 5794 974 5851 Parnoe.
1010 5791 1266 5850 CXXXIX.

1713 5695 1760 5730 ϐο
1792 5702 1894 5743 exe
1926 5675 1990 5743 i.‘
2053 5692 2096 5728 οι
2128 5681 2195 5737 iis
2223 5675 2362 5737 corr.
2390 5679 2479 5734 his
2510 5682 2563 5735 2.
2639 5675 2685 5721 δι
2715 5676 2854 5734 deest
2883 5681 2936 5733 l.
3012 5685 3059 5719 οι
3080 5675 3260 5749 polul.
3287 5676 3345 5729 2.

3140 5775 3206 5835 10
