3898 6168
427 351 535 429 πω
1741 347 2113 410 savast
2144 351 2192 410 Π
2220 350 2425 414 pars.
3591 364 3682 421 suo

432 495 584 548 mus,
632 480 1036 552 dampnamus,
1068 474 1127 530 et
1162 491 1199 530 a
1225 472 1537 544 liminibus,
1590 477 1803 531 sanctas
1835 475 2041 531 matris
2058 481 2114 539 Α
2143 476 2518 530 commiserunt
2546 474 2808 531 claustris.
2836 474 2898 531 St
2929 478 3043 549 quis
3085 484 3258 533 autem
3307 479 3396 533 hoc
3449 480 3681 538 decretum

435 567 704 627 tecclesite
734 581 1087 639 separemus,
1111 563 1464 637 Adelgerum
1484 563 1898 636 presbiterum,
1923 563 2040 618 dia—
2143 565 2347 621 violare
2367 569 2721 637 temptaverit,
2752 572 2801 622 et
2830 568 3184 625 ecclesiasticau
3201 574 3696 628 excommunicationi

432 657 551 725 boli
581 655 934 726 membrum,
964 651 1217 727 episcopi
1248 652 1384 709 cleri
1410 657 1468 707 ct
1495 653 1670 708 totius
1695 652 1893 725 populi
1936 653 2040 707 Re-
2140 654 2431 724 subjaceat,
2492 661 2543 709 et
2619 658 2917 711 severitatis
2987 658 3140 728 regiae
3187 658 3401 727 ferietur
3447 664 3691 716 sententia.

431 744 645 805 mensis
665 742 1026 815 traditorem;
1048 758 1149 798 eos
1168 757 1398 816 quoque
1412 742 1509 815 qui
1527 742 1697 813 hujus
1710 739 2038 797 traditionis
2140 742 2279 797 Ecce
2311 742 2403 798 hic
2428 745 2600 814 plane
2636 745 2863 812 dicitur,
2894 745 3051 817 quod
3077 746 3147 800 ab
3204 745 3469 817 episcopis
3494 764 3696 803 excom-

435 834 749 891 extiterunt
776 833 1127 900 inventores,
1160 835 1444 899 auctores,
1475 830 1745 897 factores,
1769 845 2039 903 coopera-
2144 831 2484 886 municandi
2515 832 2629 887 sint
2659 833 2718 887 hi
2769 832 3052 906 sacrilegi,
3084 836 3141 888 et
3164 850 3198 887 a
3236 850 3367 905 rege
3398 834 3561 905 digna
3607 852 3695 908 pro

432 923 899 993 tores,fautores,
923 920 1251 995 civiumque
1280 920 1731 994 depopulatores
1752 922 1811 975 et
1838 935 1872 973 a
1900 934 2037 991 pro-
2140 919 2362 973 meritis
2386 935 2559 991 poena
2601 919 3117 976 animadvertendi.
3158 919 3268 974 Sed
3299 919 3417 992 quis
3437 922 3699 995 episcopus

432 1012 575 1085 priis
595 1011 846 1068 dominis
873 1027 1071 1067 rerum
1097 1024 1331 1065 suarum
1347 1009 1452 1064 sub
1470 1008 1710 1065 nomine
1731 1006 2041 1078 emptionis
2145 1006 2436 1063 absolvere
2471 1010 2681 1079 potest,
2708 1008 2815 1064 nisi
2831 1008 3205 1081 paenitentem
3231 1016 3276 1050 το
3304 1012 3360 1062 et
3389 1009 3551 1081 digna
3569 1012 3701 1067 satis-

435 1098 977 1157 abalienatoreleis
987 1095 1761 1171 adjungimusLaudunensis
1772 1093 2045 1167 episcopii
2145 1096 2395 1151 factione
2407 1096 2636 1152 veniam
2654 1097 3083 1169 postulantem?
3105 1098 3176 1150 At
3202 1096 3259 1150 hi
3281 1099 3500 1169 quando
3519 1099 3705 1156 satisfe-

434 1204 788 1262 pervasores,
807 1204 871 1245 ac
890 1187 1063 1262 ipsius
1084 1185 1336 1262 episcopi
1370 1184 1740 1258 gravissimos
1772 1185 2041 1239 tortores.
2147 1187 2316 1240 crunt
2360 1188 2425 1239 ut
2467 1185 2681 1240 absolvi
2714 1189 2967 1258 possent,
3026 1199 3156 1240 cum
3204 1184 3491 1241 hominem
3535 1205 3707 1244 revera

438 1277 563 1335 Fiat
583 1277 694 1335 illis
710 1274 1164 1351 sicutScriptura
1176 1274 1316 1332 dicit
1334 1291 1349 1330 :
1370 1272 1743 1341 Quidixerunt
1771 1289 1789 1326 :
1813 1269 2045 1328 Heredi-
2149 1276 2383 1345 captum
2415 1272 2573 1328 abire
2598 1274 2848 1329 liberum
2879 1272 3159 1329 siverint?
3182 1271 3293 1327 Sed
3322 1275 3708 1341 esto,Arnulfus

443 1373 551 1425 tate
566 1368 934 1445 passideamus
974 1366 1348 1423 sanctuarium
1375 1359 1499 1431 Dei,
1527 1360 1673 1418 Deus
1710 1378 1876 1429 meus,
1912 1376 2051 1432 pone
2151 1378 2249 1416 eos
2276 1360 2637 1430 absolverit.;
2671 1379 2771 1416 cur
2802 1379 2939 1434 ergo
2969 1364 3206 1423 clericus
3219 1368 3338 1437 ejus
3353 1363 3550 1421 Rainer
3578 1373 3619 1407 τί
3642 1365 3709 1419 vi-

446 1455 562 1512 illos
590 1462 651 1511 ut
687 1460 883 1525 rotam,
914 1461 966 1510 et
1006 1455 1141 1509 sicut
1176 1451 1431 1524 stipulam
1471 1456 1596 1507 ante
1631 1450 1833 1522 faciem
1883 1450 2045 1505 uenti.
2154 1448 2883 1506 cedominiﬁliusretentus
2908 1454 3032 1508 est?
3058 1454 3116 1510 Si
3139 1473 3244 1527 per
3268 1456 3382 1509 vim
3397 1455 3597 1509 factum
3623 1456 3712 1519 est,

444 1543 599 1602 Sicut
629 1547 766 1621 ignis
790 1546 884 1618 qui
906 1541 1165 1599 comburit
1192 1539 1406 1608 sileam,
1429 1546 1479 1595 et
1496 1541 1635 1597 sicut
1661 1539 1889 1609 ﬂamma
1903 1554 2049 1594 com-
2154 1542 2213 1594 et
2231 1539 2471 1594 Arnulfo
2486 1538 2687 1607 invito,
2702 1539 2760 1594 in
2774 1540 3017 1596 crimine
3031 1543 3310 1616 sacrilegii
3325 1544 3715 1614 permanentes,

449 1633 638 1691 burens
668 1640 892 1698 montes,
924 1633 1001 1686 ita
1013 1631 1344 1704 persequeris
1360 1644 1444 1685 eos
1483 1629 1541 1683 in
1589 1634 1891 1701 tempestate
1935 1634 2050 1694 tua,
2157 1627 2334 1682 etiam
2388 1628 2461 1682 ab
2490 1627 2701 1683 idoneo
2733 1629 3002 1701 episcopo
3034 1630 3247 1687 absolvi
3273 1650 3389 1688 non
3419 1634 3715 1703 potuerunt.

447 1730 499 1781 et
527 1726 585 1779 in
607 1724 690 1778 ira
718 1730 811 1779 tua
840 1719 1075 1777 turbabis
1116 1735 1220 1775 eos.
1250 1715 1420 1790 Imple
1469 1717 1638 1788 facies
1678 1734 1859 1771 eorum
1905 1717 2056 1787 igno-
2082 1790 2107 1791 77
2157 1714 2216 1770 Si
2242 1720 2439 1771 autem
2462 1732 2530 1773 eo
2548 1716 3388 1791 consentiente,obligationem
3412 1736 3511 1791 pro
3530 1718 3722 1774 absolu-

449 1816 641 1883 minia,
671 1820 722 1870 et
743 1818 980 1886 quaerent
1013 1826 1204 1866 nomen
1243 1816 1415 1878 tuum,
1438 1807 1693 1865 Domine.
1720 1807 2056 1863 Erubescant
2076 1790 2127 1849 Β
2156 1805 2316 1861 tione
2348 1803 2420 1860 ab
2451 1804 2707 1877 obligato
2734 1790 3279 1877 acceperunt.ltem
3304 1790 3421 1863 esto
3446 1826 3459 1877 ;
3488 1806 3725 1862 Arnulfus

454 1910 504 1965 et
524 1902 906 1963 conturbentur
952 1903 1005 1954 in
1043 1896 1295 1955 saeculum
1321 1894 1518 1963 saeculi,
1563 1904 1616 1953 et
1647 1894 2059 1967 confundantur
2160 1910 2258 1950 eos
2288 1892 2612 1951 absolverit.
2636 1894 2938 1959 Quomodo
2953 1896 3012 1951 id
3025 1896 3148 1953 sine
3163 1914 3399 1953 suorum
3423 1896 3727 1952 clericorum

454 1998 506 2050 et
524 1996 766 2064 pereant.
786 1985 864 2045 Et
882 1992 1198 2061 cognoscant
1226 1988 1352 2060 quia
1389 2000 1581 2043 nomen
1631 1984 1732 2040 tibi
1772 1983 2056 2051 Dominus,
2161 1982 2469 2057 praesentia
2494 1983 2729 2055 potuit?
2756 1987 2830 2038 At
2879 2002 2977 2041 eos
3017 2003 3136 2043 non
3167 1986 3484 2043 interfuisse
3498 1987 3729 2041 constan-

456 2084 519 2139 ιιι
548 2078 687 2141 solus
706 2078 1005 2139 altissimus
1027 2078 1083 2131 in
1102 2077 1250 2131 omni
1269 2083 1414 2132 terra
1432 2072 1609 2145 (Psal.
1626 2089 1827 2141 LXXXII,
1851 2072 2057 2145 t3-l9).
2164 2070 2303 2126 dum
2337 2070 2789 2128 absolverentur.
2807 2072 3201 2130 Interfuerunt
3230 2079 3420 2130 autem
3458 2074 3585 2128 dum
3614 2071 3732 2126 obli-

457 2166 674 2242 thuia
686 2166 970 2240 pupillum
989 2163 1292 2221 etviduam
1309 2179 1427 2219 non
1442 2161 1700 2219 miserati
1717 2164 2063 2235 sunt,neque
2165 2162 2460 2232 gerentur.
2484 2160 2651 2216 Irrita
2674 2160 2851 2233 igitur
2875 2162 3143 2218 habenda
3172 2166 3277 2231 est,
3292 2179 3417 2235 quae
3438 2160 3734 2233 sollempnis

460 2254 794 2328 templaDei
813 2253 1064 2323 reveriti,
1088 2250 1531 2324 dominiumque
1543 2249 1935 2307 ecclesiarum
1960 2249 2068 2305 sibi
2168 2246 2367 2301 debuit
2395 2264 2539 2311 esse,
2588 2248 2633 2302 si
2666 2248 2726 2303 in
2763 2249 2973 2303 abditis
2998 2251 3280 2306 absolutio
3312 2252 3458 2306 facta
3485 2253 3580 2306 est.
3608 2249 3733 2304 Scri-

463 2344 906 2417 uaurpaverunt,
920 2340 1066 2399 ﬁant
1079 2339 1181 2397 filii
1201 2354 1404 2395 eorum
1426 2336 1671 2410 orphani
1692 2342 1751 2393 et
1780 2355 1982 2394 uxores
1994 2338 2071 2393 vi-

466 2432 619 2503 dum;
634 2433 919 2489 scrutetur
938 2430 1254 2487 faenerator
1268 2443 1507 2485 omnem
1525 2424 1906 2482 substantiam
1918 2426 2072 2498 ipso-

470 2536 627 2591 rum,
658 2523 718 2575 et
747 2518 1024 2592 diripiant
1052 2515 1226 2575 alieni
1261 2516 1490 2573 labores
1520 2514 1775 2570 illorum.
1797 2514 2073 2571 Nutantes

466 2608 892 2667 transferantur
907 2606 1007 2665 lilii
1023 2606 1314 2673 eorum,et
1329 2601 1990 2674 mendicent,ejiciantur
2001 2602 2074 2659 de

465 2695 984 2769 habitationibus“
1013 2693 1147 2751 suis.
1180 2691 1348 2749 Fiant
1390 2690 1511 2745 dies
1554 2706 1758 2746 eorum
1801 2691 1989 2763 pauci,
2015 2694 2075 2747 et

470 2786 862 2861 principatum
890 2800 1098 2841 eorum
1129 2781 1372 2856 accipiat
1401 2780 1562 2836 alius.
1596 2781 1665 2834 Et
1691 2780 1904 2852 duplici
1934 2796 2071 2837 con-

443 2926 449 2931 .
471 2876 715 2933 triciens
735 2876 971 2931 contere
989 2890 1109 2941 eos,
1129 2870 1378 2928 Domine
1401 2869 1553 2926 Deus
1572 2872 1787 2938 noster,
1815 2868 1922 2924 nisi
1941 2867 2077 2923 resi-

470 2963 697 3036 piscant
719 2966 780 3021 et
801 2962 1070 3020 {ecclesite
1101 2958 1394 3017 catholicae
1421 2958 1714 3015 fructuosa
1736 2956 2076 3030 poenitentia

477 3050 849 3111 satisfaciant.
877 3051 1084 3106 Amen.
1117 3046 1261 3104 Fiat.
1290 3046 1434 3104 Fiat.
1469 3067 1500 3097 »

548 3143 636 3198 l5.
668 3139 940 3212 Siguinus
970 3135 1431 3207 archiepiscopus
1451 3152 1510 3189 τι(
1531 3133 1926 3191 Pervenithoc
1944 3132 2078 3188 scri-

472 3232 640 3303 ptum
665 3228 741 3285 ad
758 3226 1024 3285 notitiam
1044 3224 1267 3280 Arnulfi
1283 3224 1311 3278 ?
1335 3245 1363 3272 »
1392 3253 1465 3265 —
1491 3223 1721 3279 Dictum
1755 3226 1841 3279 est
1876 3240 2075 3295 perve-

473 3316 645 3375 nisse.
664 3346 739 3360 —
753 3313 1091 3386 Subjunxit:
1114 3334 1144 3364 α
1164 3311 1478 3383 Suspendit
1498 3327 1559 3365 se
1569 3313 1700 3384 post
1724 3310 1795 3365 ab
1809 3318 1856 3353 οι
1873 3326 2077 3366 eorum

472 3403 889 3467 communione
909 3417 1054 3473 quos
1071 3399 1385 3471 justissima
1414 3398 1719 3454 damnatos
1739 3398 1989 3470 accepit?
2007 3427 2080 3440 —-

472 3493 683 3559 Immo,
714 3487 1007 3561 inquiunt,
1037 3503 1137 3543 eos
1165 3484 1327 3542 omni
1374 3485 1632 3542 fidelium
1662 3484 2077 3544 communione

475 3577 686 3650 dignos
704 3575 929 3632 habuit.
959 3605 1033 3618 --
1060 3575 1202 3646 Ego,
1233 3573 1440 3646 inquit,
1472 3589 1589 3629 non
1629 3573 1767 3628 satis
1802 3573 2078 3629 admirari

476 3681 625 3743 queo
658 3679 831 3739 super
852 3663 977 3734 ejus
1004 3670 1052 3706 σε
1080 3661 1335 3718 audatia.
1367 3661 1630 3717 Primum
1680 3661 1804 3735 ipse
1849 3662 2077 3735 praedo-

476 3770 581 3812 nes
605 3770 739 3811 suos
768 3770 804 3810 a
834 3750 1250 3809 communione
1296 3749 1546 3806 removit
1592 3750 1788 3824 eisque
1835 3750 2077 3808 modum

475 3840 908 3916 dampnationis
936 3838 1302 3912 praescripsit,
1334 3840 1399 3892 ut
1422 3838 1623 3894 omnia
1651 3838 1863 3910 injuste
1889 3839 2080 3895 ablata

466 3930 847 3991 restituerent
858 3937 1243 4000 ",coramque
1257 3926 1527 3983 Remensi
1544 3927 1798 3982 aacclesia
1815 3926 2080 3983 humilia-

474 4022 702 4087 rentur,
727 4018 827 4093 qui
848 4020 1112 4077 sanctam
1142 4016 1491 4071 Remensem
1511 4015 1829 4070 ecclesiam
1849 4015 2080 4071 reveriti

475 4126 597 4166 non
620 4110 847 4180 essent;
875 4110 935 4164 et
951 4106 1097 4161 sicut
1120 4105 1293 4178 paulo
1311 4106 1447 4160 ante
1468 4120 1503 4157 a
1532 4103 1881 4176 quibusdam
1893 4104 2081 4160 fratri-

475 4197 584 4253 bus
607 4195 751 4252 mihi
777 4195 1024 4250 relatum
1055 4197 1160 4261 est,
1192 4191 1479 4248 restitutio
1512 4191 1855 4248 amissarum
1883 4208 2080 4248 rerum

477 4287 579 4342 aut
604 4283 696 4340 vix
724 4284 839 4339 ulla
864 4282 1015 4337 facta
1044 4285 1131 4336 est
1164 4286 1263 4336 aut
1291 4282 1485 4349 nulla;
1516 4280 1858 4351 poenitentia
1886 4284 2080 4338 autem

2098 3077 2146 3137 C

2171 2338 2336 2406 ptum
2358 2335 2571 2408 quippe
2594 2339 2679 2390 est
2700 2336 2756 2390 in
2772 2338 3014 2392 concrlio
3036 2338 3396 2411 Carthaginis
3416 2340 3643 2412 capitulo
3659 2340 3735 2402 23,

2173 2426 2237 2477 ut
2258 2422 2554 2497 episcopus
2577 2423 2787 2478 nullius
2814 2440 3045 2481 causam
3068 2427 3266 2482 audiat
3285 2428 3495 2500 absque
3522 2443 3741 2501 praesen-

2172 2511 2254 2566 tia
2269 2510 2612 2568 clericorum
2626 2514 3146 2587 suorum,alioquin
3168 2516 3336 2573 irrita
3364 2518 3471 2574 erit
3483 2514 3739 2572 sententia

2176 2597 2449 2673 episcopi,
2467 2601 2574 2656 nisi
2600 2601 2940 2657 clericorum
2962 2605 3273 2674 praesentia
3297 2606 3670 2662 confirmetur.
3688 2602 3744 2655 Et

2175 2688 2310 2760 quia
2330 2688 2609 2763 scriptum
2642 2693 2768 2747 est:
2800 2690 3013 2763 Impius
3050 2709 3171 2748 cum
3202 2695 3260 2749 in
3286 2693 3612 2767 profundum
3645 2707 3747 2763 pec-

2174 2784 2416 2835 catorum
2454 2781 2678 2846 venerit,
2709 2782 3039 2852 contempnit
3075 2780 3272 2852 (Prov.
3304 2800 3458 2852 xvxu,
3490 2783 3562 2854 3),
3604 2782 3743 2836 tanto

2175 2882 2306 2920 rum
2332 2867 2615 2922 scelerum
2646 2867 2767 2939 ipse
2796 2868 2904 2922 sibi
2933 2869 3214 2941 conscius,
3264 2875 3613 2928 sacrosancta
3648 2873 3746 2925 tra-

2175 2956 2333 3010 ctare
2371 2971 2491 3010 non
2529 2955 2778 3024 erubuit,
2830 2956 2892 3012 in
2929 2958 3186 3014 ecclesia
3240 2976 3417 3032 quam
3466 2960 3657 3015 fratres
3701 2962 3749 3012 et

2175 3042 2501 3116 coepiscopi
2531 3044 2712 3099 nostri
2743 3044 3057 3102 Remorum
3085 3046 3377 3105 dieceseos
3413 3052 3598 3104 nostro
3637 3063 3751 3102 con-

2174 3132 2326 3186 sultu
2337 3147 2371 3186 a
2383 3131 2794 3188 communione
2808 3135 3231 3206 suspenderunt
3244 3138 3569 3209 justissimis
3589 3137 3653 3192 de
3661 3153 3750 3190 can

2178 3218 2270 3273 sis.
2306 3217 2690 3291 Quapropter,
2724 3221 2767 3275 si
2793 3222 3003 3293 placet,
3035 3224 3582 3295 capitulacanonum
3603 3238 3751 3295 super

2177 3307 2265 3361 his
2290 3307 2719 3379 perquirantur,
2754 3313 2816 3363 ut
2846 3327 3020 3366 nemo
3058 3318 3346 3381 causatur,
3379 3315 3527 3370 hunc
3557 3315 3751 3377 nostro,

2178 3397 2280 3451 sed
2311 3400 2644 3452 sanctorum
2675 3400 2911 3454 Patrum
2942 3401 3332 3473 dampnatum
3362 3420 3481 3458 esse
3491 3400 3751 3473 judicio.»

2180 3483 2443 3555 Synodus
2473 3484 2614 3539 dixit
2650 3502 2663 3540 :
2696 3505 2728 3537 ‹‹
2759 3487 2970 3554 Placet,
3002 3489 3436 3560 perquirantur.
3475 3512 3501 3539 »
3541 3489 3756 3544 Perlatze

2178 3578 2313 3628 sunt
2342 3572 2534 3644 itaque
2564 3573 2623 3627 in
2644 3574 2903 3628 medium
2931 3575 3020 3629 lue
3051 3577 3355 3632 sententias
3379 3595 3392 3632 :

2256 3661 2476 3740 16_._‘De
2529 3662 2830 3740 dampnatis
2883 3670 2939 3740 et
2961 3667 3275 3740 ministrare
3323 3666 3681 3740 temptantibus
3706 3679 3759 3718 es:

2180 3732 2399 3811 concilio
2423 3732 2721 3811 Antioceno
2771 3736 3070 3811 capitulo?
3091 3739 3147 3792 4.
3191 3738 3249 3792 Si
3308 3732 3437 3811 quis
3490 3740 3759 3811 episcopus

2181 3804 2531 3877 dampnatus
2556 3822 2590 3859 a
2620 3804 2843 3877 synodo
2867 3807 3148 3877 presbiter
3173 3812 3272 3862 aut
3300 3804 3570 3866 diaconus
3614 3825 3645 3862 a
3671 3804 3757 3861 suo

2181 3876 2472 3948 episcopo,
2513 3875 2636 3948 ausi
2656 3875 2882 3948 iuerint“
2899 3878 3118 3948 aliquid
3151 3878 3222 3933 de
3254 3881 3576 3936 ministerio
3617 3893 3759 3935 sacro

2181 3946 2541 4025 contingere,
2575 3947 2691 4025 sive
2718 3946 3015 4025 episcopus
3022 3949 3624 4025 juxt_apraacedentem
3646 3966 3764 4025 cop-

2180 4016 2566 4089 suetudinem,
2590 4017 2704 4089 sive
2719 4016 3001 4088 presbiter
3013 4016 3111 4074 aut
3128 4016 3587 4089 diaconus,nullo
3604 4019 3759 4076 modo

2180 4086 2347 4166 liceat
2377 4087 2427 4166 ei
2458 4104 2562 4166 nec
2599 4088 2658 4141 in
2688 4086 2805 4166 alia
2842 4090 3060 4166 synodo
3091 4086 3473 4166 restitutionis
3499 4110 3651 4166 spem
3679 4092 3764 4166 aut

2181 4158 2372 4229 locum
2402 4158 2617 4213 habere
2642 4158 3067 4229 satisfac'tionis,
3084 4162 3185 4217 sed
3208 4167 3267 4217 et
3288 4158 3761 4219 communicantes

2182 4228 2235 4283 ei
2265 4244 2469 4306 omnes
2488 4230 2664 4306 abjici
2690 4230 2761 4306 de
2786 4232 3062 4306 oeoclesia,
3099 4236 3157 4287 et
3187 4236 3444 4290 maxime
3474 4236 3540 4302 si,
3565 4236 3766 4306 postea-

2225 4316 2359 4378 uam
2408 4299 2717 4378 didicerint
2763 4302 3066 4378 adversum
3118 4310 3473 4361 memeratos
3501 4299 3763 4378 prolatam

479 4316 579 4342 σιωι
611 4316 696 4340 ιιι
726 4316 839 4339 um-
864 4316 1015 4337 ιιι-ινα
1044 4316 1131 4336 σευ
1164 4316 1263 4336 nu»
1291 4316 1449 4336 ιιυυα
1470 4323 1485 4349 ν
1516 4316 1858 4351 γυσυιυσιιυια
1886 4316 2080 4338 “ww
2182 4316 2359 4425 quam
2408 4316 2717 4355 didicerint
2763 4316 3066 4357 adversum
3118 4316 3473 4361 memeratos
3501 4316 3763 4378 prolatam

479 4391 515 4430 a
541 4373 697 4429 nullo
720 4371 946 4444 publice
966 4372 1248 4444 suscepta,
1274 4371 1347 4426 ob
1371 4369 1602 4425 facinus
1622 4370 1849 4442 publice
1872 4370 2084 4426 admis-
2108 4373 2163 4433 D
2209 4370 2353 4447 uisse
2368 4371 2753 4447 sententiam,
2785 4372 3004 4427 eisdem
3028 4378 3461 4447 communicare
3478 4379 3766 4447 temptave-

478 4477 629 4518 sum.
661 4461 890 4517 Occulta
918 4462 1114 4514 autem
1140 4458 1237 4530 qui
1263 4458 1474 4531 potuit,
1505 4474 1641 4514 cum
1674 4458 1952 4530 scriptum
1976 4459 2079 4515 sit:

478 4548 592 4621 Qui
622 4548 839 4622 publice
868 4553 1056 4619 peccat
1097 4546 1309 4618 publice
1346 4550 1631 4617 paeniteat,-
1657 4548 1746 4602 vel
1786 4549 2081 4619 quomodo

478 4654 585 4712 pro
612 4638 709 4693 vili
736 4634 1089 4709 supellectile
1108 4642 1155 4678 οι
1178 4650 1308 4689 reos
1331 4633 1687 4707 dampnavit,
1729 4634 1874 4690 sicut
1905 4636 2085 4692 frater

479 4730 541 4785 et
567 4726 935 4800 coepiscopus
952 4726 1151 4779 noster
1172 4720 1489 4778 Gualterius
1509 4724 1681 4793 paulo
1704 4726 1838 4779 ante
1867 4725 2083 4791 retulit,

475 4833 585 4891 pro
605 4816 818 4871 violata
828 4811 1109 4868 ecclesiaa
1125 4809 1538 4867 communione
1561 4811 1784 4866 nullum
1798 4813 2086 4868 removit?

477 4906 568 4961 An
598 4903 706 4960 vile
753 4900 974 4974 putavit
1011 4912 1140 4956 esse
1181 4898 1424 4965 crimen,
1457 4898 1613 4972 quod
1663 4898 1869 4955 divina:
1929 4902 2085 4973 leges

476 5009 583 5067 per
612 5008 673 5048 se
702 4994 888 5046 totum
915 4987 1104 5045 ulcisci
1135 5004 1300 5061 posse
1331 5003 1449 5043 non
1482 4990 1707 5058 putant,
1733 4988 1842 5044 nisi
1873 4989 1946 5046 ab
1976 4991 2082 5045 hu-

478 5080 801 5153 manajura
818 5076 1272 5134 transfundant?
1298 5074 1390 5131 Sic
1415 5074 1575 5131 enim
1601 5075 1878 5146 scriptum
1911 5081 1996 5133 est
2020 5079 2080 5133 in

473 5171 751 5229 Toletano
782 5176 829 5212 ιο
858 5166 1098 5224 concilio
1154 5164 1403 5237 capitulo
1460 5166 1525 5219 £0
1570 5180 1584 5219 :
1639 5162 1762 5220 Nul
1804 5171 2083 5222 teneantur

474 5263 661 5317 uerita
707 5254 1119 5324 necessitudinis,
1167 5255 1265 5327 qui
1314 5252 1587 5309 dominicis
1623 5269 1677 5308 se
1724 5252 2078 5323 defendendos

2182 4440 2319 4514 rint.
2356 4440 2525 4495 Item:
2560 4442 2616 4496 Si
2647 4443 2773 4514 quis
2801 4446 3329 4501 excommunicatus
3384 4450 3519 4503 ante
3548 4440 3767 4502 audien-

2181 4512 2779 4596 tiamcommunicare
2808 4517 3257 4596 praesumpserit,
3292 4521 3413 4596 ipse
3444 4520 3504 4573 in
3533 4536 3591 4573 se
3619 4518 3767 4596 dam-

2183 4583 2795 4709 pnationemprotulit.
2809 4583 2909 4638 Ex
2921 4583 3139 4667 concilio
3156 4583 3525 4671 Cartliaginis,
3555 4606 3664 4660 cap.
3686 4587 3765 4667 29_.

2211 4657 2329 4709 tem
2355 4655 2566 4709 placuit
2596 4672 2856 4709 universo
2883 4658 3147 4709 concrho.
3180 4662 3245 4709 ut
3271 4676 3369 4709 am
3394 4673 3765 4709 exmmmnm-

2211 4657 2329 4731 tem
2355 4654 2566 4731 placuit
2596 4656 2856 4710 universo
2883 4657 3147 4731 concilio,
3180 4662 3245 4731 ut
3271 4654 3771 4731 qui'excomfnnni-

2188 4724 2550 4804 cat-uis’fuerit
2579 4741 2692 4804 pro
2728 4743 2828 4804 suo
2859 4724 3144 4804 neglectu,
3200 4724 3313 4785 sive
3346 4728 3770 4804 episcopussive

2189 4796 2431 4867 quilibet
2459 4796 2724 4870 clericus,
2764 4801 2822 4851 et
2868 4796 3130 4870 tempore
3174 4796 3773 4858 excommuni'cationis

2186 4883 2302 4944 sua:
2321 4869 2454 4944 ante
2473 4867 2826 4944 audientiam
2839 4867 3314 4944 communionem
3334 4869 3772 4944 prmsumpserit,

2184 4936 2310 5019 ipse
2338 4938 2395 4992 in
2385 4956 2467 5019 ’ξω
2484 4938 2912 5019 dampnationis
2923 4940 3216 5019 judicetur
3228 4936 3535 5019 protulisse
3556 4936 3773 5019 senten-

2184 5007 2347 5084 tiam.
2372 5008 2462 5084 Er
2483 5007 2700 5064 concilio
2735 5007 3065 5084 Cartaqtnzs,
3082 5030 3196 5084 capi.
3223 5007 3270 5055 ⁵η
3305 5018 3322 5068 l
3337 5016 3470 5070 3.Ut
3494 5015 3777 5084 episcopus

2185 5079 2282 5151 qui
2314 5082 2690 5152 contrasuam
2721 5079 3154 5152 professionem'
3173 5083 3231 5137 in
3250 5086 3495 5141 concilio
3529 5079 3775 5152 habitam

2184 5150 2428 5227 venerit,
2450 5150 2791 5227 deponatur.
2812 5151 2868 5206 Si
2887 5153 3013 5224 quis
3025 5161 3226 5227 contra
3248 5150 3777 5227 professionemqvel

2183 5222 2664 5303 subscriptionem
2692 5240 2851 5279 suam
2876 5222 3103 5279 venerit
3131 5225 3190 5281 in
3218 5222 3565 5301 aliquo,ipse
3595 5244 3653 5283 se
3680 5224 3778 5278 ho-

2164 5309 2309 5349 nore
2339 5294 2584 5365 privabit
2598 5335 2611 5349 .

1801 5411 2036 5467 VARI/E
2073 5411 2475 5470 LECTIONES.

539 5521 588 5562 αι
618 5517 689 5574 de
716 5515 778 5590 h.
808 5514 1000 5590 desunt
1027 5515 1077 5568 l.
1104 5518 1200 5590 μαι.
1227 5509 1342 5590 hab
1376 5513 1430 5569 l.
1479 5517 1526 5590 οξ
1551 5509 1722 5583 hujus
1752 5512 1807 5568 2.
1866 5519 1911 5555 ιτ
1934 5512 2307 5570 restituerant
2334 5517 2388 5569 2.
2440 5521 2486 5556 σθ
2512 5530 2636 5586 sup.
2661 5517 2714 5571 2.
2775 5520 2821 5559 οο
2849 5516 3126 5577 toletanio
3173 5520 3226 5579 2.
3260 5524 3305 5563 το
3330 5517 3699 5590 pmnitientia
3727 5516 3776 5574 2.

467 5594 517 5637 τι
546 5587 759 5647 reineri
779 5591 834 5648 2.
908 5594 956 5629 ⁷³
984 5583 1243 5658 kapitulo
1275 5586 1329 5641 3.
1401 5590 1449 5625 ⁷³
1476 5583 1615 5638 deest
1647 5590 1692 5639 1.
