3954 6170
418 330 517 393 3H

1731 337 2101 401 SILVESTER
2150 342 2198 400 II
2233 341 2419 401 PAPA

3618 344 3719 409 3l2

429 457 913 553 consultasanctse
926 457 1204 553 Romanae
1215 458 1626 553 ‘wcclesim,pro
1657 461 1825 519 ruina
1853 466 2024 538 atque
2054 467 2108 529 A
2125 473 2309 534 duum
2340 476 2695 549 antejanuas
2710 478 2905 551 palatii
2924 478 3398 553 defatigatos,nec
3423 480 3718 538 admissos.

433 569 639 610 occasu
651 551 1021 609 sacerdotalis
1040 551 1276 608 ordinis.
1310 552 1423 608 Sed
1444 552 1811 609 multitudine
1834 557 2028 627 tyran-

420 660 631 700 norum
664 641 866 716 pressi,
891 641 1251 715 longitudine
1265 644 1555 697 terrarum
1572 644 2024 709 semoti,deside-

2144 573 2357 631 infecto
2397 577 2632 647 negotio
2654 578 2887 634 redisse.
2911 579 3380 652 Astipulabantur
3399 582 3576 640 etiam
3593 585 3724 641 huic

2125 663 2337 718 rationi
2368 666 2653 721 Brunonis
2668 667 2918 739 episcopi
2957 671 3271 739 praesentes
3300 671 3510 741 clerici,
3541 673 3639 746 qui
3664 691 3723 731 se

416 731 998 832 rianostrahactenus
1011 731 1258 832 implere
1277 730 2025 832 nequivimus.Nuncitaque
2128 769 2232 824 pro
2256 753 2302 824 ej
2314 771 2377 808 us
2419 755 2685 826 captione
2705 730 3052 814 pom-anim
3076 768 3147 802 “0
3166 730 3509 832 pontiﬁcem'
3542 730 3724 821 aliis”

438 824 627 877 νθείτο
660 820 914 914 εκθωίξὶί
943 837 1062 914 ΠΨ
1084 819 1441 914 Αείηειηςιεηο
1463 821 1786 914 adorati”
1790 822 2025 879 ferimus
2125 819 2422 909 dicebant;
2446 819 2609 914 aquo
2628 847 2934 903 maledicta
2952 847 3152 904 inreos
3165 819 3295 904 cum
3308 852 3722 910 exauctoritate

422 927 638 966 novum
678 909 1200 983 atqueinusitatum
1225 910 1691 978 crimen,Arnulfi
1705 912 2007 967 Remorum

2124 931 2439 1001 apostolica
2468 937 2823 1004 expeterent,
2856 936 2977 1006 ejus
3006 937 3256 991 ministri
3278 956 3569 995 summam
3595 941 3724 997 soli-

413 997 852 1072 archiepisc0pi,
885 999 1003 1072 qui,
1034 998 1289 1055 famosus
1311 1002 1573 1073 apostata
1597 1000 1798 1068 factus,
1830 1002 2020 1055 locum

2123 1019 2331 1075 dorum
2364 1021 2564 1077 decem
2595 1023 2719 1078 dari
2747 1025 3078 1080 censebant.
3132 1026 3347 1090 Quibus
3400 1029 3621 1098 derisis,
3650 1047 3719 1087 eo

410 1087 571 1142 Iudae
601 1086 896 1144 traditoris
945 1086 1089 1186 Aolim
1113 1087 1171 1143 in
1221 1088 1458 1144 ecclesia
1508 1092 1703 1158 tenet;
1733 1091 1829 1162 qui
1874 1090 2025 1186 filius
2119 1110 2276 1180 quod
2304 1109 2349 1164 si
2373 1119 2439 1152 ιη
2464 1112 2708 1182 pecunia
2725 1086 3293 1186 redimiposset;nec
3321 1116 3478 1172 mine
3503 1086 3723 1175 ιδιέηιέ

411 1185 712 1257 quondam
741 1184 1009 1241 ecclesiae.
1064 1186 1475 1253 Laudunensis,
1503 1204 1635 1242 cum
1684 1174 2017 1261 episcopum

410 1290 580 1329 suum
603 1274 736 1329 dolo
770 1277 829 1328 et
852 1273 1056 1329 fraude
1083 1275 1318 1348 ceperit,
1343 1275 1640 1331 ecclesiam
1673 1275 1794 1345 ejus
1814 1263 2014 1348 perva-

408 1362 568 1429 serit,
603 1362 677 1418 ad
704 1363 1000 1418 cumulum
1021 1380 1138 1419 sua:
1169 1363 1619 1437 dampnationis,
1643 1365 2011 1434 Remensem,

404 1450 512 1506 sibi
541 1451 844 1518 creditam,
877 1468 1011 1507 cum
1042 1453 1195 1508 clero
1226 1455 1284 1508 et
1312 1454 1523 1525 populo
1556 1452 1875 1525 captivavit,
1907 1472 2015 1510 nec

406 1543 602 1595 movet
627 1556 762 1595 eum
781 1544 983 1596 nostra
1010 1540 1253 1609 vocatio,
1286 1542 1374 1595 vel
1411 1541 1605 1613 potius
1633 1543 2015 1599 saluberrima

404 1630 729 1686 exhortatio
743 1638 960 1699 m,non
975 1631 1538 1704 archiepiscoporum
1554 1634 2011 1705 comprovincia-

2116 1214 2311 1253 moras
2347 1198 2651 1269 inferrent,
2684 1202 2792 1258 hoc
2822 1202 3059 1257 tandem
3088 1204 3146 1258 in
3178 1205 3465 1276 responsis
3493 1207 3565 1262 ab
3594 1206 3717 1278 ipso

2116 1288 2386 1357 pontifice
2417 1293 2781 1360 acceperunt,
2818 1294 2881 1345 ut
2908 1292 2955 1346 is
2986 1308 3090 1362 pro
3130 1309 3244 1364 quo
3296 1296 3493 1365 captus
3548 1298 3715 1363 esset,

2115 1376 2263 1430 bene
2292 1375 2372 1431 illi
2397 1378 2768 1449 prospiceret.
2804 1380 2927 1435 Non
2961 1397 3100 1451 ergo
3120 1381 3314 1437 sedem
3338 1383 3715 1454 apostolicam

2113 1463 2247 1519 huic
2270 1465 2491 1536 judicio
2526 1468 2925 1538 prmjudicare.
2961 1469 3115 1524 Bene
3140 1486 3369 1542 quoque
3414 1470 3716 1528 Africanos

2112 1553 2410 1628 episc0pos
2452 1571 2626 1627 super
2649 1557 2758 1612 hoc
2808 1558 3207 1613 Romanorum
3237 1559 3357 1632 tipo
3416 1564 3714 1632 permotos

2110 1641 2300 1709 fuisse,
2335 1643 2430 1716 qui
2462 1661 2633 1715 super
2656 1645 2763 1699 hac
2800 1662 2862 1700 re
2892 1647 3112 1717 synodo
3154 1651 3258 1704 217
3310 1647 3712 1721 episcoporum

403 1718 545 1775 lium
559 1720 894 1776 multotiens
923 1720 1169 1793 repetita
1198 1720 1567 1789 ammonitio,
1591 1739 1708 1777 non
1732 1723 2009 1780 canonice
2030 1799 2076 1808 __
2108 1733 2374 1803 tempore
2399 1733 2610 1788 Zosimi
2659 1751 2824 1806 papa:
2871 1733 3141 1790 inchoata
3187 1738 3245 1791 et
3289 1718 3393 1807 per
3444 1718 3716 1808 tempora

402 1809 758 1865 factacoram
775 1811 895 1865 Deo
908 1811 966 1864 et
995 1808 1214 1882 angelis
1238 1809 1361 1881 ejus
1400 1810 1822 1881 professiomon
1860 1812 2005 1870 Ciro-
2029 1799 2080 1857 Β
2111 1799 2397 1877 Bonefacii
2421 1799 2688 1890 distenta,
2724 1799 3082 1895 tandemque
3112 1825 3217 1880 sub
3249 1799 3719 1882 Ciaclestino‘con-

399 1897 603 1970 graphi
618 1896 676 1952 in
693 1900 1004 1969 conspectu
1024 1897 1290 1954 (ecclesiae
1310 1898 1542 1955 recitata
1554 1899 2005 1972 descriptiomon

401 2003 713 2043 numerosa
737 1989 1125 2055 sacramenta,
1165 1987 1327 2043 miris
1379 1989 1701 2061 excogitata
1756 1989 2005 2047 consiliis

398 2073 565 2130 Stant
594 2092 695 2130 suo
727 2074 863 2131 vitio
896 2091 1071 2148 quam
1098 2076 1289 2149 plures
1313 2084 1381 2119 1³⁸
1394 2076 1662 2133 mcclesiaa
1683 2078 2004 2149 pastoribus

397 2163 675 2232 viduata;
716 2168 965 2237 pereunt
981 2164 1435 2221 innumerabiles
1458 2165 1656 2238 populi
1684 2166 1805 2221 sine
1822 2183 2004 2222 sacer-

396 2252 576 2308 dotali
597 2252 1002 2308 benedictione
1017 2257 1075 2308 et
1092 2253 1537 2309 confirmatione
1560 2272 1573 2320 ;
1609 2255 1726 2324 ipse
1753 2254 2002 2309 factione

394 2339 718 2411 tyrannica,
752 2339 945 2394 divina
968 2341 1340 2412 humanaque
1384 2340 1519 2411 jura
1559 2344 1998 2414 contempnens,

396 2427 768 2500 tyrannidem
794 2430 1042 2493 exercet,
1065 2427 1312 2500 Regibus
1329 2429 1560 2496 nostris,
1584 2446 1618 2484 a
1656 2428 1862 2501 quibus
1880 2432 2004 2485 tan-

394 2520 517 2573 tam
548 2516 797 2591 gloriam
829 2517 1360 2589 gratisfeonsecutus
1381 2521 1485 2584 est,
1509 2517 1807 2573 interitum
1824 2520 2003 2575 medi-

395 2608 727 2680 tatur.Ergo
738 2607 979 2662 tandem
999 2607 1071 2662 ad
1090 2609 1350 2662 monstra
1365 2607 1736 2678 perditissimi
1750 2608 2002 2663 hominis

398 2695 1022 2770 expergefactirivimus
1036 2695 1092 2750 in
1112 2696 1459 2751 sententiam
1479 2697 1710 2752 Domini
1729 2696 1997 2754 dicentis:

378 2785 462 2844 'Si
472 2787 775 2859 peccaverit
804 2787 860 2840 in
890 2792 938 2840 te
981 2786 1156 2856 frater
1198 2791 1339 2852 tuus,
1373 2785 1505 2839 vade
1534 2790 1583 2841 et
1630 2788 1832 2858 corripe
1881 2805 2003 2842 eum

372 2877 532 2934 inter
555 2883 604 2932 te
632 2882 683 2931 et
707 2878 877 2948 ipsum
904 2877 1095 2932 solum.
1143 2874 1214 2932 Si
1240 2882 1288 2931 te
1317 2875 1569 2944 audierit,
1625 2876 1860 2932 lucratus
1898 2879 2005 2934 eris

391 2965 620 3036 fratrem
652 2972 826 3034 tuum,-
851 2968 1099 3021 siautem
1129 2982 1235 3021 non
1266 2973 1314 3021 te
1340 2966 1588 3033 audierit,
1617 2966 1806 3022 adhibe
1836 2973 2005 3023 tecum

380 3054 565 3110 adhuc
593 3072 762 3110 unum
792 3055 874 3110 vet
922 3055 1073 3123 duos,
1103 3061 1164 3109 ut
1216 3057 1273 3110 in
1303 3072 1393 3111 ore
1420 3058 1632 3113 testium
1681 3064 1750 3098 1³9
1778 3056 2007 3112 duorum

2107 1912 2565 1984 summata,quid
2593 1913 2664 1967 de
2687 1912 3199 1985 Romaniepiscopi
3218 1917 3500 1985 potestate
3512 1914 3716 1971 sentiri

2104 2001 2398 2068 vellent,in
2411 2002 2643 2057 aeternis
2656 2002 3033 2057 monimentis
3044 2003 3555 2067 statuerunt.Quod
3574 2021 3716 2060 con-

2105 2089 2300 2144 cilium
2322 2090 2598 2162 quoniam
2623 2091 2845 2165 insigne
2877 2094 2960 2146 est
2986 2094 3044 2146 et
3060 2091 3214 2147 beati
3232 2092 3534 2164 Augustini
3561 2109 3713 2164 prae-

2104 2179 2290 2234 scntia
2316 2179 2689 2247 illustratum,
2742 2183 2800 2234 et
2829 2180 3151 2236 artificiosis
3198 2181 3715 2239 consultationibus

2103 2268 2444 2340 expolitum,
2467 2268 2702 2340 vimque
2719 2269 3050 2341 multiplicis
3063 2269 3534 2340 argumentihuic
3545 2288 3717 2341 syno-

2103 2357 2176 2411 do
2193 2356 2460 2426 praabuit,
2515 2358 2587 2412 ad
2636 2358 2876 2429 plenum
2919 2357 3005 2413 his
3036 2357 3209 2430 gestis
3235 2358 3541 2414 adnectere
3570 2359 3712 2415 utile

2094 2444 2407 2515 judicavim
2417 2464 2498 2501 us.

2171 2537 2259 2589 28.
2281 2534 2635 2606 Multasuper
2657 2534 2745 2588 his
2775 2537 2940 2590 Pater
2975 2536 3246 2591 Arnulfus
3293 2536 3519 2606 publice
3548 2539 3709 2592 locu-

2100 2625 2190 2678 tus
2215 2625 2320 2690 est,
2350 2626 2532 2679 multa
2560 2642 2691 2679 cum
2714 2623 2821 2679 sibi
2852 2627 3079 2680 tantum
3111 2624 3706 2682 assidentibuscontu-

2100 2712 2197 2780 lit;
2221 2730 2350 2784 quin
2381 2731 2455 2768 ne
2476 2714 2626 2769 forte
2648 2713 2841 2768 minus
2867 2714 3158 2770 suavitatis
3177 2715 3520 2770 habeantita
3542 2732 3706 2786 spar-

2101 2800 2205 2856 sim
2227 2801 2412 2873 posita
2427 2805 2489 2856 ut
2503 2806 2636 2858 sunt
2648 2804 2719 2857 ab
2732 2819 2800 2858 eo
2820 2804 3066 2874 prolata,
3080 2802 3222 2858 eain
3239 2820 3419 2858 unum
3437 2802 3710 2876 colligere

2104 2891 2438 2957 maluimus,
2470 2893 2533 2945 ut
2559 2891 2895 2947 continuata
2926 2892 3110 2948 oratio
3130 2894 3259 2964 plus
3290 2892 3549 2949 utilitatis
3596 2896 3713 2949 stu-

2107 2978 2268 3035 dioso
2289 2978 2493 3034 lectori
2526 2978 2806 3037 conferat.
2832 2999 2864 3032 «
2892 2979 3004 3035 Nos
3033 2980 3293 3052 quidem,
3314 2981 3523 3053 inquit,
3554 2998 3717 3038 reve-

2106 3066 2417 3122 rentissimi
2438 3076 2507 3111 M
2529 3069 2745 3136 Patres,
2777 3069 3102 3124 Romanam
3128 3070 3444 3125 ascclesiam
3472 3073 3716 3143 propter

391 3144 479 3202 vel
535 3146 701 3200 trium
756 3149 855 3200 stet
883 3160 1036 3200 omne
1090 3144 1317 3200 verbem'
1353 3143 1508 3211 Quod
1534 3146 1583 3199 si
1617 3162 1723 3199 non
1778 3146 2007 3201 audierit

2109 3155 2289 3211 beatri
2303 3156 2455 3211 Petri
2468 3157 2815 3213 memoriam
2833 3174 3063 3230 semper
3074 3159 3480 3214 honorandam
3512 3159 3715 3215 decer-

394 3250 499 3301 eos,
530 3234 616 3289 dic
643 3232 906 3291 ccclesite.
937 3230 1006 3288 Si
1030 3238 1208 3288 autem
1235 3238 1287 3287 et
1305 3232 1585 3288 (ecclesiam
1615 3251 1722 3289 uon
1751 3234 2005 3305 audierit,

394 3323 464 3377 sit
494 3323 592 3377 tibi
614 3323 752 3377 sicut
779 3322 1017 3375 ethnicus
1062 3328 1113 3374 et
1121 3320 1446 3391 publicanus
1473 3321 1700 3388 (Matth.
1727 3340 1884 3390 xvm,
1913 3324 2008 3379 15-

402 3411 512 3482 17).
540 3409 780 3477 Adesto,
794 3410 983 3476 Pater,
1000 3410 1482 3479 ruentiecclesiae,
1501 3414 1559 3467 et
1571 3413 1921 3468 sententiam
1942 3432 2009 3469 ex

399 3497 574 3554 sacris
610 3496 932 3553 canonibus
950 3500 1407 3571 promulgatam,
1435 3501 1523 3555 vel
1546 3500 1736 3573 potius
1764 3502 1836 3556 ab
1886 3501 2010 3574 ipsa

398 3586 656 3643 Veritate
686 3586 998 3659 prolatam,
1032 3586 1229 3658 profer
1258 3586 1319 3642 in
1351 3605 1537 3643 reum.
1597 3589 1924 3646 Sentiamus
1949 3592 2007 3647 in

397 3675 557 3733 vobis
574 3675 820 3731 alterum
842 3677 1078 3732 Petrum
1100 3676 1466 3733 defensorem
1508 3680 1567 3732 et
1605 3679 2006 3736 corroborato-

397 3783 527 3823 rem
560 3764 899 3822 Christianae
914 3765 1078 3834 fidei;
1105 3766 1255 3821 ferat
1266 3768 1463 3822 sancta
1480 3768 1742 3823 Romana
1754 3769 2007 3826 azcclesia

398 3854 749 3912 sententiam
761 3854 1193 3927 dampnationis
1218 3854 1277 3910 iu
1296 3872 1482 3924 reum,
1516 3874 1689 3929 quem
1716 3858 2005 3914 universa-

397 3945 467 4001 lis
493 3946 777 4017 dampnat
805 3942 1079 4000 aecclesia.
1115 3944 1473 4016 Suffragetur
1497 3947 1662 4002 nobis
1677 3951 1863 4003 vestra
1878 3965 2008 4003 auc-

398 4034 621 4102 toritas,
644 4036 700 4088 ct
729 4032 789 4088 in
807 4033 978 4105 hujus
992 4036 1207 4105 apostaa
1231 4033 1574 4105 dejectione,
1601 4038 1660 4090 et
1680 4035 1737 4090 in
1753 4036 1875 4106 ejus
1904 4036 2003 4109 qui

401 4122 600 4180 domui
614 4122 714 4179 Dei
730 4138 974 4195 praeesse
990 4122 1169 4195 possit
1187 4123 1599 4197 archiepiscopi
1616 4142 1764 4180 nova
1776 4125 2005 4181 ordina-

401 4212 584 4280 tione,
600 4212 895 4285 simulque
922 4210 1199 4267 invocatis
1214 4211 1716 4285 episcopisnostris
1734 4214 2006 4269 fratribus

403 4299 725 4355 necessaria
748 4300 1140 4374 promotione,
1172 4303 1235 4355 ut
1264 4300 1510 4356 sciamus
1539 4301 2008 4375 etintelligamus

401 4404 503 4444 cur
518 4389 671 4445 inter
692 4394 929 4445 caeteros
947 4393 1334 4461 apostolatum
1354 4394 1604 4447 vestrum
1623 4393 1897 4464 praeferre
1914 4394 2009 4449 de-

400 4479 659 4535 beamus.
695 4497 729 4530 »

390 4587 394 4589 ‘
475 4572 565 4625 27.
593 4566 688 4623 His
717 4566 972 4640 epistolis
996 4567 1056 4623 in
1084 4568 1280 4625 media
1303 4570 1508 4643 synodi
1539 4571 1813 4639 recitatis,
1869 4571 2005 4627 mis-

399 4656 574 4714 sionis
584 4672 784 4713 earum
800 4660 1031 4732 tempus
1042 4660 1290 4713 etrelata
1301 4658 1513 4731 legatio
1527 4660 1598 4716 ab
1613 4661 2008 4718 defensoribus

398 4746 621 4803 Arnulfl
641 4746 1105 4820 perquirebatur.
1125 4748 1193 4801 Et
1213 4747 1285 4803 de
1315 4747 1505 4820 primo
1537 4749 1772 4821 quidem
1793 4751 2008 4806 mensis

398 4835 738 4891 undecimus
780 4835 1244 4908 repperiebatur;
1280 4837 1350 4892 de
1382 4838 1561 4892 altero
1618 4842 1813 4894 autem
1867 4839 2008 4894 nihil

401 4923 687 4979 memoria
700 4924 1070 4996 dignum,sed
1082 4927 1304 4998 legatos
1319 4929 1547 4983 tantum
1564 4927 1776 5000 scripta
1796 4929 2005 4984 Roma-

401 5030 476 5069 no
487 5014 745 5087 pontifici
759 5014 1097 5087 porrexisse,
1111 5015 1419 5089 primoque
1446 5034 1504 5072 se
1521 5017 1733 5074 blande
1747 5022 2012 5090 acceptos

401 5119 546 5166 esse,
571 5105 773 5176 postea
794 5120 929 5160 vero
976 5121 1154 5177 quam
1204 5105 1489 5162 Heriberti
1537 5106 1764 5162 comitis
1810 5107 2007 5180 legati,

403 5208 620 5264 equum
637 5209 880 5267 corpore
899 5195 1274 5264 praestantem
1294 5195 1461 5250 niveo
1480 5196 1673 5251 colore
1694 5196 2006 5270 insignem,

403 5296 536 5338 cum
564 5281 687 5338 aliis
713 5282 1052 5339 muneribus
1065 5284 1326 5357 pontifici
1347 5285 1766 5355 obtulerunt,se
1795 5303 1899 5359 per
1912 5287 2010 5343 tri-

2108 3245 2432 3308 nimus,nec
2445 3245 2690 3302 decretis
2704 3247 3102 3302 Romanorum
3119 3247 3464 3302 Pontificum
3481 3246 3719 3303 obviare

2109 3335 2514 3390 contendimus
2533 3353 2547 3403 ;
2571 3336 2725 3390 salva
2740 3338 2937 3390 tamen
2955 3336 3293 3391 auctoritate
3324 3335 3515 3391 Niceni
3529 3336 3721 3392 conci-

2108 3422 2191 3490 lii,
2227 3424 2384 3494 quod
2405 3423 2610 3478 eadem
2638 3424 2903 3479 Romana
2925 3424 3165 3480 ecclesia
3190 3440 3423 3496 semper
3442 3428 3724 3480 venerata

2109 3515 2212 3567 est.
2249 3511 2475 3566 Statuta
2489 3511 2666 3567 etiam
2697 3529 2991 3567 sacrorum
3019 3529 3311 3568 canonum
3354 3522 3423 3556 ιιι
3480 3512 3723 3568 diversis

2107 3601 2267 3667 locis,
2297 3600 2531 3656 diversis
2560 3601 2941 3674 temporibus,
2970 3601 3070 3656 sed
3115 3602 3322 3657 eodem
3356 3600 3454 3657 Dei
3505 3601 3720 3673 spiritu

2107 3689 2497 3757 conditorum,
2544 3689 2602 3744 in
2662 3692 2947 3745 mternum
2998 3691 3185 3745 valere
3215 3689 3603 3763 praecipimus,
3635 3691 3715 3746 ab

2107 3777 2377 3834 omnibus
2406 3778 2687 3833 servanda
2704 3794 3024 3832 censemus.
3050 3779 3171 3833 Duo
3203 3781 3396 3834 autem
3417 3781 3550 3833 sunt
3579 3794 3717 3850 quae

2106 3883 2465 3938 magnopere
2493 3884 2527 3921 a
2553 3866 2718 3922 nobis
2750 3866 3050 3938 praevideri
3073 3867 3456 3934 l“debent,id
3477 3871 3562 3922 est
3578 3874 3648 3910 ιιι
3664 3868 3721 3923 si

2106 3956 2354 4011 Romani
2384 3956 2673 4027 pontificis
2703 3955 2997 4010 silentium
3050 3959 3149 4010 aut
3182 3973 3331 4010 nova
3376 3955 3717 4011 constitutio

2104 4044 2485 4116 promulgatis
2506 4044 2725 4116 legibus
2755 4061 3045 4099 canonum
3076 4046 3163 4100 vel
3194 4044 3436 4100 decretis
3448 4044 3718 4117 priorum

2104 4133 2481 4204 praejudicare
2499 4141 2568 4175 ίιο
2586 4132 2859 4204 potest.Si
2880 4133 3037 4188 enim
3058 4132 3353 4188 silentium
3375 4133 3724 4204 prazjudicat

2108 4239 2312 4277 omnes
2341 4223 2515 4293 leges,
2544 4221 2744 4277 omnia
2786 4220 3045 4292 priorum
3101 4222 3350 4288 decreta,
3385 4237 3453 4276 eo
3483 4221 3719 4289 silente,

2106 4311 2275 4366 silere
2304 4327 2534 4365 necesse
2561 4313 2664 4365 est.
2699 4310 2756 4365 Si
2790 4313 2983 4365 autem
3015 4327 3164 4365 nova
3185 4309 3540 4377 constitutio,
3574 4310 3725 4381 quid

2106 4398 2943 4473 prosuntlegesconditte,cum
2963 4399 3035 4453 ad
3053 4399 3218 4454 unius
3249 4398 3550 4453 arbitrium
3583 4414 3723 4454 om-

2024 4500 2078 4560 D
2108 4488 2206 4543 nia
2222 4487 2786 4560 dirigantur?Videtis
2798 4484 3046 4560 quia,h‘is
3060 4488 3280 4542 duabus
3306 4486 3485 4541 causis
3505 4486 3726 4541 admis-

2088 4575 2572 4643 Asis,ecclcsiarum
2589 4576 2688 4630 Dei
2703 4579 2880 4631 status
2892 4575 3476 4647 periclitatur,etdum
3489 4574 3723 4646 legibus

2105 4667 2261 4737 leges
2277 4664 2606 4737 quaerimus,
2634 4666 2817 4720 nullas
2833 4665 3073 4720 omnino
3100 4666 3255 4735 leges
3265 4664 3544 4720 habemus
3562 4664 3723 4728 Quid

2107 4772 2244 4827 ergo
2264 4754 2292 4809 ?
2321 4754 2468 4808 Num
2489 4753 2791 4826 privilegio
2823 4752 3069 4809 Romani
3094 4752 3383 4826 pontificis
3413 4753 3725 4825 derogabi—

2108 4844 2280 4898 mus?
2310 4843 2570 4910 Minime;
2603 4842 2703 4897 sed
2746 4842 2790 4896 si
2822 4845 3115 4897 Romanus
3169 4841 3468 4915 episcopus
3527 4842 3573 4897 is
3625 4846 3725 4897 est

2108 4950 2282 5005 quem
2313 4932 2552 4987 scientia
2604 4935 2662 4985 et
2700 4932 2826 4987 vitae
2859 4931 3131 4986 meritum
3163 4930 3555 4996 commendet,
3607 4947 3726 4986 nec

2108 5020 2401 5078 silentium
2429 5037 2535 5075 nec
2550 5037 2698 5075 nova
2712 5020 3044 5076 constitutio
3060 5019 3375 5074 metuenda
3388 5018 3728 5082 sunt.Quod

2108 5111 2153 5167 si
2186 5109 2636 5182 velignorantia,
2667 5112 2751 5164 vel
2773 5113 2951 5176 metu,
2974 5109 3062 5163 vel
3091 5108 3403 5180 cupiditate
3422 5107 3729 5163 abaliena-

2110 5204 2222 5267 tur,
2244 5201 2330 5254 vel
2364 5198 2615 5254 conditio
2644 5197 2919 5253 invidiam
2952 5198 3106 5264 facit,
3135 5197 3291 5270 quod
3318 5197 3438 5252 fere
3464 5197 3567 5251 sub
3594 5197 3738 5253 haec

2109 5292 2377 5362 tempora
2392 5287 2657 5351 vidimus,
2679 5288 2876 5344 Romae
2898 5285 3189 5343 tirannide
3206 5287 3737 5359 prmvalente,tunc

1726 5408 1957 5463 VARUE
1997 5408 2288 5465 LECTION
2296 5408 2397 5465 ES.

471 5533 542 5571 1⁸⁷
571 5526 855 5584 exortatio
886 5531 935 5584 l.
990 5536 1059 5572 1³⁸
1087 5527 1227 5585 deest
1255 5533 1311 5586 2.
1392 5538 1460 5574 18°
1490 5530 1548 5589 d.
1573 5534 1618 5590 t.
1658 5536 1711 5587 2.

1801 5539 1871 5573 N0
1900 5548 2282 5589 romanorum
2316 5539 2365 5591 l.

2470 5542 2538 5578 ul
2569 5550 2629 5590 se
2662 5537 2679 5588 l
2709 5532 2738 5589 ?
2771 5542 2840 5578 ω
2868 5533 3173 5592 reverend.
3208 5536 3228 5588 l
3260 5532 3289 5587 7
3371 5540 3440 5575 ιη
3472 5529 3725 5587 canoni-

400 5617 531 5658 cum
562 5603 608 5659 l.
679 5609 747 5645 ιιι
774 5600 1059 5675 pervideri
1088 5606 1140 5658 2.
1206 5611 1274 5647 H3
1305 5602 1460 5663 idem
1496 5608 1542 5659 l.
1608 5612 1675 5647 ιω
1705 5603 2071 5675 prarjudicari
2104 5606 2169 5661 l‘.’
