3954 6170
417 314 522 376 318

1725 312 2098 371 SILVESTER
2155 316 2202 371 ιι
2239 315 2429 372 ΡΔΡΑ

3625 318 3725 372 316

423 455 604 498 omnes
642 437 927 497 secundum
990 440 1250 495 rationem
1316 437 1627 494 humilitatis
1666 454 1823 510 pares
1867 444 1991 494 sunt
2042 452 2095 504 Α
2127 438 2357 496 libellum
2392 456 2531 509 eum,
2584 438 2642 494 in
2678 457 2782 512 qua
2810 455 2871 495 ea
2898 437 2961 494 de
3001 438 3192 512 quibus
3218 441 3506 496 accusatus
3532 436 3725 507 fuerat,

424 532 717 587 Involutus
745 546 883 601 ergo
905 528 1262 596 criminibus,
1281 528 1491 583 sentiat
1510 544 1753 602 praeesse
1775 526 1880 582 sibi
1912 528 2025 583 Ro-

2121 546 2247 583 vera
2304 546 2405 584 esse
2433 529 2699 600 confessus
2745 535 2839 595 est,
2870 528 3139 586 obtulisse.
3174 527 3297 594 Qua
3326 526 3393 582 de
3421 544 3476 582 re
3506 524 3601 581 illo
3641 524 3728 580 de-

424 636 667 675 manum
697 618 1055 691 pontiﬁcem,
1079 620 1137 673 et
1165 617 1262 690 qui
1281 618 1455 673 nullis
1471 617 1851 673 atrocioribus
1863 617 2028 672 factis
2117 620 2312 689 posito,
2343 618 2625 689 episcopali
2661 618 2940 684 sententia,
2973 619 3090 688 ejus
3123 616 3233 672 loco
3263 633 3390 671 cum
3414 615 3730 686 fraternita-

425 706 1126 781 prsegravaturdntelligat
1136 705 1604 778 parem,dignam
1616 722 1675 761 se
1688 722 1753 760 ac
1766 706 2027 760 Romano
2129 709 2194 759 tis
2209 712 2390 760 vestrae
2410 720 2664 762 consensu
2689 721 2797 760 csse
2824 708 3122 776 episcopum
3175 704 3510 759 ordinatum.

425 795 700 868 pontiﬁce
733 794 792 851 in
824 794 1083 867 quolibet
1111 794 1345 866 negotio
1388 795 1607 849 laturus
1657 793 2026 849 sententiam.

428 883 542 940 Sed
567 885 727 949 esto;
754 898 1041 954 ponamus
1077 898 1230 937 nunc
1274 882 1474 938 Romae
1529 899 1649 937 esse
1676 884 2027 950 Damasum;

2203 818 2230 846 ‹‹
2264 795 2403 849 Ecce
2423 794 2517 849 hic
2543 795 2747 849 Paulus
2777 794 3076 865 episcopus
3098 793 3410 865 ignorante
3462 792 3734 864 Gregorio

2136 882 2467 955 deponitur,
2480 883 2625 937 alter
2642 881 2842 937 inloco
2855 880 3393 952 ejussubstituitur;
3419 895 3589 936 causa
3601 895 3730 935 cum

433 970 573 1045 quid
626 973 828 1029 contra
857 971 978 1042 ejus
1009 970 1308 1025 decretum
1340 974 1532 1026 actum
1579 970 1709 1026 est?
1738 971 1956 1041 Nempe
1986 969 2032 1025 si
2134 971 2247 1025 suis
2273 971 2486 1025 effectis
2506 972 2878 1041 perlatorem
2900 969 3134 1042 apicum
3178 970 3453 1040 Gregorio
3469 968 3741 1041 signiﬁca-

433 1058 584 1116 bene
600 1059 1158 1133 recordor,primum
1178 1058 1495 1130 capitulum
1515 1056 2036 1130 fuit,quodepisco-

2134 1060 2385 1114 tur.Nou
2418 1058 2474 1114 ir.
2517 1057 3186 1129 depositoresGregorius
3224 1056 3533 1124 ulciscitur,
3549 1056 3647 1112 sed
3685 1056 3743 1110 in

432 1163 646 1221 porum
666 1151 725 1205 et
742 1163 1105 1203 summorum
1126 1146 1503 1219 negotiorum
1524 1145 2036 1201 ecclesiasticorum
2139 1147 2465 1219 depositum
2487 1146 2721 1201 ulterius
2733 1145 2919 1213 secvit;
2948 1145 3030 1199 ait
3063 1145 3221 1199 enim
3252 1148 3382 1216 post
3403 1144 3694 1217 aliquanta
3727 1159 3741 1198 :

436 1250 865 1308 caustesemper
883 1235 955 1292 ad
973 1236 1172 1291 sedem
1194 1235 1570 1307 apostolicam
1587 1232 2037 1290 sintrel‘erendae
2140 1235 2248 1303 Qui
2269 1238 2316 1290 si
2340 1237 2501 1306 forte,
2534 1234 2674 1307 quod
2720 1250 2828 1288 non
2881 1234 3168 1301 credimus,
3211 1239 3335 1304 post
3377 1232 3745 1303 depositionem

439 1320 646 1399 Utique
682 1324 882 1380 relatae
909 1325 1044 1379 sunt
1097 1340 1214 1379 non
1268 1323 1456 1378 solum
1501 1322 1574 1378 ab
1606 1320 1906 1394 episcopis,
1939 1318 2039 1376 sed
2140 1342 2293 1381 suam
2323 1322 2669 1379 inverecunde
2694 1340 2757 1376 ac
2786 1328 2959 1377 mente
2976 1339 3225 1393 perversa
3246 1321 3458 1393 aliquid
3479 1321 3743 1391 deepisco-

438 1413 618 1469 etiam
638 1429 673 1467 a
692 1411 947 1485 principe
972 1413 1169 1467 nostro
1200 1410 1569 1467 serenissimo
1591 1425 1604 1465 :
1624 1410 1917 1480 liberaque
1939 1424 2042 1481 po-

440 1503 616 1556 testas
631 1501 957 1573 apostolicaa
978 1499 1097 1554 sedi
1111 1499 1245 1554 data
1262 1502 1368 1565 est,
1400 1502 1458 1554 et
1482 1514 1615 1553 vera
1634 1495 2040 1568 investigandi,

443 1592 502 1643 et
531 1588 935 1662 cognoscendi,
954 1591 1012 1643 et
1028 1586 1511 1661 dijudicandi,per
1527 1590 1857 1659 temporum
1872 1584 2047 1639 inter-

444 1677 594 1733 valla
624 1676 798 1733 nimis
819 1677 1073 1748 prolixa;
1106 1692 1213 1732 nec
1241 1675 1398 1747 prius
1428 1676 1501 1730 ad
1530 1691 1763 1730 causam
1808 1671 2042 1727 accessi-

2133 1420 2269 1485 patu
2300 1413 2462 1484 loqui,
2519 1418 2676 1483 atque
2733 1427 2915 1465 rursus
2970 1409 3041 1463 ad
3082 1410 3179 1464 hoc
3234 1409 3467 1481 qualibet
3521 1407 3751 1479 aspirari

2133 1504 2547 1575 praesumptione
2601 1502 2961 1572 temptaverit,

3044 1500 3406 1569 fraternitatis
3453 1504 3643 1553 vestrae
3696 1512 3750 1552 se

2146 1598 2329 1646 contra
2361 1590 2749 1661 improbitatem
2799 1590 2961 1660 ipsius
3006 1589 3223 1642 omnino
3275 1588 3427 1656 vigor
3482 1585 3751 1650 accendat,

2146 1686 2305 1753 atque
2353 1679 2633 1733 Dominici
2687 1678 2922 1748 corporis
2976 1684 3026 1731 et
3069 1676 3343 1747 sanguinis
3393 1675 3756 1728 communione

444 1782 776 1840 m03.quam
790 1762 2046 1839 desperationejudiCiiejusprotraheremur.
2079 1761 2129 1819 B
2140 1771 2436 1841 privatum,
2470 1770 2525 1821 in
2551 1768 2880 1822 monasterio
2911 1782 3033 1819 eum
3088 1780 3250 1835 usque
3306 1762 3379 1817 ad
3400 1763 3537 1816 diem
3586 1762 3758 1815 obitus

450 1852 752 1910 Consultus
763 1858 847 1910 est
868 1870 1007 1926 ergo
1034 1854 1329 1909 Romanus
1347 1852 1652 1924 epiSCOpus
1690 1852 1754 1904 ut
1768 1848 2046 1921 Oportuit,

447 1944 505 1996 et
518 1942 588 1997 de
600 1940 695 2013 hui
705 1941 1000 1997 usArnulﬂ
1013 1939 1537 2012 depositione,etde
1556 1938 1649 2009 huj
1662 1955 1726 1992 us
1741 1938 1835 2009 qui
1852 1936 2055 1992 domui

446 2028 606 2102 digni
620 2046 866 2105 praeesse
896 2029 1075 2102 possit
1096 2037 1165 2073 ιη
1183 2028 1609 2084 substitutione.
1644 2026 1757 2082 Sed
1789 2040 1890 2079 cur
1910 2024 2053 2079 nihil

451 2119 836 2191 responderit,
870 2134 1119 2191 quorum
1136 2117 1377 2173 interest
1397 2116 1503 2189 ipsi
1517 2114 1794 2177 viderint;
1824 2130 1929 2168 nos
1963 2128 2059 2168 au-

449 2208 572 2263 tem
592 2205 928 2262 Sardicense
950 2205 1279 2271 concilium,
1293 2205 1449 2275 quod
1462 2201 1759 2275 privilegio
1776 2202 2055 2256 Romanae

452 2292 704 2357 ecclesiae
725 2293 1040 2365 plurimum
1069 2293 1243 2361 favet,
1264 2292 1344 2345 ita
1368 2292 1441 2346 ad
1457 2292 1607 2345 hanc
1628 2303 1862 2345 causam
1885 2287 2054 2343 inﬂe-

452 2380 681 2449 ctimus,
707 2384 771 2437 ut
802 2378 956 2453 quod
987 2382 1059 2436 de
1095 2381 1216 2436 solo
1248 2379 1517 2451 episcopo
1549 2379 1609 2433 in
1635 2377 1893 2450 qualibet
1922 2391 2057 2448 pro-

453 2467 640 2526 vincia
665 2468 865 2525 relicto
893 2467 1050 2537 dicit,
1083 2469 1158 2523 ad
1186 2469 1516 2523 Romanum
1546 2466 1884 2539 episcopum
1918 2462 2055 2519 affe-

454 2561 612 2613 ctum
643 2574 765 2612 esse
793 2555 1116 2613 credamus.
1158 2555 1252 2612 Sic
1280 2554 1430 2610 enim
1481 2554 1749 2621 habetur,
1787 2552 1952 2607 titulo
1983 2554 2014 2605 6
2043 2568 2055 2606 :

457 2645 612 2702 Osius
630 2646 896 2717 episcopus
913 2644 1087 2700 dixit:
1115 2643 1186 2701 Si
1225 2645 1502 2713 contigerit
1539 2640 1594 2697 in
1630 2659 1737 2696 una
1778 2640 2059 2712 provincia

457 2735 512 2788 in
532 2752 635 2808 qua
655 2734 861 2805 fuerint
883 2733 1110 2806 plurimi
1124 2735 1367 2805 episcopi,
1414 2746 1583 2787 unum
1616 2732 1757 2801 forte
1784 2744 2058 2784 remunere

457 2825 773 2895 episcopum,
800 2822 1017 2879 illevero
1033 2840 1136 2895 per
1164 2820 1539 2891 negligentiam
1554 2819 1781 2875 noluerit
1803 2817 2055 2873 ordinare

458 2914 778 2984 episcopum,
827 2919 877 2967 et
915 2910 1105 2983 populi
1145 2910 1482 2964 convenerint
1554 2908 1818 2979 episcopos
1872 2906 2059 2959 vicine

450 3002 762 3072 provinciae,
793 2999 976 3055 debere
1005 2998 1156 3053 illum
1171 3000 1328 3070 prius
1358 2997 1629 3072 conveniri
1641 2997 1940 3066 episcopum
1960 2994 2059 3065 qui

2152 1858 2241 1913 sui
2286 1857 2357 1910 ad
2408 1855 2669 1927 agendam
2716 1860 2861 1908 curet
2908 1854 3274 1923 pwnitentiam
3353 1850 3759 1915 retrudendum;

2157 1948 2407 2017 quatinus
2479 1945 2780 2016 perpetrati
2831 1942 3034 1996 sceleris
3088 1941 3329 1996 maculas
3381 1940 3556 2010 dignis
3597 1939 3762 1992 discat

2158 2034 2368 2102 fletibus
2397 2031 2709 2097 emundare,
2742 2047 2871 2101 quas
2903 2031 3072 2097 magis
3098 2030 3155 2083 in
3184 2028 3413 2083 interitu
3442 2028 3637 2081 anime
3655 2043 3760 2080 sua

2158 2122 2396 2192 nequiter
2424 2136 2619 2190 augere
2645 2118 2924 2173 desiderat.
2957 2116 3263 2181 Quomodo
3293 2131 3447 2171 nunc
3469 2114 3763 2170 decretum

2162 2207 2389 2262 Eusebii
2421 2224 2586 2280 papa:
2618 2209 2907 2261 servatum
2920 2206 3044 2261 est?
3074 2204 3306 2260 Etenim
3338 2205 3510 2275 paulo
3541 2206 3677 2258 ante
3704 2203 3765 2258 in

2164 2298 2327 2351 temo
2346 2295 2620 2350 decretali
2633 2297 2850 2350 lectum
2871 2298 2957 2349 est
2977 2311 2989 2349 :
3013 2294 3147 2349 Oves
3166 2310 3288 2363 ergo
3316 2310 3436 2365 quae
3444 2294 3655 2364 pastori
3670 2308 3765 2346 suo

2160 2385 2451 2439 commissae
2478 2383 2706 2453 fuerint,
2744 2400 2864 2437 eum
2888 2399 2980 2437 nec
3010 2380 3402 2452 reprehendere,
3430 2381 3540 2435 nisi
3561 2397 3596 2433 a
3627 2385 3767 2434 recta

2150 2472 2255 2541 ﬁde
2288 2472 2690 2537 exorbitaverit,
2713 2471 2920 2539 debent,
2940 2488 3030 2525 nec
3058 2469 3350 2524 ullatemus
3376 2485 3625 2523 accusare
3644 2485 3770 2540 pos-

2156 2566 2317 2623 sunt;
2351 2559 2486 2632 quia
2503 2560 2656 2614 facta
2686 2563 2988 2631 pastorum
3021 2559 3143 2613 ovis
3177 2566 3245 2601 1H
3278 2557 3471 2630 gladio
3498 2555 3773 2612 ferienda

2164 2666 2283 2704 non
2301 2654 2815 2722 sunt,quamquam
2829 2652 2982 2703 recte
3003 2646 3489 2718 reprehendenda
3533 2645 3773 2701 videan-

2164 2738 2451 2792 tur.Ccrte
2467 2736 2556 2792 hic
2571 2738 2775 2792 Paulus
2789 2754 2823 2792 a
2837 2737 2951 2791 suis
2966 2736 3255 2802 ovibus,id
3273 2739 3359 2790 est
3370 2752 3405 2790 a
3420 2734 3533 2789 suis
3549 2733 3778 2789 clericis

2162 2826 2547 2898 reprehensus
2575 2829 2633 2880 et
2659 2828 2954 2880 accusatus
2985 2828 3090 2892 est,
3123 2841 3243 2879 non
3275 2824 3347 2879 de
3400 2823 3513 2877 ﬁde
3553 2823 3655 2877 sed
3704 2822 3780 2876 de

2162 2914 2447 2985 corporali
2479 2914 2743 2969 crimine.
2771 2916 2834 2969 In
2894 2915 2999 2969 bac
3034 2914 3226 2985 itaque
3294 2913 3660 2967 decretorum
3688 2928 3784 2965 ve.

2164 3016 2460 3056 canonum
2487 3000 2764 3055 varietate
2779 3002 2889 3055 hoc
2917 3001 3347 3055 observandum
3367 3001 3471 3065 est,
3497 3001 3559 3052 ut
3579 3013 3781 3052 cansa-

461 3068 519 3143 in
542 3089 725 3146 eadem
740 3089 1020 3161 provincia
1046 3068 1309 3153 moratur,
1340 3092 1391 3141 et
1416 3068 1686 3140 ostendere
1705 3082 1847 3155 quod
1864 3079 2062 3154 populi
2096 3078 2145 3137 C
2166 3106 2297 3146 rum
2327 3092 2565 3144 eventus
2592 3088 2772 3143 ﬁnem
2822 3088 3106 3159 accipiant
3135 3088 3301 3159 juxta
3328 3095 3397 3129 is:
3418 3085 3782 3158 aequitatem,

451 3182 644 3249 petant
692 3176 803 3235 sibi
837 3184 1111 3244 rectorem,
1145 3183 1195 3232 et
1224 3176 1320 3229 hoc
1352 3174 1567 3244 justum
1596 3186 1724 3237 esse,
1776 3177 1835 3223 ut
1866 3176 1915 3223 et
1966 3170 2069 3241 ipsi

461 3268 703 3335 veniant,
736 3273 936 3324 etcum
983 3269 1092 3337 ipso
1131 3263 1377 3319 ordinent
1431 3264 1751 3333 episcopum.
1812 3257 1969 3325 Quod
2023 3259 2072 3312 si

459 3361 739 3410 conventus
769 3355 960 3411 litteris
989 3355 1233 3421 tacuerit,
1266 3356 1316 3405 et
1360 3348 1801 3414 dissimulaverit,
1830 3346 2071 3418 nihilque

465 3438 806 3514 responderit,
853 3449 977 3497 tunc
1050 3438 1485 3511 satisfaciendum
1566 3453 1671 3492 esse
1717 3434 1956 3507 populis,
2015 3439 2074 3487 ut

466 3531 680 3586 veniant
705 3548 768 3585 ex
814 3532 999 3585 vicinis
1047 3529 1342 3601 provinciis
1374 3532 1424 3580 et
1453 3524 1698 3581 ordinent
1751 3526 2070 3594 episcopum.

463 3617 629 3673 Juxta
657 3619 825 3690 hujus
853 3618 1154 3675 sententias
1185 3620 1473 3683 tenorem,
1505 3613 1578 3668 ad
1599 3612 1944 3685 petitionem
1976 3627 2077 3684 po-

467 3707 741 3781 pulorum
762 3707 835 3763 ab
870 3705 1151 3779 episc0pis
1177 3708 1237 3760 et
1258 3703 1521 3778 principe
1551 3704 1869 3757 conventus
1883 3703 1987 3766 est,
2017 3702 2078 3753 ut

468 3813 570 3853 sua
586 3794 925 3852 auctoritate
945 3792 1214 3851 Arnulfus
1234 3792 1648 3864 deponeretur,
1684 3793 1743 3845 et
1771 3790 1919 3843 alter
1942 3788 2075 3842 sub-

467 3886 817 3941 stitueretur.
855 3884 999 3950 Quia
1026 3900 1165 3956 ergo
1214 3883 1530 3937 conventus
1551 3877 1761 3934 litteris
1784 3876 1986 3943 tacuit,
2020 3878 2080 3930 et

464 3973 1076 4041 dissimulavit,etnihil
1103 3969 1581 4043 respondit,nunc
1599 3964 2079 4021 satisfaciendum

466 4081 588 4121 esse
619 4063 843 4137 populis
862 4063 1159 4128 censeo,ut
1183 4058 1434 4133 episcopi
1466 4055 1564 4129 qui
1592 4072 1661 4110 ex
1687 4053 1888 4109 vicinis
1940 4069 2074 4125 pro-

469 4152 666 4209 vinciis
688 4154 1104 4212 convenerunt,
1132 4152 1189 4205 et
1212 4148 1367 4204 hunc
1395 4143 1726 4210 Arnulfum,
1775 4142 1819 4196 si
1854 4141 2081 4212 deposi-

471 4241 631 4297 tione
648 4241 854 4313 dignus
866 4242 970 4307 est,
994 4238 1373 4311 deponant,et
1394 4236 1440 4290 si
1467 4235 1619 4290 forte
1638 4231 1735 4305 qui
1760 4231 1960 4286 domui
1981 4230 2084 4285 Dei

475 4345 719 4401 praeesse
738 4328 914 4402 possit
937 4329 1198 4400 repertus
1224 4328 1328 4393 est,
1350 4324 1687 4395 episcopum
1706 4320 2081 4376 constituant.

477 4418 546 4473 Et
574 4417 851 4490 quoniam
878 4418 1154 4472 Damasus
1170 4413 1574 4486 episcoporum
1600 4425 1830 4465 summa
1846 4408 2088 4480 negotia

480 4503 944 4578 metropolitanis
960 4503 1242 4559 discutere
1258 4500 1542 4566 concedit,
1563 4497 1974 4553 definitionem
1994 4513 2088 4551 eo—

480 4611 612 4651 rum
637 4610 753 4649 sua:
781 4591 1053 4664 potestati
1103 4589 1397 4655 attribuit;
1431 4589 1675 4642 Damaso
1709 4585 1947 4658 quidem
1970 4601 2087 4639 non

479 4680 819 4750 resistimus,
849 4681 950 4736 sed
986 4679 1262 4752 scriptum
1284 4676 1436 4732 beati
1457 4674 1714 4747 Gregorii
1737 4673 1797 4728 in
1826 4673 2088 4728 medium

481 4764 829 4845 proferimus
858 4786 872 4825 :
907 4767 1096 4836 Later,
1117 4768 1317 4839 inquit,
1340 4764 1686 4836 praesentium
1709 4761 2001 4817 Nemesion
2022 4760 2092 4816 ad

486 4876 578 4915 nos
605 4860 840 4926 veniens,
863 4857 1115 4913 indicavit
1138 4854 1378 4911 Paulum
1422 4851 1694 4907 Deaclinee
1725 4859 1797 4893 ιοο
1855 4851 2086 4905 civitatis

486 4962 803 5022 episcopum,
835 4948 971 5001 inter
998 4946 1107 5001 alia
1134 4943 1280 5000 mala
1329 4944 1386 4997 in
1433 4939 1700 5012 corporali
1725 4939 1954 4994 crimine
2002 4937 2087 4995 la-

479 5052 658 5111 psum,
691 5052 723 5089 a
748 5028 857 5092 suis
870 5036 1037 5107 fuisse
1062 5033 1262 5090 clericis
1276 5035 1605 5092 accusatum,
1621 5034 1779 5100 atque
1790 5026 1975 5083 habita
2004 5042 2091 5081 co-

487 5126 745 5197 gnitione,
774 5125 879 5194 ita,
906 5124 1046 5198 quod
1071 5125 1186 5180 sine
1236 5120 1414 5177 dolore
1444 5118 1615 5173 dicere
1645 5133 1751 5172 non
1787 5132 2090 5187 possumus.

489 5212 755 5283 claruisse,
786 5220 944 5287 atque
976 5215 1188 5285 insuper
1194 5217 1482 5284 postquam
1510 5208 1779 5266 convictus
1804 5211 1900 5275 est,
1935 5206 2097 5260 etiam

2170 3177 2341 3234 nullis
2365 3176 2698 3233 animorum
2731 3175 3265 3249 perturbationibus
3297 3174 3622 3246 improvide
3683 3173 3786 3228 ad-

2176 3266 2387 3322 mixtis.
2415 3266 2483 3320 Et
2511 3264 2789 3338 quoniam
2821 3264 3035 3320 summi
3057 3262 3708 3337 negotiidiscussionem
3726 3265 3789 3316 et

2173 3354 2575 3411 definitionem
2603 3370 2637 3406 a
2666 3354 3117 3424 metropolitano
3154 3350 3685 3425 primmlustitiane
3700 3350 3791 3405 fa-

2146 3489 2153 3495 .
2173 3448 2325 3499 ctam
2343 3442 2514 3499 fuisse
2532 3440 3250 3514 cognovimus,doceamus
3261 3440 3434 3495 etiam
3450 3439 3794 3511 nunc,quod

2175 3532 2455 3604 episcopis
2488 3531 2664 3586 etiam
2691 3547 2926 3585 suorum
2949 3530 3535 3601 metropolitanorum
3553 3543 3797 3583 summa

2177 3621 2410 3692 negotia
2431 3620 2712 3675 discutere
2728 3620 2912 3673 liceat.
2934 3618 3149 3675 Scribit
3174 3619 3315 3673 item
3336 3617 3643 3689 Gregorius
3654 3616 3797 3672 uui-

2177 3712 2353 3768 versis
2405 3710 2688 3783 episcopis
2746 3709 2973 3765 concilii
3005 3709 3249 3764 Vizachii
3285 3726 3299 3764 :
3332 3708 3513 3776 Sicut,
3573 3708 3795 3780 inquit,

2179 3800 2441 3857 laudabile
2493 3800 2879 3871 discretumque
2933 3806 3028 3866 est,
3063 3801 3408 3854 reverentiam
3438 3803 3488 3853 et
3537 3797 3803 3853 honorem

2177 3889 2410 3944 debitum
2466 3888 2705 3943 exhibere
2752 3888 3044 3958 prioribus,
3081 3888 3159 3943 ita
3218 3886 3554 3942 rectitudinis
3603 3890 3653 3941 et
3684 3885 3807 3939 Dei

2182 3979 2386 4033 timoris
2410 3984 2503 4043 est,
2530 3978 2579 4030 si
2599 3994 2707 4049 qua
2739 3979 2795 4031 in
2815 3993 2898 4031 eos
2951 3978 3289 4033 correctionis
3343 3976 3601 4046 indigent,
3634 3974 3802 4029 nulla

2181 4066 2604 4123 dissimulatione
2653 4072 3012 4135 postponere;
3066 4080 3132 4120 ne
3197 4071 3387 4131 totum,
3433 4064 3572 4136 quod
3629 4062 3802 4129 absit,

2183 4173 2368 4226 corpus
2394 4156 2619 4225 incipiat
2668 4152 2881 4208 morbus
2902 4153 3170 4219 invadere,
3222 4153 3271 4206 si
3324 4152 3509 4221 tangor
3557 4160 3627 4194 1⁸³
3686 4167 3808 4206 nos:

2181 4245 2351 4314 fuerit
2374 4249 2591 4297 curatus
2616 4244 2671 4296 in
2715 4242 2910 4312 capite.
2943 4242 3084 4297 Ante
3108 4241 3340 4296 multum
3365 4240 3628 4312 siquidem
3657 4247 3807 4297 tem-

2178 4335 2324 4404 poris
2373 4330 2614 4404 quaedam
2660 4330 2732 4383 ad
2783 4347 2878 4385 nos
2919 4329 2984 4384 de
3018 4330 3192 4399 fratre
3247 4336 3424 4385 nostro
3473 4327 3809 4396 Clementia,

2177 4414 2415 4485 primate
2444 4417 2634 4472 vestro,
2648 4410 2862 4480 perlata
2910 4415 3056 4477 sunt,
3099 4427 3216 4480 qua:
3244 4426 3333 4464 cor
3383 4416 3630 4465 nostrum
3693 4427 3813 4463 non

2187 4492 2391 4547 modico
2421 4507 2619 4545 merore
2640 4490 3011 4559 transﬁgerent
3035 4507 3051 4553 ;
3079 4490 3167 4544 sed
3181 4490 3541 4560 prementibus
3566 4489 3822 4543 diversis

2190 4579 2645 4645 tribulationibus,
2658 4585 2707 4631 et
2730 4580 2960 4632 maxime
2977 4578 3510 4634 circums‘a'vientibus
3531 4578 3821 4642 hostibus,

2188 4687 2249 4725 ea
2278 4669 2425 4723 nobis
2451 4685 2556 4722 non
2582 4667 2694 4737 fuit
2714 4668 2945 4738 spatium
2975 4665 3300 4737 requirendi.
3327 4664 3403 4719 Et
3430 4668 3696 4739 quoniam
3729 4668 3822 4720 ita

2187 4762 2309 4813 sunt
2344 4758 2556 4828 gravia,
2583 4761 2640 4809 ut
2663 4756 2891 4808 transire
2902 4754 3192 4832 indiscussa
3210 4753 3352 4807 nullo
3372 4752 3524 4807 modo
3544 4753 3817 4809 debeant.

2186 4847 2582 4916 fraternitatem
2604 4850 2832 4898 vestram
2855 4844 2935 4898 his
2963 4844 3240 4897 hortamur
3269 4842 3540 4913 a/fatibus,
3572 4849 3635 4896 ut
3675 4860 3821 4896 cum

2190 4936 2337 4990 omni
2361 4932 2714 4988 sollicitudine
2793 4949 2857 4988 ac
2886 4934 3189 5001 vivacitate,
3239 4933 3475 4986 veritatis
3531 4930 3825 5003 indagare

2189 5024 2548 5081 substantiam
2568 5022 2745 5076 multis
2766 5022 2932 5077 modis
2966 5020 3253 5087 debeatur;
3283 5027 3334 5074 et
3355 5026 3411 5074 ut
3435 5019 3620 5073 audita
3644 5029 3828 5088 sunt,

2192 5113 2392 5168 ultione
2464 5112 2722 5167 canonica
2778 5116 3086 5178 resecentur,
3157 5115 3252 5163 aut
3292 5108 3457 5179 falsa,
3508 5115 3557 5162 et
3607 5109 3831 5178 fratris

2196 5203 2365 5258 nostri
2391 5202 2690 5257 innocentia
2720 5199 2820 5255 diu
2847 5199 2943 5255 sub
2970 5197 3219 5269 nefande
3246 5199 3507 5270 opinionis
3532 5196 3833 5255 dilacera-

1810 5427 2042 5483 VARLE
2094 5421 2386 5482 LECTION
2392 5423 2494 5480 ES.

571 5596 641 5634 "9
678 5590 872 5663 posset
905 5591 959 5645 2.
1002 5594 1070 5632 16°
1108 5588 1183 5643 ita
1224 5589 1272 5645 l.
1306 5590 1359 5645 2.
1390 5586 1645 5644 Tentinec
1684 5590 1746 5641 la
1775 5588 1864 5641 2a.
1933 5590 2001 5627 101
2043 5579 2156 5638 oris
2184 5582 2218 5636 2
2242 5581 2270 5636 ?
2329 5590 2396 5623 ιδ’
2435 5579 2573 5635 deest
2603 5577 2684 5636 2?
2746 5583 2816 5622 ιω
2844 5575 3093 5648 languor
3124 5579 3176 5631 2.
