3898 6168
208 393 284 452 M1

1011 387 1279 445 SPURIA
1312 382 1452 441 ΛΒΤ
1482 380 1771 441 ALIENA.
1800 383 2060 444 --ACT.
2102 383 2308 443 GONG.
2346 385 2594 445 BASOL.

3381 394 3487 453 818

211 514 318 570 tione
336 523 423 564 non
447 504 630 578 iaceat.
665 503 815 564 Unde
843 520 908 562 ne
933 507 1061 580 quis
1082 505 1304 562 desidia.-
1329 510 1478 574 tepor
1498 503 1759 573 inrequi-
1786 504 1847 568 Α
1868 504 2029 578 regis
2054 504 2311 563 amicitia
2347 524 2482 563 usus
2514 508 2686 567 fuisse
2719 511 3012 570 convictus
3038 514 3124 571 est
3152 514 3229 572 ad
3260 513 3484 572 Ghitde-

210 601 351 655 titione
377 598 456 664 sit,
483 611 831 652 ammonemus
862 603 932 638 ιιι
967 603 1030 649 ut
1064 613 1177 650 non
1208 594 1492 666 cujusdam
1514 608 1763 663 persona.-

211 693 261 743 sit
278 687 439 758 gratia,
466 700 568 740 non
593 685 765 754 favor,
796 701 901 738 non
943 683 1343 745 blandimenta,
1371 681 1459 735 vel
1485 680 1766 752 quodlibet

210 774 336 841 aliud,
356 789 648 846 quemquam
671 779 900 827 vestrum
932 772 1018 826 vel
1052 772 1126 826 ab
1160 772 1242 825 his
1269 786 1387 842 quae
1434 769 1586 823 nobis
1622 787 1766 824 nun-

209 868 309 921 tiata
330 868 435 918 sunt
473 860 686 929 molliat,
726 860 806 915 vel
852 878 885 915 a
930 862 1158 915 tramite
1196 860 1430 913 veritatis
1482 859 1763 927 excutiat;

209 952 274 1008 sed
313 948 673 1008 merdotaliter
717 949 786 1005 ad
841 949 1286 1020 investigandum
1339 964 1429 1001 vos
1478 949 1767 1005 veritatem

200 1039 552 1115 propterDeum
578 1040 849 1108 accingite.
873 1038 1031 1095 Nam
1060 1040 1113 1092 si
1142 1040 1261 1110 quis
1292 1038 1347 1090 in
1375 1036 1472 1089 hoc
1493 1042 1588 1089 aut
1603 1039 1768 1106 piger

205 1144 297 1194 esse,
317 1132 398 1182 aut
414 1126 753 1197 neglegentem
780 1143 833 1180 se
856 1127 1278 1198 praesumpserit
1308 1125 1571 1191 exhibere,
1606 1124 1767 1179 dictis

204 1216 457 1273 erinim'bus
499 1213 634 1287 apud
672 1217 1098 1287 omnipotentem
1137 1214 1433 1267 Dominum
1462 1230 1515 1267 se
1556 1215 1769 1268 noverit

202 1320 284 1360 esse
293 1306 603 1376 participem,
633 1304 784 1375 cujus
810 1303 921 1359 zelo
938 1303 1015 1359 ad
1024 1303 1451 1374 perscrutandas
1465 1310 1534 1345 m
1551 1302 1770 1357 subtili-

205 1399 265 1448 ter
282 1392 483 1462 nefandi
505 1407 686 1448 causas
716 1393 980 1454 facinoris
1001 1407 1120 1447 non
1142 1397 1397 1445 movetur.
1434 1391 1499 1444 Et
1515 1389 1607 1444 hic
1634 1407 1769 1462 pro-

202 1482 319 1537 fecto
358 1480 739 1552 intelligimus,
773 1481 1006 1536 nullam
1060 1494 1375 1550 personam
1419 1481 1767 1550 peccantem

200 1586 310 1637 esse,
332 1586 447 1641 qua:
467 1569 676 1640 judicio
727 1567 1083 1624 universalis
1131 1566 1397 1623 eecclesiaa
1427 1583 1546 1623 non
1577 1568 1771 1639 subje-

199 1663 312 1714 ceat.
331 1658 514 1714 Omnis
534 1658 687 1713 enim
703 1656 1106 1713 criminaliter
1121 1658 1566 1728 peccans,velut,
1584 1656 1666 1711 ita
1688 1655 1770 1711 di-

200 1762 317 1814 cam,
335 1747 609 1814 alteratus,
632 1749 688 1801 et
708 1745 873 1817 quasi
897 1744 1137 1816 legibus
1151 1744 1336 1815 capite
1354 1744 1547 1799 minor
1569 1760 1767 1799 cense-

198 1838 285 1889 tur.
302 1836 592 1890 Accusatur
611 1834 760 1907 apud
782 1836 1034 1890 beatum
1058 1841 1129 1875 m
1155 1832 1494 1905 Gregorium
1521 1833 1771 1888 Lucillus

198 1922 349 1978 lilitee
379 1930 522 1966 ωτι-⁸⁸
551 1922 660 1994 (41)
689 1922 937 1977 civitatis
971 1921 1299 1993 episcopus,
1330 1924 1388 1976 et
1417 1939 1485 1976 ex
1512 1920 1771 1993 epistolis

201 2010 544 2083 coepiscorum
574 2010 729 2066 illata
756 2010 1015 2065 crimina
1037 2025 1173 2063 vera
1198 2026 1315 2064 esse
1347 2010 1667 2082 cognoscit.
1696 2008 1771 2062 Et

200 2097 623 2171 ideo,inquit,quia
645 2099 789 2154 tanti
810 2098 1084 2168 facinoris
1108 2097 1236 2151 ultio
1266 2098 1414 2152 nulla
1444 2099 1596 2152 debet
1630 2098 1771 2151 dila-

199 2189 521 2261 “caedi/feni,
526 2189 835 2261 fraternitas
855 2195 1038 2244 vestra
1058 2194 1161 2242 tres
1178 2188 1260 2242 vel
1280 2194 1543 2261 quattuor
1563 2188 1628 2242 de
1648 2189 1768 2259 fra-

198 2278 329 2333 tribus
344 2294 402 2333 ac
436 2278 885 2333 consacerdotibus
910 2278 1021 2331 sibi
1037 2280 1226 2332 nostris
1253 2278 1527 2344 adhibeat,
1550 2283 1611 2330 ut
1644 2278 1771 2347 ipsis

196 2382 362 2439 quoque
376 2367 745 2438 praesentibus,
768 2366 1039 2437 przedicta
1070 2382 1131 2420 ac
1180 2368 1465 2436 satisfacto
1526 2366 1773 2436 veritate,

189 2454 463 2524 pradictum
492 2454 763 2511 Lucillum
790 2455 855 2510 de
895 2455 1224 2525 episcopatus
1252 2455 1435 2509 ordine
1456 2496 1471 2526 ,
1493 2471 1652 2526 quem
1672 2455 1773 2509 hu-

191 2543 259 2612 ius
278 2543 483 2613 sceleris,
509 2547 815 2615 contagium
842 2543 1161 2611 maculavit,
1193 2544 1399 2599 studeat
1451 2546 1573 2599 sine
1602 2543 1773 2597 ambi-

193 2634 360 2698 guitate
392 2633 661 2706 deponere.
708 2632 1093 2705 Progreditur
1122 2632 1286 2702 ultra,
1318 2640 1375 2689 et
1420 2633 1483 2688 in
1517 2631 1776 2688 conscios

195 2718 463 2775 criminum
479 2720 717 2791 dignam
736 2722 1008 2775 Romano
1030 2720 1297 2792 pontifice
1314 2719 1680 2776 sententiam
1693 2720 1779 2791 ja-

193 2809 410 2863 culatur:
433 2808 578 2875 Quia
598 2826 739 2873 vero,
770 2809 974 2881 inquit,
994 2809 1276 2879 presbiteri
1302 2811 1390 2867 vel
1408 2810 1633 2864 diaconi
1659 2811 1778 2879 qui-

194 2895 293 2949 dam
331 2897 564 2969 proditae
604 2899 908 2971 iniquitatis
947 2900 1113 2968 fuisse
1148 2902 1345 2954 conscii
1377 2917 1443 2953 ac
1479 2898 1780 2969 participes

194 2994 546 3054 memorantur,
566 2990 818 3041 sanctitas
831 2999 1005 3041 vestra
1021 2987 1204 3041 subtili
1226 2988 1586 3058 indagatione
1606 2985 1777 3039 discu-

195 3074 289 3139 tiat,-
315 3081 361 3128 et
390 3078 436 3129 si
479 3077 563 3129 ita
608 3078 909 3147 reppererit,
930 3075 1000 3129 ab
1023 3076 1229 3129 honoris
1256 3079 1342 3131 sui
1368 3083 1420 3131 et
1451 3078 1593 3147 ipsos
1638 3073 1779 3127 simi~

1802 1794 1852 1852 B

1868 594 2020 651 berti
2047 595 2201 667 regis
2230 596 2316 651 sui
2336 595 2763 669 infidelitatem,
2786 600 2845 657 in
2869 602 3009 658 urbe
3021 603 3283 660 Mettensi
3296 620 3331 660 a
3349 604 3483 659 Gal-

1871 682 2085 737 liarum
2129 683 2412 754 episcopis
2454 686 2768 759 depositus,
2802 691 2958 763 apud
2995 694 3476 763 Argentoratum,

1871 788 2000 843 qum
2011 788 2167 826 nunc
2183 770 2570 845 Strateburgis
2588 776 2813 847 dicitur,
2828 782 3108 852 perpetuo
3123 779 3292 837 exilio
3308 781 3474 836 dam-

1869 861 2082 932 pnatus
2100 863 2203 928 est;
2231 860 2322 915 cui
2340 878 2472 916 mox
2484 863 2808 930 Romulius,
2831 867 2967 939 Lupi
2987 867 3147 923 ducis
3163 868 3474 939 filius,jam

1870 949 2158 1021 presbiter
2174 946 2565 1021 substituitur;
2588 970 2697 1009 nec
2720 972 2966 1027 magnus
2993 955 3322 1028 Gregorius,
3356 956 3474 1028 pri-

1870 1036 2063 1107 vilegii
2100 1038 2377 1093 Romanae
2397 1040 2666 1097 ecclesias
2687 1044 3000 1099 acerrimus
3012 1043 3466 1115 defensor,quic-

1871 1142 2051 1197 quam
2083 1141 2187 1196 pro
2218 1127 2308 1181 his
2332 1131 2432 1183 aut
2469 1132 2673 1184 contra
2713 1131 2836 1187 hac
2879 1132 3082 1188 dixisse
3118 1131 3468 1205 repperitur.

1871 1215 1991 1269 Ebo
2015 1214 2216 1283 etiam,
2240 1216 2501 1286 ejusdem
2528 1217 2830 1275 Remensis
2842 1220 3113 1275 aecclesiaa
3138 1218 3475 1291 metrOpoli-

1872 1306 2064 1369 tanus,
2087 1303 2161 1357 ob
2179 1302 2400 1381 crimen
2423 1304 2598 1376 regia».
2613 1307 2930 1378 majestatis
2950 1308 3104 1377 apud
3122 1305 3478 1362 Theodonis-

1868 1391 2066 1446 villam
2091 1398 2159 1433 1⁷³
2188 1407 2223 1444 a
2251 1391 2562 1448 Galliarum
2594 1394 2875 1467 episcopis
2902 1396 3233 1467 deponitur,
3266 1394 3471 1466 longe-

1871 1494 1985 1550 que
2004 1480 2145 1551 ‘post
2173 1496 2208 1533 a
2236 1478 2472 1534 Nicolao
2504 1499 2653 1553 papa
2690 1482 2967 1555 requisita
2995 1485 3054 1537 et
3090 1480 3324 1553 cognita
3353 1480 3477 1551 ejus

1872 1566 2156 1639 depositio
2189 1570 2292 1634 est,
2316 1583 2382 1621 ac
2395 1567 2606 1624 deinde
2624 1570 2874 1641 aSergio
2898 1570 3292 1625 corroborata.
3328 1567 3478 1632 Quid

1872 1673 2013 1727 ergo
2030 1654 2114 1710 ‘lN
2120 1672 2217 1710 um
2237 1656 2465 1710 Damasi
2478 1657 2711 1713 decreta
2732 1656 3211 1729 dampnabimus?
3221 1654 3475 1711 Minime.

1872 1743 1986 1799 Sed
2004 1742 2065 1797 in
2083 1742 2265 1797 causis
2290 1743 2603 1799 latentibus
2628 1750 2685 1801 et
2704 1746 2762 1801 in
2789 1746 2995 1818 quibus
3024 1745 3098 1800 ob
3124 1742 3482 1816 magnitudi-

1873 1848 2010 1887 nem
2034 1831 2119 1886 sui
2126 1832 2282 1903 justa
2294 1835 2627 1903 provocatio
2646 1833 2733 1903 fit,
2754 1834 2829 1890 ad
2842 1833 3159 1889 universale
3172 1830 3484 1887 concilium

1873 1922 1962 1975 vel
1983 1920 2057 1975 ad
2084 1922 2395 1976 Damasum
2423 1938 2811 1990 recurremus,
2845 1922 2892 1977 si
2914 1926 3110 1977 tamen
3131 1937 3264 1975 eum
3285 1922 3489 1977 Romae

1873 2009 2225 2065 commorari
2257 2010 2638 2083 audierimus;
2670 2010 2934 2086 quamvis
2961 2011 3137 2065 etiam
3172 2009 3244 2065 ad
3272 2010 3485 2066 Dama-

1872 2114 2001 2153 sum
2040 2098 2369 2169 provocatio
2404 2099 2688 2155 Africanis
2732 2099 3065 2155 inhibeatur
3108 2097 3379 2166 conciliis,
3421 2102 3487 2153 ut

1874 2187 2135 2260 superius
2156 2186 2377 2241 dictum
2394 2190 2453 2242 et
2472 2188 2661 2243 adhuc
2680 2186 2997 2244 dicendum
3011 2188 3114 2241 est.
3129 2187 3203 2241 At
3221 2185 3280 2241 in
3297 2186 3484 2243 causis

1876 2275 2231 2332 evidentibus
2255 2278 2313 2329 et
2340 2275 2400 2330 in
2428 2275 2638 2347 quibus
2659 2278 2736 2332 ad
2784 2276 3111 2330 Romanum
3150 2275 3484 2349 episcopum

1876 2366 2035 2420 nulla
2059 2364 2389 2436 provocatio
2416 2364 2501 2432 fit,
2533 2363 2987 2436 provincialibus
3012 2365 3100 2421 vel
3119 2364 3485 2438 comprovin-

1877 2451 2111 2507 cialibus
2160 2454 2392 2506 utemur
2422 2452 2700 2508 conciliis.
2748 2452 2915 2517 Quod
2952 2452 3128 2509 etiam
3169 2454 3493 2512 Antiocena

1876 2539 2112 2596 sinodus
2139 2540 2284 2596 velle
2306 2540 2533 2595 videtur
2557 2541 2822 2613 capitulo
2857 2543 2948 2599 14°
2980 2560 2994 2599 :
3019 2542 3087 2602 Si
3111 2545 3249 2617 quis,
3280 2544 3490 2617 inquit,

1876 2632 2139 2702 episcopus
2169 2629 2233 2684 de
2261 2630 2526 2701 aliquibus
2557 2633 2746 2688 causis
2800 2633 3169 2690 criminalibus
3204 2637 3260 2690 in
3278 2635 3490 2707 judicio

1877 2719 2236 2788 episcoporum
2263 2717 2429 2785 fuerit
2460 2724 2529 2760 17‘
2554 2726 2868 2789 accusatus,
2908 2726 3183 2796 contingat
3221 2732 3400 2781 autem
3427 2726 3493 2782 de

1881 2808 2005 2877 ipsis
2027 2806 2281 2876 episcopis
2300 2808 2590 2876 provintiae
2613 2809 2719 2879 qui
2745 2820 3122 2883 convenerunt,
3143 2815 3375 2872 diversas
3400 2817 3497 2872 ha-

1886 2894 2001 2949 bere
2029 2896 2335 2961 sententias,
2378 2901 2428 2948 et
2464 2895 2595 2949 alios
2624 2897 2844 2968 quidem
2872 2901 3207 2961 innocentem
3230 2921 3351 2961 eum
3368 2922 3497 2977 pro-

1880 2983 2157 3050 nuntiare,
2189 2983 2320 3036 alios
2347 3000 2495 3037 reum
2520 3002 2534 3038 :
2557 2991 2784 3055 propter
2819 2988 3131 3058 hujusmodi
3166 2996 3344 3067 itaque
3366 3012 3493 3050 con-

1883 3073 2194 3126 troversiam
2224 3070 2625 3141 amputandam,
2663 3072 2880 3143 placuit
2922 3085 3121 3134 sanctae
3147 3082 3347 3151 synodo
3387 3100 3497 3138 me-

194 3133 295 3216 liter
305 3163 471 3233 gradu
490 3133 733 3234 deficiat,
754 3170 802 3218 et
822 3166 879 3218 in
896 3133 1253 3232 monasteriis,
1273 3165 1368 3219 ubi
1380 3133 1549 3235 didne
1569 3162 1783 3218 valeant
1810 3133 1861 3195 Ο
1886 3159 2271 3230 tropolitanum
2299 3133 2597 3231 episcopum
2612 3133 2848 3216 alterius
2870 3133 3363 3237 vicinae

193 3265 316 3319 agere
330 3253 723 3322 paenitentiam,
750 3252 1085 3322 deputentur.
1130 3253 1251 3309 Non
1279 3253 1473 3309 adhuc
1506 3250 1644 3306 satis
1674 3254 1778 3319 est,

193 3338 300 3410 quia
318 3340 419 3395 scit
447 3341 678 3395 dictum
717 3340 1010 3395 Iezechieli
1045 3348 1112 3383 ιω
1142 3343 1445 3413 propheta:
1480 3357 1494 3396 :
1535 3338 1654 3394 Fili
1687 3340 1780 3394 ho-

194 3429 338 3496 minis,
355 3430 594 3501 perfode
611 3432 871 3501 parietem
907 3428 1117 3500 (Ezech.
1155 3430 1278 3503 xu.)
1305 3463 1374 3471 —
1407 3453 1437 3480 «
1474 3428 1593 3483 Sed
1624 3428 1779 3501 quia,

191 3512 365 3588 inquit,
391 3536 493 3591 per
505 3520 623 3574 bos
639 3519 801 3573 multi
823 3519 994 3590 hujus
1014 3520 1139 3575 labe
1154 3521 1374 3592 peccati
1397 3517 1785 3592 perhibentur

192 3620 287 3659 esse
313 3607 598 3681 conlapsi,
630 3610 863 3664 cunctos
905 3608 1002 3679 qui
1032 3608 1116 3663 rei
1146 3617 1213 3652 17°
1258 3627 1381 3665 esse
1430 3606 1781 3677 claruerint,

191 3692 441 3751 Dominici
466 3696 734 3766 corporis
754 3713 818 3750 ac
832 3696 1125 3767 sanguinis
1138 3696 1584 3770 participatione
1598 3696 1783 3767 priva-

190 3797 239 3835 re
261 3800 347 3839 vos
361 3784 661 3841 convenit.
693 3807 720 3833 »
743 3786 884 3839 Ecce
908 3785 1002 3838 hic
1021 3786 1325 3857 Gregorius
1346 3802 1467 3841 non
1500 3784 1686 3838 nutrit
1706 3785 1786 3839 vi-

192 3867 271 3937 tia,
289 3871 380 3927 sed
408 3874 705 3945 amputat.
741 3872 890 3937 Quid
910 3874 997 3926 est
1020 3870 1175 3926 enim
1196 3872 1350 3927 aliud
1382 3872 1455 3927 de
1468 3870 1788 3926 manifestis

190 3960 403 4028 peccatis
436 3965 667 4027 tacere,
701 3978 880 4032 quam
925 3962 1139 4016 scelera
1172 3961 1436 4016 nutrire?
1485 3958 1600 4013 Sed
1628 3962 1783 4029 esto;

188 4047 447 4104 taceamus
470 4048 661 4104 dehis
677 4049 733 4103 in
756 4050 964 4121 quibus
984 4065 1155 4103 nemo
1175 4066 1233 4103 se
1252 4049 1363 4105 ledi
1385 4047 1783 4119 conqueritur;

192 4136 305 4205 quid
326 4138 503 4194 acturi
548 4137 785 4201 erimus,
817 4138 863 4192 si
910 4138 1118 4193 armati
1150 4138 1320 4193 duces
1350 4136 1601 4211 genialis
1656 4137 1785 4193 lecti

197 4228 446 4281 nocturna
462 4228 630 4281 furta
643 4225 1159 4297 deprehenderint?
1174 4225 1230 4281 Si
1247 4226 1378 4281 irati
1395 4242 1567 4297 reges
1589 4242 1790 4297 quem-

196 4309 312 4367 libet
336 4319 607 4371 nostrum
632 4314 948 4388 majestatis
978 4331 1142 4369 reum
1185 4314 1585 4370 convicerint?
1617 4313 1785 4380 Quid,

198 4399 429 4472 inquam,
458 4403 649 4459 acturi
676 4403 913 4469 erimus,
945 4403 992 4457 si
1023 4403 1277 4475 quodam
1317 4402 1570 4458 colludio
1600 4403 1788 4475 longis

1881 3249 2067 3303 vocari
2093 3255 2143 3302 et
2172 3248 2471 3319 aliquantos
2496 3265 2619 3302 cum
2649 3266 2707 3303 eo
2735 3251 2997 3322 episcopos
3026 3254 3160 3310 alios
3180 3284 3200 3323 ,-
3221 3259 3328 3329 qui
3341 3276 3496 3329 pari-

1886 3342 1963 3390 ter
1988 3336 2284 3407 residentes,
2315 3353 2659 3408 quazcumque
2702 3336 2933 3406 fuerint,
2964 3338 3226 3398 dirimunt
3251 3348 3495 3417 quaestio-

1884 3441 2023 3492 nem,
2041 3432 2261 3497 propter
2302 3425 2419 3492 hoc,
2454 3431 2512 3477 ut
2539 3427 2758 3494 firmum
2803 3429 2873 3480 sit
2905 3427 3203 3500 judicium,
3233 3434 3376 3504 quod
3423 3435 3491 3489 ab

1886 3515 2053 3569 unius
2071 3514 2630 3587 provinciaepiscopis
2647 3514 2816 3584 fuerit
2831 3517 3261 3588 promulgatum.
3276 3520 3490 3585 Quam-

1885 3602 1967 3657 vis
1986 3607 2044 3658 et
2061 3603 2171 3658 hoc
2190 3602 2499 3658 concilium
2523 3603 2679 3675 quod
2702 3603 2773 3659 de
2795 3603 3019 3675 privata
3038 3607 3363 3680 coepiscopi
3386 3629 3496 3668 no-

1888 3692 1989 3746 stri
2020 3708 2191 3747 causa
2219 3690 2430 3763 agitur,
2460 3691 2782 3747 universale
2813 3692 2995 3747 videri
3029 3694 3259 3765 debeat,
3294 3700 3493 3769 utpote

1888 3780 2141 3851 plurium
2155 3780 2581 3851 provinciarum
2588 3780 2807 3851 judicia
2822 3781 3147 3838 continens.
3171 3785 3240 3839 Et
3250 3802 3323 3840 ne
3342 3786 3493 3843 forte

1890 3870 1965 3924 ad
1991 3868 2264 3940 placitum
2286 3868 2444 3940 loqui
2463 3867 2766 3922 videamur
2778 3871 3156 3943 veterumque
3176 3874 3495 3931 sententias

1891 3958 2044 4012 male
2066 3957 2455 4027 interpretari,
2471 3956 2665 4011 audite
2685 3955 2824 4029 quid
2840 3957 2976 4012 hinc
2996 3960 3209 4016 sentiat
3223 3961 3492 4019 Hincma-

1889 4062 1987 4100 rus
2000 4045 2821 4117 Remorum'archiepiscopus,
2841 4048 2899 4099 et
2932 4045 2993 4101 in
3028 4048 3157 4119 lege
3178 4048 3279 4104 Dei
3301 4050 3495 4104 erudi-

1889 4133 2160 4188 tissimus.
2182 4132 2449 4187 Scribens
2466 4131 2623 4187 enim
2641 4131 2715 4187 ad
2733 4131 3031 4188 Nicolaum
3060 4151 3278 4208 papam
3306 4134 3387 4192 ita
3400 4137 3492 4193 in-

1890 4222 2015 4293 quit
2037 4240 2050 4277 :
2075 4222 2236 4276 Absit
2261 4238 2293 4275 a
2335 4221 2505 4287 nobis,
2532 4225 2592 4273 ut
2612 4219 2966 4291 privilegium
2979 4224 3177 4294 primaO
3201 4230 3250 4280 et
3272 4241 3494 4281 summae

1887 4311 2023 4365 sedis
2050 4316 2246 4365 sancta
2269 4308 2533 4364 Romanae
2581 4308 2827 4365 ecclesiae
2860 4310 3137 4384 pontiﬁcis
3176 4330 3281 4385 pro
3316 4315 3394 4370 sic
3422 4322 3493 4358 17⁸

1879 4398 2355 4471 parvipendamus,
2395 4404 2454 4452 ut
2482 4400 2864 4454 controversias
2893 4406 2943 4453 et
2963 4401 3159 4472 jurgia
3187 4408 3301 4457 tam
3349 4420 3496 4475 sique-

198 4490 532 4563 unbagibus,
562 4491 854 4564 proplexis
881 4491 1337 4548 cavillationibus
1355 4510 1414 4547 se
1438 4491 1631 4547 deludi
1659 4509 1786 4547 sen-
1812 4485 1866 4546 D
1891 4490 2047 4544 rioris
2076 4503 2239 4561 quam
2274 4488 2435 4541 etiam
2482 4487 2762 4557 inferioris
2810 4487 3031 4556 ordinis,
3071 4507 3191 4563 quae
3223 4490 3422 4547 Niceni
3445 4498 3497 4546 et

200 4578 385 4634 serint?
413 4581 567 4635 Num
596 4597 695 4635 eos
710 4579 909 4651 judicii
941 4580 1190 4635 formam
1216 4582 1415 4637 Roma:
1435 4580 1682 4652 pecunia
1698 4597 1787 4636 re-

199 4664 505 4740 dempturos
540 4667 777 4741 putatis,
810 4685 1094 4739 reumque
1120 4667 1225 4723 sibi
1254 4669 1614 4731 defuturum,
1646 4669 1788 4740 quin

200 4756 300 4811 auri
318 4760 374 4813 et
391 4756 629 4831 argenti
654 4760 882 4812 montes
904 4757 1179 4811 Romanis
1208 4766 1275 4800 1⁸η
1307 4758 1533 4825 offerat,
1559 4757 1605 4811 si
1621 4774 1681 4812 se
1701 4774 1788 4813 re-

200 4841 317 4900 dimi
335 4846 584 4918 pecunia
603 4846 835 4917 speret?
852 4848 925 4899 At
946 4846 989 4899 si
1015 4849 1244 4901 remota
1257 4848 1329 4901 ab
1355 4864 1457 4901 usu
1479 4849 1537 4901 et
1556 4862 1790 4902 consue-

200 4930 369 4987 tudine
394 4938 454 4989 et
478 4933 669 5006 spatio
701 4937 991 4987 terrarum
1022 4950 1142 4988 esse
1176 4932 1388 5005 putatis
1421 4950 1548 5004 quae
1580 4949 1789 5005 propo-

204 5017 383 5088 nimus,
425 5023 547 5077 sint
577 5020 737 5076 vobis
766 5023 1032 5093 exempla
1062 5038 1093 5076 e
1134 5022 1320 5077 vicino
1350 5021 1792 5094 petita.Egidius

202 5112 359 5177 certe,
387 5111 711 5166 Remorum
752 5109 1234 5184 archiepisCOpus,
1270 5127 1405 5183 quia
1434 5110 1703 5183 Hilperici
1723 5118 1795 5153 m

1889 4579 2065 4633 caeteri
2106 4593 2378 4631 sacrorum
2421 4576 2766 4631 conciliorum
2815 4593 3061 4646 canones,
3100 4584 3151 4634 et
3200 4578 3502 4635 Innocentii

1889 4673 2050 4739 atque
2080 4666 2309 4720 aliorum
2339 4670 2538 4720 sancta
2582 4663 2842 4720 Romana:
2890 4666 3025 4721 sedis
3062 4667 3381 4740 pontiﬁcum
3404 4669 3495 4724 de-

1890 4762 2034 4810 creta
2066 4757 2122 4809 in
2151 4754 2374 4823 synodis
2392 4753 2819 4826 provincialibus
2841 4773 2874 4809 a
2903 4756 3322 4827 metropolitanis
3341 4774 3490 4828 prae-

1890 4846 2093 4915 cipiunt
2126 4845 2423 4910 terminari,
2465 4842 2537 4897 ad
2579 4849 2808 4898 vestram
2836 4860 3100 4898 summam
3126 4846 3499 4901 auctoritatem
3540 4892 3561 4906 .

1890 4932 2237 5003 fatigandam
2260 4932 2537 4988 ducamus.
2569 4931 2653 4986 At
2678 4933 2729 4986 si
2757 4932 2901 5002 forte
2940 4932 3004 4987 de
3050 4934 3300 5005 episcopis
3336 4951 3502 4991 causa

1893 5029 2020 5076 nota
2069 5022 2259 5091 fuerit,
2292 5020 2433 5076 unde
2469 5027 2612 5075 certa
2650 5026 2699 5074 et
2747 5037 2986 5092 espressa
3019 5022 3077 5075 in
3118 5024 3281 5077 sacris
3310 5022 3501 5093 regulis

1892 5128 2000 5168 non
2025 5110 2313 5167 habeamus
2342 5108 2579 5184 judicia,
2621 5115 2672 5165 et
2698 5108 2763 5167 ob
2807 5108 2863 5165 id
2891 5110 2948 5165 in
2962 5109 3297 5183 provinciali
3320 5111 3404 5168 vel
3441 5113 3499 5167 in

1510 5235 1739 5290 VARl/E
1771 5235 2171 5292 LECTIONES.

260 5337 320 5372 ιιι
347 5332 507 5391 adm.
542 5337 596 5388 2.
646 5342 973 5407 NFpI‘iBSCI‘.
1008 5339 1061 5389 2.
1124 5342 1194 5377 ιοο
1222 5333 1379 5407 deest.
1412 5337 1463 5389 2.
1539 5341 1682 5377 ιοτ-σθ
1708 5334 1945 5407 mellitaa
1976 5338 2032 5391 2.

2122 5341 2191 5378 m
2216 5332 2485 5409 ezecbieli
2515 5336 2569 5392 2.
2655 5342 2727 5380 17°
2762 5334 2889 5409 regi
2910 5351 3047 5396 corr.
3076 5334 3161 5397 rei
3186 5337 3240 5397 2.
3312 5343 3379 5383 m
3399 5352 3497 5393 το..

206 5414 383 5458 manas
414 5408 465 5461 1.
540 5412 610 5447 1⁷³
639 5405 929 5478 chilperici
968 5407 1077 5462 alia
1102 5422 1270 5465 manu
1300 5406 1419 5462 aliis
1448 5409 1609 5463 erasis
1632 5410 1685 5465 2.
1743 5413 1813 5449 m
1840 5406 1951 5462 fuit
1978 5410 2028 5468 l.
2108 5414 2178 5451 1"
2215 5405 2425 5463 Persice
2456 5409 2545 5464 2a.

1743 5525 1948 5584 ΝΟΤΑ.

269 5620 375 5695 (it)
398 5623 597 5680 Mella.
