3954 6170
370 338 501 405 -319
1704 341 2074 401 SILVESTER
2118 343 2165 399 II
2202 338 2387 399 PAPA
3593 338 3697 400 320

417 467 857 541 comprovinciali
878 473 1101 543 nequeat
1124 465 1363 525 examine
1384 463 1643 541 difﬁniri,
1669 466 1739 522 ad
1760 466 2001 521 divinum
2018 466 2073 526 Α
2104 462 2618 536 tempora,quibus
2632 462 2951 536 patrocinio
2965 465 3139 520 tanta;
3151 459 3704 520 frustramuraeccle-

411 569 710 637 oraculum,
739 570 792 623 id
821 576 896 625 est
925 578 995 612 ιἰο
1025 571 1096 624 ad
1122 570 1461 641 apostolicam
1487 567 1678 634 sedem,
1697 567 1845 621 nobis
1882 567 2001 620 inde
2099 551 2228 607 Si“?!
2263 553 2350 607 Ad
2380 569 2556 624 quam
2591 553 2860 624 deinceps
2878 552 3107 607 urbium
3125 552 3544 641 εοηῖυὲίθφιιεν
3570 569 3707 607 Cum

405 664 481 712 est
513 658 909 713 “currendum.
948 660 1028 713 De
1077 639 1575 727 ρνδγυοαιίοηίδυε
1605 658 1797 710 autem
1842 654 1998 709 idem
2099 640 2363 695 omnium
2378 641 3304 712 gentiumdominamhumanisac
3321 639 3521 696 divinis
3539 641 3712 695 destio

404 747 743 802 Hincmams
773 764 933 819 (Eque
964 746 1262 803 nobiscum
1282 746 1474 813 sentit,
1494 745 1648 817 quod
1675 761 1708 798 ει
1730 744 2001 815 suspectis
2098 732 2284 783 tutam
2306 729 2571 785 subsidiis
2596 730 3005 819 videamus‘tUt
3025 732 3181 785 enim
3208 729 3711 819 planiusidicamus

396 834 687 907 judicibus
705 840 763 891 et
787 818 1028 891 minoris
1055 835 1430 903 auctoritatis,
1459 835 1531 889 ad
1550 834 1787 904 majoris
1812 836 2003 887 aucto-
2102 820 2410 890 Palam‘lue
2429 819 2740 883 fateamur,
2768 822 2895 907 Ροδί
2916 818 3140 907 imperii
3162 834 3425 907 οεοθιβυπι
3437 818 3559 872 h‘Pc
3574 818 3712 907 “rb?

401 904 585 979 ritatis
597 924 823 995 judices
842 924 1103 995 legitima
1116 924 1442 995 provocatio
1462 922 1552 990 sit;
1571 923 1643 977 ab
1660 921 1852 977 electis
1866 937 2001 975 vero

2119 907 2351 961 \lexand
2361 907 2546 960 rinam
2565 906 2883 960 ascclesiam
2901 905 3556 978 perdidit,Antiocenam
3570 904 3717 960 ami-

2103 994 2194 1057 sit,
2230 998 2287 1048 et
2317 997 2380 1048 ut
2410 994 2481 1049 de
2516 994 2706 1048 Africa
2737 997 3030 1049 taceamus
3063 997 3234 1065 atque
3260 993 3409 1059 Asia,
3442 994 3564 1066 ipsa
3578 994 3711 1064 jam

2104 1084 2330 1153 Europa
2357 1083 2614 1137 discedit.
2640 1084 2782 1137 Nam
2805 1082 3445 1154 Constantinopolitana
3473 1082 3716 1137 ecclesia

2104 1188 2162 1224 se
2176 1169 2749 1236 subduxit,interiora
2769 1170 3053 1241 Hispania:
3071 1171 3193 1240 ejus
3197 1170 3414 1240 judicia
3426 1170 3713 1225 nesciunt.

2105 1257 2190 1311 Fit
2210 1274 2348 1328 ergo
2382 1257 2669 1325 discessio,
2705 1259 3025 1312 secundum
3069 1259 3434 1331 Apostolum,
3477 1275 3597 1313 non
3628 1274 3719 1313 so-

2104 1346 2406 1400 lummodo
2430 1346 2714 1416 gentium,
2738 1347 2838 1401 sed
2859 1347 3034 1400 etiam
3050 1346 3513 1418 ecclesiarumUl
3528 1348 3713 1400 Thess.

2105 1452 2166 1501 ιι,
2188 1435 2264 1506 3).
2289 1433 2576 1498 Quoniam
2598 1434 3242 1505 cujustminislriGallias
3264 1438 3716 1506 occupaverunt,

2110 1540 2328 1593 nosque
2348 1522 2481 1576 totis
2500 1521 2712 1577 viribus
2735 1526 3048 1593 praemunt,
3078 1522 3461 1577 Antichristus
3496 1523 3720 1577 instare

2107 1610 2354 1676 videtur,
2399 1614 2456 1664 et
2498 1613 2560 1664 ut
2598 1609 2753 1665 idem
2786 1612 3093 1683 Apostolus
3114 1610 3195 1665 ait
3227 1611 3397 1665 :Jam
3422 1612 3722 1664 mislerium

2108 1700 2414 1769 iniquitatis
2433 1704 2701 1768 operatur,
2728 1705 2958 1765 tantum,
2984 1704 3043 1751 ut
3064 1701 3160 1770 qui
3189 1715 3333 1754 nunc
3359 1703 3517 1764 tenet,
3545 1703 3725 1754 teneat

2108 1779 2271 1831 donec
2302 1778 2366 1830 de
2394 1778 2564 1831 medio
2583 1778 2702 1845 ﬁat,
2734 1786 2795 1831 ut
2824 1778 2909 1832 ille
2942 1778 3260 1847 perditionis
3277 1778 3417 1846 ﬁlius
3439 1778 3721 1844 reveletur,

2110 1859 2263 1911 homo
2282 1859 2511 1928 peccati,
2555 1859 2658 1937 gui
2685 1858 3001 1937 adversatur
3041 1865 3091 1910 et
3130 1858 3399 1912 extollitur
3427 1876 3586 1937 supra
3616 1858 3726 1911 Dei

2110 1952 2297 1991 nomen
2328 1937 2540 2007 Deique
2557 1935 2837 1991 culturam
2892 1935 2976 2007 (II
3021 1937 3200 1990 Thess.
3248 1954 3308 2003 η,
3347 1943 3401 2004 7,
3435 1936 3512 2009 8).
3552 1935 3723 1999 Quod

2103 2027 2228 2097 jam
2257 2025 2313 2079 in
2340 2028 2541 2097 aperto
2565 2025 2648 2091 ﬁt,
2668 2029 2726 2079 et
2747 2027 3011 2080 Romana
3032 2026 3297 2096 potentia
3309 2029 3715 2098 conquassata,

2110 2114 2389 2185 religione
2406 2114 2956 2185 proﬂigata,nomen
2975 2114 3486 2186 Deilfrequentibus
3530 2116 3726 2185 perju-

2113 2203 2211 2257 riis
2262 2202 2499 2273 impune
2546 2201 2911 2269 humilietur;
2950 2201 3124 2274 ipsius
3170 2202 3375 2257 divinae
3422 2202 3727 2273 religionis

2113 2291 2319 2356 cultus,
2353 2290 2532 2344 etiam
2578 2307 2611 2343 a
2654 2290 2898 2344 summis
2929 2290 3322 2345 sacerdotibus
3347 2294 3729 2361 contempna-

2112 2377 2690 2450 tur180.lpsainsnper
2710 2379 3024 2448 Romajam
3042 2396 3190 2451 pene
3208 2380 3328 2434 sola
3343 2396 3376 2433 a
3390 2396 3449 2433 se
3470 2379 3594 2449 ipsa
3605 2379 3725 2434 dis-

2112 2467 2282 2534 cedit,
2314 2467 2453 2521 dum
2476 2484 2664 2539 neque
2691 2467 2818 2534 sibi,
2844 2485 3033 2539 neque
3048 2467 3171 2522 aliis
3190 2467 3453 2522 consulit.
3470 2468 3726 2523 Proinde
3752 2498 3759 2503 η

2112 2554 2156 2608 si
2187 2556 2375 2626 placet
2401 2554 2622 2609 caritati
2647 2558 2845 2610 vestra:
2867 2556 3002 2627 quia
3016 2555 3313 2627 Pelagium
3329 2556 3726 2626 patriarcham

2111 2659 2146 2696 a
2175 2642 2478 2698 duodecim
2510 2643 2792 2715 episcopis
2823 2644 3086 2698 auditum
3108 2661 3229 2699 esse
3249 2643 3478 2710 scimus,
3501 2648 3563 2698 ut
3583 2645 3724 2699 bea-

2111 2734 2202 2785 tus
2233 2732 2585 2803 Augustinus
2612 2732 2672 2785 in
2704 2732 2852 2787 libro
2873 2732 3125 2803 quodam
3157 2741 3223 2774 181
3247 2736 3451 2788 contra
3468 2738 3725 2787 eundem

2112 2820 2411 2895 Pelagium
2444 2819 2670 2888 scribit;
2712 2820 3103 2892 quoniamque
3147 2821 3412 2875 Romana
3457 2820 3722 2876 (ecclesia

2112 2926 2146 2962 a
2172 2907 2336 2962 nobis
2366 2908 2647 2976 consulta,
2672 2909 2889 2962 nullam
2899 2908 3102 2978 judicii
3121 2908 3375 2963 formam
3392 2910 3727 2981 promulga-

2112 2996 2211 3064 vit;
2231 3013 2295 3050 ex
2317 2995 2488 3050 sacris
2513 2995 2999 3067 legibuscapi‘tula
3022 2996 3415 3067 proferantur,
3442 3000 3499 3051 et
3521 3014 3553 3050 a
3580 3001 3730 3068 quot

2113 3083 2393 3156 episcopis
2424 3085 2724 3154 episcopus
2744 3084 2801 3137 in
2834 3084 3077 3139 crimine
3109 3085 3379 3140 detentus
3399 3085 3582 3140 audiri
3616 3085 3724 3140 de-

2112 3174 2267 3241 beat,
2291 3176 2349 3226 et
2380 3172 2476 3243 qui
2502 3189 2687 3226 causas
2718 3189 2834 3227 suae
2880 3172 3140 3228 dicendae
3173 3173 3370 3228 adesse
3402 3173 3723 3241 noluerint,

2115 3275 2289 3332 quam
2320 3259 2671 3315 sententiam
2718 3260 2984 3332 excipiat.
3024 3283 3051 3309 »
3107 3264 3328 3334 Itaque,
3374 3262 3618 3334 jubente
3647 3263 3729 3318 si-

2117 3348 2291 3415 nodo,
2323 3348 2413 3403 ha:
2440 3348 2746 3403 sententia:
2775 3349 3033 3403 recitatae
3066 3352 3203 3404 sunt
3234 3367 3246 3403 :

2189 3438 2256 3490 29
2293 3444 2382 3490 ιε’.
2430 3435 2520 3489 Ex
2552 3435 2798 3507 concilio
2843 3435 3159 3507 Cartaginis
3203 3438 3354 3491 titulo
3418 3441 3478 3493 lO
3522 3456 3534 3492 :
3576 3437 3735 3493 Felix

2118 3508 2419 3579 episc0pus
2450 3506 2592 3579 dixit
2626 3524 2638 3561 :
2669 3530 2695 3556 «
2722 3506 3366 3577 Suggero,secundum
3398 3512 3609 3563 statuta
3630 3527 3734 3564 ve-

2119 3577 2737 3652 terum—conciliorum,
2763 3580 2892 3652 utsi
2916 3580 3043 3650 quis
3074 3580 3397 3652 episcopus,
3421 3580 3579 3652 quod
3609 3597 3737 3635 non

2123 3653 2411 3730 optamus,
2446 3648 2505 3701 in
2528 3652 2753 3730 reatum
2786 3648 3041 3720 aliquem
3086 3648 3415 3730 incurrerit,
3438 3648 3512 3705 ἐι
3556 3652 3741 3705 fuerit

2124 3719 2175 3774 ei
2204 3719 2388 3793 nimia
2419 3720 2729 3793 necessitas
2755 3719 3070 3791 non’posse
3098 3722 3378 3792 plurimos
3417 3738 3744 3793 congrega-

2124 3807 2209 3857 re,
2245 3807 2318 3844 ne
2441 3790 2683 3845 crimine
2705 3789 3028 3864 remaneat,
3054 3789 3406 3847 aduodecim
3428 3789 3738 3864 episcopis,

2126 3866 2184 3916 et
2210 3861 2493 3935 presbiter
2521 3878 2554 3915 a
2584 3878 2677 3915 sex
2710 3863 2990 3935 episcopis
3020 3880 3148 3917 cum
3188 3864 3423 3934 proprio
3453 3861 3554 3918 suo
3581 3861 3738 3935 epis-

2123 3949 2271 4002 copo
2304 3932 2591 3996 audiatur,
2626 3936 2685 3985 et
2715 3932 2988 3988 diaconus
3019 3952 3051 3987 a
3078 3932 3347 3989 trib'usf»

2194 4002 2881 4076 Exconciliogartaginis,
2901 4006 3133 4074 capitulo
3156 4011 3185 4059 7
3204 4022 3215 4059 :
3232 4005 3495 4060 Aurelius
3507 4005 3737 4076 episco-

2124 4090 2231 4144 pus
2278 4073 2458 4127 dixit:
2492 4096 2519 4122 ‹‹
2554 4074 2818 4145 Quisquis
2867 4073 3267 4145 episcoporum
3311 4073 3631 4143 accusatur,
3656 4078 3739 4132 ad

2126 4145 2440 4215 primatum
2475 4152 2544 4186 18³
2584 4146 2890 4216 provinciae
2922 4147 3094 4217 ipsius
3119 4163 3349 4201 causam
3383 4148 3605 4201 deferat
3633 4165 3737 4202 ac-

2126 4219 2379 4288 cusator;
2422 4231 2528 4288 nec
2571 4232 2605 4268 a
2645 4218 3060 4288 communione
3091 4218 3477 4288 suspendatur
3504 4217 3594 4272 cui
3624 4219 3740 4274 cri-

2126 4303 2263 4340 men
2304 4286 2643 4351 intenditur,
2692 4287 2799 4340 nisi
2831 4288 2901 4341 ad
2940 4286 3369 4353 causaJn'suam
3419 4288 3736 4345 dicendam

2127 4358 2444 4411 electorum
2465 4356 2729 4427 judicum
2758 4366 2848 4423 18‘,
2875 4359 2967 4413 die
2986 4362 3219 4420 statuta,
3242 4360 3444 4413 litteris
3462 4364 3738 4415 evocatus

2128 4427 2377 4510 minime
2398 4427 2746 4495 occurrerit;
2780 4429 2898 4510 hoc.
2920 4433 3005 4484 est
3032 4430 3184 4484 infra
3214 4432 3470 4510 spacium
3511 4433 3738 4510 mensis

2128 4515 2192 4573 ex
2225 4515 2294 4573 ea
2324 4498 2439 4573 die__
2466 4515 2581 4573 qua
2629 4515 2761 4553 eum
2816 4500 3039 4554 litteras
3065 4498 3349 4573 accepisse
3380 4503 3732 4557 constiterit.

2129 4568 2290 4653 Quod
2313 4568 2355 4621 si
2370 4568 2576 4640 aliquis
2596 4586 2758 4623 veras
2786 4572 3137 4653 necessitatis
3154 4568 3350 4626 causas
3371 4573 3733 4653 probaverit,

2127 4639 2331 4711 quibus
2356 4639 2809 4714 eumoccurrere
2828 4659 2944 4695 non
2968 4645 3216 4714 potuisse
3239 4639 3609 4697 manifestum
3630 4639 3733 4711 sit,

2127 4727 2309 4786 causae
2323 4728 2437 4786 sua:
2457 4711 2883 4786 dicendaainter
2898 4715 2947 4767 al
2957 4711 3418 4786 terummensem
3436 4715 3736 4786 integram

2127 4782 2339 4856 habeat
2367 4782 2700 4836 facultatem
2727 4800 2741 4849 ;
2770 4800 2968 4856 verum
2993 4785 3191 4839 tandiu
3209 4789 3337 4856 post
3362 4782 3623 4839 mensem
3636 4802 3735 4840 se-

2127 4853 2383 4927 cundum
2415 4854 2967 4927 non__c_ommunicet,
2993 4855 3175 4909 donec
3208 4853 3503 4927 purgetur.
3537 4857 3593 4910 Si
3623 4874 3734 4911 au-

2128 4926 2245 4977 tem
2279 4923 2353 4976 ad
2382 4923 2691 4977 concilium
2716 4925 3035 4980 universale
3050 4923 3501 4981 anniversarium
3527 4943 3735 4982 occur-

2127 5010 2255 5069 rere
2279 4994 2549 5069 noluerit,
2574 4997 2635 5069 ut
2656 4996 2745 5069 vel
2770 4996 2848 5050 ibi
2875 5013 3045 5051 causa
3071 4998 3118 5067 ej
3131 4998 3585 5069 usrterminetur,
3603 4998 3735 5069 ipse

2126 5064 2187 5119 in
2217 5081 2276 5119 se
2309 5065 2746 5135 dampnattonis
2775 5064 3123 5122 sententiam
3157 5068 3363 5123 dixisse
3390 5064 3685 5139 judicetur
3711 5088 3732 5135 ;

2128 5139 2389 5207 tempore
2416 5153 2553 5190 sane
2580 5152 2825 5207 quonon
2852 5139 3266 5202 communicat,
3296 5157 3404 5195 nec
3426 5141 3483 5195 in
3514 5157 3617 5194 sua
3636 5157 3734 5195 ec~

2125 5206 2407 5282 clesiavel
2446 5206 2719 5282 parochia
2753 5212 3161 5282 communicet.
3188 5210 3310 5266 nDe
3333 5218 3628 5282 contemptu
3653 5220 3729 5254 ιιι

2115 5278 2319 5349 judicii
2339 5296 2403 5333 ex
2421 5277 2643 5351 epistola
2667 5296 2822 5351 papa,
2845 5279 3144 5351 Bone/acii
3169 5298 3182 5336 :
3207 5282 3420 5338 Probat
3447 5277 3582 5338 vera
3602 5300 3731 5339 esse

403 1015 461 1067 et
477 1012 575 1068 ubi
595 1030 907 1069 reuscausa
924 1012 1155 1079 decidit,
1173 1013 1395 1067 nullam
1414 1010 1652 1066 omnino
1670 1010 1797 1064 ﬁeri
1813 1027 1998 1081 posse,

404 1100 475 1155 de
509 1117 621 1173 quo
652 1104 710 1156 et
736 1102 795 1155 in
826 1101 1096 1155 Africano
1143 1109 1211 1143 1⁷⁷
1259 1098 1499 1154 concilio
1529 1099 1609 1153 ita
1641 1098 1889 1169 legitur:
1922 1099 2001 1152 UT

404 1213 473 1251 AB
502 1213 716 1251 ELECTlS
736 1214 1009 1252 JUDICIBUS
1026 1213 1334 1252 PROVOCARE
1356 1212 1464 1250 NON
1489 1212 1690 1248 LICEAT.
1826 1198 2005 1248 autem

402 1285 575 1354 fuerit
587 1292 961 1355 provocatum,
994 1285 1173 1353 eligat,
1207 1286 1302 1357 qui
1318 1281 2005 1354 provocaverit,judices,et

403 1388 526 1425 cum
554 1389 611 1427 eo
641 1373 728 1426 ille
755 1379 940 1426 contra
970 1390 1121 1445 quem
1136 1374 1526 1443 provocaverit,
1552 1378 1601 1424 et
1627 1372 1829 1442 abipsis
1857 1370 2005 1424 dein-

404 1477 518 1531 ceps
546 1461 684 1514 nulli
710 1461 865 1515 liceat
882 1478 1191 1532 provocare.
1229 1463 1375 1515 Item
1401 1460 1457 1513 in
1488 1459 1707 1514 eisdem
1748 1458 2006 1513 conciliis

407 1547 478 1602 de
496 1548 699 1603 eadem
716 1566 800 1616 re,
823 1554 1052 1621 cap.22:
1073 1549 1232 1615 Quod
1244 1551 1292 1603 si
1328 1549 1508 1604 clerici
1530 1549 1599 1602 ab
1620 1550 1866 1618 episcopis
1876 1564 2005 1617 pro-

406 1637 701 1692 vocandam
717 1640 1049 1708 putaverint,
1080 1655 1185 1692 non
1205 1643 1493 1708 provocent
1513 1638 1618 1690 nisi
1643 1637 1714 1689 ad
1737 1636 2007 1705 Africana

408 1726 653 1794 concilia,
680 1727 767 1783 vel
790 1726 860 1780 ad
879 1728 1142 1797 primates
1161 1744 1382 1781 suarum
1404 1727 1831 1796 provinciarum,
1876 1727 2010 1779 sicut

408 1821 458 1868 et
481 1815 545 1869 de
564 1788 814 1885 episcopis
835 1788 966 1885 sirpe
996 1817 1341 1868 constitutum
1389 1788 1482 1870 est.
1521 1815 1616 1868 Ad
1646 1788 2008 1868 transmarina
2030 1788 2080 1846 B

409 1909 585 1957 autem
614 1905 711 1974 qui
738 1904 1051 1974 putaverint
1098 1903 1492 1974 appellandum,
1526 1922 1557 1956 a
1590 1902 1737 1958 nullo
1774 1904 1829 1954 in
1868 1908 2009 1955 terra

408 1990 607 2060 Africa
631 1999 702 2033 1⁷8
723 1992 780 2044 in
808 1992 1175 2045 communione
1196 1993 1574 2062 suscipiantur.
1608 1990 1891 2044 Nimirum
1908 2005 2012 2060 per

408 2078 802 2133 transmarina
817 2080 1140 2135 Romanam
1161 2079 1461 2134 ecclesiam
1478 2081 1734 2134 volentes
1751 2077 2009 2148 intellegi

409 2183 641 2222 causam
668 2167 765 2222 ubi
794 2170 921 2222 orta
950 2170 1037 2222 est
1074 2168 1283 2223 debere
1328 2168 1725 2234 determinari,
1758 2165 2009 2221 Africani

410 2254 661 2327 episcopi
692 2256 1201 2310 conﬁrmaverunt.
1232 2256 1435 2310 Videat
1450 2259 1643 2310 autem
1676 2255 1772 2327 qui
1799 2255 2006 2324 potest,

410 2343 565 2416 quod
596 2360 712 2399 non
735 2344 857 2399 sine
885 2345 1138 2417 quodam
1166 2346 1431 2416 scrupulo
1449 2345 1620 2416 paulo
1642 2346 1777 2398 ante
1798 2344 2010 2398 lectum

409 2434 495 2487 est
521 2448 535 2487 :
572 2432 645 2487 Ut
663 2436 844 2500 nostis,
868 2433 1058 2506 inquit
1085 2436 1384 2497 Damasus,
1406 2433 1651 2487 sinodum
1678 2434 1789 2486 sine
1808 2433 1922 2503 ejus
1941 2465 2014 2474 —

408 2521 468 2577 id
501 2525 588 2577 est
611 2530 680 2566 17°
710 2540 969 2579 romanae
1009 2522 1160 2578 sedis
1188 2556 1256 2564 —
1288 2525 1604 2580 auctoritate
1629 2524 1750 2591 ﬁeri
1790 2539 1897 2576 non
1939 2530 2012 2576 est

408 2613 749 2671 Catholicum.
790 2612 938 2679 Quid
980 2630 1141 2685 ergo,
1184 2614 1230 2667 si
1262 2613 1643 2667 barbarorum
1676 2610 1881 2679 gladiis
1910 2612 2013 2666 cir-

409 2700 1167 2769 cumseevieutibusdicentia
1184 2700 1552 2755 commeandi
1576 2701 1819 2755 Romam
1839 2700 2013 2754 inter—

411 2789 712 2845 cludatur?
733 2791 820 2844 vel
863 2789 908 2844 si
954 2791 1140 2844 Roma
1188 2790 1434 2844 barbaro
1472 2788 1707 2843 cuilibet
1737 2788 2008 2856 serviens,

411 2880 575 2933 motu
602 2877 857 2933 libidinis
885 2878 1007 2948 ejus
1035 2878 1095 2932 in
1125 2877 1362 2950 aliquod
1394 2894 1647 2949 regnum
1681 2877 1956 2932 efferatur
1983 2876 2012 2931 ?

408 2983 551 3022 num
581 2966 817 3021 interim
845 2970 944 3021 aut
994 2967 1151 3021 nulla
1194 2966 1437 3021 concilia
1482 2968 1671 3033 erunt,
1715 2970 1814 3021 aut
1858 2964 2014 3020 orbis

408 3057 694 3110 terrarum
712 3054 965 3126 episcopi
977 3056 1049 3109 ad
1079 3071 1313 3110 suorum
1329 3072 1531 3126 regum
1548 3055 1804 3126 dampna
1822 3054 1906 3108 vel
1924 3053 2015 3107 in-

407 3144 612 3199 teritus
623 3143 695 3198 ab
710 3133 969 3199 hostibus
986 3142 1481 3214 disponendarum
1496 3160 1690 3197 rerum
1708 3141 1945 3197 consilia
1958 3145 2015 3198 et

408 3231 651 3288 concilia
677 3231 1122 3305 exspectabant?
1140 3232 1207 3285 Et
1225 3233 1379 3286 certe
1394 3231 1638 3286 Nicenus
1659 3248 1868 3297 canon,
1894 3231 2012 3303 qui,

408 3319 535 3392 ipsa
553 3321 817 3375 Romana
840 3319 1077 3374 ecclesia
1102 3321 1268 3385 teste,
1298 3318 1498 3373 omnia
1518 3318 1780 3385 concilia,
1818 3319 2016 3373 omnia

411 3407 642 3463 decreta
671 3407 991 3462 eminentia
1004 3406 1087 3461 sui
1111 3409 1406 3477 exuperat,
1429 3406 1584 3461 bisin
1606 3423 1758 3460 anno
1777 3406 2018 3462 concilia

412 3495 625 3550 debere
651 3494 775 3549 fieri
798 3495 952 3562 dicit,
978 3494 1237 3565 nihilque
1259 3493 1396 3549 inde
1413 3489 1749 3549 adRomani
1767 3494 2017 3566 episcopi

410 3582 816 3637 auctoritatem
842 3586 1100 3654 spectare
1124 3583 1460 3655 praescribit.
1488 3583 1601 3637 Sed
1631 3583 1868 3655 insuper
1897 3584 2019 3654 ejus

409 3670 732 3743 privilegio,
778 3670 924 3727 sicut
966 3671 1238 3726 Africana
1280 3671 1532 3743 synodus
1584 3672 2018 3745 interpretatur,

410 3760 659 3814 multum
686 3763 950 3833 derogat.
994 3760 1063 3815 Et
1097 3760 1167 3814 de
1210 3759 1447 3831 privatis
1475 3760 1714 3832 quidem
1746 3760 1927 3815 causis
1961 3760 2019 3815 in

410 3847 746 3919 provinciali
762 3849 1006 3920 synodo,
1027 3849 1097 3902 de
1122 3848 1531 3904 communibus
1556 3852 1751 3904 autem
1767 3850 1827 3904 in
1849 3867 2024 3921 gene-

411 3936 517 3992 rali
547 3937 815 4003 concilio,
839 3937 1047 3991 eadem
1077 3936 1347 3991 Africana
1368 3938 1621 4008 synodus
1640 3938 2022 4008 judicandum

408 4025 728 4096 prmscribit
750 4025 999 4098 capitulo
1022 4040 1179 4079 nono
1195 4024 1421 4079 concilii
1445 4025 1778 4080 Milevitani.
1808 4027 1877 4079 At
1894 4043 2020 4094 nos,

412 4113 935 4169 controversiarum
975 4113 1075 4168 lite
1123 4113 1382 4186 depulsa,
1432 4114 1756 4168 Romanam
1790 4115 2022 4185 quidem

410 4207 731 4262 aacclesiam
764 4208 836 4262 ob
869 4207 1217 4262 memoriam
1238 4209 1633 4278 apostolorum
1650 4209 2027 4281 principis,ita

410 4298 525 4350 uta
544 4296 861 4367 majoribus
880 4296 1095 4351 nostris
1108 4297 1457 4367 accepimus,
1485 4297 1675 4368 quoad
1700 4314 2023 4367 possumus,

411 4383 659 4480 amplius
690 4401 861 4456 quam
909 4384 1030 4438 Afri
1077 4385 1364 4453 colamus;
1399 4387 1456 4439 et
1482 4402 1579 4439 seu
1612 4401 1672 4439 se
1718 4384 1896 4456 digna
1927 4403 2024 4440 seu
2050 4419 2104 4480 D

409 4471 651 4543 indigna
671 4474 967 4543 prolatura
985 4472 1076 4540 sit,
1097 4472 1141 4526 si
1164 4475 1343 4526 status
1362 4489 1679 4544 regnorum
1701 4472 2024 4544 patitur,ab

410 4576 481 4615 ea
504 4576 782 4631 responsa
802 4563 1102 4631 petamus;
1123 4560 1267 4615 sicut
1296 4560 1471 4615 etiam
1489 4578 1594 4632 pro
1616 4579 1786 4617 causa
1804 4564 2026 4617 Arnulﬁ

408 4650 629 4706 factum
656 4666 778 4705 esse
810 4652 1058 4705 constat.
1095 4649 1152 4705 Si
1200 4650 1257 4705 in
1290 4651 1628 4722 expetendis
1666 4654 1754 4707 vel
1781 4652 2027 4708 vitandis

401 4739 625 4810 justam
648 4738 1023 4809 velinjustam
1036 4738 1237 4810 judicii
1264 4741 1717 4812 promulgaverit
1746 4742 2022 4812 formam,

414 4827 475 4882 in
507 4829 693 4883 altero
723 4844 834 4899 pax
864 4827 1238 4882 ecclesiarum
1270 4831 1329 4883 et
1356 4828 1544 4883 unitas
1571 4831 2011 4886 conservabitur

412 4915 473 4969 in
506 4917 688 4970 altero
712 4932 911 4970 vocem
947 4916 1206 4987 Apostoli
1237 4917 1539 4972 audiemus
1570 4918 1812 4974 dicentis
1846 4938 1859 4975 :
1889 4920 2023 4987 Qui-

408 5018 640 5076 cumque
680 5004 828 5058 vobis
858 5008 1260 5060 annuntiaverit
1303 5013 1500 5077 praeter
1542 5006 1684 5079 quod
1728 5011 2022 5080 accepistis,

410 5095 697 5149 anathema
731 5095 821 5160 sit,
856 5093 973 5148 licet
1002 5093 1253 5164 angelum
1298 5094 1362 5148 de
1388 5094 1509 5148 ercto
1558 5112 1664 5151 esse
1706 5113 1759 5151 se
1805 5099 1979 5167 ﬁngat
2006 5100 2027 5151 !

411 5182 561 5255 (Gal.
595 5198 634 5249 ι,
665 5184 719 5250 8,
754 5184 828 5248 9).
850 5183 1031 5237 Porro
1049 5182 1095 5236 si
1118 5182 1333 5237 tacebit
1356 5186 1417 5237 ut
1439 5201 1616 5253 nunc,
1637 5188 1915 5241 consultae
1941 5189 2022 5241 le-

411 5285 511 5343 ges
562 5285 699 5325 voce
749 5268 1121 5326 conditorum
1171 5271 1501 5344 loquentur.
1548 5271 1662 5328 Sed
1691 5290 1725 5329 o
1767 5274 2021 5331 infelicia

1729 5396 1958 5450 VARIAE
1992 5396 2285 5453 LEC'I‘ION
2293 5398 2393 5454 ES.

482 5505 551 5541 ιτα
582 5497 735 5553 idem
770 5502 816 5553 l.
880 5506 948 5541 177
980 5498 1248 5555 africanis
1267 5499 1524 5555 conciliis
1552 5505 1603 5557 2.

1677 5509 1745 5543 178
1770 5500 1923 5558 intra
1947 5503 2187 5559 africam
2209 5508 2261 5559 2.
2323 5514 2391 5549 ίτο
2418 5504 2571 5562 idem
2605 5512 2653 5562 l.

2735 5516 2803 5550 180
2834 5509 3281 5581 condemptatur
3310 5514 3359 5566 t.
3394 5519 3458 5554 ίει
3498 5513 3635 5567 deest
3666 5518 3723 5572 2.

411 5579 479 5613 10³
502 5568 679 5625 Codex
700 5574 752 5638 '2,
784 5577 944 5641 caput
975 5574 1064 5627 29.
1094 5571 1352 5627 vocabulo
1385 5572 1533 5626 Felix
1564 5574 1766 5643 incipit.
1815 5582 1899 5647 μη
1940 5575 2255 5647 primatem
2290 5582 2340 5632 ‘2.
2404 5587 2470 5620 18$
2494 5579 2776 5651 judicium
2815 5584 2827 5633 l
2854 5582 2881 5635 ‘3
2958 5590 3025 5622 18⁵
3049 5568 3324 5637 contentu
3358 5587 3403 5639 l.
