3898 6168
180 375 259 428 333
996 360 1269 419 SPURIA
1303 363 1347 417 A
1361 363 1449 417 UT
1500 362 1798 417 ALIENA.

1835 393 1905 402 —
1941 364 2095 421 ACT.
2131 368 2331 428 CONC.
2361 372 2603 435 BASOL.
3311 349 3319 353 ἱ
3389 397 3494 454 334-

181 490 235 544 δε
253 488 425 560 quibus
444 484 734 555 impetitus
759 486 816 538 et
836 484 1026 539 adhuc
1058 482 1432 572 inpetendus
1456 485 1658 572 erat,
1673 499 1787 572 pu-
1812 488 1868 545 Α
1891 481 2036 540 sima
2052 463 2374 562 jacula,pro
2396 495 2518 565 ejus
2538 500 2860 559 munimine
2877 505 3491 572 excitassemus.Tanta

180 577 292 632 blice
314 573 576 629 convictus
593 573 766 629 foret.
800 573 1083 627 Libellum
1105 588 1251 642 ergo
1267 570 1319 640 ej
1332 587 1398 625 us
1434 568 1787 641 depositio-

176 664 244 719 nis
260 662 583 729 dictandum,
603 665 664 715 et
692 678 886 716 coram
906 678 973 717 eo
986 661 1162 732 ipsius
1167 661 1336 731 jussu
1367 657 1786 713 scribendum

178 752 452 817 censebant,
466 750 775 821 etpropria
786 767 965 804 manu
981 746 1512 804 corroborandum
1525 745 1623 811 ,et
1640 743 1783 800 vivae

174 838 293 895 vocis
315 838 662 894 confessione
705 839 1115 907 attestandum,
1148 841 1209 891 ut
1238 836 1362 905 ejus
1413 832 1774 903 abdicatio,

173 945 253 984 nec
272 927 529 999 exquisita
543 943 654 980 nec
676 926 859 981 invita
877 929 966 980 vel
987 929 1207 982 extorta
1235 926 1360 979 fore
1390 919 1736 977 videretur
1758 941 1772 990 ;

173 1019 236 1072 tot
258 1015 391 1071 enim
410 1014 724 1069 sceleribus
752 1014 1077 1070 involutum
1110 1014 1278 1069 sacris
1306 1006 1634 1065 altaribus
1669 1012 1769 1066 ad-

168 1108 285 1160 stare
311 1121 417 1159 non
444 1121 638 1176 posse.
669 1103 842 1167 Quod
862 1103 907 1157 si
930 1120 1168 1175 corpore
1195 1105 1499 1172 languens
1539 1099 1770 1171 episco-

163 1210 261 1265 pus,
275 1192 644 1247 abdicationis
658 1194 937 1263 porrecto
949 1191 1166 1258 libello,
1185 1187 1524 1246 secundum
1541 1188 1764 1262 Grego-

160 1280 275 1335 rium
290 1296 669 1335 successorem
696 1279 962 1351 accipere
979 1283 1188 1352 potest,
1221 1278 1403 1333 multo
1431 1278 1640 1351 magis
1660 1281 1758 1353 qui

164 1369 207 1423 in
222 1369 389 1423 anima
414 1370 533 1425 Deo
572 1372 845 1423 mortuus
875 1373 984 1437 est,
999 1366 1379 1423 abdicationis
1394 1373 1678 1438 porrecto
1693 1370 1759 1424 li-

160 1457 295 1521 bello,
322 1474 710 1512 successorem
731 1456 998 1527 accipere
1026 1474 1213 1527 posse.
1249 1455 1564 1510 Addebant
1606 1474 1724 1527 prae
1743 1490 1754 1498 -

161 1548 302 1613 terea,
331 1546 458 1617 quia
474 1546 520 1599 si
556 1547 686 1599 haec
719 1544 803 1599 ita
832 1545 1033 1599 festive
1046 1548 1105 1599 et
1126 1544 1537 1616 sollempniter
1560 1546 1752 1601 deter-

158 1635 339 1690 minata
363 1635 582 1701 forent,
616 1632 868 1689 omnino
892 1633 1179 1705 judicium
1202 1633 1316 1687 huc
1341 1633 1610 1690 innovari
1634 1653 1752 1691 non

159 1727 329 1796 posset,
358 1723 528 1795 idque
567 1722 800 1777 ﬁrmari
828 1738 896 1777 ex
921 1721 1184 1792 {concilio
1216 1722 1563 1791 Antioceno,
1597 1725 1751 1796 capi-

165 1814 257 1868 tulo
286 1815 340 1868 l5
371 1830 385 1867 :

206 1904 278 1957 48.
310 1902 362 1955 Si
384 1901 514 1973 quis
546 1899 862 1973 episcopus
892 1898 1284 1973 criminaliter
1324 1904 1646 1973 accusatus,
1681 1905 1753 1960 ab

159 1972 381 2027 omnibus
399 1971 497 2044 qui
532 1971 677 2025 sunt
699 1971 860 2025 intra
883 1971 1242 2045 provinciam
1268 1973 1556 2045 episcopis
1582 1971 1747 2029 erce-

156 2046 268 2113 perit
299 2043 464 2098 unam
496 2058 952 2112 consonamque
966 2043 1343 2111 sententiam,
1369 2045 1441 2098 ab
1454 2043 1578 2099 aliis
1599 2048 1745 2101 ulte-

156 2115 244 2168 rius
260 2116 493 2185 judicari
530 2131 656 2168 non
690 2112 1067 2185 poterit.fSed
1100 2130 1347 2168 manere
1400 2117 1553 2170 circa
1610 2135 1745 2172 eum

153 2184 353 2255 oportet,
374 2184 1180 2256 tamquamconvenientem,
1201 2203 1332 2256 qua:
1358 2187 1432 2240 ab
1466 2189 1743 2244 omnibus

153 2204 353 2255 oportet,
374 2204 494 2240 tam
551 2204 689 2238 nam
711 2204 1180 2253 convenientem,
1201 2204 1332 2256 qua:
1358 2204 1432 2240 an
1466 2205 1477 2240 ι

151 2259 337 2327 prolata
360 2262 464 2324 est,
497 2204 749 2312 firmam
772 2258 1081 2327 ratamque
1103 2257 1477 2312 sententiam.

260 2346 344 2401 His
362 2345 439 2401 ita
460 2344 754 2412 deﬁnitis,
786 2348 914 2398 tum
947 2351 1019 2385 2⁵⁷
1043 2343 1359 2400 discessum
1383 2349 1492 2402 est.

201 2437 276 2490 49.
303 2434 587 2507 Sequenti
613 2435 813 2488 autem
837 2432 950 2499 die,
966 2433 1414 2488 consedentibus
1434 2442 1504 2476 2⁵⁸
1521 2435 1741 2507 episco-

150 2522 282 2592 pisin
310 2524 546 2578 basilica.
578 2520 785 2577 domui
808 2521 993 2575 Basoli
1029 2522 1397 2585 confessoris,
1450 2524 1738 2596 totiusque

150 2612 253 2666 cleri
266 2613 537 2684 disposito
563 2613 880 2678 conventu,
900 2626 1085 2681 pauca
1105 2609 1175 2664 de
1198 2609 1739 2683 civilibus,plurima

151 2716 253 2757 vero
290 2703 355 2757 de
405 2700 827 2757 ecclesiasticis
867 2700 1118 2772 negotiis
1175 2702 1530 2772 pertractata
1582 2706 1735 2758 sunt.

152 2787 465 2864 Rursumque
486 2788 1090 2845 ArnulfusRemensis
1102 2788 1161 2843 in
1176 2789 1526 2845 memoriam
1539 2791 1730 2847 rediit.

153 2878 365 2953 Cumque
382 2897 568 2936 causa
595 2879 646 2950 ej
657 2897 719 2934 us
733 2878 863 2949 jam
885 2894 1005 2933 non
1033 2878 1092 2932 in
1107 2877 1467 2947 defensione,
1493 2880 1594 2935 sed
1612 2897 1735 2936 ma-

150 2967 270 3024 xime
287 2969 343 3025 in
372 2968 805 3041 conquestione
822 2970 1165 3035 versaretur,
1181 2966 1307 3021 aliis
1321 2966 1485 3023 illum
1499 2973 1738 3042 propter

153 3072 318 3127 genus,
332 3060 455 3114 aliis
466 3060 726 3131 propter
747 3057 953 3112 ﬂorem
962 3055 984 3128 j
998 3055 1292 3149 uventutis
1304 3055 1735 3149 miserantibus,
1763 3088 1811 3149 α

153 3146 412 3219 episcopos
441 3148 627 3202 ruina
654 3144 853 3200 fratris
876 3147 935 3200 et
988 3143 1328 3217 ignominia
1370 3146 1742 3204 sacerdotalis

153 3231 406 3306 dignitatis
434 3235 681 3310 gravius
698 3233 1473 3307 stimulabat.Unusquisque
1492 3235 1633 3290 esim
1653 3254 1744 3294 ca-

151 3339 253 3380 sum
278 3326 392 3398 ejus
420 3343 489 3382 ex
519 3342 591 3381 se
622 3324 747 3397 ipso
778 3324 1155 3392 metiebatur,
1183 3339 1360 3396 seque
1392 3324 1463 3379 ab
1497 3324 1743 3383 infamia

151 3411 347 3469 liberari
375 3416 654 3487 putabat,
683 3413 729 3468 si
754 3414 822 3476 is,
853 3412 951 3485 qui
1000 3412 1236 3484 publice
1265 3411 1676 3485 impetebatur,
1709 3435 1743 3471 a

156 3501 453 3560 criminibus
480 3505 640 3559 liber
670 3502 820 3557 foret
858 3501 969 3561 [vel
996 3500 1338 3572 periclitari,
1398 3501 1446 3557 si
1508 3519 1741 3561 causam

153 3595 382 3662 perderet
411 3599 505 3662 ³³9]
519 3635 533 3648 .

207 3683 282 3735 50.
298 3682 406 3738 Sed
437 3699 577 3738 cum
602 3683 710 3737 has
740 3681 799 3735 in
832 3682 1074 3754 longum
1102 3680 1384 3737 ducerent
1439 3684 1735 3755 querimo-

153 3769 393 3837 nias,ecce
414 3774 784 3827 Francorum
797 3786 1124 3842 reges,cum
1138 3768 1495 3839 primoribus
1507 3775 1732 3845 palatii,

154 3874 282 3914 sacro
320 3860 635 3917 conventui
674 3875 795 3914 sese
844 3859 1126 3913 inferunt.
1185 3858 1474 3933 Episcopis
1521 3864 1735 3934 gratias

152 3952 316 4018 agunt,
345 3951 502 4023 quod
527 3966 637 4023 pro
669 3948 848 4003 salute
887 3947 1223 4019 principum
1266 3949 1477 4006 diutius
1506 3955 1732 4009 consul-

154 4038 700 4107 tando,devotionem
720 4054 883 4092 suam
908 4038 1085 4109 plena
1105 4037 1218 4092 ﬁde
1244 4038 1734 4112 signassent.Lau-

154 4124 283 4196 dant,
298 4130 449 4202 quod
461 4146 497 4183 a
511 4143 826 4202 pravorum
841 4126 1153 4182 hominum
1167 4130 1591 4201 conspiratione
1610 4150 1730 4188 non

154 4216 304 4271 solum
324 4236 381 4273 se
402 4216 810 4284 removissent,
833 4233 1036 4271 verum
1068 4215 1246 4271 etiam
1285 4218 1408 4290 ipsa
1441 4225 1639 4277 mente
1671 4239 1730 4277 se

153 4304 333 4363 alienos
359 4308 536 4363 fuisse
559 4323 663 4361 suo
682 4305 868 4361 studio
882 4305 1383 4364 demonstrassent
1397 4310 1728 4385 ;isimulque

154 4400 405 4463 gestorum
422 4397 643 4452 seriem
662 4395 910 4450 breviter
938 4394 1148 4467 exponi
1178 4400 1401 4469 petunt,
1441 4404 1501 4456 et
1520 4401 1579 4457 in
1612 4420 1727 4475 quo
1757 4412 1809 4472 D

154 4480 246 4539 line
271 4486 661 4542 constiterint.

206 4576 281 4630 5t.
314 4600 339 4625 «ι
361 4577 514 4645 Non,
546 4598 577 4626 »
604 4574 790 4648 inquit
820 4576 984 4645 pater
1021 4575 1311 4647 Arnulfus,
1346 4605 1374 4632 (ι
1404 4582 1513 4637 hoc
1558 4583 1727 4638 nobis

154 4678 361 4739 adscribi
392 4685 575 4741 debet
608 4686 763 4756 quod
808 4685 1050 4740 minime
1074 4687 1427 4757 promeritos
1468 4693 1721 4746 constat.

153 4767 239 4823 Pro
262 4775 433 4830 salute
460 4773 629 4830 enim
659 4773 1283 4847 vestraquamvisomni
1316 4780 1579 4851 tempore
1592 4796 1726 4835 con-

152 4858 447 4918 sultandum
466 4863 691 4929 sit,hoc
716 4866 916 4918 tamen
951 4866 1175 4933 tempus
1209 4866 1373 4922 saluti
1403 4867 1599 4923 fratris
1622 4886 1727 4925 no-

153 4949 248 5016 stri,
275 4951 329 5006 in
352 4952 616 5024 periculo
633 4952 824 5024 positi,
856 4955 1046 5008 totum
1078 4954 1457 5026 contulimus;
1489 4960 1548 5012 et
1564 4958 1609 5013 si
1635 4974 1725 5014 res

155 5042 617 5111 eoquovolumus
636 5049 705 5083 ²⁶ο
733 5041 980 5096 deducta
1029 5057 1146 5095 non
1207 5046 1314 5112 est,
1350 5062 1467 5101 non
1520 5046 1723 5119 utique

156 5140 319 5185 amore
347 5134 404 5185 et
432 5130 911 5186 benevolentiam
938 5129 1112 5185 vestri
1137 5131 1222 5184 vel
1253 5133 1385 5188 odio
1406 5134 1587 5206 ipsius
1615 5136 1727 5191 hoc

157 5219 310 5273 ictum
332 5225 437 5287 est,
467 5219 577 5274 sed
603 5236 900 5275 causarum
932 5218 1271 5274 difﬁcultate
1302 5221 1400 5289 ;in
1430 5223 1639 5296 quibus
1670 5225 1718 5279 si

157 5304 313 5376 aliqua
331 5308 655 5363 similitudo
672 5308 1020 5364 defensionis
1030 5308 1724 5384 apparuisset,argumen-

159 5392 317 5452 torum
338 5397 517 5453 fortia
542 5398 1023 5467 machinamenta,
1054 5398 1475 5458 sententiarum
1498 5401 1724 5459 validis-

1890 589 1994 627 nos
2022 574 2204 646 pietas
2233 584 2563 654 commovit,
2579 589 2771 646 tantus
2790 594 3041 652 caritatis
3067 598 3264 656 fervor
3291 618 3490 658 accen-

1888 660 1990 715 dit.
2021 663 2281 761 Denique
2312 687 2429 726 non
2460 675 2644 732 solum
2677 695 2776 735 eos
2826 683 2922 754 qui
2950 685 3267 743 defendere
3296 691 3485 761 parati

1885 754 2049 806 erant
2073 770 2175 824 pro
2216 773 2284 812 eo
2313 762 2660 833 exacuimus,
2694 785 2893 825 verum
2928 774 3105 829 etiam
3138 793 3237 832 eos
3265 778 3363 849 qui
3393 779 3484 834 in-

1877 854 2136 910 pugnare
2149 843 2509 914 videbantur,
2528 869 2561 905 n
2571 858 2722 910 ostro
2746 867 2816 900 ιω
2830 862 3202 918 anathemate
3215 843 3483 922 dubitare

1877 931 2387 1006 coegimus.ltaque
2406 938 3337 1012 utrimquemnumerosaaPatrum
3356 970 3485 1009 sen-

1875 1015 2080 1110 tentiae
2100 1023 2338 1092 prolatae
2365 1029 2517 1094 sunt,
2544 1030 2644 1084 sed
2674 1034 2832 1088 nulla
2864 1052 3066 1092 earum
3106 1038 3336 1110 adjutus
3367 1045 3474 1097 est.

1870 1102 2153 1203 Deductus
2169 1126 2403 1203 quoque
2424 1113 2483 1168 in
2504 1118 2763 1175 medium
2779 1126 2866 1178 est
2880 1128 2940 1179 et
2960 1102 3479 1203 interrogatus;qui

1866 1192 2058 1290 primo
2085 1198 2321 1290 quidem
2345 1205 2542 1259 omnia
2562 1210 2813 1279 negavit,
2829 1212 3079 1283 sedjcum
3101 1192 3481 1290 sibisingilla-

1865 1280 1969 1337 tim
2002 1287 2216 1357 species
2249 1305 2551 1348 causarum
2570 1303 3064 1368 preponerentur,
3094 1319 3326 1361 necesse
3349 1311 3483 1362 erat
3552 1316 3559 1321 '

1861 1369 1968 1425 sibi
1993 1376 2255 1431 conﬁteri
2287 1380 2442 1449 quod
2465 1382 2691 1452 publice
2716 1385 2936 1441 factum
2962 1391 3279 1447 constabat.
3300 1393 3475 1450 Cum-

1860 1477 1969 1531 que
1986 1480 2051 1517 ex
2069 1465 2156 1519 his
2182 1484 2308 1537 quae
2326 1470 3232 1547 conﬁtebatur,consequerentur
3253 1497 3322 1537 ea
3343 1500 3474 1554 quae

1860 1558 2190 1622 negaverat,
2220 1556 2318 1627 ill:
2344 1574 2573 1630 quoque
2596 1578 2724 1634 qua:
2755 1564 3073 1633 plurimum
3106 1570 3290 1624 celare
3323 1572 3474 1627 nite-

1856 1636 2046 1730 batur,
2080 1641 2138 1696 in
2152 1644 2393 1699 dubium
2432 1647 2772 1706 adducebat.
2808 1653 2969 1709 inter
2992 1654 3095 1711 has
3127 1659 3469 1730 tergiversa-

1857 1725 2045 1785 tiones
2071 1747 2203 1786 cum
2233 1733 2875 1810 hmreret,propositum
2891 1742 2998 1798 sibi
3021 1748 3194 1813 est,ut
3208 1748 3315 1803 sibi
3341 1766 3478 1806 con-

1779 1802 1831 1862 B
1854 1817 2087 1872 suleret.
2123 1819 2229 1883 Qui
2257 1838 2541 1878 secessum
2571 1829 2799 1897 petens,
2829 1830 3127 1905 episcopos
3173 1835 3246 1891 ad
3276 1853 3469 1895 remo-

1857 1902 2006 1959 tiora
2036 1905 2214 1962 duxit.
2247 1909 2445 1980 Ibique
2480 1911 2621 1967 dum
2656 1914 2726 1970 de
2755 1902 3041 1987 qualitate
3058 1924 3473 1995 purgationum

1855 2006 2029 2061 agere
2062 1998 2386 2066 putaretur,
2412 1998 2753 2057 stimulante
2782 2008 3153 2079 conscientia,
3186 2014 3375 2070 subito
3410 2017 3469 2071 in

1854 2080 2281 2138 confessionem
2310 2090 2689 2156 peccatorum
2708 2109 2944 2151 suorum
2968 2099 3177 2171 erupit,
3204 2106 3467 2159 cunctos-

1852 2183 1965 2237 que
1978 2170 2077 2241 qui
2100 2172 2347 2260 aderant
2372 2175 2654 2232 attonitos
2674 2170 3245 2260 reddidit.Episcopis
3270 2194 3468 2249 autem

1849 2256 2095 2351 salutem
2111 2259 2193 2314 illi
2208 2256 3470 2351 promittentibus,nihilquefgrave—passurum

1846 2343 1893 2398 si
1913 2360 2180 2403 rumores
2197 2349 2470 2405 adversos
2490 2359 2561 2394 ²σι
2588 2343 2959 2431 propelleret,
2975 2343 3073 2420 ille
3091 2343 3472 2428 nihilominus

1844 2431 1905 2488 in
1922 2433 2007 2488 sui
2027 2437 2397 2493 confessione
2413 2447 2934 2522 permansit,seque
2947 2454 3269 2510 sacerdotio
3287 2458 3477 2528 priva-

1844 2520 1893 2574 ri
1913 2525 2198 2594 poposcit.
2230 2525 2374 2616 Huic
2401 2529 2744 2589 confessioni
2776 2520 3012 2608 quidam
3041 2558 3108 2596 ex
3137 2520 3469 2616 abbatibus,

1843 2611 2014 2664 multi
2042 2629 2109 2666 ex
2135 2616 2295 2670 clero
2328 2614 2738 2693 interfuerunt,
2758 2632 3117 2684 secretorum
3135 2632 3361 2689 Arnulﬁ
3386 2611 3472 2692 te;

1841 2701 1955 2754 stes
1977 2718 2094 2797 per
2123 2705 2308 2797 longa
2328 2708 2533 2797 smcula
2556 2710 2756 2772 futuri.
2791 2714 2905 2771 Sed
2933 2717 2981 2773 si
3004 2720 3215 2789 placet,
3243 2721 3303 2778 in
3322 2741 3470 2797 prae-

1841 2787 2095 2844 sentiam
2110 2793 2383 2849 omnium
2408 2787 3066 2878 deducatur,coramque
3086 2787 3467 2870 multitudine

1839 2876 1962 2948 ipse
1982 2878 2092 2935 sibi
2128 2884 2292 2939 testis
2322 2886 2380 2939 et
2402 2885 2599 2958 judex,
2632 2908 2864 2948 causam
2887 2876 3053 2949 suam
3084 2903 3357 2970 exponat,
3392 2902 3470 2964 si.

1838 2966 2079 3038 mulque
2107 2974 2498 3043 accusatores,
2528 2978 2724 3049 testes,
2757 2984 2931 3053 atque
2970 2966 3200 3054 judices
3248 2987 3469 3046 invidia

1838 3055 2135 3125 liberet,in
2150 3079 2210 3118 se
2228 3078 2344 3118 uno
2360 3062 2571 3122 horum
2585 3068 2853 3125 omnium
2864 3086 3177 3142 personam
3195 3090 3466 3146 gerens.»

1916 3164 2005 3256 52.
2035 3163 2162 3229 Quo
2198 3177 2271 3213 ’σε
2296 3169 2556 3243 ingresso
2600 3192 2734 3230 cum
2766 3176 3032 3233 universo
3062 3182 3304 3249 populo,
3334 3188 3469 3256 post

1845 3251 2150 3340 paululum
2169 3258 2471 3316 silentium
2497 3263 2781 3320 indictum
2795 3268 2904 3321 est.
2934 3265 3157 3321 Deinde
3170 3251 3462 3340 pater—Ar-

1845 3339 2041 3395 nulfus
2070 3345 2147 3401 ad
2175 3347 2486 3404 Arnulfum
2511 3367 2524 3406 :
2559 3374 2589 3402 ‹‹
2619 3352 2864 3409 Videsne
2895 3353 3161 3410 omnium
3177 3339 3289 3414 ora
3314 3358 3374 3414 in
3405 3363 3464 3416 te

1845 3445 2030 3485 unum
2060 3438 2376 3493 conversa?
2404 3439 2515 3494 Cur
2546 3456 2652 3512 pro
2681 3444 2743 3497 te
2782 3442 2907 3515 ipso
2938 3461 3057 3499 non
3086 3445 3344 3518 loqueris
3372 3449 3402 3505 ?
3433 3472 3462 3502 ››

1846 3517 1954 3582 Qui
1972 3536 2105 3577 cum
2120 3526 2273 3581 male
2296 3528 2585 3584 concinna
2605 3531 2783 3586 verba
2798 3531 3462 3613 effunderet,minusque

1842 3606 2089 3681 intelligi
2108 3616 2321 3683 posset,
2350 3615 2432 3670 ait
2446 3619 2616 3689 pater
2632 3618 2907 3674 Amulqu
2933 3637 2947 3674 :
2968 3640 2996 3674 ι
3015 3621 3164 3678 Esne
3185 3606 3387 3683 adhuc.
3400 3628 3459 3685 in

1840 3698 2134 3754 sententia
2161 3699 2221 3754 in
2254 3720 2371 3775 qua
2396 3707 2452 3760 te
2482 3722 2612 3761 sero
2638 3707 3011 3780 reliquimus?
3035 3729 3156 3763 »--
3180 3732 3212 3767 α
3235 3714 3397 3786 Sum,
3428 3741 3456 3769 ››

1838 3786 2047 3858 inquit.
2080 3819 2144 3832 —
2170 3811 2199 3839 «
2234 3790 2405 3848 Visne
2432 3796 2489 3849 te
2520 3792 2789 3850 abdicare
2829 3813 2864 3851 a
2886 3799 3190 3856 sacerdotii
3210 3803 3455 3876 honore,

1838 3892 1953 3949 quo
1979 3877 2263 3934 hactenus
2280 3881 2488 3938 abusus
2519 3900 2579 3937 es
2598 3882 2626 3938 ‘?
2645 3904 2673 3932 »
2702 3884 2771 3939 Et
2799 3884 2924 3940 ille:
2945 3909 2974 3937 «
2999 3886 3157 3945 Sicut
3180 3891 3388 3952 dicitis.
3424 3918 3454 3945 ››

1834 3965 1976 4019 Tum
2010 3983 2209 4023 comes
2242 3969 2640 4028 Brochardus:
2679 3996 2706 4024 «
2730 3973 2878 4038 Quid
2907 3977 3011 4044 est,
3046 3976 3254 4051 inquit,
3275 3982 3451 4041 istud:

1832 4053 1991 4111 Sicut
2019 4057 2198 4112 dicitis
2222 4059 2256 4111 ?
2277 4063 2474 4117 Palam
2508 4061 2832 4132 eloquatur,
2865 4064 3060 4133 palam
3082 4069 3448 4142 conﬁteatur,

1834 4162 1908 4201 ne
1925 4147 2304 4217 postmodum
2326 4152 2623 4225 episcopos
2635 4151 2881 4207 crimina
2900 4169 3027 4226 quae
3039 4158 3326 4218 voluerint
3341 4163 3449 4219 ﬁn-

1831 4235 1975 4291 xisse
1999 4236 2315 4307 dictitet,se
2334 4242 2664 4297 confessum
2686 4258 2808 4298 esse
2835 4243 3117 4317 abneget.
3142 4267 3173 4301 »
3200 4250 3268 4305 Et
3300 4250 3397 4309 ille
3431 4271 3445 4310 :

1829 4344 1864 4379 ς
1886 4325 2105 4396 Palam,
2125 4326 2338 4401 inquit,
2370 4331 2499 4387 dico
2530 4332 2588 4385 et
2617 4331 2898 4403 proﬁteor
2928 4350 3024 4390 me
3060 4353 3304 4407 errasse,
3330 4346 3389 4398 et
3414 4362 3448 4400 a

1829 4414 2107 4472 ﬁdelitate
2124 4419 2287 4490 regia
2304 4418 2701 4476 deviasse.Sed
2725 4425 2950 4493 peto,ut
2967 4423 3186 4484 domno
3204 4430 3445 4489 Arnulfo

1829 4521 1936 4577 pro
1965 4521 2059 4560 me
2086 4506 2345 4579 loquenti
2364 4509 2633 4578 credatis,
2659 4508 2971 4587 ipsumque
2997 4512 3056 4568 in
3084 4520 3272 4576 vestra
3302 4539 3446 4595 prae-

1829 4595 2016 4650 sentia
2035 4594 2339 4667 deprecor,
2374 4599 2520 4655 sicut
2542 4599 2688 4654 mihi
2718 4601 2984 4657 conscius
3004 4608 3091 4659 est
3112 4610 3170 4662 et
3190 4608 3299 4665 sibi
3314 4612 3439 4683 pla-

1828 4687 1942 4753 cet,
1971 4683 2126 4740 utita
2154 4702 2388 4743 causam
2418 4704 2615 4744 meam
2639 4694 2914 4761 exponat.
2946 4711 3111 4747 »—«
3140 4696 3376 4768 Natura,
3411 4722 3442 4751 ››

1828 4772 2017 4846 inquit
2046 4778 2214 4845 pater
2238 4777 2533 4845 Arnulfus,
2570 4800 2597 4828 ‹‹
2629 4778 2952 4836 taciturnus
2983 4786 3089 4851 est,
3119 4788 3178 4839 et
3206 4787 3443 4861 insuper

1829 4879 1958 4935 quae
1988 4863 2091 4918 sub
2139 4864 2477 4921 testimonio
2529 4865 2739 4921 Christi
2788 4871 3002 4925 nostra;
3034 4872 3167 4929 fidei
3200 4876 3442 4935 celanda

1828 4949 2140 5015 commisit,
2167 4954 2363 5025 palam
2390 4954 2655 5009 conﬁteri
2688 4957 2992 5014 erubescit.
3010 4960 3269 5021 Sufﬁciat
3282 4968 3441 5024 vobis

1826 5042 1936 5097 hoc
1954 5043 2181 5097 tantum
2210 5060 2400 5111 nosse,
2431 5045 2587 5116 quod
2604 5044 2834 5117 publice
2867 5049 3197 5122 conﬁtetur,
3225 5056 3439 5113 scilicet

1829 5134 2192 5188 sacramenta
2229 5150 2358 5205 quae
2391 5133 2630 5205 regibus
2660 5135 2778 5190 suis
2829 5144 2902 5180 m
2940 5140 3167 5211 publice
3191 5146 3442 5217 praebuit

1829 5220 2071 5276 minime
2094 5237 2459 5277 conservasse
2486 5239 2500 5291 ;
2532 5224 2736 5278 contra
2764 5226 3188 5296 professionem
3218 5237 3276 5289 et
3304 5238 3435 5294 sub-

1829 5311 2207 5383 scriptionem
2221 5328 2384 5366 suam
2415 5312 2519 5366 sub
2547 5312 2737 5385 specie
2756 5315 3312 5390 cirographifactam
3328 5342 3434 5399 pu-

1825 5400 1974 5456 blice
1996 5400 2519 5457 venisse.»-«Non
2539 5404 2627 5457 est
2642 5401 2787 5460 mihi
2802 5405 3000 5463 satis.»
3020 5408 3211 5484 inquit
3238 5430 3436 5477 comes

1432 5522 1673 5581 VARI/E
1720 5522 2124 5582 LECTIONES.

214 5637 271 5678 ἠ
295 5635 432 5696 deest
448 5642 506 5696 2.
573 5648 636 5683 ηε
657 5638 870 5725 consid.
906 5644 958 5701 2.
975 5710 988 5725 ⁷
1013 5647 1085 5725 ξω
1109 5637 1245 5724 Hac
1261 5640 1536 5725 desunt_l.
1596 5645 1985 5725 26°_volu_imus
2012 5648 2048 5704 2
2101 5650 2172 5691 ιω
2204 5642 2595 5725 benivolentia
2614 5648 2669 5706 2.
2723 5651 2795 5696 ηδ
2812 5652 2999 5709 vestro
3015 5656 3069 5714 2.
3112 5662 3184 5702 ιιι
3208 5656 3434 5719 utrum}

169 5719 251 5782 que
272 5714 323 5767 2.
371 5721 443 5755 εει
471 5727 695 5769 aversos
726 5717 777 5769 2.
832 5720 901 5756 ω
927 5710 1118 5784 glolssa
1149 5713 1417 5790 episcopo
1443 5720 1497 5776 2.
1555 5726 1628 5763 πο
1655 5718 1797 5779 deest

1825 5722 1878 5780 l.
