3898 6168
455 369 568 437 339

1775 367 2079 429 SILVESL]

2182 373 2226 428 ll
2261 371 2463 430 PAPA.
3616 390 3708 448 350

460 501 654 561 sciatis
685 520 783 562 eos
810 520 932 561 esse
979 501 1257 561 mentitos
1286 501 1385 576 qui
1415 500 1554 559 talia
1603 502 1889 559 dixerunt.
1925 505 2068 560 Nam
2094 503 2148 563 Α
2173 500 2390 557 cientes
2433 500 2779 560 Athanasius
2795 500 3251 579 archiepiscopus
3271 504 3325 560 et
3343 506 3563 567 universi
3579 513 3710 588 lEgi-

466 594 670 650 Petrus
701 612 817 651 non
850 593 1008 649 novit
1053 592 1208 661 talia,
1240 594 1298 647 et
1340 592 1652 648 hostiarius
1691 592 1813 648 caeli
1838 593 2074 650 effectus

469 686 576 751 est,
597 682 718 756 ipso
747 682 993 740 Domino
1018 682 1069 739 ei
1102 682 1331 737 dicente
1360 701 1373 737 :
1410 682 1536 737 Tibi
1561 682 1697 737 dabo
1728 683 1894 737 claves
1923 688 2077 754 regni

467 774 715 828 caelorum
741 771 964 843 (Matth.
998 787 1125 840 XVI,
1156 770 1266 844 l9).
1299 770 1461 825 Unde
1491 772 1613 843 ejus
1645 771 1837 827 vicarii
1868 776 1924 827 et
1955 773 2076 843 ejus

467 860 728 934 discipuli
755 860 1082 933 apostolicis
1108 863 1166 916 et
1190 860 1533 933 evangelicis
1549 864 1681 916 sunt
1705 862 1947 917 instituti
1971 863 2072 917 do~

470 950 690 1018 ctrinis,
724 954 783 1007 et
812 968 930 1007 non
986 952 1193 1007 ornatu
1239 966 1601 1018 sermonum,
1634 951 1733 1006 sed
1765 951 1988 1006 ratione
2019 954 2078 1006 et

474 1055 645 1095 sensu
671 1041 1016 1105 verborum;
1046 1039 1181 1112 quia
1210 1040 1484 1112 scriptum
1517 1043 1602 1094 est
1634 1056 1647 1094 :
1680 1040 1861 1096 Stulta
1891 1042 2081 1096 mundi

471 1128 625 1199 elegit
654 1129 816 1201 Deus,
842 1135 904 1184 ut
935 1130 1231 1199 confundat
1258 1131 1425 1199 fortia
1456 1129 1503 1202 (1
1535 1128 1661 1185 Cor.
1685 1146 1729 1193 ῐ,
1763 1132 1872 1202 27).
1906 1133 1975 1187 Et
2003 1133 2076 1187 ab

470 1215 635 1273 initio
659 1218 863 1273 mundi
909 1234 1025 1273 non
1053 1218 1230 1290 elegit
1252 1220 1402 1273 Deus
1444 1224 1702 1275 oratores
1729 1224 1787 1275 et
1827 1221 2075 1293 philoso-

468 1306 744 1378 phos,sed
757 1306 1079 1362 illitteratos
1090 1310 1149 1361 et
1162 1306 1543 1363 rusticos.Sed
1556 1325 1673 1363 non
1692 1312 1777 1363 est
1793 1308 1897 1363 mir
1908 1308 2078 1376 um,si

469 1393 665 1449 vicarii
684 1393 836 1450 Petri
860 1412 889 1449 a
918 1395 1424 1468 pseudoepiscopis
1440 1396 1684 1452 audiunt
1709 1398 1865 1470 quod
1898 1397 2018 1471 ipse
2046 1414 2081 1452 a

472 1481 672 1537 scribis
689 1485 747 1537 et
764 1482 1047 1538 Phariseis
1065 1483 1405 1556 audivit,qui
1420 1485 1493 1539 ad
1513 1485 1564 1555 ej
1573 1503 1635 1539 us
1649 1485 1724 1556 inj
1734 1484 1919 1540 uriam
1934 1486 2081 1540 dice-

468 1570 614 1626 bant
664 1587 798 1626 eum
852 1570 1033 1628 idiota
1056 1579 1128 1614 m
1154 1574 1212 1627 et
1258 1572 1380 1628 sine
1412 1573 1618 1629 litteris
1666 1591 1808 1641 esse,
1842 1578 1899 1629 et
1929 1575 2079 1629 deri-

472 1658 665 1713 dendo
696 1658 965 1715 dicebant
995 1677 1013 1714 :
1044 1657 1227 1715 Μυειο
1247 1661 1401 1732 pleni
1425 1668 1551 1716 sunt
1574 1663 1668 1717 isti
1690 1662 1839 1733 (Act.
1873 1678 1942 1730 II,
1970 1662 2076 1734 13).

473 1745 636 1802 Unde
662 1748 825 1803 Johel
885 1748 1169 1821 propheta
1208 1749 1526 1805 caecitatem
1584 1750 1816 1806 illorum
1874 1751 2080 1807 redar-

2174 590 2431 661 ptiorum
2471 595 2528 647 et
2583 593 3009 649 Thebaidorum
3060 597 3121 649 et
3178 594 3449 652 Libiarum
3477 601 3710 674 episcopi,

2178 681 2410 750 quando
2447 698 2480 735 a
2518 685 2715 736 sancto
2746 682 2927 737 Felice
2975 682 3266 754 pontifice,
3296 702 3436 741 nunc
3476 693 3712 762 martyre,

2178 769 2384 823 eodem
2406 772 2672 841 tempore
2692 772 2843 841 apud
2855 771 3023 825 vestri
3043 771 3516 830 simileshomines
3532 777 3717 835 invaso-

2177 873 2301 911 rem
2335 858 2683 913 mstimatum
2697 901 2710 925 ,
2730 859 3029 913 consilium
3059 859 3353 916 adversum
3366 862 3618 920 hereticos
3635 885 3716 940 pe-

2178 945 2451 1013 tiverunt,
2473 948 2629 1018 quod
2648 949 2763 1003 Deo
2781 949 3009 1003 volente
3032 951 3499 1021 acceperunt.Sed
3514 954 3719 1024 quodad

2179 1049 2277 1087 eos
2326 1034 2672 1106 pertinebat,
2706 1036 3128 1107 quaesiverunt;
3185 1038 3339 1109 quod
3367 1038 3436 1093 ad
3463 1041 3574 1095 illos
3622 1058 3720 1099 non

2180 1122 2528 1191 pertinebat,
2563 1126 2676 1179 Deo
2708 1124 3057 1180 dimiserunt
3085 1143 3099 1193 ;
3130 1131 3187 1181 et
3217 1124 3274 1179 in
3301 1126 3642 1199 derogatione
3662 1139 3721 1173 επ

2185 1210 2461 1266 Romana:
2481 1212 2732 1267 ecclesiae
2764 1213 3065 1268 siluerunt.
3104 1214 3229 1268 Fuit
3259 1231 3497 1287 namque
3525 1216 3724 1288 quidam

2180 1297 2482 1353 Dioscorus
2512 1301 2928 1356 Alexandrinus
2986 1302 3457 1374 archiepiscopus,
3483 1304 3623 1375 cujus
3646 1322 3725 1360 vos

2181 1390 2509 1458 exemplum
2534 1389 2740 1443 imitati
2762 1390 2915 1456 estis,
2935 1390 3031 1463 qui
3056 1391 3400 1463 presumpsit
3417 1395 3599 1447 contra
3617 1393 3729 1448 Leo-

2182 1492 2316 1529 nem
2344 1477 2674 1545 pontiticem
2697 1481 2753 1532 et
2772 1482 2972 1533 contra
2994 1480 3314 1535 Romanam
3330 1481 3601 1535 ecclesiam
3620 1482 3731 1535 scri-

2180 1564 2319 1619 bere
2344 1583 2357 1633 ;
2387 1566 2486 1620 sed
2518 1565 2572 1619 in
2605 1570 2831 1622 tantum
2886 1568 3036 1624 illius
3074 1570 3554 1641 presumptionem
3579 1569 3731 1625 sancti

2182 1642 2378 1707 Patres
2391 1654 2547 1725 apud
2560 1655 2964 1711 Calcedoniam
2988 1656 3252 1712 detestati
3277 1661 3425 1724 sunt,
3444 1661 3502 1712 ut
3516 1658 3623 1712 sine
3638 1659 3733 1713 ulla

2180 1740 2547 1797 restitutione
2569 1760 2702 1798 eum
2726 1744 3134 1817 dampnarent.
3150 1746 3217 1800 Et
3233 1745 3733 1818 nullaminquisitio-

474 1834 629 1905 guit;
662 1834 762 1908 qui
814 1820 968 1892 inter
1021 1840 1215 1892 cetera
1266 1837 1344 1892 sic
1394 1838 1475 1892 ait
1507 1855 1520 1893 ε
1562 1839 1638 1894 Et
1676 1840 1889 1912 quidem
1926 1857 2081 1911 super
2105 1820 2157 1882 B
2182 1845 2317 1883 nem
2349 1829 2632 1899 fecerunt,
2659 1834 2853 1887 utrum
2891 1834 3047 1903 juste
3078 1850 3151 1889 an
3196 1833 3401 1905 injuste
3428 1834 3506 1888 vel
3537 1850 3734 1906 quoquo

473 1939 644 1978 servos
692 1941 831 1979 meos
873 1932 925 1980 et
963 1943 1116 1996 super
1156 1926 1379 1981 ancillas
1408 1944 1549 1981 meas
1577 1930 1855 1999 e/fundam
1881 1928 1944 1982 dc
1970 1929 2081 1999 spi-

474 2011 583 2065 ritu
608 2029 721 2067 meo
744 2012 904 2074 (Joel.
937 2027 1006 2081 II,
1040 2013 1159 2085 28);
1193 2031 1310 2070 non
1344 2033 1517 2088 super
1564 2016 1777 2072 scribas
1828 2020 1885 2072 et
1938 2017 2081 2073 Pha-

470 2098 650 2156 riseos
698 2105 796 2155 aut
823 2101 995 2157 falsos
1028 2103 1378 2171 sacerdotes,
1410 2104 1509 2176 qui
1552 2105 1750 2160 dicunt
1802 2122 1859 2159 se
1913 2124 2078 2161 nosse

472 2188 679 2257 Deum,
719 2190 885 2245 factis
913 2193 1108 2246 autem
1163 2195 1399 2263 negant.
1446 2193 1513 2246 Et
1559 2193 1835 2264 quoniam
1867 2195 2079 2250 calum-

475 2276 646 2331 niatis
676 2278 1006 2333 Romanum
1058 2279 1419 2350 pontificem,
1449 2280 1546 2352 qui
1591 2298 1835 2336 munera
1875 2291 1946 2324 ’⁷ο
1970 2282 2077 2337 sibi

474 2364 667 2421 oblata
693 2367 912 2438 recepit
937 2383 951 2422 :
978 2366 1037 2421 in
1064 2368 1175 2423 hoc
1206 2385 1323 2423 non
1354 2369 1540 2423 solum
1572 2369 1787 2435 illi,sed
1809 2371 2079 2426 omnibus

475 2452 748 2525 apostolis
761 2471 1080 2528 eorumque
1101 2456 1517 2512 successoribus
1533 2457 1875 2527 detraxistis,
1895 2459 2078 2515 immo

471 2540 579 2612 ipsi
608 2541 879 2611 Domino,
911 2543 1010 2616 qui
1037 2544 1222 2616 capud
1253 2544 1517 2600 omnium
1569 2549 1657 2600 est
1684 2547 2077 2617 ecclesiarum,

477 2629 611 2702 quia
640 2630 825 2703 magis
849 2632 1041 2687 oblata
1058 2632 1164 2688 sibi
1192 2650 1437 2689 munera
1464 2651 1582 2690 non
1608 2637 2079 2706 respuit.Etenim

477 2717 613 2790 quia
641 2719 701 2773 in
736 2721 925 2775 vestro
954 2720 1199 2777 concilio
1227 2721 1388 2777 vobis
1415 2738 1553 2778 cura
1582 2722 1709 2787 fuit,
1738 2724 1807 2780 de
1852 2725 2081 2796 pontifi-

473 2806 631 2862 cibus
641 2807 770 2879 jam
795 2807 1080 2864 defunctis
1096 2809 1454 2865 mentionem
1482 2812 1693 2880 facere,
1721 2814 1877 2885 quod
1903 2831 2078 2885 quam
2110 2846 2129 2859 ι

476 2896 550 2953 sit
570 2897 926 2953 contrarium
950 2897 1113 2953 omni
1137 2896 1709 2964 Christiano,temere
1721 2899 1985 2970 judicare
2008 2901 2080 2956 de

476 2984 567 3040 his
597 2984 695 3058 qui
726 2986 798 3041 ad
821 2987 1001 3041 Deum
1028 2985 1444 3058 migraverunt,
1475 2986 1529 3041 in
1550 2989 1802 3043 secundo
1830 2989 2079 3060 capitulo

469 3072 750 3130 Anastasii
780 3090 947 3147 papa
978 3075 1051 3130 ad
1078 3074 1440 3130 Anastasium
1485 3075 1898 3147 imperatorem
1930 3078 2079 3133 dire-

2179 1918 2356 1972 modo
2381 1918 2507 1989 jam
2537 1920 2721 1974 fatum
2733 1921 3075 1977 Dioscorum
3103 1925 3308 1978 contra
3336 1923 3635 1979 Romanam
3660 1938 3735 1976 cc-

2180 2007 2409 2061 clesiam
2429 2007 2711 2077 dictasset;
2737 2010 2835 2065 sed
2854 2011 3068 2082 absque
3090 2011 3249 2067 omni
3278 2010 3638 2066 controversia
3648 2010 3740 2065 hoc

2182 2093 2240 2148 in
2270 2112 2339 2149 eo
2363 2096 2465 2150 ulti
2491 2100 2645 2164 sunt,
2670 2098 2826 2170 quia,
2848 2115 2979 2154 cum
3004 2104 3151 2154 esset
3177 2100 3434 2167 inferior,
3455 2116 3548 2154 suo
3576 2098 3739 2170 priore

2182 2186 2239 2236 et
2270 2184 2613 2256 magistrum
2646 2190 2885 2241 conatus
2936 2190 3023 2242 est
3078 2189 3353 2243 lacessere
3397 2185 3737 2243 contumeliis.

2179 2272 2495 2327 Voluerunt
2509 2276 2803 2348 nempe,in
2824 2277 2997 2331 domo
3010 2277 3109 2331 Dei
3129 2277 3304 2332 nichil
3322 2276 3439 2332 ﬁeri
3451 2276 3739 2341 confusum,

2179 2359 2350 2415 nichil
2366 2361 3191 2421 inordinatum.Verumtamen
3205 2366 3327 2421 hinc
3339 2364 3745 2437 parvipendebat

2182 2451 2350 2519 pater
2387 2451 2681 2515 Amulius,
2716 2468 2848 2506 cum
2897 2470 2999 2508 suo
3046 2453 3333 2509 nescimus
3377 2456 3620 2525 apostata
3644 2449 3740 2505 filio

2180 2536 2315 2609 (43),
2331 2540 2562 2611 quando
2588 2544 2749 2594 tanta
2773 2544 2977 2596 contra
2993 2543 3320 2598 Romanam
3347 2541 3625 2598 ecclesiam
3644 2538 3745 2594 ausi

2179 2628 2568 2682 suntscribere
2584 2630 2837 2701 280,quod
2852 2647 2958 2685 nec
2968 2632 3196 2686 Arriani
3213 2632 3451 2687 heretici
3471 2627 3744 2702 aliquando

2180 2721 2661 2787 presumpserunt
2720 2718 2917 2789 (supra,
2997 2737 3142 2774 conc.
3210 2720 3400 2777 Basol.
3457 2736 3597 2773 num.
3650 2714 3743 2785 28).

2183 2803 2348 2858 Certe
2378 2805 2655 2875 scriptum
2706 2810 2813 2872 est,
2844 2805 2981 2878 quia
3026 2808 3327 2863 venenatis
3363 2807 3490 2862 ﬁliis
3516 2802 3748 2861 venenati

2181 2896 2453 2962 parentes
2469 2897 2802 2949 nascuntur.
2823 2886 3037 2950 contra
3057 2913 3230 2969 quem
3251 2896 3609 2952 beatissimus
3622 2908 3749 2966 papa

2181 2981 2500 3036 Bonifatius
2547 2982 2629 3036 ait
2660 3000 2673 3037 :
2706 2983 2880 3037 Nemo
2925 3001 3181 3056 umquam
3228 2985 3512 3055 apostolico
3538 2980 3746 3046 culmini,

2181 3070 2245 3124 de
2269 3071 2419 3141 cujus
2433 3071 2642 3141 juditio
2659 3088 2766 3126 non
2795 3071 2912 3125 licet
2940 3056 3235 3141 retractari,
3268 3090 3457 3127 manus
3485 3071 3649 3125 obvias
3666 3084 3749 3123 au-

474 3164 631 3218 ctum
652 3170 724 3206 αττ
748 3144 1010 3219 ίῇνέηίνθ
1038 3163 1324 3235 poteritis,
1350 3167 1408 3218 et,
1436 3144 1731 3237 quor—nodo
1754 3169 1958 3221 contra
1984 3183 2079 3222 οιι-
2103 3144 2150 3205 C
2181 3158 2367 3212 dacter
2387 3167 2455 3201 ’⁸1
2484 3162 2698 3225 intulit,-
2726 3177 2876 3215 nemo
2903 3162 2958 3213 in
2987 3161 3083 3214 hoc
3113 3160 3320 3215 rebellis
3342 3162 3536 3225 extitit,
3568 3160 3663 3212 nisi
3673 3156 3753 3228 qui

475 3250 674 3306 dinem
699 3255 954 3307 vestrum
984 3251 1220 3321 fecistis,
1247 3251 1468 3306 facilius
1505 3254 1882 3325 cognoscetis.
1918 3256 2079 3311 Unde

477 3336 749 3411 liquidius
767 3342 947 3411 patet,
963 3340 1119 3413 quod
1142 3340 1468 3395 Romanam
1490 3342 2079 3410 ecclesiam,matrem

477 3428 749 3494 vestram,
773 3442 808 3481 a
831 3427 992 3483 vobis
1016 3427 1342 3500 separastis,
1376 3443 1504 3482 cum
1540 3429 1610 3483 de
1641 3446 1710 3484 ea
1740 3432 1963 3485 tantam
1990 3431 2084 3486 in-

470 3513 688 3584 juriam
718 3513 969 3570 scribere
1018 3532 1139 3570 non
1194 3514 1481 3569 timuistis.
1510 3516 1634 3570 Non
1690 3534 1829 3587 ergo
1862 3535 1929 3573 ex
1987 3520 2081 3590 pio

478 3600 652 3657 corde
665 3604 752 3657 vel
779 3618 879 3657 ore
901 3602 1213 3674 aliquando
1237 3606 1355 3657 tam
1371 3603 1672 3675 prophana
1689 3607 1927 3677 tamque
1952 3623 2080 3677 per-

475 3705 640 3744 versa
689 3691 891 3745 contra
936 3691 1261 3746 Romanam
1310 3691 1607 3747 ecclesiam
1658 3697 2079 3763 processerunt.

479 3779 891 3834 Verumtamen
916 3779 962 3835 si
990 3784 1177 3836 vestra
1197 3780 1773 3855 fueruntverba,quaa
1797 3783 1855 3838 in
1879 3784 2081 3855 despe-

478 3871 574 3922 ctu
600 3866 752 3923 beati
801 3867 953 3923 Petri
980 3870 1375 3940 apostolorum
1413 3869 1711 3943 principis,
1741 3872 1924 3927 immo
1956 3873 2079 3941 Dei,

476 3956 639 4027 cujus
659 3952 1012 4013 ordinationi
1046 3956 1326 4025 resistitis,
1358 3956 1590 4029 scripta,
1612 3963 1670 4012 et
1696 3960 1853 4030 quasi
1888 3962 2080 4017 detra-

475 4043 675 4100 hentia
705 4045 1153 4102 sacratissimam
1208 4046 1509 4102 ecclesiam
1570 4048 1891 4119 composita
1924 4052 2079 4118 sunt,

478 4133 684 4202 fateor,
701 4150 821 4190 non
852 4151 949 4190 vos
978 4134 1230 4190 studiose
1262 4152 1451 4191 sacras
1482 4128 1730 4208 regulas,
1767 4154 1883 4193 non
1914 4155 2084 4194 vene-

477 4223 794 4278 randarum
818 4222 1160 4278 sinodorum
1188 4224 1461 4291 actiones,
1492 4241 1610 4280 non
1631 4243 1861 4281 veraces
1872 4227 2083 4298 proba-

478 4309 680 4364 bilium
709 4310 968 4366 virorum
999 4328 1249 4367 canones
1296 4313 1601 4381 lectitasse,
1647 4316 1881 4386 quando
1917 4318 2083 4372 tanta

476 4397 668 4452 conati
688 4399 823 4453 estis
840 4399 900 4453 in
926 4399 1303 4472 derogatione
1330 4402 1608 4458 Romanae
1626 4404 1877 4458 ecclesia)
1908 4403 2080 4459 inuti-

475 4484 612 4540 liter
641 4488 816 4557 atque
845 4468 1310 4560 incomp—etenter
1339 4507 1688 4547 memorare.
1742 4492 2003 4564 Denique
2036 4494 2080 4550 si
2103 4468 2156 4527 D

476 4570 681 4640 Cham,
698 4573 849 4629 Illius
868 4574 1006 4643 Noe,
1028 4576 1230 4632 videns
1251 4579 1524 4642 verenda,
1546 4580 1725 4651 patris
1756 4581 1952 4648 irrisit,
1976 4599 2081 4638 nec

477 4661 725 4733 operuit,
758 4663 1231 4720 maledictionem
1277 4672 1620 4740 perpetuam
1648 4670 1970 4745 percepisse
2000 4674 2080 4727 le-

476 4749 664 4821 gitur:
692 4753 912 4824 quanto
936 4752 1127 4826 potius
1150 4752 1230 4821 hi,
1259 4755 1356 4828 qui
1388 4759 1580 4829 patres
1604 4761 1931 4831 spirituales
1962 4780 2078 4819 non

476 4839 664 4894 solum
686 4838 933 4895 minime
952 4842 1316 4914 cooperiunt,
1341 4845 1442 4900 sed
1460 4849 1517 4900 et
1528 4847 1847 4904 deridendo
1866 4853 1924 4905 et
1939 4851 2079 4906 falso

474 4926 550 4981 ad
570 4935 643 4970 ³⁷⁸
671 4927 1185 4987 subsannationem
1216 4932 1303 4987 sui
1353 4933 1533 4988 moris
1561 4936 1827 4992 homines
1877 4955 2080 5008 provo-

470 5014 635 5071 cant?
652 5014 945 5089 Scriptum
966 5019 1179 5093 quippe
1198 5021 1284 5075 est
1303 5036 1319 5077 :
1355 5020 1469 5089 Qui
1485 5023 1777 5078 subsannat
1791 5031 2006 5097 patrem
2033 5034 2082 5082 et

467 5111 728 5175 matrem,-
758 5108 817 5162 et
865 5106 1092 5181 reliqua
1136 5108 1328 5182 (Prov.
1380 5127 1509 5179 xxx,
1555 5113 1662 5186 l7).
1714 5114 1830 5171 Hoc
1885 5114 2081 5189 itaque

2181 3248 2245 3301 de
2272 3266 2324 3302 se
2353 3248 2524 3303 voluit
2543 3249 2804 3320 judicari.
2835 3250 2977 3303 Nam
3011 3250 3113 3304 etsi
3159 3249 3473 3323 aliquando
3503 3250 3558 3303 in
3586 3246 3749 3318 aliquo

2184 3336 2447 3391 Romana
2478 3337 2716 3391 ecclesia
2755 3337 3044 3405 titubavit,
3095 3356 3225 3393 cum
3286 3338 3569 3411 adjutorio
3620 3332 3752 3391 Petri

2185 3424 2428 3497 apostoli
2452 3424 2573 3495 ipsa
2589 3442 2647 3479 se
2666 3425 2865 3492 erexit,
2883 3429 2941 3479 et
2967 3427 3236 3481 omnibus
3267 3427 3532 3482 mcclesiis
3559 3435 3759 3495 semper

2187 3512 2533 3584 adjutorium
2550 3513 2926 3584 prebuit;ipsa
2936 3516 3136 3569 tamen
3150 3516 3221 3570 ab
3234 3516 3429 3587 aliqua
3439 3510 3760 3585 adiutorium

2186 3600 2429 3655 minime
2456 3602 2740 3673 qumsivit.
2770 3619 2888 3656 non
2907 3603 3023 3657 suis
3042 3603 3277 3665 viribus,
3305 3605 3407 3659 sed
3436 3603 3532 3659 Dei
3558 3600 3761 3671 adjuto-

2186 3687 2293 3755 rio,
2337 3689 2432 3761 qui
2466 3690 2545 3743 ait
2574 3691 2645 3744 ad
2678 3693 2910 3745 Petrum
2939 3708 2951 3745 :
2987 3691 3063 3746 Et
3103 3699 3161 3745 tu
3190 3692 3482 3765 aliquando
3515 3703 3761 3745 conversus

2184 3780 2440 3847 conﬁrma
2460 3779 2663 3847 fratres
2689 3787 2803 3833 tuos
2824 3779 2987 3851 (Luc.
3012 3796 3161 3847 xm,
3196 3780 3310 3852 3‘2).
3342 3784 3451 3836 Ista
3475 3780 3638 3853 igitur
3664 3773 3761 3848 pri-

2186 3865 2392 3937 vilegia
2413 3869 2555 3920 teste
2577 3868 2749 3922 beoto
2771 3884 2923 3939 papa
2941 3868 3173 3924 Nicolao
3194 3870 3473 3925 Romana:
3485 3865 3715 3924 ecclesia:
3736 3880 3765 3917 a

2186 3954 2410 4009 Christo
2438 3955 2675 4023 donata,
2701 3973 2735 4010 a
2754 3957 2988 4027 synodis
3010 3975 3125 4012 non
3149 3959 3387 4026 donata,
3420 3958 3515 4014 sed
3546 3958 3765 4011 tantum-

2187 4044 2361 4097 modo
2385 4045 2673 4098 eelebrata
2692 4048 2747 4099 et
2762 4049 3192 4118 venerata,qute
3213 4042 3768 4117 nullatenuspossunt

2188 4130 2394 4200 minui,
2424 4134 2750 4187 nullatenus
2779 4133 3393 4206 infringi,nullatenus
3424 4128 3763 4195 commutari;

2185 4220 2462 4290 quoniam
2495 4222 2949 4277 fundamentum
2981 4224 3138 4295 quod
3167 4225 3319 4280 Deus
3345 4223 3553 4297 posuit,
3584 4222 3763 4275 buma-

2187 4325 2292 4363 nus
2313 4327 2430 4363 non
2453 4311 2602 4364 valet
2629 4327 2900 4366 amovere
2932 4315 3197 4378 conatus,
3227 4316 3287 4368 et
3317 4313 3477 4385 quod
3507 4313 3647 4367 Deus
3671 4310 3768 4361 sta-

2185 4396 2315 4466 tuit,
2336 4398 2569 4453 firmum
2588 4398 2959 4471 validumque
2975 4401 3257 4455 consistit.
3272 4403 3486 4456 Verum
3503 4399 3594 4454 ille
3614 4394 3769 4469 potis-

2185 4486 2389 4542 simum
2409 4486 2728 4559 peccat,qui
2751 4487 2851 4542 Dei
2870 4488 3223 4544 ordinationi
3240 4489 3508 4544 resistere
3529 4486 3767 4558 temptat.

2184 4577 2312 4647 Ipsa
2328 4592 2580 4647 namque
2611 4575 2913 4648 privilegia
2943 4577 3223 4633 Romana:
3254 4576 3527 4633 mcclesite
3552 4570 3771 4645 impingi

2185 4667 2578 4736 possunt,tran
2588 4664 2754 4719 sferri
2772 4680 2889 4719 non
2906 4672 3170 4737 possunt;
3193 4666 3343 4721 trahi
3372 4658 3772 4739 possunt,evelli

2185 4770 2303 4809 non
2335 4757 2603 4826 possunt;
2636 4772 2764 4826 quae
2789 4757 3097 4826 permanet
3121 4762 3192 4797 ’θ’
3224 4754 3462 4810 illibata.
3494 4753 3771 4819 Quousque

2183 4842 2562 4900 Christianum
2581 4860 2788 4899 nomen
2803 4844 3176 4914 praedicatum
3189 4843 3488 4912 fuerit,illa
3498 4838 3777 4897 subsistere

2184 4950 2303 4989 non
2322 4934 2572 4989 cessabit
2590 4932 2922 4988 inmutilata
2946 4942 3038 4987 ω.
3057 4935 3126 4987 Et
3154 4934 3440 5005 quoniam
3461 4935 3659 4987 contra
3678 4927 3775 4980 Ro-

2186 5039 2427 5078 manam
2455 5020 2756 5076 ecclesiam
2777 5037 3031 5077 canones
3056 5021 3425 5094 opposuistis,
3444 5018 3634 5076 audite
3653 5010 3775 5088 quid

2184 5113 2344 5169 vobis
2373 5110 2650 5181 Gelasius,
2682 5111 3001 5168 multarum
3030 5112 3315 5168 hereseon
3361 5111 3695 5170 destructor,
3723 5102 3776 5156 in

1788 5213 2023 5270 VARI/E
2074 5210 2365 5269 LECTION
2373 5209 2475 5265 ES.

538 5298 612 5371 ξπ
644 5294 720 5346 ita
749 5310 809 5371 c._
857 5301 929 5336 ’τι
956 5298 1339 5371 numeracod.
1417 5306 1589 5371 mito
1608 5317 1655 5355 c.
1729 5310 1801 5344 ’τε
1822 5304 1893 5357 ab
1922 5304 2035 5357 cod.
2116 5311 2187 5345 ’το
2214 5299 2347 5354 inde
2376 5298 2681 5371 rogatione
2714 5315 2762 5354 c.
2850 5307 2921 5339 ’⁸ο
2953 5299 3169 5354 scibere
3200 5298 3309 5353 cod.
3393 5306 3461 5341 πί
3495 5294 3777 5352 aucdacter

2116 5443 2245 5497 ΤΑΞ.

2116 5445 2245 5497 ΤΑΞ.

535 5522 651 5595 (43)
683 5523 1024 5610 Gerbertum
1054 5526 1350 5610 intelligit,
1398 5546 1693 5610 summum
1724 5538 1923 5607 postea
1953 5445 2317 5607 poliiitlcem,
2352 5537 2449 5610 qui
2480 5555 2538 5593 se
2588 5540 2728 5592 tunc
2776 5537 3057 5609 temporis
3087 5536 3387 5593 Remeusis
3424 5530 3627 5608 synodi
3654 5527 3774 5584 scri'

468 5362 585 5418 cod.
656 5371 729 5406 ὐ
761 5366 853 5419 sic.
922 5374 994 5409 m
1027 5366 1379 5424 immulitata
1404 5370 1524 5426 cod.

469 5598 704 5668 ptorem
736 5597 999 5653 nondum
1029 5597 1318 5673 professus
1338 5597 1474 5659 esse
1506 5597 1748 5661 videtur:

154 5802 557 5943 ﬁ
650 5756 663 5763 _
