3898 6168
202 388 276 450 ω
984 379 1256 437 SPURIA
1290 378 1439 435 AUT
1468 377 1746 434 ALIENA
1796 406 1869 419 —
1902 376 2151 435 LEONIS
2186 377 2428 441 LEGATI
2458 384 2671 446 EPIST.
3412 390 3513 455 342

201 509 810 576 commonitorio,Faust0
826 503 1400 580 magistro,ﬁngenti
1418 502 1803 573 legationem
1830 505 1881 564 Α
1914 519 2076 575 papae
2100 502 2209 560 illis
2228 505 2444 564 directa
2464 509 2606 566 sicut
2622 511 2981 584 evangelium
3000 513 3508 574 confirmaverunt.

205 599 735 668 Constantinopolym,
757 595 1080 663 dato,iuter
1102 596 1330 656 ceter,a
1351 592 1436 645 sic
1459 591 1592 651 ait;
1626 589 1802 643 Nobis
1911 590 1967 644 Si
1998 608 2132 648 vero
2165 595 2466 665 ultionem,
2503 603 2562 654 ut
2593 602 2849 670 audistis,
2882 602 3217 660 Dioscorum
3240 605 3509 661 Antioce-

199 690 358 763 inquit,
378 687 639 758 apponum'
661 686 911 748 kanones,
945 684 1071 738 dum
1094 682 1352 735 nesciunt
1382 678 1536 749 quid
1565 678 1802 747 loquan-
1907 679 1965 732 ni
1998 681 2382 750 patriarcham
2410 687 2691 756 fecerunt,
2728 691 2961 746 obsecro
2994 708 3096 763 per
3119 694 3325 761 Deum,
3360 693 3506 748 noli-

201 790 278 843 tur,
311 784 471 831 contra
503 790 631 844 quos
662 774 764 842 ipsi
800 774 976 827 venire
1021 789 1073 824 se
1095 769 1363 841 produnt,
1398 764 1580 836 quod
1604 767 1803 833 prima:
1904 770 1958 820 te
1989 772 2294 838 occultare,
2328 775 2464 846 quia
2491 777 2639 831 Deus
2668 780 2876 833 veritas
2916 784 3019 845 est,
3064 784 3122 834 et
3172 780 3268 851 qui
3306 780 3508 836 verita-

197 868 488 922 εεᾱίιειςαηα
510 868 762 931 rectaque
792 861 1039 915 suadenti
1078 874 1266 930 parere
1314 854 1799 925 rcfugiunthsi
1901 859 2016 908 tem
2064 860 2329 923 occultat,
2380 879 2485 932 pro
2534 869 2689 919 certo
2740 869 2924 922 Deum
2976 871 3170 939 negat.
3194 868 3338 922 Nam
3371 867 3508 938 quia

198 958 298 1009 sunt
323 955 567 1007 kanones
598 949 698 1020 qui
733 947 1146 1020 appellationes
1192 944 1366 998 totius
1399 939 1696 1027 ecclesia:
1727 943 1800 998 ad
1897 943 2065 998 beato
2094 946 2370 1019 Gregorio
2412 952 2749 1023 derogastis,
2785 958 2847 1009 ut
2887 955 2957 1009 de
2994 954 3351 1027 depositione
3382 955 3504 1025 epi-

196 1044 327 1113 hujus
349 1040 485 1095 sedis
513 1053 769 1092 examen
798 1036 1032 1089 volucre
1064 1033 1288 1098 deferri,
1324 1028 1397 1081 ab
1444 1025 1613 1095 ipsis
1666 1047 1795 1086 vero
1897 1047 2197 1102 scoparum
2223 1055 2339 1093 non
2364 1025 3505 1110 requireret,consideratevrationabiliter

195 1146 429 1202 nusquam
456 1142 704 1199 prorsus
744 1123 1032 1195 appellari
1063 1123 1270 1177 debere
1310 1120 1681 1203 δθηῖῗὲἳιιηῑν
1733 1136 1796 1175 ac
1895 1136 1951 1187 et
1984 1132 2240 1203 probate,
2263 1128 2417 1199 quod
2435 1128 2582 1182 illius
2607 1132 2963 1202 temporibus
2979 1134 3078 1186 aut
3097 1149 3264 1187 suum
3306 1132 3506 1187 defen-

193 1237 272 1295 per
294 1201 387 1272 hoc
414 1216 575 1270 illam
609 1214 683 1267 de
722 1215 849 1267 tota
876 1211 1114 1264 ecctesia
1152 1208 1432 1280 judicare:
1471 1201 1673 1275 ipsam
1720 1209 1792 1263 ad
1892 1201 2104 1285 sorem,
2138 1220 2236 1272 aut
2259 1216 2574 1284 notarium,
2608 1221 2707 1272 aut
2732 1201 3178 1284 ﬁsubdiaconum,
3203 1222 3300 1273 aut
3330 1236 3502 1278 suum

194 1309 372 1363 nullum
397 1318 737 1359 commeare
764 1298 1066 1371 juditium,
1103 1315 1207 1352 nec
1238 1297 1308 1351 de
1338 1295 1465 1366 ejus
1499 1312 1787 1367 umquam
1889 1307 2163 1362 vicarium
2196 1306 2469 1371 habebat,
2496 1304 2638 1360 sicut
2658 1306 2717 1361 in
2740 1307 2892 1361 illius
2922 1305 3307 1361 vitainvenire
3328 1310 3497 1378 pote-

191 1396 530 1471 preceperunt
554 1392 781 1463 juditio
807 1389 1082 1460 judicari,
1120 1385 1604 1457 sententiamque
1640 1387 1786 1442 illius
1887 1395 2029 1457 ritis,
2062 1394 2158 1466 qui
2193 1392 2391 1448 omnia
2415 1410 2517 1447 sua
2542 1393 2662 1448 vice
2691 1393 2999 1449 ordinabat
3028 1395 3085 1447 et
3128 1394 3495 1466 disponebat,

194 1503 283 1541 non
309 1484 601 1554 oporteret
629 1478 887 1534 dissolvi.
921 1478 986 1530 Et
1015 1475 1294 1548 quoniam
1325 1491 1453 1546 quae
1493 1474 1553 1528 in
1591 1475 1782 1531 detra-

192 1573 344 1627 ctione
357 1572 635 1625 Romanae
664 1566 928 1622 ecclesias
960 1581 1231 1619 evomere
1260 1562 1518 1633 potuisti,
1553 1563 1780 1636 scripsi-

190 1662 267 1730 sti;
301 1659 442 1732 quod
471 1659 680 1713 autem
712 1656 911 1709 honor
943 1657 1001 1708 et
1030 1654 1203 1707 decus
1227 1650 1375 1705 illius
1405 1654 1511 1717 est,
1533 1653 1783 1707 latenter

190 1748 469 1804 subtraxisti
501 1763 518 1801 :
577 1746 992 1799 verumtamen
1042 1736 1538 1796 medicamentum
1570 1741 1780 1795 animae

188 1835 514 1902 abscondisti,
544 1837 607 1889 et
635 1832 1117 1898 venenum,undc
1145 1829 1405 1883 incautos
1422 1829 1782 1899 etsimplices

188 1927 470 1980 interﬁcere
488 1923 710 1995 possis,
735 1918 1381 1975 ostendisti.Enimvero
1404 1918 1675 1988 quicquid
1698 1918 1775 1973 in.

186 2014 521 2087 terrogando,
562 2015 625 2066 ut
655 2009 758 2064 filii
794 2009 870 2062 ad
900 2011 1115 2079 patres,
1147 2006 1413 2060 Aurelius
1429 2010 1487 2060 et
1510 2008 1781 2078 Augusti-

188 2118 268 2156 nus
289 2105 340 2154 et
364 2101 703 2173 Alippiuset
727 2097 907 2153 ceteri
941 2096 1190 2169 episcopi
1224 2096 1282 2149 in
1316 2095 1529 2149 Atfrica
1564 2098 1776 2151 consti-

186 2190 268 2244 tuti
293 2188 578 2243 Bonifatio
606 2203 780 2258 papa:
814 2184 1119 2251 miserunt,
1149 2201 1246 2239 vos
1260 2187 1529 2255 proterve
1547 2187 1603 2239 ct
1617 2202 1780 2241 arro-

186 2282 357 2349 ganter
386 2276 668 2349 posuistis
692 2293 705 2343 ;
741 2274 901 2346 quod
930 2290 1063 2327 vero
1089 2272 1779 2345 proptertribulationem

185 2370 229 2421 et
252 2366 595 2438 angustiam,
626 2380 759 2436 quas
788 2361 1206 2417 eiimminebat
1229 2361 1550 2428 abEulalio,
1586 2362 1683 2433 qui
1718 2362 1777 2417 in

184 2455 465 2510 intentione
492 2470 621 2509 uno
642 2453 738 2507 die
756 2467 888 2505 cum
904 2449 1161 2523 predicto
1176 2449 1461 2504 Bonifatio
1480 2450 1777 2506 ordinatus

184 2543 359 2607 fuerat,
389 2548 445 2599 et
470 2558 721 2613 semper
754 2540 814 2595 in
830 2538 1186 2594 dissensione
1220 2538 1347 2605 fuit,
1383 2555 1495 2610 quo
1519 2542 1654 2593 vixit
1674 2557 1777 2595 an-

184 2649 266 2687 nos
282 2636 310 2687 3
335 2637 389 2687 et
408 2648 650 2687 menses
665 2634 718 2697 5,
734 2633 794 2684 et
808 2632 1119 2701 propterea
1134 2627 1245 2681 illis
1262 2625 1513 2682 scribere
1532 2627 1777 2683 minime

182 2721 338 2790 potuit
362 2724 507 2775 teste
550 2718 841 2779 Celestino
869 2733 1041 2788 papa,
1075 2716 1266 2770 dicere
1292 2715 1774 2787 noluisti.Episto-

184 2811 278 2865 lam
307 2829 434 2867 vero
469 2809 791 2867 ostendere
823 2805 1067 2879 predicti
1119 2803 1388 2860 Celestini
1416 2821 1600 2877 papas,
1646 2822 1774 2878 qua:

185 2898 393 2954 laudans
411 2917 513 2955 eos
549 2902 607 2954 et
637 2897 994 2967 amplectens
1019 2909 1224 2949 eorum
1258 2892 1773 2966 sententiam,quze

182 2986 237 3041 de
264 2987 430 3043 libero
458 2986 712 3042 arbitrio
742 2992 813 3028 ηδ
845 2983 1227 3048 diffinierunt,
1253 2984 1310 3035 et
1341 2997 1590 3052 arguens
1620 2984 1775 3053 quod

184 3076 459 3132 orientales
488 3074 755 3131 ecclesim
776 3072 1064 3127 deNiceno
1079 3069 1324 3125 concilio
1341 3070 1770 3138 consuluerunt,

1887 1488 1945 1538 et
1974 1484 2131 1556 quod
2174 1484 2399 1537 rectum
2441 1481 2744 1549 fatiebant,
2786 1481 3059 1536 laudabat
3107 1485 3166 1536 et
3190 1484 3501 1538 confirma-

1887 1572 2005 1631 bat.
2040 1571 2273 1642 quando
2306 1569 2659 1637 inordinate,
2689 1569 3019 1640 corrigebat
3047 1572 3103 1623 et
3123 1570 3498 1628 emendabat.

1887 1659 2050 1714 Unde
2085 1659 2261 1713 etiam
2294 1658 2496 1712 Menne
2529 1658 2799 1730 episcopo
2833 1657 2891 1711 in
2940 1674 3043 1712 sua
3080 1658 3388 1729 praesentia
3441 1678 3501 1718 se

1886 1748 2249 1819 puriﬁcante,
2274 1750 2332 1800 et
2359 1746 2711 1817 dignitatem
2744 1746 2984 1801 honoris
3004 1750 3061 1801 et
3077 1747 3323 1819 gratiam
3347 1766 3503 1806 com-

1886 1836 2180 1891 munionis
2206 1834 2478 1890 reddidit.
2501 1834 2783 1889 Similiter
2811 1835 3147 1890 Januarium
3167 1837 3503 1910 epiSCOpum

1884 1928 1942 1979 et
1985 1925 2367 1995 Stephanum,
2420 1940 2529 1994 per
2584 1925 2953 1979 defensorem
2979 1942 3145 1981 suum
3174 1928 3503 1985 Iohannem

1884 2013 2083 2067 audire
2103 2018 2160 2068 et
2181 2011 2403 2067 restitui
2428 2012 2567 2065 fecit
2601 2012 2659 2065 in
2676 2012 2900 2067 ordine.
2924 2013 3134 2069 Verum
3168 2016 3343 2070 etiam
3378 2032 3503 2074 non

1883 2103 2070 2156 solum
2096 2100 2397 2173 episcopis,
2430 2100 2533 2153 sed
2565 2100 2744 2154 etiam
2768 2102 3132 2173 presbyteris,
3159 2102 3255 2175 qui
3286 2102 3505 2159 inordi.

1883 2193 2018 2243 nate
2045 2189 2291 2261 depositi
2319 2195 2389 2229 ὀι
2410 2186 2646 2242 fuerant
2674 2188 2873 2244 ordini
2898 2190 3116 2261 pariter
3145 2196 3202 2245 et
3230 2190 3289 2245 in
3310 2191 3504 2263 digni-

1883 2279 2001 2331 tate
2032 2277 2302 2333 restituit.
2341 2276 2470 2328 Haec
2494 2274 2673 2330 etiam
2699 2278 2913 2348 partim
2945 2278 3004 2332 in
3027 2278 3143 2333 vita
3168 2279 3337 2347 illius,
3369 2297 3506 2353 par-

1884 2365 1992 2418 tim
2021 2365 2081 2420 in
2111 2367 2345 2438 regesto
2379 2363 2779 2433 ejusinvenire
2800 2366 3082 2439 poteritis.
3115 2369 3313 2439 Itaque
3334 2368 3503 2425 Nico-

1882 2454 2038 2507 laum
2070 2470 2290 2526 papam
2322 2451 2396 2505 ad
2426 2455 2680 2509 vestrum
2706 2454 3102 2510 testimonium
3125 2455 3503 2525 deduxisti,eo

1882 2542 2037 2612 quod
2053 2543 2364 2598 adversum
2388 2539 2715 2598 Romanam
2737 2543 3037 2599 ecclesiam
3053 2543 3113 2599 in
3142 2544 3502 2615 depositione

1882 2628 2295 2702 episcoporum
2323 2628 2584 2685 siluisset.
2617 2632 2873 2698 Qualiter
2916 2636 3121 2688 contra
3149 2633 3379 2688 Fotium
3410 2633 3501 2689 in-

1878 2734 2148 2775 vasorem
2188 2718 2851 2792 Constantinopolitanae
2883 2720 3137 2775 ecclesias
3168 2720 3410 2776 asterius
3427 2731 3502 2766 Μ

1878 2805 2009 2873 fuit,
2042 2823 2350 2879 quousque
2371 2808 2658 2879 Ignatium
2681 2809 2739 2864 in
2763 2809 2897 2864 sede
2926 2807 3165 2880 propria
3179 2813 3500 2879 revocaret,

1878 2894 1939 2949 in
1984 2896 2250 2967 epistolis
2308 2895 2456 2951 illius
2486 2896 2744 2953 invenire
2788 2896 3071 2969 poteritis.
3130 2897 3321 2951 Etiam
3352 2899 3493 2953 etin

1876 2983 2148 3041 Mettensi
2179 2984 2403 3058 synodo
2444 2989 2649 3041 contra
2685 3002 2852 3057 reges
2880 2987 2937 3039 et
2967 2983 3277 3055 episcopos
3304 2984 3363 3038 in
3396 3001 3494 3040 ex-

1876 3074 2374 3129 communicando
2405 3077 2462 3129 et
2493 3090 2611 3130 non
2659 3071 3093 3129 reconciliando
3144 3087 3320 3143 quam
3354 3076 3501 3127 aste-

183 3180 289 3219 cum
315 3183 417 3238 per
453 3164 702 3235 triginta
742 3166 802 3217 et
853 3178 921 3217 eo
963 3158 1216 3230 amplius
1248 3175 1433 3213 annos
1458 3158 1518 3211 in
1544 3161 1774 3214 tantum
1800 3156 1849 3216 C
1877 3178 1975 3215 rus
2003 3160 2135 3230 fuit,
2178 3163 2511 3235 diligentius
2549 3162 2866 3235 previdete.
2909 3159 3155 3229 Semper
3200 3159 3309 3214 hoc
3362 3176 3499 3232 pro-

180 3252 383 3309 heretici
416 3252 751 3309 orientales
779 3250 1042 3305 ecclesias
1075 3247 1477 3313 devastabant,
1513 3250 1575 3301 ut
1600 3262 1771 3317 poene

181 3343 371 3398 nullum
400 3343 627 3398 librum
660 3340 732 3395 de
761 3339 871 3393 ﬁde
896 3336 1181 3393 catholica
1210 3335 1569 3390 dimittentes
1598 3353 1773 3408 quem

183 3446 279 3484 non
289 3431 643 3486 falsaverunt
654 3431 754 3483 aut
779 3444 893 3483 non
911 3425 1564 3499 incenderuntJnsuper
1584 3424 1773 3496 ipsum

184 3517 465 3575 simbolum
490 3518 694 3577 Niceni
707 3516 929 3572 concilii
945 3513 1340 3584 conscriptum
1359 3512 1519 3585 pauci
1538 3513 1773 3569 abscon-

184 3606 297 3662 dere
308 3606 803 3680 potuerunt,unde
822 3605 1088 3677 plurimas
1111 3606 1451 3657 memorata:
1465 3601 1771 3658 orientales

187 3697 405 3752 ecclesia:
437 3715 473 3751 a
504 3698 774 3751 Romana
816 3693 1053 3749 ecclesia
1099 3692 1287 3763 ipsum
1327 3691 1638 3746 simbolum
1665 3691 1770 3746 sibi

184 3787 435 3841 conscribi
463 3785 826 3858 petiverunt;
856 3785 914 3837 et
930 3780 1277 3836 Athanasius
1309 3779 1769 3853 archiepiscopus

185 3872 602 3941 Alexandrinus,
637 3872 733 3943 qui
762 3871 817 3925 in
842 3870 1154 3925 diaconatu
1178 3868 1392 3941 positus
1409 3868 1530 3939 ipso
1553 3868 1765 3923 Niceno

183 3959 434 4030 interfuit,
488 3963 678 4017 Marco
722 3959 1015 4031 pontifice,
1052 3960 1115 4012 ut
1143 3956 1195 4011 ei
1245 3958 1582 4030 dignaretur
1627 3974 1765 4012 con-

184 4050 350 4117 scribi,
380 4050 765 4122 supplicando
803 4047 1119 4103 mandavit.
1164 4046 1232 4099 Et
1258 4047 1535 4119 quoniam
1567 4049 1768 4119 postea

184 4139 529 4210 temporibus
559 4136 877 4194 Constantii
910 4140 969 4191 et
991 4135 1201 4189 Iuliani
1226 4135 1343 4207 ipse
1357 4136 1592 4209 pestifer
1608 4151 1763 4189 mor-

186 4224 272 4279 bus
295 4244 473 4299 usque
505 4228 581 4283 ad
616 4228 937 4282 Romanam
968 4224 1290 4293 ecclesiam,
1324 4242 1451 4298 quas
1472 4228 1555 4280 est
1578 4222 1764 4296 capud

184 4316 533 4370 momnium
592 4316 1000 4381 aecclesiarum,
1052 4314 1329 4385 pervenit,
1387 4314 1631 4386 ideoque
1662 4328 1765 4383 per

186 4401 413 4460 diverSas
445 4406 741 4460 Romanas
771 4403 1039 4459 ecclesias
1064 4402 1344 4473 dispersas
1394 4406 1517 4458 tam
1569 4401 1763 4475 predi-

186 4493 317 4547 ctam
370 4493 651 4549 sinodum
709 4509 882 4564 quam
936 4491 1115 4546 etiam
1147 4490 1375 4547 decreta
1422 4492 1764 4564 pontificum

187 4581 454 4649 predictus
487 4580 820 4637 Caelestinus
844 4580 904 4634 in
934 4595 1117 4634 unum
1135 4595 1490 4654 congregans
1516 4580 1766 4636 maxime

191 4672 547 4727 alelchiade
578 4688 745 4742 papa,
795 4670 939 4725 sicut
986 4669 1037 4724 ei
1079 4671 1352 4727 Damasus
1396 4672 1653 4745 pontifex
1684 4687 1772 4725 re-

191 4761 546 4829 promiserat,
575 4761 679 4832 ipsi
702 4759 932 4815 Aurelio
972 4759 1334 4814 remandavit
1363 4762 1570 4817 eadem
1611 4776 1769 4833 que:-

192 4864 287 4920 que
318 4858 388 4893 ἐτ
437 4849 689 4905 Isidorus
739 4848 937 4904 asserit
993 4856 1083 4903 ³8⁸.
1142 4848 1253 4903 Sed
1296 4867 1394 4905 vos
1422 4851 1547 4905 haec
1578 4847 1769 4905 omni-

1785 4455 1838 4513 D

1877 3248 2073 3321 prium
2104 3252 2310 3306 habuit
2335 3252 2600 3307 Romana
2632 3249 2893 3317 ecclesia,
2921 3251 2984 3301 ut
3001 3246 3496 3318 justosjustiﬁcet,

1878 3337 2159 3411 etimpios
2176 3340 2791 3412 condempnet,hostes
2809 3334 3235 3409 expellat,filios
3251 3340 3495 3391 recreet.

1879 3426 1947 3480 Et
1978 3428 2255 3498 quoniam
2288 3426 2723 3501 improperasti,
2752 3424 2911 3499 quod
2942 3423 3254 3479 orientales
3269 3424 3497 3479 etAﬂ'ri-

1878 3531 2052 3571 canas
2072 3534 2173 3572 seu
2195 3517 2600 3589 Hispanienses
2616 3516 2886 3571 ecclesias
2899 3513 2971 3568 ab
2988 3529 3057 3567 ea
3067 3529 3127 3567 se
3140 3516 3495 3585 separarent,

1876 3607 1936 3659 et
1986 3603 2045 3659 in
2099 3607 2208 3660 hoc
2257 3623 2355 3661 vos
2404 3607 2549 3661 falsa
2575 3604 2783 3660 dixisse
2816 3601 3171 3673 cognoscite,
3218 3602 3497 3673 quoniam

1876 3710 2033 3747 nunc
2050 3694 2390 3753 Theodorus
2413 3693 2876 3765 archiepiscopus
2896 3690 3213 3761 Egypti,et
3227 3691 3497 3747 Horestus

1873 3781 2666 3855 Hierosolimitanus,legatos
2687 3798 2818 3837 suos
2838 3787 2910 3822 ηδ
2932 3779 3007 3833 ad
3044 3779 3329 3835 domuum
3355 3798 3496 3853 apo-

1870 3871 2134 3927 stolicum
2167 3874 2449 3943 preterito
2474 3882 2546 3916 "4
2578 3888 2732 3927 anno
2752 3869 3105 3936 direxerant,
3135 3872 3194 3924 et
3211 3869 3283 3925 de
3305 3870 3493 3926 heresi

1868 3962 2269 4019 Jacobitarum
2295 3979 2618 4029 conversos,
2644 3964 2840 4015 utrum
2859 3958 2930 4013 ad
2942 3957 3275 4014 clericatum
3297 3959 3492 4014 venire

1869 4050 2456 4117 debeant,consilium
2475 4049 2887 4123 petiverunt,et
2908 4045 3185 4116 quoniam
3208 4063 3312 4118 pro
3331 4048 3490 4102 metu

1870 4139 2330 4197 Sarracenorum
2353 4142 2411 4196 in
2435 4137 2598 4196 omni
2626 4135 2867 4192 ecclesia
2896 4134 3076 4189 altare
3099 4134 3343 4191 minime
3357 4152 3491 4191 con-

1866 4245 2089 4284 secrare
2112 4231 2408 4300 poterant,
2439 4231 2506 4284 nt
2533 4225 2614 4281 eis
2645 4240 2908 4299 pannum
2937 4240 3272 4279 consecrare
3290 4225 3489 4280 liceret

1867 4319 2328 4389 postulaverunt.
2385 4315 2664 4375 Similiter
2710 4315 2781 4370 de
2834 4312 3028 4369 Africa
3077 4313 3489 4386 Cartagineuse

1868 4406 2054 4459 clerus
2081 4408 2139 4459 et
2170 4409 2416 4478 populus
2449 4403 2807 4475 temporibus
2833 4402 3035 4456 domni
3078 4401 3369 4457 Benedicti
3400 4419 3489 4458 se-

1869 4493 2039 4567 ptimi
2070 4510 2237 4565 papae
2262 4513 2444 4550 unum
2471 4492 2855 4558 sacerdotem,
2909 4491 3188 4546 Iacobum
3227 4491 3488 4559 nomine,

1870 4585 2176 4653 elegerunt
2223 4587 2282 4639 et
2315 4601 2452 4639 eum
2502 4583 2771 4649 Romam,
2816 4582 2878 4634 ut
2907 4580 3004 4634 ubi
3033 4582 3488 4643 consecraretur,

1871 4671 2316 4728 mandaverunt.
2359 4672 2631 4746 Epistola,
2664 4686 2840 4743 quam
2866 4685 3060 4724 secum
3083 4668 3308 4736 detulit,
3340 4668 3493 4724 inter

1873 4762 2067 4815 cetera
2112 4760 2195 4815 ita
2242 4761 2624 4817 continebat:
2679 4781 2708 4810 ‹‹
2771 4760 2998 4814 Domno
3049 4756 3379 4813 beatissimo
3435 4760 3494 4811 et

1876 4848 2189 4920 apostolico
2217 4862 2382 4921 papae
2415 4850 2692 4903 Romanae
2723 4864 2758 4901 a
2788 4847 2905 4902 Deo
2938 4848 3211 4917 protectae
3254 4844 3495 4899 civitatis

191 4940 346 4993 modo
370 4938 674 4994 reticendo
727 4938 949 4992 celastis
997 4945 1089 4999 =09,
1158 4938 1237 4991 De
1265 4939 1585 4995 Antioceno
1638 4953 1772 4991 vero
1877 4937 2061 4992 clerus
2091 4941 2149 4992 et
2178 4940 2425 5009 populus
2457 4936 2904 5007 Cartaginensis.
2932 4936 3294 4990 Postulamus
3318 4933 3499 4990 beati-

193 5028 415 5083 eoncilio
468 5027 625 5099 quod
678 5025 995 5097 scripsistis,
1043 5024 1089 5079 si
1129 5041 1259 5080 cum
1304 5036 1375 5069 290
1440 5026 1631 5099 ligatis
1664 5027 1774 5080 Ro-
1878 5026 2143 5081 tudinem
2184 5030 2461 5089 vestram,
2522 5029 2584 5080 ut
2607 5024 2950 5080 succurratis
2983 5024 3207 5079 miseras
3241 5027 3300 5077 et
3329 5023 3496 5078 deso-

194 5130 366 5171 mana:
422 5116 693 5171 azcclesize
740 5116 952 5169 factum
1004 5117 1108 5182 est,
1169 5118 1225 5169 et
1259 5116 1364 5187 ipsi
1408 5115 1629 5171 ibidem
1658 5113 1776 5186 pri-
1881 5117 2012 5170 ἰδίω
2038 5116 2321 5171 Africanae
2350 5114 2583 5182 civitati,
2615 5131 2743 5186 quin
2766 5114 2845 5168 ita
2872 5114 2945 5168 ad
2966 5102 3242 5167 nichilum
3264 5112 3499 5168 redacta

197 5210 401 5260 malum
433 5205 781 5271 habuerunt,
814 5208 875 5258 ut
922 5204 1164 5275 judices,
1212 5208 1269 5260 et
1303 5206 1446 5260 sicut
1488 5206 1548 5259 in
1592 5203 1782 5260 omni-
1882 5208 1990 5271 est,
2017 5209 2079 5259 ut
2108 5205 2204 5260 ubi
2235 5206 2393 5277 olym
2427 5203 2765 5276 metrOpolis
2796 5202 2925 5269 fuit,
2957 5202 3048 5256 vix
3085 5202 3163 5256 ibi
3194 5200 3368 5256 modo
3410 5218 3500 5256 sa-

197 5288 288 5345 bus
346 5292 572 5348 sinodis
615 5293 1080 5379 subscripserunt,
1143 5296 1201 5347 et
1258 5294 1505 5366 epistola
1570 5292 1779 5347 Leonis
1883 5293 2145 5349 cerdotes
2175 5294 2545 5349 habeantur:
2590 5294 2648 5347 et
2687 5291 2829 5348 sicut
2852 5291 3033 5347 nostri
3078 5289 3400 5347 anteriores
3429 5289 3503 5345 ad

1488 5426 1725 5482 VABUE
1774 5427 2066 5483 LECTION
2074 5427 2176 5484 ES.

234 5620 243 5629 ι
258 5558 334 5629 χιι
358 5548 516 5629 sedis
541 5550 649 5629 cod,
708 5547 1003 5629 385_arbitri
1029 5548 1145 5605 cod.
1204 5557 1275 5590 286
1305 5549 1461 5622 apud
1482 5550 1596 5603 cod.
1636 5557 1722 5629 .287
1902 5567 1948 5607 ε.
2009 5558 2079 5592 288
2102 5548 2243 5605 assir
2269 5568 2316 5606 ε.
2380 5558 2451 5593 28°
2474 5548 2667 5607 celasti
2687 5548 2801 5606 cod.
2862 5558 2934 5592 ιοο
2958 5543 3079 5607 sict'i
3108 5545 3262 5604 codd.
3319 5554 3494 5619 mpo-

212 5621 295 5675 siti
320 5640 366 5676 ς.
412 5625 503 5662 ἰη
536 5622 573 5676 1'.
605 5640 648 5676 e.
677 5621 950 5676 austerius
1001 5630 1071 5663 298
1102 5635 1220 5676 vos.
1255 5640 1303 5676 c.
1345 5621 1437 5664 3N
1468 5622 1711 5695 peterito
1732 5621 1859 5679 rod.
2030 5648 2041 5654 ·
