3876 6172
385 298 492 361 343

390 419 613 474 vestros
647 414 967 475 anteriores
1014 415 1419 489 confugerunt,
1458 416 1538 473 ita
1566 434 1720 475 nunc
1740 418 1998 492 quamvis

385 506 547 582 parvi
573 509 632 579 et
648 505 874 577 indigni
904 505 1087 565 advos
1112 505 1447 579 confugium
1473 506 1751 577 facimus;
1780 510 1837 563 et
1866 508 1994 563 ideo

390 599 450 659 et
478 595 839 653 sacerdotem
867 594 1144 653 Jacobum
1189 594 1263 649 ad
1312 611 1410 650 vos
1438 595 1718 663 misimus,
1755 598 1817 651 ut
1863 613 1997 652 eum

390 685 561 742 nobis
589 684 913 741 ordinando
945 683 1214 739 solatium
1242 683 1565 759 praebeatis.
1590 705 1618 732 »
1654 684 1834 749 Quem
1866 702 1997 759 pre-

392 776 573 832 dictus
601 773 860 848 pontifex
888 772 949 828 in
981 774 1177 829 nostro
1204 773 1581 841 monasterio,
1611 791 1905 847 quousque
1927 774 1997 828 de

391 865 506 922 fide
543 863 826 920 catholica
853 862 1222 942 probaretur,
1256 861 1445 930 misit;
1503 864 1561 917 at
1603 871 1674 905 επ
1711 862 1806 918 ubi
1860 881 1995 920 eum

396 951 784 1009 orthodoxum
811 949 1092 1029 repperit,
1122 966 1463 1007 consecrans
1479 951 1993 1024 archiepiscopum,

390 1059 526 1099 eum
556 1057 688 1096 cum
717 1038 1017 1115 privilegio
1049 1039 1121 1094 ad
1150 1039 1387 1113 propria
1414 1039 1654 1096 remisit.
1696 1040 1995 1113 Simulque

390 1132 464 1188 de
494 1129 765 1205 Hispania
794 1127 1153 1203 temporibus
1172 1127 1448 1182 Johannis
1477 1144 1664 1200 papas,
1695 1128 1795 1184 ﬁlii
1824 1130 1992 1184 Albe-

388 1219 514 1288 rici,
542 1234 716 1293 quem
746 1235 845 1275 vos
875 1216 1191 1288 incongrue
1221 1215 1559 1287 derogastis,
1581 1218 1837 1274 Julianus
1859 1219 1995 1276 Cor-

390 1308 662 1367 dubensis
693 1304 1153 1377 archiepiscopus
1173 1305 1243 1361 de
1263 1304 1460 1362 multis
1485 1307 1542 1359 et
1569 1306 1639 1360 de
1661 1306 1995 1362 difﬁciliori-

387 1398 495 1454 bus
531 1394 714 1454 causis
758 1393 1064 1468 epistolam
1108 1409 1240 1449 cum
1272 1393 1475 1466 legatis
1510 1388 1768 1463 mittens,
1811 1394 1997 1450 consi-

386 1486 533 1544 lium
588 1486 815 1563 petens,
879 1498 998 1538 non
1046 1481 1438 1555 interrogans,
1484 1482 1610 1555 quis
1659 1487 1757 1538 aut
1814 1484 1996 1557 qualis

389 1572 610 1641 fuisset,
630 1572 731 1630 sed
754 1570 1190 1628 venerationem
1215 1572 1481 1644 praebens
1502 1571 1827 1643 apostolicos
1851 1572 1994 1643 sedi,

387 1661 547 1738 quod
575 1660 689 1726 sibi
702 1658 842 1717 utile
867 1663 991 1717 erat
1008 1658 1287 1733 quaesivit.
1308 1659 1385 1715 Ex
1411 1677 1525 1733 qua
1557 1677 1620 1715 re
1646 1661 1994 1730 cognoscite,

1695 295 2068 359 SILVESTER
2103 299 2151 354 lI
2194 295 2397 355 PAPA.
3561 295 3650 358 344

2097 419 2310 474 habere
2332 414 2646 489 potuimus.
2672 412 2846 473 Nobis
2877 430 3011 471 vero
3031 414 3264 478 reversis
3284 414 3658 493 domum,apo-

2100 504 2332 560 stolicus
2358 521 2457 560 vos
2486 505 2733 560 Romam
2767 503 3059 574 invitavit;
3098 521 3202 559 nec
3239 507 3429 564 tamen
3449 506 3517 562 ad
3542 523 3657 567 eum

2096 593 2291 649 venire
2315 592 2571 648 voluistis
2594 593 2801 666 (44).Et
2813 593 2947 665 quia
2962 593 3020 647 in
3035 592 3236 649 itinere
3256 594 3589 667 positus,non
3608 600 3661 653 ut

2098 682 2402 750 voluimus,
2447 682 2547 736 sed
2596 685 2660 737 ut
2707 682 3018 754 potuimus,
3070 681 3405 754 scripsimus,
3435 700 3573 739 nunc
3599 685 3661 745 ad

2101 774 2349 827 vestram
2372 771 2643 826 sinodum
2669 771 3034 837 revertimur,
3051 787 3176 843 quia
3192 787 3226 825 a
3249 770 3401 826 vobis
3420 776 3499 827 est
3518 789 3664 829 vene-

2101 862 2227 914 rata
2248 861 2305 914 et
2327 859 2581 926 laudata,
2611 876 2645 913 a
2674 858 2890 913 cunctis
2911 858 3176 930 vero,qui
3198 857 3447 913 audiunt.
3480 859 3662 933 depra-

2097 951 2229 1003 vata
2258 951 2315 1003 et
2344 947 2682 1020 vituperata.
2710 947 2846 1012 Quis
2869 947 3123 1002 ﬁdelium
3149 947 3325 1020 aequis
3352 948 3565 1003 auribus
3583 966 3664 1004 au-

2098 1038 2221 1093 dire
2248 1039 2456 1109 potest,
2488 1036 2979 1109 archiepiscopum
3030 1053 3135 1109 per
3163 1036 3340 1092 ﬁdem
3391 1036 3663 1109 deceptum

2098 1129 2157 1181 et
2182 1125 2240 1179 in
2266 1142 2493 1181 carcere
2517 1124 2612 1180 diu
2627 1127 3075 1187 maceratum,et
3089 1124 3167 1179 sic
3183 1125 3397 1181 nudum
3417 1125 3662 1182 vinctum.

2097 1231 2227 1269 cum
2259 1214 2627 1269 multitudine
2645 1213 3021 1285 strepentium
3052 1213 3301 1269 militum
3322 1215 3393 1271 ad
3415 1215 3667 1287 synodum

2099 1305 2358 1371 ductum,
2395 1321 2508 1358 uno
2530 1305 2673 1358 teste
2700 1303 3122 1374 dampnatum?
3144 1303 3281 1369 Quis
3302 1303 3434 1359 talia
3460 1304 3670 1363 audiens

2100 1395 2349 1447 vestram
2381 1392 2666 1464 synodum
2695 1409 2812 1447 non
2846 1391 3188 1447 maledicit?
3227 1394 3415 1465 Neque
3445 1395 3503 1447 ut
3530 1392 3582 1447 in
3596 1409 3672 1447 ve-

2101 1483 2220 1535 stro
2251 1480 2444 1535 libello
2476 1480 2743 1548 habetur,
2791 1482 2878 1535 ter
2911 1484 3229 1553 quaterque
3262 1489 3331 1524 "8
3365 1498 3421 1539 se
3448 1480 3675 1553 culpabi-

2102 1570 2221 1624 lem
2266 1571 2581 1640 negantem
2641 1585 2784 1638 esse,
2835 1570 3024 1625 nullus
3068 1573 3320 1625 vestrum
3350 1586 3477 1627 eum
3500 1568 3673 1627 audire

2096 1658 2294 1726 voluit,
2329 1658 2429 1713 sed
2459 1675 2591 1712 cum
2623 1675 2738 1714 uno
2771 1658 3089 1733 presbitero
3122 1676 3257 1715 eum
3313 1657 3671 1731 dampuastis;

386 1750 715 1807 Romanam
768 1748 1069 1806 ecclesiam
1106 1749 1293 1804 adhuc
1324 1749 1394 1804 ab
1437 1748 1705 1804 omnibus
1748 1740 2068 1805 ecclesiisB
2099 1748 2253 1821 quod
2292 1747 2452 1803 omni
2507 1748 2849 1802 auctoritate
2901 1747 3259 1820 prohibetur.
3303 1748 3461 1812 Quod
3490 1746 3673 1805 nullius

385 1838 664 1896 honorari
694 1840 753 1894 et
778 1836 1435 1905 venerari,solummodo
1464 1836 1673 1892 avobis
1688 1837 1911 1895 detrahi
1940 1842 1998 1895 et

387 1925 757 1982 dehonestari
808 1931 900 1980 πο.
936 1924 1131 1982 Dicitis
1161 1923 1317 1998 quod
1347 1925 1488 1992 Deo,
1519 1941 1637 1981 non
1683 1924 1993 1998 apostolico

383 2013 760 2081 mandaretis,
790 2016 847 2071 et
875 2012 1034 2069 vobis
1073 2027 1415 2084 responsum
1445 2029 1562 2067 non
1594 2012 1860 2067 dedisset.
1892 2013 1999 2067 No-

387 2094 517 2161 tum
567 2105 654 2159 est
691 2102 981 2170 omnibus,
1021 2101 1156 2175 quia
1203 2100 1265 2155 in
1313 2103 1476 2156 tanta
1525 2101 1898 2157 tribulatione
1940 2104 1998 2155 et

388 2189 765 2264 oppressione
808 2207 843 2245 a
867 2188 1288 2245 Crescentio....
1321 2196 1392 2231 397
1443 2206 1597 2244 nunc
1622 2188 1839 2260 positus
1865 2187 1993 2258 fuit,

391 2281 456 2334 ut
468 2277 702 2353 quando
723 2277 971 2333 voluitet
991 2275 1561 2350 qualitervoluit,nec
1577 2276 1737 2331 vobis
1749 2293 1856 2331 nec
1872 2276 1995 2333 aliis

380 2381 725 2439 responsum
744 2364 883 2420 dare
903 2364 1427 2438 potuit;sedtamen
1439 2363 1604 2418 citius
1624 2381 1797 2436 quam
1812 2363 1996 2436 potuit

381 2470 489 2511 nos
514 2453 588 2510 ad
609 2452 1072 2529 investigandam
1082 2456 1140 2508 et
1162 2452 1573 2527 inquirendam
1603 2456 1851 2508 vestram
1866 2470 1993 2509 cau-

380 2559 508 2599 sam
524 2540 829 2599 direxit.At
852 2541 950 2598 ubi
975 2540 1151 2615 Aquis
1171 2541 1450 2610 venimus,
1468 2542 1594 2614 jam
1613 2558 1746 2596 eum
1772 2542 1994 2614 deposi-

379 2632 508 2689 tum
524 2628 937 2700 invenimus,et
961 2646 1150 2705 neque
1168 2628 1402 2704 aliquod
1425 2646 1764 2703 responsum
1779 2647 1813 2686 a
1831 2630 1991 2687 vobis

2096 1837 2355 1904 honoris,
2387 1834 2596 1890 nullius
2627 1835 2922 1908 dignitatis
2951 1836 3022 1891 sit
3052 1838 3255 1891 contra
3284 1833 3674 1907 quemlibetlai-

2097 1940 2250 1992 cum,
2284 1941 2465 1979 unum
2502 1923 2903 1979 testimonium
2942 1925 3179 1980 credere
3223 1924 3458 1981 debere:
3482 1926 3671 1996 quanto

2099 2013 2287 2085 magis
2317 2013 2585 2068 adversus
2614 2012 3109 2087 archiepiscopum
3146 2012 3327 2079 lQuia
3342 2030 3470 2071 vero
3490 2011 3671 2082 dicitis,

2097 2099 2286 2170 ipsum
2306 2117 2364 2155 se
2379 2117 2668 2157 accusasse
2681 2104 2738 2156 et
2752 2099 3079 2156 confessum
3107 2102 3306 2170 fuisse,
3324 2101 3672 2169 considerate,

2099 2189 2144 2243 si
2185 2189 2293 2245 fuit
2324 2190 2658 2261 recipienda
2683 2191 2810 2247 talis
2843 2191 3124 2248 confessio
3142 2192 3174 2247 ‘?
3196 2193 3339 2248 Nam
3358 2194 3418 2247 ut
3436 2191 3671 2251 investro

2094 2277 2287 2333 libello
2318 2279 2586 2347 habetur,
2611 2279 2885 2334 dicebatis
2906 2279 2959 2333 ei
2983 2297 2996 2335 :
3020 2279 3154 2335 Pete
3173 2282 3380 2337 veniam
3407 2287 3463 2335 ut
3484 2281 3584 2335 vita
3612 2281 3669 2334 ti-

2100 2366 2152 2420 bi
2182 2367 2517 2422 concedatur.
2555 2367 2598 2422 0
2630 2367 2847 2423 inutilis
2890 2367 3211 2424 confessio!
3243 2368 3369 2424 Acsi
3397 2369 3447 2424 ei
3476 2368 3671 2423 dicere-

2095 2456 2223 2509 tur:
2269 2454 2397 2509 Nisi
2418 2455 2614 2510 dixeris
2642 2473 2759 2528 quae
2806 2456 3074 2524 volumus,
3124 2460 3305 2515 vivere
3344 2473 3446 2512 non
3474 2457 3669 2528 poteris.

2094 2542 2235 2598 Ecce
2263 2544 2534 2599 Arnulfus
2560 2544 3025 2617 archiepiscopus
3064 2547 3127 2600 ut
3148 2544 3473 2618 patriarcha
3486 2544 3671 2616 Ioseph

2094 2635 2292 2703 captus
2321 2635 2380 2688 et
2408 2632 2467 2688 in
2486 2634 2677 2689 lacum
2697 2634 3140 2703 missus,timens
3175 2635 3324 2692 mori
3347 2633 3564 2709 negavit
3588 2642 3669 2687 ιη.

1698 2751 1932 2808 VARUE
1979 2752 2380 2809 LECTIOMES.

460 2855 532 2894 ὀι
562 2850 661 2907 aut
683 2865 730 2907 ο.
790 2855 863 2893 m
891 2847 1186 2906 honestati
1214 2865 1262 2905 c.
1320 2854 1392 2892 "7
1413 2847 1517 2904 duo
1543 2848 1642 2905 vel.
1670 2855 1772 2904 tres
1798 2849 1991 2905 litterae
2019 2866 2214 2917 caesae;
2245 2868 2317 2905 an
2340 2852 2573 2906 consule
2590 2850 2618 2906 ‘I
2683 2860 2754 2894 ’σε
2783 2851 2975 2908 littera
3019 2870 3055 2908 a
3083 2868 3238 2909 exesa
3266 2860 3357 2909 est.
3418 2861 3486 2898 ’σο
3509 2850 3574 2906 ΙΙ
3591 2850 3669 2907 de-

377 2921 511 2981 sinit
526 2920 766 2997 pagina;
794 2936 1000 2997 aequae:
1020 2920 1214 2979 codicis
1237 2937 1354 2995 quae
1383 2928 1456 2977 est
1485 2921 1695 2989 ultima,
1729 2922 2019 2994 theologica
2039 2922 2287 2995 quaedam
2305 2925 2558 2991 continet,
2579 2922 2688 2978 alia
2716 2940 2885 2980 manu
2911 2926 3128 2996 scripta.

1926 3019 2150 3076 NOTAE.

450 3117 565 3193 (44)
594 3118 682 3177 Cf.
713 3117 973 3194 Hugonis
990 3117 1214 3175 litteras
1236 3116 1313 3174 ad
1341 3132 1557 3192 papam
1586 3133 1655 3173 ex
1679 3117 1808 3173 cod.
1844 3116 2215 3190 Lugdunensi
2243 3116 2304 3173 in
2326 3117 2463 3173 edit.
2492 3118 2948 3175 Fraucofurtana
2974 3119 3180 3193 synodi
3200 3120 3493 3178 Remensis
3511 3138 3561 3195 ρ.
3584 3120 3674 3176 149

483 3288 1045 3568 ᾸΟΤΑ
1129 3288 2072 3568 CONCILII
2179 3404 3574 3572 MOSOMENSIS

1361 3648 1684 3705 AUCTORE
1718 3649 2082 3706 GERBERTO
2129 3649 2705 3708 ARCHIEPISCOPO.

1731 3767 1897 3841 (Ann.
1932 3772 2055 3838 995,
2097 3768 2233 3826 Jun.
2264 3770 2341 3843 2.)

880 3894 1067 3967 [Apud
1098 3894 1281 3963 Pertz,
1310 3892 1660 3951 Monumenta
1692 3893 1997 3950 Germania:
2027 3894 2298 3964 historica,
2341 3895 2548 3970 Script.
2584 3900 2729 3954 tom.
2763 3898 2851 3964 Ill,
2886 3914 3024 3971 pag.
3057 3900 3212 3972 690.]

718 4166 1094 4223 CONCILIUM
1130 4166 1548 4223 MOSOMENSE
1580 4175 1652 4210 800

449 4256 618 4310 Anno
638 4253 1122 4315 abincarnatione
1147 4255 1376 4310 Domini
1398 4258 1521 4323 995,
1545 4255 1856 4311 indictione
1874 4272 1988 4322 Vlll,

381 4359 417 4398 a
436 4360 590 4417 papa
616 4345 880 4401 Johanne
907 4343 1158 4416 synodus
1178 4343 1519 4399 denuntiata
1537 4346 1624 4399 est
1642 4343 1911 4399 habenda
1931 4342 1990 4397 in

379 4431 705 4506 parrmchia
732 4432 1000 4488 Remensi
1034 4432 1364 4504 metropoli.
1393 4435 1590 4504 Itaque
1616 4449 1667 4486 IV
1695 4432 1884 4487 Nonas
1900 4432 1992 4497 Ju-

378 4520 463 4578 nii
500 4520 974 4578 convenientibus
1003 4522 1321 4577 Mosomum
1351 4519 1856 4577 venerabilissimis
1875 4520 1991 4591 epi-

379 4611 566 4684 scopis
594 4609 858 4669 Liodulfo
888 4619 959 4655 801
988 4609 1343 4678 Treverensi,
1374 4613 1634 4682 Aymone
1668 4617 1740 4653 θοι
1770 4609 1988 4665 Verdu-

379 4699 565 4770 nensi,
597 4701 850 4761 Notkero
880 4708 952 4751 θοι
983 4698 1336 4767 Leodicensi,
1365 4698 1630 4771 Suitgero
1653 4707 1725 4741 θοι
1751 4698 1990 4754 civitatis

376 4789 911 4863 Minigardevurdaa,
946 4788 1059 4846 Leo
1081 4789 1261 4845 abbas
1303 4786 1639 4847 manasterii
1668 4786 1848 4843 sancti
1880 4789 1985 4842 Bo-

377 4878 587 4937 nefacii
620 4878 775 4936 urbis
804 4880 1003 4937 Romae
1034 4876 1219 4934 vicem
1251 4894 1430 4950 agens
1458 4876 1659 4932 domui
1711 4875 1987 4930 Johannis

376 4984 565 5042 papas,
597 4968 823 5025 medius
854 4968 1008 5023 inter
1023 4984 1122 5024 eos
1136 4966 1416 5036 consedit,
1439 4966 1499 5021 in
1530 4963 1784 5021 aecclesia
1804 4964 1988 5019 beatae

376 5056 480 5117 Dei
535 5056 844 5130 genetricis
871 5057 1090 5126 Marie;
1143 5060 1314 5129 atque
1354 5056 1413 5111 in
1461 5071 1663 5110 eorum
1681 5055 1991 5125 prospectu

376 5146 685 5203 Gerbertus
716 5148 1032 5207 Remorum
1064 5145 1542 5217 archiepiscopus,
1574 5160 1680 5215 pro
1713 5159 1811 5197 sua
1841 5143 1994 5197 ordi-

380 5234 617 5293 natione
686 5236 973 5292 rationem
1016 5236 1365 5299 redditurus.
1393 5233 1783 5288 lnterfuerunt
1811 5230 1989 5286 etiam

376 5325 509 5385 huic
535 5324 776 5381 concilio
800 5325 1154 5382 diversarum
1176 5323 1405 5379 urbium
1430 5323 1665 5377 abbates
1694 5338 1807 5374 non
1829 5319 1993 5392 igno-

2012 4168 2059 4228 C
2092 4165 2257 4233 biles,
2289 4169 2389 4224 sed
2419 4168 2555 4236 vita,
2589 4167 2851 4226 moribus
2879 4173 2937 4225 et
2968 4168 3208 4225 scientia
3237 4170 3391 4225 inter
3416 4185 3542 4224 suos
3553 4181 3685 4238 prm-

2090 4255 2247 4309 clari.
2288 4257 2361 4311 Ex
2388 4257 2547 4313 laicis
2572 4275 2802 4330 quoque
2831 4258 3067 4314 admissi
3087 4261 3224 4316 sunt
3252 4256 3586 4314 Godefridus
3606 4268 3688 4308 co-

2091 4360 2217 4399 mes
2244 4348 2302 4399 et
2336 4344 2560 4417 reliqui.
2592 4345 2759 4400 Facto
2791 4344 2984 4417 itaque
3034 4345 3284 4412 silentio,
3319 4343 3535 4401 cunctis
3560 4342 3684 4396 resi-

2093 4432 2363 4488 dentibus
2394 4433 2491 4504 qui
2523 4435 2785 4489 aderant.
2818 4434 3000 4505 Aymo
3029 4434 3333 4507 episcopus
3380 4430 3612 4488 surrexit
3635 4430 3689 4482 et

2092 4520 2304 4576 Gallice
2356 4522 2734 4578 concionatus
2765 4525 2869 4589 est,
2918 4523 3201 4578 domuum
3257 4524 3575 4578 Johannem
3600 4534 3690 4591 pa-

2092 4626 2230 4682 pam
2259 4609 2557 4682 episcopos
2591 4610 2902 4665 Galliarum
2931 4627 3101 4665 causa
3144 4611 3349 4675 synodi
3397 4610 3468 4665 ad
3495 4610 3689 4680 Aquas-

2092 4698 2260 4769 grani
2295 4698 2492 4771 palatii
2522 4697 2817 4768 invitasse,
2852 4701 2910 4753 et
2935 4715 3033 4754 eos
3063 4698 3159 4754 illo
3190 4698 3387 4754 venire
3433 4696 3686 4753 noluisse.

2091 4787 2234 4842 Item
2265 4789 2531 4844 invitasse
2562 4788 2635 4844 ad
2667 4788 2901 4856 Urbem,
2936 4791 2994 4844 et
3015 4804 3112 4844 eos
3134 4805 3252 4844 non
3280 4787 3517 4844 venisse.
3542 4786 3689 4840 Nunc

2090 4892 2197 4946 pro
2236 4894 2335 4931 sua
2365 4876 2748 4933 sollicitudine
2782 4877 2841 4932 in
2891 4877 3162 4933 Remensi
3200 4875 3489 4948 provintia
3514 4869 3688 4929 conci-

2094 4965 2235 5020 lium
2267 4965 2562 5033 statuisse,
2605 4970 2662 5020 et
2715 4982 2842 5038 quae
2884 4965 2955 5021 de
3011 4965 3233 5020 Arnulfl
3275 4962 3592 5035 dejectione
3637 4961 3689 5013 et

2095 5051 2356 5109 Gerberti
2413 5052 2779 5125 promotione
2833 5053 3125 5109 contraria
3181 5052 3291 5109 sibi
3355 5048 3685 5108 dicerentur‘

2102 5159 2205 5214 per
2230 5158 2395 5196 suum
2430 5141 2697 5196 vicarium
2722 5142 2865 5197 velle
2894 5157 3259 5214 cognoscere.
3278 5142 3412 5197 Post
3425 5140 3543 5195 hare
3565 5150 3687 5208 pro-

2100 5232 2233 5285 tulit
2280 5230 2581 5303 epistolam
2629 5232 2898 5302 plumbeo
2951 5231 3137 5303 sigillo
3172 5232 3479 5287 munitam.
3519 5226 3689 5291 Quam

2108 5320 2440 5389 dissolvens,
2474 5338 2669 5377 coram
2708 5321 2976 5375 omnibus
3014 5322 3270 5377 recitavit
3300 5322 3409 5376 hoc
3445 5317 3614 5373 modo
3632 5329 3685 5367 se

1695 5446 1928 5501 VARIAE
1983 5446 2270 5502 LECTION
2279 5448 2379 5502 ES.

390 5540 397 5550 ’
453 5561 525 5599 θοο
552 5546 741 5611 M050
757 5549 889 5607 NSE
919 5569 965 5611 c.
1020 5559 1090 5596 θοι
1116 5550 1179 5608 L.
1208 5567 1255 5607 c.
1307 5557 1377 5592 θοι
1408 5546 1473 5602 Α.
1506 5563 1554 5602 c.
1615 5554 1684 5589 ³6³
1712 5545 1778 5603 Ν.
1811 5565 1859 5605 c.
1917 5557 1986 5590 θοι
2018 5548 2077 5606 S.
2108 5565 2156 5606 ε.
