  <div class='ocr_page' id='page_1' title='image "/cluster/home/n/w/nwhite01/storage/ocr_20150623/139/hvd.32044054759998/178.png"; bbox 0 0 3876 6172; ppageno 0'>
   <div class='ocr_carea' id='block_1_1' title="bbox 183 352 2639 423">
    <p class='ocr_par' dir='ltr' id='par_1_1' title="bbox 183 352 2639 423">
     <span class='ocr_line' id='line_1_1' title="bbox 183 352 2639 423; baseline -0.001 -9"><span class='ocrx_word' id='word_1_1' title='bbox 183 362 259 423; x_wconf 68' lang='grc'><strong>345</strong></span> <span class='ocrx_word' id='word_1_2' title='bbox 896 354 1147 414; x_wconf 77' lang='lat' dir='ltr'><strong>SPURIA</strong></span> <span class='ocrx_word' id='word_1_3' title='bbox 1183 354 1319 414; x_wconf 82' lang='lat' dir='ltr'><strong>AUT</strong></span> <span class='ocrx_word' id='word_1_4' title='bbox 1354 353 1627 412; x_wconf 75' lang='lat' dir='ltr'><strong>ALIENA.</strong></span> <span class='ocrx_word' id='word_1_5' title='bbox 1667 384 1736 400; x_wconf 89' lang='lat'>-</span> <span class='ocrx_word' id='word_1_6' title='bbox 1786 353 1939 411; x_wconf 76' lang='lat' dir='ltr'><strong>AC’I‘.</strong></span> <span class='ocrx_word' id='word_1_7' title='bbox 1994 352 2197 411; x_wconf 84' lang='lat' dir='ltr'><strong>CONC.</strong></span> <span class='ocrx_word' id='word_1_8' title='bbox 2238 353 2639 413; x_wconf 82' lang='lat' dir='ltr'><strong>CAUSEIENS.</strong></span> 
     </span>
    </p>
   </div>
   <div class='ocr_carea' id='block_1_2' title="bbox 3318 353 3424 417">
    <p class='ocr_par' dir='ltr' id='par_1_2' title="bbox 3318 353 3424 417">
     <span class='ocr_line' id='line_1_2' title="bbox 3318 353 3424 417; baseline 0 0"><span class='ocrx_word' id='word_1_9' title='bbox 3318 353 3424 417; x_wconf 69' lang='grc'><strong>346</strong></span> 
     </span>
    </p>
   </div>
   <div class='ocr_carea' id='block_1_3' title="bbox 179 473 3420 553">
    <p class='ocr_par' dir='ltr' id='par_1_3' title="bbox 179 473 3420 553">
     <span class='ocr_line' id='line_1_3' title="bbox 179 473 3420 553; baseline -0.001 -16"><span class='ocrx_word' id='word_1_10' title='bbox 179 479 437 537; x_wconf 81' lang='lat' dir='ltr'><strong>habentem</strong></span> <span class='ocrx_word' id='word_1_11' title='bbox 468 492 480 531; x_wconf 92' lang='lat'>:</span> <span class='ocrx_word' id='word_1_12' title='bbox 510 475 785 531; x_wconf 82' lang='lat' dir='ltr'><strong>Johannes</strong></span> <span class='ocrx_word' id='word_1_13' title='bbox 809 478 1075 553; x_wconf 68' lang='lat' dir='ltr'><strong>episcopus</strong></span> <span class='ocrx_word' id='word_1_14' title='bbox 1102 494 1279 533; x_wconf 81' lang='lat' dir='ltr'><strong>servus</strong></span> <span class='ocrx_word' id='word_1_15' title='bbox 1292 475 1717 547; x_wconf 60' lang='lat' dir='ltr'><strong>servorumEDez.</strong></span> <span class='ocrx_word' id='word_1_16' title='bbox 1744 481 1800 545; x_wconf 77' lang='grc' dir='ltr'><strong>Α</strong></span> <span class='ocrx_word' id='word_1_17' title='bbox 1819 479 2109 534; x_wconf 89' lang='lat' dir='ltr'><strong>renueret.</strong></span> <span class='ocrx_word' id='word_1_18' title='bbox 2135 475 2193 531; x_wconf 92' lang='lat' dir='ltr'><strong>in</strong></span> <span class='ocrx_word' id='word_1_19' title='bbox 2223 475 2717 550; x_wconf 72' lang='lat' dir='ltr'><strong>prmsentiaipsius</strong></span> <span class='ocrx_word' id='word_1_20' title='bbox 2733 473 2937 534; x_wconf 84' lang='lat' dir='ltr'><strong>Leonis</strong></span> <span class='ocrx_word' id='word_1_21' title='bbox 2954 478 3296 551; x_wconf 72' lang='lat' dir='ltr'><strong>perventum</strong></span> <span class='ocrx_word' id='word_1_22' title='bbox 3312 480 3420 537; x_wconf 87' lang='lat' dir='ltr'><strong>est.</strong></span> 
     </span>
    </p>
   </div>
   <div class='ocr_carea' id='block_1_4' title="bbox 179 565 1718 639">
    <p class='ocr_par' dir='ltr' id='par_1_4' title="bbox 179 565 1718 639">
     <span class='ocr_line' id='line_1_4' title="bbox 179 565 1718 639; baseline -0.002 -14"><span class='ocrx_word' id='word_1_23' title='bbox 179 567 372 625; x_wconf 74' lang='lat' dir='ltr'><strong>omnibus</strong></span> <span class='ocrx_word' id='word_1_24' title='bbox 396 566 785 639; x_wconf 72' lang='lat' dir='ltr'><strong>archiepiscopis</strong></span> <span class='ocrx_word' id='word_1_25' title='bbox 830 565 1138 621; x_wconf 78' lang='lat' dir='ltr'><strong>Galliarum</strong></span> <span class='ocrx_word' id='word_1_26' title='bbox 1184 566 1406 621; x_wconf 81' lang='lat' dir='ltr'><strong>salutem</strong></span> <span class='ocrx_word' id='word_1_27' title='bbox 1436 571 1485 620; x_wconf 88' lang='lat' dir='ltr'><strong>et</strong></span> <span class='ocrx_word' id='word_1_28' title='bbox 1512 574 1718 639; x_wconf 81' lang='lat' dir='ltr'><strong>aposto-</strong></span> 
     </span>
    </p>
   </div>
   <div class='ocr_carea' id='block_1_5' title="bbox 177 656 1725 730">
    <p class='ocr_par' dir='ltr' id='par_1_5' title="bbox 177 656 1725 730">
     <span class='ocr_line' id='line_1_5' title="bbox 177 656 1725 730; baseline -0.002 -16"><span class='ocrx_word' id='word_1_29' title='bbox 177 661 298 714; x_wconf 65' lang='lat' dir='ltr'><strong>licam</strong></span> <span class='ocrx_word' id='word_1_30' title='bbox 326 656 742 723; x_wconf 67' lang='lat' dir='ltr'><strong>benedictionem,</strong></span> <span class='ocrx_word' id='word_1_31' title='bbox 779 662 836 711; x_wconf 89' lang='lat' dir='ltr'><strong>et</strong></span> <span class='ocrx_word' id='word_1_32' title='bbox 864 657 1106 730; x_wconf 90' lang='lat' dir='ltr'><strong>reliqua.</strong></span> <span class='ocrx_word' id='word_1_33' title='bbox 1142 657 1255 711; x_wconf 85' lang='lat' dir='ltr'><strong>Hac</strong></span> <span class='ocrx_word' id='word_1_34' title='bbox 1303 656 1544 728; x_wconf 86' lang='lat' dir='ltr'><strong>epistola</strong></span> <span class='ocrx_word' id='word_1_35' title='bbox 1574 657 1689 713; x_wconf 90' lang='lat' dir='ltr'><strong>reci</strong></span> <span class='ocrx_word' id='word_1_36' title='bbox 1713 685 1725 697; x_wconf 79' lang='grc' dir='ltr'><strong>ο</strong></span> 
     </span>
    </p>
   </div>
   <div class='ocr_carea' id='block_1_6' title="bbox 174 745 1717 818">
    <p class='ocr_par' dir='ltr' id='par_1_6' title="bbox 174 745 1717 818">
     <span class='ocr_line' id='line_1_6' title="bbox 174 745 1717 818; baseline 0 -17"><span class='ocrx_word' id='word_1_37' title='bbox 174 750 283 813; x_wconf 87' lang='lat' dir='ltr'><strong>tata,</strong></span> <span class='ocrx_word' id='word_1_38' title='bbox 309 745 529 800; x_wconf 78' lang='lat' dir='ltr'><strong>surrexit</strong></span> <span class='ocrx_word' id='word_1_39' title='bbox 558 746 864 801; x_wconf 89' lang='lat' dir='ltr'><strong>Gerbertus</strong></span> <span class='ocrx_word' id='word_1_40' title='bbox 894 746 1209 800; x_wconf 81' lang='lat' dir='ltr'><strong>Remorum</strong></span> <span class='ocrx_word' id='word_1_41' title='bbox 1236 745 1717 818; x_wconf 83' lang='lat' dir='ltr'><strong>archiepiscopus,</strong></span> 
     </span>
    </p>
   </div>
   <div class='ocr_carea' id='block_1_7' title="bbox 172 833 1058 890">
    <p class='ocr_par' dir='ltr' id='par_1_7' title="bbox 172 833 1058 890">
     <span class='ocr_line' id='line_1_7' title="bbox 172 833 1058 890; baseline -0.002 -1"><span class='ocrx_word' id='word_1_42' title='bbox 172 840 213 890; x_wconf 85' lang='lat' dir='ltr'><strong>et</strong></span> <span class='ocrx_word' id='word_1_43' title='bbox 235 836 360 889; x_wconf 88' lang='lat' dir='ltr'><strong>banc</strong></span> <span class='ocrx_word' id='word_1_44' title='bbox 387 833 705 889; x_wconf 90' lang='lat' dir='ltr'><strong>orationem</strong></span> <span class='ocrx_word' id='word_1_45' title='bbox 737 833 1058 889; x_wconf 87' lang='lat' dir='ltr'><strong>subintulit.</strong></span> 
     </span>
    </p>
   </div>
   <div class='ocr_carea' id='block_1_8' title="bbox 222 922 1716 996">
    <p class='ocr_par' dir='ltr' id='par_1_8' title="bbox 222 922 1716 996">
     <span class='ocr_line' id='line_1_8' title="bbox 222 922 1716 996; baseline 0.003 -19"><span class='ocrx_word' id='word_1_46' title='bbox 222 923 490 979; x_wconf 80' lang='lat' dir='ltr'><strong>Exordium</strong></span> <span class='ocrx_word' id='word_1_47' title='bbox 521 940 533 977; x_wconf 90' lang='lat'><strong>:</strong></span> <span class='ocrx_word' id='word_1_48' title='bbox 566 922 786 994; x_wconf 80' lang='lat' dir='ltr'><strong>Semper</strong></span> <span class='ocrx_word' id='word_1_49' title='bbox 801 923 1011 996; x_wconf 82' lang='lat' dir='ltr'><strong>quidem</strong></span> <span class='ocrx_word' id='word_1_50' title='bbox 1033 923 1185 989; x_wconf 85' lang='lat' dir='ltr'><strong>(vide</strong></span> <span class='ocrx_word' id='word_1_51' title='bbox 1206 922 1550 996; x_wconf 70' lang='lat' dir='ltr'><strong>Patrologiae</strong></span> <span class='ocrx_word' id='word_1_52' title='bbox 1573 928 1716 982; x_wconf 88' lang='lat' dir='ltr'><strong>tom.</strong></span> 
     </span>
    </p>
   </div>
   <div class='ocr_carea' id='block_1_9' title="bbox 169 1012 1607 1084">
    <p class='ocr_par' dir='ltr' id='par_1_9' title="bbox 169 1012 1607 1084">
     <span class='ocr_line' id='line_1_9' title="bbox 169 1012 1607 1084; baseline -0.001 -15"><span class='ocrx_word' id='word_1_53' title='bbox 169 1012 417 1078; x_wconf 77' lang='lat' dir='ltr'><strong>CXXXVIII,</strong></span> <span class='ocrx_word' id='word_1_54' title='bbox 440 1012 546 1066; x_wconf 90' lang='lat' dir='ltr'><strong>col.</strong></span> <span class='ocrx_word' id='word_1_55' title='bbox 586 1013 730 1083; x_wconf 77' lang='grc'><strong>166),</strong></span> <span class='ocrx_word' id='word_1_56' title='bbox 756 1029 935 1084; x_wconf 86' lang='lat' dir='ltr'><strong>usque</strong></span> <span class='ocrx_word' id='word_1_57' title='bbox 989 1015 1042 1065; x_wconf 84' lang='lat' dir='ltr'><strong>in</strong></span> <span class='ocrx_word' id='word_1_58' title='bbox 1074 1029 1348 1080; x_wconf 78' lang='lat' dir='ltr'><strong>commune</strong></span> <span class='ocrx_word' id='word_1_59' title='bbox 1379 1030 1607 1067; x_wconf 82' lang='lat' dir='ltr'><strong>oramus.</strong></span> 
     </span>
    </p>
   </div>
   <div class='ocr_carea' id='block_1_10' title="bbox 217 1089 1717 1167">
    <p class='ocr_par' dir='ltr' id='par_1_10' title="bbox 217 1089 1717 1167">
     <span class='ocr_line' id='line_1_10' title="bbox 217 1089 1717 1167; baseline 0.001 -13"><span class='ocrx_word' id='word_1_60' title='bbox 217 1102 345 1155; x_wconf 82' lang='lat' dir='ltr'><strong>Hanc</strong></span> <span class='ocrx_word' id='word_1_61' title='bbox 368 1100 689 1155; x_wconf 89' lang='lat' dir='ltr'><strong>orationem</strong></span> <span class='ocrx_word' id='word_1_62' title='bbox 720 1101 1029 1155; x_wconf 89' lang='lat' dir='ltr'><strong>Gerbertus</strong></span> <span class='ocrx_word' id='word_1_63' title='bbox 1054 1100 1279 1167; x_wconf 80' lang='lat' dir='ltr'><strong>finiens,</strong></span> <span class='ocrx_word' id='word_1_64' title='bbox 1307 1100 1483 1155; x_wconf 88' lang='lat' dir='ltr'><strong>Leoni</strong></span> <span class='ocrx_word' id='word_1_65' title='bbox 1524 1089 1717 1156; x_wconf 80' lang='lat' dir='ltr'><strong>abbati</strong></span> 
     </span>
    </p>
   </div>
   <div class='ocr_carea' id='block_1_11' title="bbox 163 1188 1714 1263">
    <p class='ocr_par' dir='ltr' id='par_1_11' title="bbox 163 1188 1714 1263">
     <span class='ocr_line' id='line_1_11' title="bbox 163 1188 1714 1263; baseline 0 -19"><span class='ocrx_word' id='word_1_66' title='bbox 163 1188 384 1262; x_wconf 82' lang='lat' dir='ltr'><strong>scriptam</strong></span> <span class='ocrx_word' id='word_1_67' title='bbox 413 1188 652 1259; x_wconf 86' lang='lat' dir='ltr'><strong>protulit</strong></span> <span class='ocrx_word' id='word_1_68' title='bbox 681 1197 775 1255; x_wconf 67' lang='grc' dir='ltr'><strong>τοι,</strong></span> <span class='ocrx_word' id='word_1_69' title='bbox 821 1191 878 1243; x_wconf 89' lang='lat' dir='ltr'><strong>et</strong></span> <span class='ocrx_word' id='word_1_70' title='bbox 928 1188 1233 1263; x_wconf 87' lang='lat' dir='ltr'><strong>epistolam</strong></span> <span class='ocrx_word' id='word_1_71' title='bbox 1283 1205 1447 1262; x_wconf 77' lang='lat' dir='ltr'><strong>papae</strong></span> <span class='ocrx_word' id='word_1_72' title='bbox 1478 1190 1714 1263; x_wconf 82' lang='lat' dir='ltr'><strong>recepit,</strong></span> 
     </span>
    </p>
   </div>
   <div class='ocr_carea' id='block_1_12' title="bbox 165 1276 1716 1351">
    <p class='ocr_par' dir='ltr' id='par_1_12' title="bbox 165 1276 1716 1351">
     <span class='ocr_line' id='line_1_12' title="bbox 165 1276 1716 1351; baseline 0.001 -20"><span class='ocrx_word' id='word_1_73' title='bbox 165 1281 298 1350; x_wconf 77' lang='lat' dir='ltr'><strong>atque</strong></span> <span class='ocrx_word' id='word_1_74' title='bbox 321 1276 391 1330; x_wconf 89' lang='lat' dir='ltr'><strong>ita</strong></span> <span class='ocrx_word' id='word_1_75' title='bbox 415 1276 647 1332; x_wconf 85' lang='lat' dir='ltr'><strong>resedit.</strong></span> <span class='ocrx_word' id='word_1_76' title='bbox 665 1278 811 1332; x_wconf 89' lang='lat' dir='ltr'><strong>Tum</strong></span> <span class='ocrx_word' id='word_1_77' title='bbox 832 1276 1082 1351; x_wconf 85' lang='lat' dir='ltr'><strong>episcopi</strong></span> <span class='ocrx_word' id='word_1_78' title='bbox 1103 1295 1135 1331; x_wconf 90' lang='lat' dir='ltr'><strong>a</strong></span> <span class='ocrx_word' id='word_1_79' title='bbox 1152 1276 1395 1332; x_wconf 88' lang='lat' dir='ltr'><strong>concilio</strong></span> <span class='ocrx_word' id='word_1_80' title='bbox 1422 1278 1716 1346; x_wconf 86' lang='lat' dir='ltr'><strong>secedunt,</strong></span> 
     </span>
    </p>
   </div>
   <div class='ocr_carea' id='block_1_13' title="bbox 162 1364 1715 1422">
    <p class='ocr_par' dir='ltr' id='par_1_13' title="bbox 162 1364 1715 1422">
     <span class='ocr_line' id='line_1_13' title="bbox 162 1364 1715 1422; baseline 0.001 -1"><span class='ocrx_word' id='word_1_81' title='bbox 162 1369 204 1421; x_wconf 87' lang='lat' dir='ltr'><strong>et</strong></span> <span class='ocrx_word' id='word_1_82' title='bbox 226 1364 468 1420; x_wconf 90' lang='lat' dir='ltr'><strong>comitem</strong></span> <span class='ocrx_word' id='word_1_83' title='bbox 489 1365 863 1421; x_wconf 86' lang='lat' dir='ltr'><strong>Godefridum</strong></span> <span class='ocrx_word' id='word_1_84' title='bbox 886 1365 1409 1421; x_wconf 83' lang='lat' dir='ltr'><strong>consultationibus</strong></span> <span class='ocrx_word' id='word_1_85' title='bbox 1429 1366 1541 1421; x_wconf 86' lang='lat' dir='ltr'><strong>suis</strong></span> <span class='ocrx_word' id='word_1_86' title='bbox 1552 1366 1686 1422; x_wconf 89' lang='lat' dir='ltr'><strong>adhi</strong></span> <span class='ocrx_word' id='word_1_87' title='bbox 1701 1400 1715 1410; x_wconf 87' lang='lat'><strong>-</strong></span> 
     </span>
    </p>
   </div>
   <div class='ocr_carea' id='block_1_14' title="bbox 161 1454 1715 1520">
    <p class='ocr_par' dir='ltr' id='par_1_14' title="bbox 161 1454 1715 1520">
     <span class='ocr_line' id='line_1_14' title="bbox 161 1454 1715 1520; baseline 0 -11"><span class='ocrx_word' id='word_1_88' title='bbox 161 1454 283 1509; x_wconf 84' lang='lat' dir='ltr'><strong>bent.</strong></span> <span class='ocrx_word' id='word_1_89' title='bbox 310 1455 431 1509; x_wconf 88' lang='lat' dir='ltr'><strong>Post</strong></span> <span class='ocrx_word' id='word_1_90' title='bbox 455 1454 580 1509; x_wconf 58' lang='lat' dir='ltr'><strong>haec</strong></span> <span class='ocrx_word' id='word_1_91' title='bbox 605 1454 948 1510; x_wconf 88' lang='lat' dir='ltr'><strong>Gerbertum</strong></span> <span class='ocrx_word' id='word_1_92' title='bbox 981 1454 1052 1509; x_wconf 90' lang='lat' dir='ltr'><strong>ad</strong></span> <span class='ocrx_word' id='word_1_93' title='bbox 1080 1472 1139 1509; x_wconf 89' lang='lat' dir='ltr'><strong>se</strong></span> <span class='ocrx_word' id='word_1_94' title='bbox 1172 1457 1398 1520; x_wconf 90' lang='lat' dir='ltr'><strong>vocant,</strong></span> <span class='ocrx_word' id='word_1_95' title='bbox 1416 1456 1474 1509; x_wconf 90' lang='lat' dir='ltr'><strong>et</strong></span> <span class='ocrx_word' id='word_1_96' title='bbox 1511 1454 1715 1510; x_wconf 89' lang='lat' dir='ltr'><strong>Leonis</strong></span> 
     </span>
    </p>
   </div>
   <div class='ocr_carea' id='block_1_15' title="bbox 160 1542 1714 1615">
    <p class='ocr_par' dir='ltr' id='par_1_15' title="bbox 160 1542 1714 1615">
     <span class='ocr_line' id='line_1_15' title="bbox 160 1542 1714 1615; baseline 0.001 -19"><span class='ocrx_word' id='word_1_97' title='bbox 160 1542 337 1598; x_wconf 78' lang='lat' dir='ltr'><strong>abbatis</strong></span> <span class='ocrx_word' id='word_1_98' title='bbox 363 1558 675 1597; x_wconf 87' lang='lat' dir='ltr'><strong>monacum</strong></span> <span class='ocrx_word' id='word_1_99' title='bbox 708 1543 1035 1599; x_wconf 76' lang='lat' dir='ltr'><strong>Iohannem</strong></span> <span class='ocrx_word' id='word_1_100' title='bbox 1059 1543 1133 1598; x_wconf 91' lang='lat' dir='ltr'><strong>ad</strong></span> <span class='ocrx_word' id='word_1_101' title='bbox 1165 1560 1329 1615; x_wconf 86' lang='lat' dir='ltr'><strong>reges</strong></span> <span class='ocrx_word' id='word_1_102' title='bbox 1358 1544 1714 1599; x_wconf 87' lang='lat' dir='ltr'><strong>Francorum</strong></span> 
     </span>
    </p>
   </div>
   <div class='ocr_carea' id='block_1_16' title="bbox 159 1631 1710 1699">
    <p class='ocr_par' dir='ltr' id='par_1_16' title="bbox 159 1631 1710 1699">
     <span class='ocr_line' id='line_1_16' title="bbox 159 1631 1710 1699; baseline 0.001 -14"><span class='ocrx_word' id='word_1_103' title='bbox 159 1647 258 1685; x_wconf 87' lang='lat' dir='ltr'><strong>cum</strong></span> <span class='ocrx_word' id='word_1_104' title='bbox 284 1631 427 1685; x_wconf 92' lang='lat' dir='ltr'><strong>omni</strong></span> <span class='ocrx_word' id='word_1_105' title='bbox 454 1631 682 1686; x_wconf 87' lang='lat' dir='ltr'><strong>honore</strong></span> <span class='ocrx_word' id='word_1_106' title='bbox 706 1631 909 1686; x_wconf 85' lang='lat' dir='ltr'><strong>deduci</strong></span> <span class='ocrx_word' id='word_1_107' title='bbox 930 1631 1123 1699; x_wconf 83' lang='lat' dir='ltr'><strong>faciat,</strong></span> <span class='ocrx_word' id='word_1_108' title='bbox 1143 1634 1315 1687; x_wconf 89' lang='lat' dir='ltr'><strong>orant</strong></span> <span class='ocrx_word' id='word_1_109' title='bbox 1343 1634 1402 1687; x_wconf 92' lang='lat' dir='ltr'><strong>et</strong></span> <span class='ocrx_word' id='word_1_110' title='bbox 1425 1631 1710 1688; x_wconf 83' lang='lat' dir='ltr'><strong>obtinent.</strong></span> 
     </span>
    </p>
   </div>
   <div class='ocr_carea' id='block_1_17' title="bbox 160 1717 1716 1792">
    <p class='ocr_par' dir='ltr' id='par_1_17' title="bbox 160 1717 1716 1792">
     <span class='ocr_line' id='line_1_17' title="bbox 160 1717 1716 1792; baseline 0.002 -19"><span class='ocrx_word' id='word_1_111' title='bbox 160 1718 337 1773; x_wconf 85' lang='lat' dir='ltr'><strong>Deinde</strong></span> <span class='ocrx_word' id='word_1_112' title='bbox 365 1717 637 1773; x_wconf 84' lang='lat' dir='ltr'><strong>Kalendis</strong></span> <span class='ocrx_word' id='word_1_113' title='bbox 670 1719 801 1773; x_wconf 80' lang='lat' dir='ltr'><strong>Julii</strong></span> <span class='ocrx_word' id='word_1_114' title='bbox 834 1719 1032 1775; x_wconf 82' lang='lat' dir='ltr'><strong>Remis</strong></span> <span class='ocrx_word' id='word_1_115' title='bbox 1060 1719 1391 1776; x_wconf 81' lang='lat' dir='ltr'><strong>habendam</strong></span> <span class='ocrx_word' id='word_1_116' title='bbox 1431 1721 1716 1792; x_wconf 83' lang='lat' dir='ltr'><strong>synodum</strong></span> 
     </span>
    </p>
   </div>
   <div class='ocr_carea' id='block_1_18' title="bbox 1820 565 3424 641">
    <p class='ocr_par' dir='ltr' id='par_1_18' title="bbox 1820 565 3424 641">
     <span class='ocr_line' id='line_1_18' title="bbox 1820 565 3424 641; baseline 0.002 -20"><span class='ocrx_word' id='word_1_117' title='bbox 1820 566 2018 639; x_wconf 89' lang='lat' dir='ltr'><strong>Ibique</strong></span> <span class='ocrx_word' id='word_1_118' title='bbox 2048 566 2751 634; x_wconf 89' lang='lat' dir='ltr'><strong>brevitercommemorat,</strong></span> <span class='ocrx_word' id='word_1_119' title='bbox 2775 582 2893 622; x_wconf 90' lang='lat' dir='ltr'><strong>non</strong></span> <span class='ocrx_word' id='word_1_120' title='bbox 2912 583 3033 623; x_wconf 87' lang='lat' dir='ltr'><strong>esse</strong></span> <span class='ocrx_word' id='word_1_121' title='bbox 3059 565 3120 623; x_wconf 91' lang='lat' dir='ltr'><strong>in</strong></span> <span class='ocrx_word' id='word_1_122' title='bbox 3139 569 3424 641; x_wconf 78' lang='lat' dir='ltr'><strong>potestate</strong></span> 
     </span>
    </p>
   </div>
   <div class='ocr_carea' id='block_1_19' title="bbox 1821 653 3423 730">
    <p class='ocr_par' dir='ltr' id='par_1_19' title="bbox 1821 653 3423 730">
     <span class='ocr_line' id='line_1_19' title="bbox 1821 653 3423 730; baseline 0.002 -19"><span class='ocrx_word' id='word_1_123' title='bbox 1821 657 2173 728; x_wconf 88' lang='lat' dir='ltr'><strong>cujusquam</strong></span> <span class='ocrx_word' id='word_1_124' title='bbox 2201 653 2453 727; x_wconf 84' lang='lat' dir='ltr'><strong>episcopi</strong></span> <span class='ocrx_word' id='word_1_125' title='bbox 2484 655 2568 709; x_wconf 87' lang='lat' dir='ltr'><strong>vel</strong></span> <span class='ocrx_word' id='word_1_126' title='bbox 2596 653 2940 728; x_wconf 62' lang='lat' dir='ltr'><strong>patriarchas</strong></span> <span class='ocrx_word' id='word_1_127' title='bbox 2969 655 3058 712; x_wconf 92' lang='lat' dir='ltr'><strong>vel</strong></span> <span class='ocrx_word' id='word_1_128' title='bbox 3103 657 3423 730; x_wconf 83' lang='lat' dir='ltr'><strong>apostolici,</strong></span> 
     </span>
    </p>
   </div>
   <div class='ocr_carea' id='block_1_20' title="bbox 1821 742 3424 818">
    <p class='ocr_par' dir='ltr' id='par_1_20' title="bbox 1821 742 3424 818">
     <span class='ocr_line' id='line_1_20' title="bbox 1821 742 3424 818; baseline 0.002 -19"><span class='ocrx_word' id='word_1_129' title='bbox 1821 760 2175 818; x_wconf 89' lang='lat' dir='ltr'><strong>quemquam</strong></span> <span class='ocrx_word' id='word_1_130' title='bbox 2205 742 2463 798; x_wconf 83' lang='lat' dir='ltr'><strong>ﬁdelium</strong></span> <span class='ocrx_word' id='word_1_131' title='bbox 2491 760 2525 798; x_wconf 91' lang='lat' dir='ltr'><strong>a</strong></span> <span class='ocrx_word' id='word_1_132' title='bbox 2555 743 2968 800; x_wconf 89' lang='lat' dir='ltr'><strong>communione</strong></span> <span class='ocrx_word' id='word_1_133' title='bbox 2989 745 3424 814; x_wconf 88' lang='lat' dir='ltr'><strong>removere,nisi</strong></span> 
     </span>
    </p>
   </div>
   <div class='ocr_carea' id='block_1_21' title="bbox 1820 832 3421 907">
    <p class='ocr_par' dir='ltr' id='par_1_21' title="bbox 1820 832 3421 907">
     <span class='ocr_line' id='line_1_21' title="bbox 1820 832 3421 907; baseline 0.001 -18"><span class='ocrx_word' id='word_1_134' title='bbox 1820 836 2025 907; x_wconf 88' lang='lat' dir='ltr'><strong>sponte</strong></span> <span class='ocrx_word' id='word_1_135' title='bbox 2055 832 2380 888; x_wconf 82' lang='lat' dir='ltr'><strong>confessum</strong></span> <span class='ocrx_word' id='word_1_136' title='bbox 2411 834 2497 887; x_wconf 86' lang='lat' dir='ltr'><strong>vel</strong></span> <span class='ocrx_word' id='word_1_137' title='bbox 2520 833 2864 902; x_wconf 89' lang='lat' dir='ltr'><strong>convictum,</strong></span> <span class='ocrx_word' id='word_1_138' title='bbox 2896 835 2983 890; x_wconf 90' lang='lat' dir='ltr'><strong>vel</strong></span> <span class='ocrx_word' id='word_1_139' title='bbox 3016 834 3088 890; x_wconf 89' lang='lat' dir='ltr'><strong>ad</strong></span> <span class='ocrx_word' id='word_1_140' title='bbox 3114 834 3421 891; x_wconf 85' lang='lat' dir='ltr'><strong>concilium</strong></span> 
     </span>
    </p>
   </div>
   <div class='ocr_carea' id='block_1_22' title="bbox 1818 919 3421 993">
    <p class='ocr_par' dir='ltr' id='par_1_22' title="bbox 1818 919 3421 993">
     <span class='ocr_line' id='line_1_22' title="bbox 1818 919 3421 993; baseline 0.003 -18"><span class='ocrx_word' id='word_1_141' title='bbox 1818 922 2013 977; x_wconf 84' lang='lat' dir='ltr'><strong>venire</strong></span> <span class='ocrx_word' id='word_1_142' title='bbox 2036 922 2355 979; x_wconf 88' lang='lat' dir='ltr'><strong>nolentem.</strong></span> <span class='ocrx_word' id='word_1_143' title='bbox 2374 919 2494 976; x_wconf 89' lang='lat' dir='ltr'><strong>Sibi</strong></span> <span class='ocrx_word' id='word_1_144' title='bbox 2508 925 2701 977; x_wconf 89' lang='lat' dir='ltr'><strong>autem</strong></span> <span class='ocrx_word' id='word_1_145' title='bbox 2729 922 2903 977; x_wconf 89' lang='lat' dir='ltr'><strong>nichil</strong></span> <span class='ocrx_word' id='word_1_146' title='bbox 2933 923 3144 979; x_wconf 91' lang='lat' dir='ltr'><strong>horum</strong></span> <span class='ocrx_word' id='word_1_147' title='bbox 3173 923 3421 993; x_wconf 88' lang='lat' dir='ltr'><strong>obstare,</strong></span> 
     </span>
    </p>
   </div>
   <div class='ocr_carea' id='block_1_23' title="bbox 1818 1008 3420 1085">
    <p class='ocr_par' dir='ltr' id='par_1_23' title="bbox 1818 1008 3420 1085">
     <span class='ocr_line' id='line_1_23' title="bbox 1818 1008 3420 1085; baseline 0.001 -18"><span class='ocrx_word' id='word_1_148' title='bbox 1818 1012 2029 1085; x_wconf 90' lang='lat' dir='ltr'><strong>quippe</strong></span> <span class='ocrx_word' id='word_1_149' title='bbox 2065 1009 2184 1082; x_wconf 51' lang='lat' dir='ltr'><strong>qui,</strong></span> <span class='ocrx_word' id='word_1_150' title='bbox 2204 1026 2307 1064; x_wconf 91' lang='lat' dir='ltr'><strong>nec</strong></span> <span class='ocrx_word' id='word_1_151' title='bbox 2333 1008 2625 1065; x_wconf 85' lang='lat' dir='ltr'><strong>confessus</strong></span> <span class='ocrx_word' id='word_1_152' title='bbox 2668 1027 2774 1065; x_wconf 90' lang='lat' dir='ltr'><strong>nec</strong></span> <span class='ocrx_word' id='word_1_153' title='bbox 2795 1011 3084 1068; x_wconf 88' lang='lat' dir='ltr'><strong>convictus</strong></span> <span class='ocrx_word' id='word_1_154' title='bbox 3103 1011 3198 1079; x_wconf 88' lang='lat' dir='ltr'><strong>sit,</strong></span> <span class='ocrx_word' id='word_1_155' title='bbox 3237 1014 3297 1067; x_wconf 93' lang='lat' dir='ltr'><strong>et</strong></span> <span class='ocrx_word' id='word_1_156' title='bbox 3325 1012 3420 1085; x_wconf 91' lang='lat' dir='ltr'><strong>qui</strong></span> 
     </span>
    </p>
   </div>
   <div class='ocr_carea' id='block_1_24' title="bbox 1817 1099 3422 1174">
    <p class='ocr_par' dir='ltr' id='par_1_24' title="bbox 1817 1099 3422 1174">
     <span class='ocr_line' id='line_1_24' title="bbox 1817 1099 3422 1174; baseline 0.001 -17"><span class='ocrx_word' id='word_1_157' title='bbox 1817 1103 1969 1157; x_wconf 88' lang='lat' dir='ltr'><strong>solus</strong></span> <span class='ocrx_word' id='word_1_158' title='bbox 1990 1102 2060 1156; x_wconf 93' lang='lat' dir='ltr'><strong>de</strong></span> <span class='ocrx_word' id='word_1_159' title='bbox 2089 1099 2269 1155; x_wconf 89' lang='lat' dir='ltr'><strong>Gallia</strong></span> <span class='ocrx_word' id='word_1_160' title='bbox 2294 1100 2368 1155; x_wconf 89' lang='lat' dir='ltr'><strong>ad</strong></span> <span class='ocrx_word' id='word_1_161' title='bbox 2396 1099 2705 1154; x_wconf 88' lang='lat' dir='ltr'><strong>concilium</strong></span> <span class='ocrx_word' id='word_1_162' title='bbox 2748 1101 2988 1156; x_wconf 76' lang='lat' dir='ltr'><strong>venerit.</strong></span> <span class='ocrx_word' id='word_1_163' title='bbox 3018 1101 3141 1157; x_wconf 84' lang='lat' dir='ltr'><strong>Non</strong></span> <span class='ocrx_word' id='word_1_164' title='bbox 3178 1118 3317 1174; x_wconf 90' lang='lat' dir='ltr'><strong>ergo</strong></span> <span class='ocrx_word' id='word_1_165' title='bbox 3360 1118 3422 1159; x_wconf 85' lang='lat' dir='ltr'><strong>se</strong></span> 
     </span>
    </p>
   </div>
   <div class='ocr_carea' id='block_1_25' title="bbox 1817 1188 3426 1264">
    <p class='ocr_par' dir='ltr' id='par_1_25' title="bbox 1817 1188 3426 1264">
     <span class='ocr_line' id='line_1_25' title="bbox 1817 1188 3426 1264; baseline 0.002 -18"><span class='ocrx_word' id='word_1_166' title='bbox 1817 1207 1918 1246; x_wconf 91' lang='lat' dir='ltr'><strong>suo</strong></span> <span class='ocrx_word' id='word_1_167' title='bbox 1938 1189 2150 1261; x_wconf 90' lang='lat' dir='ltr'><strong>juditio</strong></span> <span class='ocrx_word' id='word_1_168' title='bbox 2167 1189 2746 1262; x_wconf 88' lang='lat' dir='ltr'><strong>dampnaturum,qui</strong></span> <span class='ocrx_word' id='word_1_169' title='bbox 2759 1188 2818 1244; x_wconf 91' lang='lat' dir='ltr'><strong>in</strong></span> <span class='ocrx_word' id='word_1_170' title='bbox 2841 1191 2996 1247; x_wconf 90' lang='lat' dir='ltr'><strong>nullo</strong></span> <span class='ocrx_word' id='word_1_171' title='bbox 3020 1207 3235 1264; x_wconf 80' lang='lat' dir='ltr'><strong>genere</strong></span> <span class='ocrx_word' id='word_1_172' title='bbox 3248 1207 3426 1264; x_wconf 90' lang='lat' dir='ltr'><strong>oppo-</strong></span> 
     </span>
    </p>
   </div>
   <div class='ocr_carea' id='block_1_26' title="bbox 1816 1275 3420 1336">
    <p class='ocr_par' dir='ltr' id='par_1_26' title="bbox 1816 1275 3420 1336">
     <span class='ocr_line' id='line_1_26' title="bbox 1816 1275 3420 1336; baseline 0.002 -3"><span class='ocrx_word' id='word_1_173' title='bbox 1816 1278 2059 1333; x_wconf 88' lang='lat' dir='ltr'><strong>sitorum</strong></span> <span class='ocrx_word' id='word_1_174' title='bbox 2112 1276 2220 1333; x_wconf 92' lang='lat' dir='ltr'><strong>sibi</strong></span> <span class='ocrx_word' id='word_1_175' title='bbox 2270 1278 2420 1333; x_wconf 89' lang='lat' dir='ltr'><strong>male</strong></span> <span class='ocrx_word' id='word_1_176' title='bbox 2484 1277 2742 1334; x_wconf 88' lang='lat' dir='ltr'><strong>conscius</strong></span> <span class='ocrx_word' id='word_1_177' title='bbox 2794 1275 2907 1333; x_wconf 88' lang='lat' dir='ltr'><strong>sit.</strong></span> <span class='ocrx_word' id='word_1_178' title='bbox 2968 1277 3081 1335; x_wconf 87' lang='lat' dir='ltr'><strong>Sed</strong></span> <span class='ocrx_word' id='word_1_179' title='bbox 3133 1278 3420 1336; x_wconf 86' lang='lat' dir='ltr'><strong>modestia</strong></span> 
     </span>
    </p>
   </div>
   <div class='ocr_carea' id='block_1_27' title="bbox 1816 1365 3421 1440">
    <p class='ocr_par' dir='ltr' id='par_1_27' title="bbox 1816 1365 3421 1440">
     <span class='ocr_line' id='line_1_27' title="bbox 1816 1365 3421 1440; baseline 0.001 -19"><span class='ocrx_word' id='word_1_180' title='bbox 1816 1370 1875 1422; x_wconf 92' lang='lat' dir='ltr'><strong>et</strong></span> <span class='ocrx_word' id='word_1_181' title='bbox 1906 1366 2193 1439; x_wconf 87' lang='lat' dir='ltr'><strong>probitate</strong></span> <span class='ocrx_word' id='word_1_182' title='bbox 2225 1366 2427 1422; x_wconf 91' lang='lat' dir='ltr'><strong>domni</strong></span> <span class='ocrx_word' id='word_1_183' title='bbox 2459 1365 2699 1421; x_wconf 80' lang='lat' dir='ltr'><strong>Liodulti</strong></span> <span class='ocrx_word' id='word_1_184' title='bbox 2745 1366 3105 1422; x_wconf 84' lang='lat' dir='ltr'><strong>Treverensis</strong></span> <span class='ocrx_word' id='word_1_185' title='bbox 3141 1365 3421 1440; x_wconf 60' lang='lat' dir='ltr'><strong>archiepiv</strong></span> 
     </span>
    </p>
   </div>
   <div class='ocr_carea' id='block_1_28' title="bbox 1819 1454 3420 1526">
    <p class='ocr_par' dir='ltr' id='par_1_28' title="bbox 1819 1454 3420 1526">
     <span class='ocr_line' id='line_1_28' title="bbox 1819 1454 3420 1526; baseline 0 -16"><span class='ocrx_word' id='word_1_186' title='bbox 1819 1454 1947 1526; x_wconf 92' lang='lat' dir='ltr'><strong>copi</strong></span> <span class='ocrx_word' id='word_1_187' title='bbox 1974 1458 2289 1510; x_wconf 88' lang='lat' dir='ltr'><strong>conventus</strong></span> <span class='ocrx_word' id='word_1_188' title='bbox 2310 1456 2368 1509; x_wconf 91' lang='lat' dir='ltr'><strong>et</strong></span> <span class='ocrx_word' id='word_1_189' title='bbox 2392 1454 2648 1511; x_wconf 85' lang='lat' dir='ltr'><strong>fraterne</strong></span> <span class='ocrx_word' id='word_1_190' title='bbox 2694 1454 3107 1524; x_wconf 87' lang='lat' dir='ltr'><strong>commonitus,</strong></span> <span class='ocrx_word' id='word_1_191' title='bbox 3152 1473 3226 1511; x_wconf 92' lang='lat' dir='ltr'><strong>ne</strong></span> <span class='ocrx_word' id='word_1_192' title='bbox 3258 1471 3420 1511; x_wconf 88' lang='lat' dir='ltr'><strong>occa-</strong></span> 
     </span>
    </p>
   </div>
   <div class='ocr_carea' id='block_1_29' title="bbox 1816 1542 3425 1617">
    <p class='ocr_par' dir='ltr' id='par_1_29' title="bbox 1816 1542 3425 1617">
     <span class='ocr_line' id='line_1_29' title="bbox 1816 1542 3425 1617; baseline 0.001 -18"><span class='ocrx_word' id='word_1_193' title='bbox 1816 1543 2043 1599; x_wconf 86' lang='lat' dir='ltr'><strong>sionem</strong></span> <span class='ocrx_word' id='word_1_194' title='bbox 2073 1543 2326 1599; x_wconf 88' lang='lat' dir='ltr'><strong>scandali</strong></span> <span class='ocrx_word' id='word_1_195' title='bbox 2351 1543 2465 1599; x_wconf 90' lang='lat' dir='ltr'><strong>suis</strong></span> <span class='ocrx_word' id='word_1_196' title='bbox 2476 1543 2684 1599; x_wconf 90' lang='lat' dir='ltr'><strong>emulis</strong></span> <span class='ocrx_word' id='word_1_197' title='bbox 2696 1543 2881 1613; x_wconf 90' lang='lat' dir='ltr'><strong>daret,</strong></span> <span class='ocrx_word' id='word_1_198' title='bbox 2902 1542 3063 1617; x_wconf 87' lang='lat' dir='ltr'><strong>quasi</strong></span> <span class='ocrx_word' id='word_1_199' title='bbox 3072 1544 3425 1617; x_wconf 82' lang='lat' dir='ltr'><strong>jussionibus</strong></span> 
     </span>
    </p>
   </div>
   <div class='ocr_carea' id='block_1_30' title="bbox 1820 1629 3427 1705">
    <p class='ocr_par' dir='ltr' id='par_1_30' title="bbox 1820 1629 3427 1705">
     <span class='ocr_line' id='line_1_30' title="bbox 1820 1629 3427 1705; baseline 0.002 -18"><span class='ocrx_word' id='word_1_200' title='bbox 1820 1631 2021 1687; x_wconf 85' lang='lat' dir='ltr'><strong>domui</strong></span> <span class='ocrx_word' id='word_1_201' title='bbox 2052 1631 2351 1705; x_wconf 67' lang='lat' dir='ltr'><strong>apostolici</strong></span> <span class='ocrx_word' id='word_1_202' title='bbox 2382 1631 2661 1686; x_wconf 87' lang='lat' dir='ltr'><strong>resultare</strong></span> <span class='ocrx_word' id='word_1_203' title='bbox 2676 1632 2864 1700; x_wconf 84' lang='lat' dir='ltr'><strong>vellet,</strong></span> <span class='ocrx_word' id='word_1_204' title='bbox 2893 1632 2997 1687; x_wconf 90' lang='lat' dir='ltr'><strong>sub</strong></span> <span class='ocrx_word' id='word_1_205' title='bbox 3016 1629 3265 1689; x_wconf 74' lang='lat' dir='ltr'><strong>nomine</strong></span> <span class='ocrx_word' id='word_1_206' title='bbox 3294 1632 3427 1690; x_wconf 89' lang='lat' dir='ltr'><strong>obe-</strong></span> 
     </span>
    </p>
   </div>
   <div class='ocr_carea' id='block_1_31' title="bbox 1820 1718 3427 1788">
    <p class='ocr_par' dir='ltr' id='par_1_31' title="bbox 1820 1718 3427 1788">
     <span class='ocr_line' id='line_1_31' title="bbox 1820 1718 3427 1788; baseline 0.003 -15"><span class='ocrx_word' id='word_1_207' title='bbox 1820 1719 2074 1788; x_wconf 61' lang='lat' dir='ltr'><strong>dientiar,</strong></span> <span class='ocrx_word' id='word_1_208' title='bbox 2112 1723 2177 1774; x_wconf 89' lang='lat' dir='ltr'><strong>ut</strong></span> <span class='ocrx_word' id='word_1_209' title='bbox 2218 1736 2252 1774; x_wconf 91' lang='lat' dir='ltr'><strong>a</strong></span> <span class='ocrx_word' id='word_1_210' title='bbox 2284 1718 2593 1774; x_wconf 88' lang='lat' dir='ltr'><strong>missarum</strong></span> <span class='ocrx_word' id='word_1_211' title='bbox 2644 1719 3054 1777; x_wconf 86' lang='lat' dir='ltr'><strong>tantummodo</strong></span> <span class='ocrx_word' id='word_1_212' title='bbox 3095 1719 3427 1778; x_wconf 80' lang='lat' dir='ltr'><strong>celebritate</strong></span> 
     </span>
    </p>
   </div>
   <div class='ocr_carea' id='block_1_32' title="bbox 157 1803 3428 1882">
    <p class='ocr_par' dir='ltr' id='par_1_32' title="bbox 157 1803 3428 1882">
     <span class='ocr_line' id='line_1_32' title="bbox 157 1803 3428 1882; baseline 0.002 -21"><span class='ocrx_word' id='word_1_213' title='bbox 157 1807 470 1862; x_wconf 82' lang='lat' dir='ltr'><strong>denuntiant.</strong></span> <span class='ocrx_word' id='word_1_214' title='bbox 487 1808 619 1863; x_wconf 75' lang='lat' dir='ltr'><strong>1am</strong></span> <span class='ocrx_word' id='word_1_215' title='bbox 644 1808 895 1880; x_wconf 81' lang='lat' dir='ltr'><strong>synodus</strong></span> <span class='ocrx_word' id='word_1_216' title='bbox 917 1808 1102 1862; x_wconf 89' lang='lat' dir='ltr'><strong>soluta</strong></span> <span class='ocrx_word' id='word_1_217' title='bbox 1116 1824 1236 1863; x_wconf 88' lang='lat' dir='ltr'><strong>esse</strong></span> <span class='ocrx_word' id='word_1_218' title='bbox 1256 1807 1717 1877; x_wconf 90' lang='lat' dir='ltr'><strong>videbatur,cum</strong></span> <span class='ocrx_word' id='word_1_219' title='bbox 1739 1803 1789 1863; x_wconf 92' lang='lat' dir='ltr'><strong>B</strong></span> <span class='ocrx_word' id='word_1_220' title='bbox 1821 1807 2159 1876; x_wconf 87' lang='lat' dir='ltr'><strong>abstineret,</strong></span> <span class='ocrx_word' id='word_1_221' title='bbox 2191 1806 2501 1880; x_wconf 89' lang='lat' dir='ltr'><strong>adquievit,</strong></span> <span class='ocrx_word' id='word_1_222' title='bbox 2529 1822 2706 1880; x_wconf 88' lang='lat' dir='ltr'><strong>usque</strong></span> <span class='ocrx_word' id='word_1_223' title='bbox 2729 1807 2802 1864; x_wconf 90' lang='lat' dir='ltr'><strong>ad</strong></span> <span class='ocrx_word' id='word_1_224' title='bbox 2826 1807 3117 1882; x_wconf 82' lang='lat' dir='ltr'><strong>proximas</strong></span> <span class='ocrx_word' id='word_1_225' title='bbox 3142 1808 3428 1869; x_wconf 73' lang='lat' dir='ltr'><strong>Kalendas</strong></span> 
     </span>
    </p>
   </div>
   <div class='ocr_carea' id='block_1_33' title="bbox 158 1894 1720 1970">
    <p class='ocr_par' dir='ltr' id='par_1_33' title="bbox 158 1894 1720 1970">
     <span class='ocr_line' id='line_1_33' title="bbox 158 1894 1720 1970; baseline 0.003 -21"><span class='ocrx_word' id='word_1_226' title='bbox 158 1912 258 1949; x_wconf 86' lang='lat' dir='ltr'><strong>ecce</strong></span> <span class='ocrx_word' id='word_1_227' title='bbox 284 1894 585 1950; x_wconf 88' lang='lat' dir='ltr'><strong>Gerbertus</strong></span> <span class='ocrx_word' id='word_1_228' title='bbox 615 1904 686 1937; x_wconf 69' lang='lat'><strong>806</strong></span> <span class='ocrx_word' id='word_1_229' title='bbox 715 1896 1015 1968; x_wconf 88' lang='lat' dir='ltr'><strong>episcopus</strong></span> <span class='ocrx_word' id='word_1_230' title='bbox 1048 1896 1268 1967; x_wconf 85' lang='lat' dir='ltr'><strong>legatos</strong></span> <span class='ocrx_word' id='word_1_231' title='bbox 1307 1896 1603 1970; x_wconf 91' lang='lat' dir='ltr'><strong>episcopos</strong></span> <span class='ocrx_word' id='word_1_232' title='bbox 1633 1914 1720 1953; x_wconf 90' lang='lat' dir='ltr'><strong>ac-</strong></span> 
     </span>
    </p>
   </div>
   <div class='ocr_carea' id='block_1_34' title="bbox 154 1983 1717 2057">
    <p class='ocr_par' dir='ltr' id='par_1_34' title="bbox 154 1983 1717 2057">
     <span class='ocr_line' id='line_1_34' title="bbox 154 1983 1717 2057; baseline 0.003 -21"><span class='ocrx_word' id='word_1_233' title='bbox 154 1983 258 2055; x_wconf 86' lang='lat' dir='ltr'><strong>cipit</strong></span> <span class='ocrx_word' id='word_1_234' title='bbox 283 1987 554 2057; x_wconf 87' lang='lat' dir='ltr'><strong>tanquam</strong></span> <span class='ocrx_word' id='word_1_235' title='bbox 586 2001 621 2038; x_wconf 90' lang='lat' dir='ltr'><strong>a</strong></span> <span class='ocrx_word' id='word_1_236' title='bbox 649 1986 812 2055; x_wconf 90' lang='lat' dir='ltr'><strong>parte</strong></span> <span class='ocrx_word' id='word_1_237' title='bbox 855 1984 1079 2051; x_wconf 84' lang='lat' dir='ltr'><strong>Leonis,</strong></span> <span class='ocrx_word' id='word_1_238' title='bbox 1112 1986 1190 2052; x_wconf 46' lang='lat' dir='ltr'><strong>.ut</strong></span> <span class='ocrx_word' id='word_1_239' title='bbox 1221 2002 1254 2039; x_wconf 87' lang='lat' dir='ltr'><strong>a</strong></span> <span class='ocrx_word' id='word_1_240' title='bbox 1305 1984 1496 2039; x_wconf 90' lang='lat' dir='ltr'><strong>divino</strong></span> <span class='ocrx_word' id='word_1_241' title='bbox 1528 1986 1717 2042; x_wconf 75' lang='lat' dir='ltr'><strong>officio</strong></span> 
     </span>
    </p>
   </div>
   <div class='ocr_carea' id='block_1_35' title="bbox 156 2072 1717 2147">
    <p class='ocr_par' dir='ltr' id='par_1_35' title="bbox 156 2072 1717 2147">
     <span class='ocr_line' id='line_1_35' title="bbox 156 2072 1717 2147; baseline 0.003 -22"><span class='ocrx_word' id='word_1_242' title='bbox 156 2087 295 2144; x_wconf 81' lang='lat' dir='ltr'><strong>usque</strong></span> <span class='ocrx_word' id='word_1_243' title='bbox 317 2072 385 2129; x_wconf 88' lang='lat' dir='ltr'><strong>ad</strong></span> <span class='ocrx_word' id='word_1_244' title='bbox 410 2072 822 2127; x_wconf 85' lang='lat' dir='ltr'><strong>denuntiatam</strong></span> <span class='ocrx_word' id='word_1_245' title='bbox 846 2073 1132 2147; x_wconf 84' lang='lat' dir='ltr'><strong>synodum</strong></span> <span class='ocrx_word' id='word_1_246' title='bbox 1149 2072 1569 2139; x_wconf 89' lang='lat' dir='ltr'><strong>abstineat.Qui</strong></span> <span class='ocrx_word' id='word_1_247' title='bbox 1586 2090 1717 2129; x_wconf 89' lang='lat' dir='ltr'><strong>cum</strong></span> 
     </span>
    </p>
   </div>
   <div class='ocr_carea' id='block_1_36' title="bbox 1816 1896 3424 1971">
    <p class='ocr_par' dir='ltr' id='par_1_36' title="bbox 1816 1896 3424 1971">
     <span class='ocr_line' id='line_1_36' title="bbox 1816 1896 3424 1971; baseline 0.002 -21"><span class='ocrx_word' id='word_1_248' title='bbox 1816 1896 2008 1964; x_wconf 87' lang='lat' dir='ltr'><strong>Julias,</strong></span> <span class='ocrx_word' id='word_1_249' title='bbox 2042 1913 2155 1969; x_wconf 92' lang='lat' dir='ltr'><strong>quo</strong></span> <span class='ocrx_word' id='word_1_250' title='bbox 2188 1901 2448 1968; x_wconf 91' lang='lat' dir='ltr'><strong>tempore</strong></span> <span class='ocrx_word' id='word_1_251' title='bbox 2499 1896 2681 1952; x_wconf 87' lang='lat' dir='ltr'><strong>altera</strong></span> <span class='ocrx_word' id='word_1_252' title='bbox 2737 1897 2987 1971; x_wconf 85' lang='lat' dir='ltr'><strong>synodus</strong></span> <span class='ocrx_word' id='word_1_253' title='bbox 3037 1896 3252 1955; x_wconf 85' lang='lat' dir='ltr'><strong>indicta</strong></span> <span class='ocrx_word' id='word_1_254' title='bbox 3279 1899 3424 1956; x_wconf 84' lang='lat' dir='ltr'><strong>erat.</strong></span> 
     </span>
    </p>
   </div>
   <div class='ocr_carea' id='block_1_37' title="bbox 1820 1984 2455 2044">
    <p class='ocr_par' dir='ltr' id='par_1_37' title="bbox 1820 1984 2455 2044">
     <span class='ocr_line' id='line_1_37' title="bbox 1820 1984 2455 2044; baseline 0.008 -5"><span class='ocrx_word' id='word_1_255' title='bbox 1820 1985 1888 2039; x_wconf 83' lang='lat' dir='ltr'><strong>Et</strong></span> <span class='ocrx_word' id='word_1_256' title='bbox 1908 1984 1988 2040; x_wconf 92' lang='lat' dir='ltr'><strong>sic</strong></span> <span class='ocrx_word' id='word_1_257' title='bbox 2015 1985 2327 2040; x_wconf 88' lang='lat' dir='ltr'><strong>discessum</strong></span> <span class='ocrx_word' id='word_1_258' title='bbox 2350 1988 2455 2044; x_wconf 89' lang='lat' dir='ltr'><strong>est.</strong></span> 
     </span>
    </p>
   </div>
   <div class='ocr_carea' id='block_1_38' title="bbox 1424 2196 2114 2254">
    <p class='ocr_par' dir='ltr' id='par_1_38' title="bbox 1424 2196 2114 2254">
     <span class='ocr_line' id='line_1_38' title="bbox 1424 2196 2114 2254; baseline 0.001 -2"><span class='ocrx_word' id='word_1_259' title='bbox 1424 2198 1661 2253; x_wconf 63' lang='lat' dir='ltr'><strong>VARIIE</strong></span> <span class='ocrx_word' id='word_1_260' title='bbox 1715 2198 2003 2254; x_wconf 78' lang='lat' dir='ltr'><strong>LECTION</strong></span> <span class='ocrx_word' id='word_1_261' title='bbox 2015 2196 2114 2253; x_wconf 85' lang='lat' dir='ltr'><strong>ES.</strong></span> 
     </span>
    </p>
   </div>
   <div class='ocr_carea' id='block_1_39' title="bbox 108 2292 1363 2383">
    <p class='ocr_par' dir='ltr' id='par_1_39' title="bbox 108 2292 1363 2383">
     <span class='ocr_line' id='line_1_39' title="bbox 108 2292 1363 2383; baseline 0.002 -35"><span class='ocrx_word' id='word_1_262' title='bbox 108 2376 117 2383; x_wconf 68' lang='lat'><em>_</em></span> <span class='ocrx_word' id='word_1_263' title='bbox 166 2358 172 2375; x_wconf 48' lang='grc' dir='ltr'><strong>Ι</strong></span> <span class='ocrx_word' id='word_1_264' title='bbox 202 2299 258 2333; x_wconf 71' lang='grc'><strong>⁸⁸⁸</strong></span> <span class='ocrx_word' id='word_1_265' title='bbox 290 2292 549 2364; x_wconf 80' lang='lat' dir='ltr'><strong>porrexit</strong></span> <span class='ocrx_word' id='word_1_266' title='bbox 576 2296 633 2348; x_wconf 86' lang='lat' dir='ltr'><strong>in</strong></span> <span class='ocrx_word' id='word_1_267' title='bbox 663 2312 837 2366; x_wconf 82' lang='lat' dir='ltr'><strong>marg.</strong></span> <span class='ocrx_word' id='word_1_268' title='bbox 904 2303 976 2339; x_wconf 71' lang='grc' dir='ltr'><strong>ιω</strong></span> <span class='ocrx_word' id='word_1_269' title='bbox 999 2295 1288 2369; x_wconf 86' lang='lat' dir='ltr'><strong>girbertus</strong></span> <span class='ocrx_word' id='word_1_270' title='bbox 1316 2315 1363 2351; x_wconf 85' lang='lat' dir='ltr'><strong>c.</strong></span> 
     </span>
    </p>
   </div>
   <div class='ocr_carea' id='block_1_40' title="bbox 540 2549 3004 2682">
    <p class='ocr_par' dir='ltr' id='par_1_40' title="bbox 540 2549 3004 2682">
     <span class='ocr_line' id='line_1_40' title="bbox 540 2549 3004 2682; baseline 0.002 -8"><span class='ocrx_word' id='word_1_271' title='bbox 540 2549 976 2676; x_wconf 86' lang='lat' dir='ltr'><strong>ACTA</strong></span> <span class='ocrx_word' id='word_1_272' title='bbox 1072 2550 1803 2677; x_wconf 86' lang='lat' dir='ltr'><strong>CONCILII</strong></span> <span class='ocrx_word' id='word_1_273' title='bbox 1914 2552 3004 2682; x_wconf 85' lang='lat' dir='ltr'><strong>CAUSEIENSIS</strong></span> 
     </span>
    </p>
   </div>
   <div class='ocr_carea' id='block_1_41' title="bbox 1096 2740 2441 2799">
    <p class='ocr_par' dir='ltr' id='par_1_41' title="bbox 1096 2740 2441 2799">
     <span class='ocr_line' id='line_1_41' title="bbox 1096 2740 2441 2799; baseline 0.002 -5"><span class='ocrx_word' id='word_1_274' title='bbox 1096 2740 1418 2796; x_wconf 82' lang='lat' dir='ltr'><strong>AUCTORE</strong></span> <span class='ocrx_word' id='word_1_275' title='bbox 1458 2741 1829 2799; x_wconf 81' lang='lat' dir='ltr'><strong>GERBERTO</strong></span> <span class='ocrx_word' id='word_1_276' title='bbox 1861 2741 2441 2799; x_wconf 81' lang='lat' dir='ltr'><strong>ARCHIEPISCOPO.</strong></span> 
     </span>
    </p>
   </div>
   <div class='ocr_carea' id='block_1_42' title="bbox 1586 2864 1958 2936">
    <p class='ocr_par' dir='ltr' id='par_1_42' title="bbox 1586 2864 1958 2936">
     <span class='ocr_line' id='line_1_42' title="bbox 1586 2864 1958 2936; baseline 0.005 -19"><span class='ocrx_word' id='word_1_277' title='bbox 1586 2864 1776 2935; x_wconf 86' lang='lat' dir='ltr'><strong>(Anno</strong></span> <span class='ocrx_word' id='word_1_278' title='bbox 1810 2865 1958 2936; x_wconf 78' lang='lat'><strong>995.)</strong></span> 
     </span>
    </p>
   </div>
   <div class='ocr_carea' id='block_1_43' title="bbox 606 2984 2937 3059">
    <p class='ocr_par' dir='ltr' id='par_1_43' title="bbox 606 2984 2937 3059">
     <span class='ocr_line' id='line_1_43' title="bbox 606 2984 2937 3059; baseline 0.003 -20"><span class='ocrx_word' id='word_1_279' title='bbox 606 2984 811 3058; x_wconf 85' lang='lat' dir='ltr'><strong>[Apud.</strong></span> <span class='ocrx_word' id='word_1_280' title='bbox 854 2986 1037 3054; x_wconf 88' lang='lat' dir='ltr'><strong>Pertz,</strong></span> <span class='ocrx_word' id='word_1_281' title='bbox 1066 2984 1421 3041; x_wconf 76' lang='lat' dir='ltr'><strong>Monumeuta</strong></span> <span class='ocrx_word' id='word_1_282' title='bbox 1452 2984 1762 3043; x_wconf 66' lang='lat' dir='ltr'><strong>Germaniae</strong></span> <span class='ocrx_word' id='word_1_283' title='bbox 1784 2986 2065 3054; x_wconf 79' lang='lat' dir='ltr'><strong>historica,</strong></span> <span class='ocrx_word' id='word_1_284' title='bbox 2094 2985 2300 3058; x_wconf 87' lang='lat' dir='ltr'><strong>Script.</strong></span> <span class='ocrx_word' id='word_1_285' title='bbox 2332 2990 2478 3044; x_wconf 90' lang='lat' dir='ltr'><strong>tom.</strong></span> <span class='ocrx_word' id='word_1_286' title='bbox 2509 2988 2597 3056; x_wconf 90' lang='lat' dir='ltr'><strong>Ill,</strong></span> <span class='ocrx_word' id='word_1_287' title='bbox 2624 3002 2758 3059; x_wconf 87' lang='lat' dir='ltr'><strong>pag.</strong></span> <span class='ocrx_word' id='word_1_288' title='bbox 2782 2986 2937 3047; x_wconf 77' lang='lat'><strong>691.]</strong></span> 
     </span>
    </p>
   </div>
   <div class='ocr_carea' id='block_1_44' title="bbox 149 3213 3433 3291">
    <p class='ocr_par' dir='ltr' id='par_1_44' title="bbox 149 3213 3433 3291">
     <span class='ocr_line' id='line_1_44' title="bbox 149 3213 3433 3291; baseline 0.003 -25"><span class='ocrx_word' id='word_1_289' title='bbox 149 3223 325 3268; x_wconf 70' lang='grc' dir='ltr'>ουτιο</span> <span class='ocrx_word' id='word_1_290' title='bbox 348 3228 770 3270; x_wconf 67' lang='grc' dir='ltr'><strong>εριεεοροιωκ</strong></span> <span class='ocrx_word' id='word_1_291' title='bbox 810 3230 1024 3270; x_wconf 72' lang='grc' dir='ltr'><strong>ιιΑΒιτΑ</strong></span> <span class='ocrx_word' id='word_1_292' title='bbox 1057 3231 1113 3268; x_wconf 80' lang='lat' dir='ltr'><strong>m</strong></span> <span class='ocrx_word' id='word_1_293' title='bbox 1146 3230 1425 3269; x_wconf 73' lang='lat' dir='ltr'><strong>concmo</strong></span> <span class='ocrx_word' id='word_1_294' title='bbox 1467 3230 1715 3271; x_wconf 64' lang='lat' dir='ltr'><strong>causam</strong></span> <span class='ocrx_word' id='word_1_295' title='bbox 1740 3217 1787 3278; x_wconf 90' lang='lat' dir='ltr'>C</span> <span class='ocrx_word' id='word_1_296' title='bbox 1820 3213 2031 3271; x_wconf 72' lang='lat' dir='ltr'><strong>divinae</strong></span> <span class='ocrx_word' id='word_1_297' title='bbox 2058 3215 2375 3289; x_wconf 87' lang='lat' dir='ltr'><strong>majestatis</strong></span> <span class='ocrx_word' id='word_1_298' title='bbox 2407 3215 2600 3273; x_wconf 88' lang='lat' dir='ltr'><strong>minus</strong></span> <span class='ocrx_word' id='word_1_299' title='bbox 2620 3216 2892 3274; x_wconf 84' lang='lat' dir='ltr'><strong>est?Non.</strong></span> <span class='ocrx_word' id='word_1_300' title='bbox 2918 3215 3167 3273; x_wconf 89' lang='lat' dir='ltr'><strong>Proinde</strong></span> <span class='ocrx_word' id='word_1_301' title='bbox 3194 3220 3433 3291; x_wconf 79' lang='lat' dir='ltr'><strong>pensato</strong></span> 
     </span>
    </p>
   </div>
   <div class='ocr_carea' id='block_1_45' title="bbox 195 3299 1718 3343">
    <p class='ocr_par' dir='ltr' id='par_1_45' title="bbox 195 3299 1718 3343">
     <span class='ocr_line' id='line_1_45' title="bbox 195 3299 1718 3343; baseline 0.003 -6"><span class='ocrx_word' id='word_1_302' title='bbox 195 3299 241 3337; x_wconf 65' lang='grc' dir='ltr'><strong>ιη</strong></span> <span class='ocrx_word' id='word_1_303' title='bbox 297 3301 638 3341; x_wconf 59' lang='grc' dir='ltr'><strong>ΡΒΒΕΝἸΊΛ</strong></span> <span class='ocrx_word' id='word_1_304' title='bbox 708 3302 918 3343; x_wconf 72' lang='grc' dir='ltr'><strong>ιεοΝιδ</strong></span> <span class='ocrx_word' id='word_1_305' title='bbox 977 3301 1220 3343; x_wconf 77' lang='grc' dir='ltr'><strong>ΑΒΒΑτιὸ</strong></span> <span class='ocrx_word' id='word_1_306' title='bbox 1293 3302 1505 3341; x_wconf 73' lang='grc' dir='ltr'><strong>ιεῦΑτι</strong></span> <span class='ocrx_word' id='word_1_307' title='bbox 1556 3301 1718 3341; x_wconf 73' lang='grc' dir='ltr'><strong>ΡΑΡΔΞ</strong></span> 
     </span>
    </p>
   </div>
   <div class='ocr_carea' id='block_1_46' title="bbox 197 3367 1487 3412">
    <p class='ocr_par' dir='ltr' id='par_1_46' title="bbox 197 3367 1487 3412">
     <span class='ocr_line' id='line_1_46' title="bbox 197 3367 1487 3412; baseline 0.003 -3"><span class='ocrx_word' id='word_1_308' title='bbox 197 3367 471 3412; x_wconf 62' lang='lat' dir='ltr'><strong>nasutus.</strong></span> <span class='ocrx_word' id='word_1_309' title='bbox 1472 3370 1487 3377; x_wconf 82' lang='grc'><em>’</em></span> 
     </span>
    </p>
   </div>
   <div class='ocr_carea' id='block_1_47' title="bbox 191 3441 1715 3518">
    <p class='ocr_par' dir='ltr' id='par_1_47' title="bbox 191 3441 1715 3518">
     <span class='ocr_line' id='line_1_47' title="bbox 191 3441 1715 3518; baseline 0.002 -20"><span class='ocrx_word' id='word_1_310' title='bbox 191 3441 485 3500; x_wconf 60' lang='lat' dir='ltr'><strong>laudium.</strong></span> <span class='ocrx_word' id='word_1_311' title='bbox 515 3476 590 3488; x_wconf 96' lang='lat'><strong>—</strong></span> <span class='ocrx_word' id='word_1_312' title='bbox 624 3448 870 3518; x_wconf 88' lang='lat' dir='ltr'><strong>Impleta</strong></span> <span class='ocrx_word' id='word_1_313' title='bbox 893 3449 1027 3501; x_wconf 88' lang='lat' dir='ltr'><strong>sunt</strong></span> <span class='ocrx_word' id='word_1_314' title='bbox 1055 3449 1188 3502; x_wconf 86' lang='lat' dir='ltr'><strong>vota</strong></span> <span class='ocrx_word' id='word_1_315' title='bbox 1210 3450 1430 3514; x_wconf 87' lang='lat' dir='ltr'><strong>nostra,</strong></span> <span class='ocrx_word' id='word_1_316' title='bbox 1448 3463 1715 3502; x_wconf 79' lang='lat' dir='ltr'><strong>reveren—</strong></span> 
     </span>
    </p>
   </div>
   <div class='ocr_carea' id='block_1_48' title="bbox 145 3528 1717 3607">
    <p class='ocr_par' dir='ltr' id='par_1_48' title="bbox 145 3528 1717 3607">
     <span class='ocr_line' id='line_1_48' title="bbox 145 3528 1717 3607; baseline 0.003 -23"><span class='ocrx_word' id='word_1_317' title='bbox 145 3528 302 3586; x_wconf 81' lang='lat' dir='ltr'><strong>tissimi</strong></span> <span class='ocrx_word' id='word_1_318' title='bbox 314 3534 678 3607; x_wconf 84' lang='lat' dir='ltr'><strong>Patres,quia</strong></span> <span class='ocrx_word' id='word_1_319' title='bbox 691 3535 875 3590; x_wconf 88' lang='lat' dir='ltr'><strong>tocius</strong></span> <span class='ocrx_word' id='word_1_320' title='bbox 890 3534 1084 3589; x_wconf 71' lang='lat' dir='ltr'><strong>Galliae</strong></span> <span class='ocrx_word' id='word_1_321' title='bbox 1099 3535 1386 3607; x_wconf 87' lang='lat' dir='ltr'><strong>episcopis</strong></span> <span class='ocrx_word' id='word_1_322' title='bbox 1405 3534 1461 3589; x_wconf 92' lang='lat' dir='ltr'><strong>in</strong></span> <span class='ocrx_word' id='word_1_323' title='bbox 1478 3535 1717 3589; x_wconf 89' lang='lat' dir='ltr'><strong>caritate</strong></span> 
     </span>
    </p>
   </div>
   <div class='ocr_carea' id='block_1_49' title="bbox 144 3620 1719 3697">
    <p class='ocr_par' dir='ltr' id='par_1_49' title="bbox 144 3620 1719 3697">
     <span class='ocr_line' id='line_1_49' title="bbox 144 3620 1719 3697; baseline -0.001 -19"><span class='ocrx_word' id='word_1_324' title='bbox 144 3620 431 3691; x_wconf 77' lang='lat' dir='ltr'><strong>conjunctis,</strong></span> <span class='ocrx_word' id='word_1_325' title='bbox 464 3625 790 3696; x_wconf 88' lang='lat' dir='ltr'><strong>apostolica</strong></span> <span class='ocrx_word' id='word_1_326' title='bbox 819 3625 983 3680; x_wconf 88' lang='lat' dir='ltr'><strong>sedes</strong></span> <span class='ocrx_word' id='word_1_327' title='bbox 1012 3628 1180 3681; x_wconf 60' lang='lat' dir='ltr'><strong>coetui</strong></span> <span class='ocrx_word' id='word_1_328' title='bbox 1218 3628 1414 3680; x_wconf 89' lang='lat' dir='ltr'><strong>nostro</strong></span> <span class='ocrx_word' id='word_1_329' title='bbox 1448 3624 1719 3697; x_wconf 76' lang='lat' dir='ltr'><strong>praesidet</strong></span> 
     </span>
    </p>
   </div>
   <div class='ocr_carea' id='block_1_50' title="bbox 144 3714 1717 3778">
    <p class='ocr_par' dir='ltr' id='par_1_50' title="bbox 144 3714 1717 3778">
     <span class='ocr_line' id='line_1_50' title="bbox 144 3714 1717 3778; baseline 0.001 -13"><span class='ocrx_word' id='word_1_330' title='bbox 144 3714 625 3778; x_wconf 75' lang='lat' dir='ltr'><strong>pervenerabilem</strong></span> <span class='ocrx_word' id='word_1_331' title='bbox 657 3715 933 3769; x_wconf 87' lang='lat' dir='ltr'><strong>abbatem</strong></span> <span class='ocrx_word' id='word_1_332' title='bbox 987 3717 1046 3768; x_wconf 89' lang='lat' dir='ltr'><strong>et</strong></span> <span class='ocrx_word' id='word_1_333' title='bbox 1078 3715 1430 3769; x_wconf 87' lang='lat' dir='ltr'><strong>monachum</strong></span> <span class='ocrx_word' id='word_1_334' title='bbox 1474 3715 1604 3768; x_wconf 87' lang='lat' dir='ltr'><strong>Leo.</strong></span> <span class='ocrx_word' id='word_1_335' title='bbox 1654 3714 1717 3767; x_wconf 90' lang='lat' dir='ltr'><strong>In</strong></span> 
     </span>
    </p>
   </div>
   <div class='ocr_carea' id='block_1_51' title="bbox 145 3799 1717 3874">
    <p class='ocr_par' dir='ltr' id='par_1_51' title="bbox 145 3799 1717 3874">
     <span class='ocr_line' id='line_1_51' title="bbox 145 3799 1717 3874; baseline 0.001 -19"><span class='ocrx_word' id='word_1_336' title='bbox 145 3810 229 3866; x_wconf 76' lang='lat' dir='ltr'><strong>quo</strong></span> <span class='ocrx_word' id='word_1_337' title='bbox 250 3799 404 3856; x_wconf 79' lang='lat' dir='ltr'><strong>simul</strong></span> <span class='ocrx_word' id='word_1_338' title='bbox 427 3808 486 3857; x_wconf 89' lang='lat' dir='ltr'><strong>et</strong></span> <span class='ocrx_word' id='word_1_339' title='bbox 519 3804 580 3856; x_wconf 87' lang='lat' dir='ltr'><strong>in</strong></span> <span class='ocrx_word' id='word_1_340' title='bbox 618 3803 787 3857; x_wconf 88' lang='lat' dir='ltr'><strong>nobis</strong></span> <span class='ocrx_word' id='word_1_341' title='bbox 805 3820 935 3857; x_wconf 87' lang='lat' dir='ltr'><strong>eam</strong></span> <span class='ocrx_word' id='word_1_342' title='bbox 958 3803 1333 3874; x_wconf 88' lang='lat' dir='ltr'><strong>prudentiam</strong></span> <span class='ocrx_word' id='word_1_343' title='bbox 1368 3819 1717 3874; x_wconf 86' lang='lat' dir='ltr'><strong>morumque</strong></span> 
     </span>
    </p>
   </div>
   <div class='ocr_carea' id='block_1_52' title="bbox 143 3886 1723 3963">
    <p class='ocr_par' dir='ltr' id='par_1_52' title="bbox 143 3886 1723 3963">
     <span class='ocr_line' id='line_1_52' title="bbox 143 3886 1723 3963; baseline 0.003 -23"><span class='ocrx_word' id='word_1_344' title='bbox 143 3886 441 3951; x_wconf 75' lang='lat' dir='ltr'><strong>probitatem</strong></span> <span class='ocrx_word' id='word_1_345' title='bbox 469 3908 599 3946; x_wconf 86' lang='lat' dir='ltr'><strong>esse</strong></span> <span class='ocrx_word' id='word_1_346' title='bbox 628 3891 996 3958; x_wconf 85' lang='lat' dir='ltr'><strong>conﬁdimus,</strong></span> <span class='ocrx_word' id='word_1_347' title='bbox 1025 3893 1086 3946; x_wconf 89' lang='lat' dir='ltr'><strong>ut</strong></span> <span class='ocrx_word' id='word_1_348' title='bbox 1105 3908 1233 3963; x_wconf 61' lang='lat' dir='ltr'><strong>quae</strong></span> <span class='ocrx_word' id='word_1_349' title='bbox 1252 3890 1635 3962; x_wconf 85' lang='lat' dir='ltr'><strong>probabiliter</strong></span> <span class='ocrx_word' id='word_1_350' title='bbox 1664 3893 1723 3946; x_wconf 85' lang='lat' dir='ltr'><strong>et</strong></span> 
     </span>
    </p>
   </div>
   <div class='ocr_carea' id='block_1_53' title="bbox 146 3978 1723 4046">
    <p class='ocr_par' dir='ltr' id='par_1_53' title="bbox 146 3978 1723 4046">
     <span class='ocr_line' id='line_1_53' title="bbox 146 3978 1723 4046; baseline 0.003 -16"><span class='ocrx_word' id='word_1_351' title='bbox 146 3978 416 4035; x_wconf 68' lang='lat' dir='ltr'><strong>necessario</strong></span> <span class='ocrx_word' id='word_1_352' title='bbox 450 3980 1010 4046; x_wconf 88' lang='lat' dir='ltr'><strong>demonstravimus,</strong></span> <span class='ocrx_word' id='word_1_353' title='bbox 1044 3997 1161 4035; x_wconf 91' lang='lat' dir='ltr'><strong>non</strong></span> <span class='ocrx_word' id='word_1_354' title='bbox 1194 3980 1250 4034; x_wconf 92' lang='lat' dir='ltr'><strong>in</strong></span> <span class='ocrx_word' id='word_1_355' title='bbox 1279 3982 1491 4035; x_wconf 88' lang='lat' dir='ltr'><strong>statera</strong></span> <span class='ocrx_word' id='word_1_356' title='bbox 1523 3980 1723 4034; x_wconf 87' lang='lat' dir='ltr'><strong>dolosa</strong></span> 
     </span>
    </p>
   </div>
   <div class='ocr_carea' id='block_1_54' title="bbox 144 4062 1717 4141">
    <p class='ocr_par' dir='ltr' id='par_1_54' title="bbox 144 4062 1717 4141">
     <span class='ocr_line' id='line_1_54' title="bbox 144 4062 1717 4141; baseline 0.004 -25"><span class='ocrx_word' id='word_1_357' title='bbox 144 4064 186 4113; x_wconf 80' lang='lat' dir='ltr'><strong>et</strong></span> <span class='ocrx_word' id='word_1_358' title='bbox 206 4062 398 4137; x_wconf 84' lang='lat' dir='ltr'><strong>iniqua,</strong></span> <span class='ocrx_word' id='word_1_359' title='bbox 430 4068 537 4122; x_wconf 87' lang='lat' dir='ltr'><strong>sed</strong></span> <span class='ocrx_word' id='word_1_360' title='bbox 570 4068 633 4122; x_wconf 90' lang='lat' dir='ltr'><strong>in</strong></span> <span class='ocrx_word' id='word_1_361' title='bbox 667 4085 816 4139; x_wconf 89' lang='lat' dir='ltr'><strong>equa</strong></span> <span class='ocrx_word' id='word_1_362' title='bbox 840 4071 898 4123; x_wconf 89' lang='lat' dir='ltr'><strong>et</strong></span> <span class='ocrx_word' id='word_1_363' title='bbox 922 4068 1251 4123; x_wconf 86' lang='lat' dir='ltr'><strong>rationabili</strong></span> <span class='ocrx_word' id='word_1_364' title='bbox 1273 4070 1433 4123; x_wconf 88' lang='lat' dir='ltr'><strong>lance</strong></span> <span class='ocrx_word' id='word_1_365' title='bbox 1460 4084 1717 4141; x_wconf 89' lang='lat' dir='ltr'><strong>appensa</strong></span> 
     </span>
    </p>
   </div>
   <div class='ocr_carea' id='block_1_55' title="bbox 145 4146 1726 4236">
    <p class='ocr_par' dir='ltr' id='par_1_55' title="bbox 145 4146 1726 4236">
     <span class='ocr_line' id='line_1_55' title="bbox 145 4146 1726 4236; baseline 0.003 -30"><span class='ocrx_word' id='word_1_366' title='bbox 145 4146 277 4206; x_wconf 68' lang='lat' dir='ltr'><strong>fuisse</strong></span> <span class='ocrx_word' id='word_1_367' title='bbox 301 4157 687 4226; x_wconf 75' lang='lat' dir='ltr'><strong>gaudeamus,</strong></span> <span class='ocrx_word' id='word_1_368' title='bbox 725 4158 893 4227; x_wconf 86' lang='lat' dir='ltr'><strong>juxta</strong></span> <span class='ocrx_word' id='word_1_369' title='bbox 939 4158 1076 4211; x_wconf 91' lang='lat' dir='ltr'><strong>illud</strong></span> <span class='ocrx_word' id='word_1_370' title='bbox 1124 4157 1276 4212; x_wconf 90' lang='lat' dir='ltr'><strong>beati</strong></span> <span class='ocrx_word' id='word_1_371' title='bbox 1306 4156 1608 4228; x_wconf 80' lang='lat' dir='ltr'><strong>Augustini</strong></span> <span class='ocrx_word' id='word_1_372' title='bbox 1641 4157 1726 4236; x_wconf 56' lang='lat' dir='ltr'><strong>in,</strong></span> 
     </span>
    </p>
   </div>
   <div class='ocr_carea' id='block_1_56' title="bbox 143 4242 1714 4317">
    <p class='ocr_par' dir='ltr' id='par_1_56' title="bbox 143 4242 1714 4317">
     <span class='ocr_line' id='line_1_56' title="bbox 143 4242 1714 4317; baseline 0.003 -22"><span class='ocrx_word' id='word_1_373' title='bbox 143 4242 346 4298; x_wconf 66' lang='lat' dir='ltr'><strong>secundo</strong></span> <span class='ocrx_word' id='word_1_374' title='bbox 368 4246 523 4301; x_wconf 86' lang='lat' dir='ltr'><strong>libro</strong></span> <span class='ocrx_word' id='word_1_375' title='bbox 558 4245 636 4300; x_wconf 87' lang='lat' dir='ltr'><strong>de</strong></span> <span class='ocrx_word' id='word_1_376' title='bbox 657 4245 948 4317; x_wconf 86' lang='lat' dir='ltr'><strong>baptismo</strong></span> <span class='ocrx_word' id='word_1_377' title='bbox 984 4262 996 4300; x_wconf 93' lang='lat'>:</span> <span class='ocrx_word' id='word_1_378' title='bbox 1027 4245 1157 4300; x_wconf 85' lang='lat' dir='ltr'><strong>Non</strong></span> <span class='ocrx_word' id='word_1_379' title='bbox 1172 4248 1476 4317; x_wconf 72' lang='lat' dir='ltr'><strong>offeramus,</strong></span> <span class='ocrx_word' id='word_1_380' title='bbox 1502 4245 1714 4317; x_wconf 86' lang='lat' dir='ltr'><strong>inquit,</strong></span> 
     </span>
    </p>
   </div>
   <div class='ocr_carea' id='block_1_57' title="bbox 147 4331 1699 4407">
    <p class='ocr_par' dir='ltr' id='par_1_57' title="bbox 147 4331 1699 4407">
     <span class='ocr_line' id='line_1_57' title="bbox 147 4331 1699 4407; baseline 0.004 -25"><span class='ocrx_word' id='word_1_381' title='bbox 147 4331 311 4385; x_wconf 72' lang='lat' dir='ltr'><strong>latera:</strong></span> <span class='ocrx_word' id='word_1_382' title='bbox 384 4334 623 4401; x_wconf 76' lang='lat' dir='ltr'><strong>dolosas,</strong></span> <span class='ocrx_word' id='word_1_383' title='bbox 692 4335 791 4389; x_wconf 78' lang='lat' dir='ltr'><strong>ubi</strong></span> <span class='ocrx_word' id='word_1_384' title='bbox 834 4335 1196 4405; x_wconf 81' lang='lat' dir='ltr'><strong>appendamus</strong></span> <span class='ocrx_word' id='word_1_385' title='bbox 1249 4336 1391 4407; x_wconf 82' lang='lat' dir='ltr'><strong>quod</strong></span> <span class='ocrx_word' id='word_1_386' title='bbox 1447 4335 1699 4388; x_wconf 87' lang='lat' dir='ltr'><strong>volumus</strong></span> 
     </span>
    </p>
   </div>
   <div class='ocr_carea' id='block_1_58' title="bbox 141 4423 1722 4493">
    <p class='ocr_par' dir='ltr' id='par_1_58' title="bbox 141 4423 1722 4493">
     <span class='ocr_line' id='line_1_58' title="bbox 141 4423 1722 4493; baseline 0 -16"><span class='ocrx_word' id='word_1_387' title='bbox 141 4423 197 4467; x_wconf 71' lang='grc' dir='ltr'><em>ἐτ</em></span> <span class='ocrx_word' id='word_1_388' title='bbox 252 4426 499 4492; x_wconf 70' lang='lat' dir='ltr'><strong>quomodo</strong></span> <span class='ocrx_word' id='word_1_389' title='bbox 580 4424 826 4478; x_wconf 81' lang='lat' dir='ltr'><strong>volumus</strong></span> <span class='ocrx_word' id='word_1_390' title='bbox 883 4430 992 4478; x_wconf 89' lang='lat' dir='ltr'><strong>tota</strong></span> <span class='ocrx_word' id='word_1_391' title='bbox 1077 4423 1168 4477; x_wconf 84' lang='lat' dir='ltr'><strong>die</strong></span> <span class='ocrx_word' id='word_1_392' title='bbox 1229 4423 1563 4477; x_wconf 80' lang='lat' dir='ltr'><strong>dimittamus</strong></span> <span class='ocrx_word' id='word_1_393' title='bbox 1618 4439 1722 4493; x_wconf 84' lang='lat' dir='ltr'><strong>pro</strong></span> 
     </span>
    </p>
   </div>
   <div class='ocr_carea' id='block_1_59' title="bbox 149 4505 1725 4583">
    <p class='ocr_par' dir='ltr' id='par_1_59' title="bbox 149 4505 1725 4583">
     <span class='ocr_line' id='line_1_59' title="bbox 149 4505 1725 4583; baseline -0.001 -18"><span class='ocrx_word' id='word_1_394' title='bbox 149 4505 333 4565; x_wconf 56' lang='lat' dir='ltr'><strong>&quot;bitrio</strong></span> <span class='ocrx_word' id='word_1_395' title='bbox 358 4524 565 4579; x_wconf 75' lang='lat' dir='ltr'><strong>nostra,</strong></span> <span class='ocrx_word' id='word_1_396' title='bbox 616 4513 847 4566; x_wconf 75' lang='lat' dir='ltr'><strong>dicentes</strong></span> <span class='ocrx_word' id='word_1_397' title='bbox 881 4529 899 4568; x_wconf 91' lang='lat'><strong><em>:</em></strong></span> <span class='ocrx_word' id='word_1_398' title='bbox 939 4513 1062 4567; x_wconf 80' lang='lat' dir='ltr'><strong>Hoc</strong></span> <span class='ocrx_word' id='word_1_399' title='bbox 1080 4531 1262 4583; x_wconf 84' lang='lat' dir='ltr'><strong>grave,</strong></span> <span class='ocrx_word' id='word_1_400' title='bbox 1324 4514 1419 4566; x_wconf 81' lang='lat' dir='ltr'><strong>hoc</strong></span> <span class='ocrx_word' id='word_1_401' title='bbox 1460 4512 1566 4566; x_wconf 86' lang='lat' dir='ltr'><strong>leve</strong></span> <span class='ocrx_word' id='word_1_402' title='bbox 1596 4518 1671 4565; x_wconf 83' lang='lat' dir='ltr'><strong>est</strong></span> <span class='ocrx_word' id='word_1_403' title='bbox 1704 4512 1725 4565; x_wconf 93' lang='lat'><strong><em>!</em></strong></span> 
     </span>
    </p>
   </div>
   <div class='ocr_carea' id='block_1_60' title="bbox 144 4589 1723 4672">
    <p class='ocr_par' dir='ltr' id='par_1_60' title="bbox 144 4589 1723 4672">
     <span class='ocr_line' id='line_1_60' title="bbox 144 4589 1723 4672; baseline 0.003 -22"><span class='ocrx_word' id='word_1_404' title='bbox 144 4589 228 4646; x_wconf 69' lang='lat' dir='ltr'><strong>Sed</strong></span> <span class='ocrx_word' id='word_1_405' title='bbox 251 4601 532 4667; x_wconf 68' lang='lat' dir='ltr'><strong>efferamus</strong></span> <span class='ocrx_word' id='word_1_406' title='bbox 578 4602 823 4656; x_wconf 73' lang='lat' dir='ltr'><strong>divinam</strong></span> <span class='ocrx_word' id='word_1_407' title='bbox 840 4608 1091 4657; x_wconf 83' lang='lat' dir='ltr'><strong>stateram</strong></span> <span class='ocrx_word' id='word_1_408' title='bbox 1130 4602 1194 4655; x_wconf 85' lang='lat' dir='ltr'><strong>de</strong></span> <span class='ocrx_word' id='word_1_409' title='bbox 1250 4601 1543 4672; x_wconf 62' lang='lat' dir='ltr'><strong>Scripturis</strong></span> <span class='ocrx_word' id='word_1_410' title='bbox 1595 4619 1723 4655; x_wconf 79' lang='lat' dir='ltr'><strong>san-</strong></span> 
     </span>
    </p>
   </div>
   <div class='ocr_carea' id='block_1_61' title="bbox 144 4683 1726 4761">
    <p class='ocr_par' dir='ltr' id='par_1_61' title="bbox 144 4683 1726 4761">
     <span class='ocr_line' id='line_1_61' title="bbox 144 4683 1726 4761; baseline 0.003 -23"><span class='ocrx_word' id='word_1_411' title='bbox 144 4683 224 4734; x_wconf 62' lang='lat' dir='ltr'><strong>ait</strong></span> <span class='ocrx_word' id='word_1_412' title='bbox 262 4694 535 4761; x_wconf 79' lang='lat' dir='ltr'><strong>tamquam</strong></span> <span class='ocrx_word' id='word_1_413' title='bbox 568 4699 643 4733; x_wconf 73' lang='grc'><strong>³⁸7</strong></span> <span class='ocrx_word' id='word_1_414' title='bbox 668 4690 732 4745; x_wconf 84' lang='lat' dir='ltr'><strong>de</strong></span> <span class='ocrx_word' id='word_1_415' title='bbox 776 4692 1039 4745; x_wconf 78' lang='lat' dir='ltr'><strong>thesauris</strong></span> <span class='ocrx_word' id='word_1_416' title='bbox 1065 4691 1380 4756; x_wconf 80' lang='lat' dir='ltr'><strong>Dominicis,</strong></span> <span class='ocrx_word' id='word_1_417' title='bbox 1431 4697 1481 4744; x_wconf 86' lang='lat' dir='ltr'><strong>et</strong></span> <span class='ocrx_word' id='word_1_418' title='bbox 1518 4693 1575 4743; x_wconf 90' lang='lat' dir='ltr'><strong>in</strong></span> <span class='ocrx_word' id='word_1_419' title='bbox 1633 4689 1726 4743; x_wconf 82' lang='lat' dir='ltr'><strong>illa</strong></span> 
     </span>
    </p>
   </div>
   <div class='ocr_carea' id='block_1_62' title="bbox 144 4773 1725 4850">
    <p class='ocr_par' dir='ltr' id='par_1_62' title="bbox 144 4773 1725 4850">
     <span class='ocr_line' id='line_1_62' title="bbox 144 4773 1725 4850; baseline 0.002 -20"><span class='ocrx_word' id='word_1_420' title='bbox 144 4773 244 4838; x_wconf 61' lang='lat' dir='ltr'><strong>Md</strong></span> <span class='ocrx_word' id='word_1_421' title='bbox 282 4780 346 4830; x_wconf 77' lang='lat' dir='ltr'><strong>sit</strong></span> <span class='ocrx_word' id='word_1_422' title='bbox 370 4783 602 4847; x_wconf 75' lang='lat' dir='ltr'><strong>gravius</strong></span> <span class='ocrx_word' id='word_1_423' title='bbox 654 4780 1036 4850; x_wconf 82' lang='lat' dir='ltr'><strong>appendamus,</strong></span> <span class='ocrx_word' id='word_1_424' title='bbox 1091 4782 1250 4834; x_wconf 85' lang='lat' dir='ltr'><strong>immo</strong></span> <span class='ocrx_word' id='word_1_425' title='bbox 1296 4796 1403 4833; x_wconf 87' lang='lat' dir='ltr'><strong>non</strong></span> <span class='ocrx_word' id='word_1_426' title='bbox 1452 4778 1725 4849; x_wconf 74' lang='lat' dir='ltr'><strong>appende-</strong></span> 
     </span>
    </p>
   </div>
   <div class='ocr_carea' id='block_1_63' title="bbox 145 4866 1726 4939">
    <p class='ocr_par' dir='ltr' id='par_1_63' title="bbox 145 4866 1726 4939">
     <span class='ocr_line' id='line_1_63' title="bbox 145 4866 1726 4939; baseline 0.001 -19"><span class='ocrx_word' id='word_1_427' title='bbox 145 4872 253 4925; x_wconf 67' lang='grc' dir='ltr'><strong>Μ,</strong></span> <span class='ocrx_word' id='word_1_428' title='bbox 276 4866 358 4920; x_wconf 74' lang='lat' dir='ltr'><strong>sed</strong></span> <span class='ocrx_word' id='word_1_429' title='bbox 384 4884 628 4939; x_wconf 79' lang='lat' dir='ltr'><strong>appensa</strong></span> <span class='ocrx_word' id='word_1_430' title='bbox 648 4886 681 4921; x_wconf 90' lang='lat' dir='ltr'><strong>a</strong></span> <span class='ocrx_word' id='word_1_431' title='bbox 713 4868 949 4922; x_wconf 85' lang='lat' dir='ltr'><strong>Domino</strong></span> <span class='ocrx_word' id='word_1_432' title='bbox 968 4885 1422 4939; x_wconf 61' lang='lat' dir='ltr'><strong>recognoscamus.</strong></span> <span class='ocrx_word' id='word_1_433' title='bbox 1438 4867 1726 4922; x_wconf 85' lang='lat' dir='ltr'><strong>Nimirum</strong></span> 
     </span>
    </p>
   </div>
   <div class='ocr_carea' id='block_1_64' title="bbox 144 4942 1727 5029">
    <p class='ocr_par' dir='ltr' id='par_1_64' title="bbox 144 4942 1727 5029">
     <span class='ocr_line' id='line_1_64' title="bbox 144 4942 1727 5029; baseline 0.004 -24"><span class='ocrx_word' id='word_1_434' title='bbox 144 4942 302 5006; x_wconf 61' lang='lat' dir='ltr'><strong>hicvir</strong></span> <span class='ocrx_word' id='word_1_435' title='bbox 354 4961 598 5012; x_wconf 86' lang='lat' dir='ltr'><strong>sanctus</strong></span> <span class='ocrx_word' id='word_1_436' title='bbox 628 4961 688 5011; x_wconf 90' lang='lat' dir='ltr'><strong>et</strong></span> <span class='ocrx_word' id='word_1_437' title='bbox 740 4958 971 5026; x_wconf 81' lang='lat' dir='ltr'><strong>sapiens</strong></span> <span class='ocrx_word' id='word_1_438' title='bbox 1026 4958 1133 5012; x_wconf 91' lang='lat' dir='ltr'><strong>hoc</strong></span> <span class='ocrx_word' id='word_1_439' title='bbox 1185 4957 1513 5029; x_wconf 79' lang='lat' dir='ltr'><strong>intelligere</strong></span> <span class='ocrx_word' id='word_1_440' title='bbox 1572 4956 1727 5011; x_wconf 87' lang='lat' dir='ltr'><strong>vide-</strong></span> 
     </span>
    </p>
   </div>
   <div class='ocr_carea' id='block_1_65' title="bbox 146 5033 1728 5118">
    <p class='ocr_par' dir='ltr' id='par_1_65' title="bbox 146 5033 1728 5118">
     <span class='ocr_line' id='line_1_65' title="bbox 146 5033 1728 5118; baseline -0.001 -17"><span class='ocrx_word' id='word_1_441' title='bbox 146 5033 233 5101; x_wconf 63' lang='grc' dir='ltr'><strong>ιιι,</strong></span> <span class='ocrx_word' id='word_1_442' title='bbox 259 5057 366 5097; x_wconf 88' lang='lat' dir='ltr'><strong>non</strong></span> <span class='ocrx_word' id='word_1_443' title='bbox 414 5062 482 5100; x_wconf 78' lang='lat' dir='ltr'><strong>ex</strong></span> <span class='ocrx_word' id='word_1_444' title='bbox 546 5046 864 5101; x_wconf 89' lang='lat' dir='ltr'><strong>hominum</strong></span> <span class='ocrx_word' id='word_1_445' title='bbox 894 5046 1218 5101; x_wconf 86' lang='lat' dir='ltr'><strong>voluntario</strong></span> <span class='ocrx_word' id='word_1_446' title='bbox 1265 5046 1367 5101; x_wconf 88' lang='lat' dir='ltr'><strong>sed</strong></span> <span class='ocrx_word' id='word_1_447' title='bbox 1410 5046 1603 5118; x_wconf 73' lang='lat' dir='ltr'><strong>potius</strong></span> <span class='ocrx_word' id='word_1_448' title='bbox 1660 5061 1728 5099; x_wconf 80' lang='lat' dir='ltr'><strong>ex</strong></span> 
     </span>
    </p>
   </div>
   <div class='ocr_carea' id='block_1_66' title="bbox 149 5119 1728 5205">
    <p class='ocr_par' dir='ltr' id='par_1_66' title="bbox 149 5119 1728 5205">
     <span class='ocr_line' id='line_1_66' title="bbox 149 5119 1728 5205; baseline 0.004 -22"><span class='ocrx_word' id='word_1_449' title='bbox 149 5119 301 5184; x_wconf 54' lang='lat' dir='ltr'><strong>(hinc</strong></span> <span class='ocrx_word' id='word_1_450' title='bbox 331 5132 551 5202; x_wconf 84' lang='lat' dir='ltr'><strong>juditio</strong></span> <span class='ocrx_word' id='word_1_451' title='bbox 602 5135 829 5205; x_wconf 86' lang='lat' dir='ltr'><strong>majora</strong></span> <span class='ocrx_word' id='word_1_452' title='bbox 856 5135 945 5189; x_wconf 90' lang='lat' dir='ltr'><strong>vel</strong></span> <span class='ocrx_word' id='word_1_453' title='bbox 999 5136 1230 5190; x_wconf 89' lang='lat' dir='ltr'><strong>minora</strong></span> <span class='ocrx_word' id='word_1_454' title='bbox 1274 5135 1550 5190; x_wconf 82' lang='lat' dir='ltr'><strong>habenda</strong></span> <span class='ocrx_word' id='word_1_455' title='bbox 1606 5150 1728 5189; x_wconf 89' lang='lat' dir='ltr'><strong>esse</strong></span> 
     </span>
    </p>
   </div>
   <div class='ocr_carea' id='block_1_67' title="bbox 148 5222 1728 5296">
    <p class='ocr_par' dir='ltr' id='par_1_67' title="bbox 148 5222 1728 5296">
     <span class='ocr_line' id='line_1_67' title="bbox 148 5222 1728 5296; baseline 0.001 -20"><span class='ocrx_word' id='word_1_456' title='bbox 148 5222 353 5276; x_wconf 62' lang='lat' dir='ltr'><strong>Ma.</strong></span> <span class='ocrx_word' id='word_1_457' title='bbox 387 5223 596 5294; x_wconf 79' lang='lat' dir='ltr'><strong>Neque</strong></span> <span class='ocrx_word' id='word_1_458' title='bbox 619 5224 777 5278; x_wconf 90' lang='lat' dir='ltr'><strong>enim</strong></span> <span class='ocrx_word' id='word_1_459' title='bbox 807 5223 1227 5279; x_wconf 86' lang='lat' dir='ltr'><strong>dissimulando</strong></span> <span class='ocrx_word' id='word_1_460' title='bbox 1260 5223 1565 5296; x_wconf 88' lang='lat' dir='ltr'><strong>quodlibet</strong></span> <span class='ocrx_word' id='word_1_461' title='bbox 1586 5223 1728 5278; x_wconf 88' lang='lat' dir='ltr'><strong>illud</strong></span> 
     </span>
    </p>
   </div>
   <div class='ocr_carea' id='block_1_68' title="bbox 150 5310 1723 5385">
    <p class='ocr_par' dir='ltr' id='par_1_68' title="bbox 150 5310 1723 5385">
     <span class='ocr_line' id='line_1_68' title="bbox 150 5310 1723 5385; baseline 0.001 -22"><span class='ocrx_word' id='word_1_462' title='bbox 150 5310 399 5365; x_wconf 52' lang='lat' dir='ltr'><strong>thecatum</strong></span> <span class='ocrx_word' id='word_1_463' title='bbox 432 5313 813 5383; x_wconf 78' lang='lat' dir='ltr'><strong>tacuerimus,</strong></span> <span class='ocrx_word' id='word_1_464' title='bbox 832 5313 963 5367; x_wconf 87' lang='lat' dir='ltr'><strong>ideo</strong></span> <span class='ocrx_word' id='word_1_465' title='bbox 996 5314 1132 5367; x_wconf 85' lang='lat' dir='ltr'><strong>illud</strong></span> <span class='ocrx_word' id='word_1_466' title='bbox 1148 5318 1451 5385; x_wconf 88' lang='lat' dir='ltr'><strong>peccatum</strong></span> <span class='ocrx_word' id='word_1_467' title='bbox 1479 5329 1597 5367; x_wconf 89' lang='lat' dir='ltr'><strong>non</strong></span> <span class='ocrx_word' id='word_1_468' title='bbox 1620 5310 1723 5365; x_wconf 83' lang='lat' dir='ltr'><strong>est!</strong></span> 
     </span>
    </p>
   </div>
   <div class='ocr_carea' id='block_1_69' title="bbox 152 5386 1730 5471">
    <p class='ocr_par' dir='ltr' id='par_1_69' title="bbox 152 5386 1730 5471">
     <span class='ocr_line' id='line_1_69' title="bbox 152 5386 1730 5471; baseline 0.003 -22"><span class='ocrx_word' id='word_1_469' title='bbox 152 5386 234 5443; x_wconf 70' lang='grc' dir='ltr'><strong>Χεθ</strong></span> <span class='ocrx_word' id='word_1_470' title='bbox 280 5398 319 5451; x_wconf 92' lang='lat' dir='ltr'><strong>si</strong></span> <span class='ocrx_word' id='word_1_471' title='bbox 356 5399 685 5471; x_wconf 87' lang='lat' dir='ltr'><strong>dijudicare</strong></span> <span class='ocrx_word' id='word_1_472' title='bbox 733 5402 1109 5469; x_wconf 80' lang='lat' dir='ltr'><strong>uoluerimus,</strong></span> <span class='ocrx_word' id='word_1_473' title='bbox 1160 5403 1290 5457; x_wconf 90' lang='lat' dir='ltr'><strong>ideo</strong></span> <span class='ocrx_word' id='word_1_474' title='bbox 1347 5405 1483 5457; x_wconf 88' lang='lat' dir='ltr'><strong>ante</strong></span> <span class='ocrx_word' id='word_1_475' title='bbox 1535 5401 1730 5455; x_wconf 89' lang='lat' dir='ltr'><strong>oculos</strong></span> 
     </span>
    </p>
   </div>
   <div class='ocr_carea' id='block_1_70' title="bbox 1818 3304 3435 3380">
    <p class='ocr_par' dir='ltr' id='par_1_70' title="bbox 1818 3304 3435 3380">
     <span class='ocr_line' id='line_1_70' title="bbox 1818 3304 3435 3380; baseline 0.002 -19"><span class='ocrx_word' id='word_1_476' title='bbox 1818 3308 2134 3363; x_wconf 88' lang='lat' dir='ltr'><strong>venerandi</strong></span> <span class='ocrx_word' id='word_1_477' title='bbox 2149 3310 2344 3380; x_wconf 88' lang='lat' dir='ltr'><strong>patres</strong></span> <span class='ocrx_word' id='word_1_478' title='bbox 2369 3308 2427 3363; x_wconf 90' lang='lat' dir='ltr'><strong>et</strong></span> <span class='ocrx_word' id='word_1_479' title='bbox 2451 3307 2826 3380; x_wconf 86' lang='lat' dir='ltr'><strong>fratres,quid</strong></span> <span class='ocrx_word' id='word_1_480' title='bbox 2856 3304 3107 3363; x_wconf 88' lang='lat' dir='ltr'><strong>nobisin</strong></span> <span class='ocrx_word' id='word_1_481' title='bbox 3130 3323 3297 3363; x_wconf 86' lang='lat' dir='ltr'><strong>causa</strong></span> <span class='ocrx_word' id='word_1_482' title='bbox 3329 3307 3435 3364; x_wconf 84' lang='lat' dir='ltr'><strong>Ar-</strong></span> 
     </span>
    </p>
   </div>
   <div class='ocr_carea' id='block_1_71' title="bbox 1820 3394 3441 3470">
    <p class='ocr_par' dir='ltr' id='par_1_71' title="bbox 1820 3394 3441 3470">
     <span class='ocr_line' id='line_1_71' title="bbox 1820 3394 3441 3470; baseline 0.001 -18"><span class='ocrx_word' id='word_1_483' title='bbox 1820 3396 2351 3468; x_wconf 77' lang='lat' dir='ltr'><strong>nulﬂjudicandum</strong></span> <span class='ocrx_word' id='word_1_484' title='bbox 2380 3397 2753 3470; x_wconf 82' lang='lat' dir='ltr'><strong>fuerit,quem</strong></span> <span class='ocrx_word' id='word_1_485' title='bbox 2778 3399 2915 3454; x_wconf 87' lang='lat' dir='ltr'><strong>ante</strong></span> <span class='ocrx_word' id='word_1_486' title='bbox 2939 3396 3038 3453; x_wconf 89' lang='lat' dir='ltr'><strong>Dei</strong></span> <span class='ocrx_word' id='word_1_487' title='bbox 3058 3399 3117 3452; x_wconf 91' lang='lat' dir='ltr'><strong>et</strong></span> <span class='ocrx_word' id='word_1_488' title='bbox 3133 3394 3441 3453; x_wconf 82' lang='lat' dir='ltr'><strong>hominum</strong></span> 
     </span>
    </p>
   </div>
   <div class='ocr_carea' id='block_1_72' title="bbox 1822 3483 3440 3543">
    <p class='ocr_par' dir='ltr' id='par_1_72' title="bbox 1822 3483 3440 3543">
     <span class='ocr_line' id='line_1_72' title="bbox 1822 3483 3440 3543; baseline -0.002 0"><span class='ocrx_word' id='word_1_489' title='bbox 1822 3488 2017 3543; x_wconf 90' lang='lat' dir='ltr'><strong>oculos</strong></span> <span class='ocrx_word' id='word_1_490' title='bbox 2049 3487 2105 3542; x_wconf 90' lang='lat' dir='ltr'><strong>in</strong></span> <span class='ocrx_word' id='word_1_491' title='bbox 2122 3487 2451 3543; x_wconf 88' lang='lat' dir='ltr'><strong>immanum</strong></span> <span class='ocrx_word' id='word_1_492' title='bbox 2477 3485 2818 3543; x_wconf 87' lang='lat' dir='ltr'><strong>barathrum</strong></span> <span class='ocrx_word' id='word_1_493' title='bbox 2837 3485 3107 3543; x_wconf 89' lang='lat' dir='ltr'><strong>cecidisse</strong></span> <span class='ocrx_word' id='word_1_494' title='bbox 3136 3483 3440 3541; x_wconf 85' lang='lat' dir='ltr'><strong>constabat</strong></span> 
     </span>
    </p>
   </div>
   <div class='ocr_carea' id='block_1_73' title="bbox 1822 3574 3438 3649">
    <p class='ocr_par' dir='ltr' id='par_1_73' title="bbox 1822 3574 3438 3649">
     <span class='ocr_line' id='line_1_73' title="bbox 1822 3574 3438 3649; baseline 0.001 -20"><span class='ocrx_word' id='word_1_495' title='bbox 1822 3576 1918 3649; x_wconf 91' lang='lat' dir='ltr'><strong>qui</strong></span> <span class='ocrx_word' id='word_1_496' title='bbox 1946 3594 2003 3630; x_wconf 90' lang='lat' dir='ltr'><strong>se</strong></span> <span class='ocrx_word' id='word_1_497' title='bbox 2036 3576 2223 3648; x_wconf 89' lang='lat' dir='ltr'><strong>ipsum</strong></span> <span class='ocrx_word' id='word_1_498' title='bbox 2244 3575 2480 3648; x_wconf 89' lang='lat' dir='ltr'><strong>proprio</strong></span> <span class='ocrx_word' id='word_1_499' title='bbox 2512 3593 2611 3632; x_wconf 90' lang='lat' dir='ltr'><strong>ore</strong></span> <span class='ocrx_word' id='word_1_500' title='bbox 2627 3574 3003 3647; x_wconf 88' lang='lat' dir='ltr'><strong>dampnabat,</strong></span> <span class='ocrx_word' id='word_1_501' title='bbox 3035 3574 3196 3646; x_wconf 84' lang='lat' dir='ltr'><strong>cujus</strong></span> <span class='ocrx_word' id='word_1_502' title='bbox 3211 3590 3316 3648; x_wconf 88' lang='lat' dir='ltr'><strong>pro</strong></span> <span class='ocrx_word' id='word_1_503' title='bbox 3348 3590 3438 3631; x_wconf 87' lang='lat' dir='ltr'><strong>re-</strong></span> 
     </span>
    </p>
   </div>
   <div class='ocr_carea' id='block_1_74' title="bbox 1821 3662 3429 3733">
    <p class='ocr_par' dir='ltr' id='par_1_74' title="bbox 1821 3662 3429 3733">
     <span class='ocr_line' id='line_1_74' title="bbox 1821 3662 3429 3733; baseline -0.001 -14"><span class='ocrx_word' id='word_1_504' title='bbox 1821 3664 2071 3719; x_wconf 91' lang='lat' dir='ltr'><strong>bellione</strong></span> <span class='ocrx_word' id='word_1_505' title='bbox 2098 3668 2157 3720; x_wconf 88' lang='lat' dir='ltr'><strong>et</strong></span> <span class='ocrx_word' id='word_1_506' title='bbox 2186 3664 2551 3721; x_wconf 90' lang='lat' dir='ltr'><strong>contumacia</strong></span> <span class='ocrx_word' id='word_1_507' title='bbox 2573 3664 2845 3719; x_wconf 76' lang='lat' dir='ltr'><strong>Africana</strong></span> <span class='ocrx_word' id='word_1_508' title='bbox 2862 3663 3106 3718; x_wconf 91' lang='lat' dir='ltr'><strong>concilia</strong></span> <span class='ocrx_word' id='word_1_509' title='bbox 3130 3677 3307 3717; x_wconf 91' lang='lat' dir='ltr'><strong>omne</strong></span> <span class='ocrx_word' id='word_1_510' title='bbox 3330 3662 3429 3733; x_wconf 86' lang='lat' dir='ltr'><strong>jus</strong></span> 
     </span>
    </p>
   </div>
   <div class='ocr_carea' id='block_1_75' title="bbox 1823 3752 3439 3827">
    <p class='ocr_par' dir='ltr' id='par_1_75' title="bbox 1823 3752 3439 3827">
     <span class='ocr_line' id='line_1_75' title="bbox 1823 3752 3439 3827; baseline -0.002 -18"><span class='ocrx_word' id='word_1_511' title='bbox 1823 3755 2183 3809; x_wconf 87' lang='lat' dir='ltr'><strong>ademerant.</strong></span> <span class='ocrx_word' id='word_1_512' title='bbox 2221 3757 2488 3820; x_wconf 89' lang='lat' dir='ltr'><strong>Pensate,</strong></span> <span class='ocrx_word' id='word_1_513' title='bbox 2520 3754 2783 3827; x_wconf 87' lang='lat' dir='ltr'><strong>inquam,</strong></span> <span class='ocrx_word' id='word_1_514' title='bbox 2816 3752 2953 3825; x_wconf 90' lang='lat' dir='ltr'><strong>quid</strong></span> <span class='ocrx_word' id='word_1_515' title='bbox 2998 3768 3104 3824; x_wconf 90' lang='lat' dir='ltr'><strong>pro</strong></span> <span class='ocrx_word' id='word_1_516' title='bbox 3144 3752 3439 3824; x_wconf 86' lang='lat' dir='ltr'><strong>pereuntis</strong></span> 
     </span>
    </p>
   </div>
   <div class='ocr_carea' id='block_1_76' title="bbox 1822 3837 3439 3917">
    <p class='ocr_par' dir='ltr' id='par_1_76' title="bbox 1822 3837 3439 3917">
     <span class='ocr_line' id='line_1_76' title="bbox 1822 3837 3439 3917; baseline -0.002 -19"><span class='ocrx_word' id='word_1_517' title='bbox 1822 3843 2018 3917; x_wconf 89' lang='lat' dir='ltr'><strong>populi</strong></span> <span class='ocrx_word' id='word_1_518' title='bbox 2034 3844 2237 3911; x_wconf 89' lang='lat' dir='ltr'><strong>salute,</strong></span> <span class='ocrx_word' id='word_1_519' title='bbox 2267 3842 2366 3916; x_wconf 91' lang='lat' dir='ltr'><strong>qui</strong></span> <span class='ocrx_word' id='word_1_520' title='bbox 2396 3842 2454 3897; x_wconf 86' lang='lat' dir='ltr'><strong>in</strong></span> <span class='ocrx_word' id='word_1_521' title='bbox 2488 3840 2669 3898; x_wconf 89' lang='lat' dir='ltr'><strong>tocius</strong></span> <span class='ocrx_word' id='word_1_522' title='bbox 2688 3840 2854 3915; x_wconf 91' lang='lat' dir='ltr'><strong>regni</strong></span> <span class='ocrx_word' id='word_1_523' title='bbox 2886 3837 3439 3896; x_wconf 87' lang='lat' dir='ltr'><strong>diseriminemelius</strong></span> 
     </span>
    </p>
   </div>
   <div class='ocr_carea' id='block_1_77' title="bbox 1823 3929 3437 4005">
    <p class='ocr_par' dir='ltr' id='par_1_77' title="bbox 1823 3929 3437 4005">
     <span class='ocr_line' id='line_1_77' title="bbox 1823 3929 3437 4005; baseline -0.001 -18"><span class='ocrx_word' id='word_1_524' title='bbox 1823 3937 1881 3989; x_wconf 90' lang='lat' dir='ltr'><strong>et</strong></span> <span class='ocrx_word' id='word_1_525' title='bbox 1911 3932 2102 3988; x_wconf 91' lang='lat' dir='ltr'><strong>utilius</strong></span> <span class='ocrx_word' id='word_1_526' title='bbox 2131 3933 2253 3988; x_wconf 82' lang='lat' dir='ltr'><strong>ﬁeri</strong></span> <span class='ocrx_word' id='word_1_527' title='bbox 2283 3933 2555 4005; x_wconf 88' lang='lat' dir='ltr'><strong>potuerit,</strong></span> <span class='ocrx_word' id='word_1_528' title='bbox 2587 3948 2763 4004; x_wconf 89' lang='lat' dir='ltr'><strong>quam</strong></span> <span class='ocrx_word' id='word_1_529' title='bbox 2810 3933 2894 3997; x_wconf 90' lang='lat' dir='ltr'><strong>ut,</strong></span> <span class='ocrx_word' id='word_1_530' title='bbox 2926 3930 3156 3985; x_wconf 89' lang='lat' dir='ltr'><strong>tirauno</strong></span> <span class='ocrx_word' id='word_1_531' title='bbox 3209 3929 3437 3985; x_wconf 79' lang='lat' dir='ltr'><strong>excluso</strong></span> 
     </span>
    </p>
   </div>
   <div class='ocr_carea' id='block_1_78' title="bbox 1825 4014 3439 4097">
    <p class='ocr_par' dir='ltr' id='par_1_78' title="bbox 1825 4014 3439 4097">
     <span class='ocr_line' id='line_1_78' title="bbox 1825 4014 3439 4097; baseline -0.006 -17"><span class='ocrx_word' id='word_1_532' title='bbox 1825 4024 1977 4080; x_wconf 87' lang='lat' dir='ltr'><strong>ulilis</strong></span> <span class='ocrx_word' id='word_1_533' title='bbox 2004 4026 2217 4097; x_wconf 90' lang='lat' dir='ltr'><strong>populo</strong></span> <span class='ocrx_word' id='word_1_534' title='bbox 2249 4027 2306 4079; x_wconf 90' lang='lat' dir='ltr'><strong>et</strong></span> <span class='ocrx_word' id='word_1_535' title='bbox 2326 4039 2508 4095; x_wconf 86' lang='lat' dir='ltr'><strong>regno</strong></span> <span class='ocrx_word' id='word_1_536' title='bbox 2534 4020 2981 4078; x_wconf 87' lang='lat' dir='ltr'><strong>constitueretur</strong></span> <span class='ocrx_word' id='word_1_537' title='bbox 3028 4019 3244 4089; x_wconf 88' lang='lat' dir='ltr'><strong>pastor.</strong></span> <span class='ocrx_word' id='word_1_538' title='bbox 3272 4014 3439 4080; x_wconf 84' lang='lat' dir='ltr'><strong>Quod</strong></span> 
     </span>
    </p>
   </div>
   <div class='ocr_carea' id='block_1_79' title="bbox 1826 4101 3437 4186">
    <p class='ocr_par' dir='ltr' id='par_1_79' title="bbox 1826 4101 3437 4186">
     <span class='ocr_line' id='line_1_79' title="bbox 1826 4101 3437 4186; baseline -0.008 -16"><span class='ocrx_word' id='word_1_539' title='bbox 1826 4117 1886 4170; x_wconf 90' lang='lat' dir='ltr'><strong>et</strong></span> <span class='ocrx_word' id='word_1_540' title='bbox 1920 4113 2114 4186; x_wconf 88' lang='lat' dir='ltr'><strong>populi</strong></span> <span class='ocrx_word' id='word_1_541' title='bbox 2152 4113 2315 4186; x_wconf 89' lang='lat' dir='ltr'><strong>quies</strong></span> <span class='ocrx_word' id='word_1_542' title='bbox 2335 4115 2393 4166; x_wconf 88' lang='lat' dir='ltr'><strong>et</strong></span> <span class='ocrx_word' id='word_1_543' title='bbox 2422 4110 2588 4183; x_wconf 86' lang='lat' dir='ltr'><strong>regni</strong></span> <span class='ocrx_word' id='word_1_544' title='bbox 2606 4108 2861 4165; x_wconf 90' lang='lat' dir='ltr'><strong>soliditas</strong></span> <span class='ocrx_word' id='word_1_545' title='bbox 2875 4107 3183 4162; x_wconf 88' lang='lat' dir='ltr'><strong>consecuta</strong></span> <span class='ocrx_word' id='word_1_546' title='bbox 3211 4101 3437 4159; x_wconf 87' lang='lat' dir='ltr'><strong>est.Sed</strong></span> 
     </span>
    </p>
   </div>
   <div class='ocr_carea' id='block_1_80' title="bbox 1828 4194 3439 4269">
    <p class='ocr_par' dir='ltr' id='par_1_80' title="bbox 1828 4194 3439 4269">
     <span class='ocr_line' id='line_1_80' title="bbox 1828 4194 3439 4269; baseline -0.007 -11"><span class='ocrx_word' id='word_1_547' title='bbox 1828 4220 1958 4259; x_wconf 90' lang='lat' dir='ltr'><strong>ecce</strong></span> <span class='ocrx_word' id='word_1_548' title='bbox 1990 4219 2057 4258; x_wconf 83' lang='lat' dir='ltr'><strong>ex</strong></span> <span class='ocrx_word' id='word_1_549' title='bbox 2087 4202 2327 4257; x_wconf 88' lang='lat' dir='ltr'><strong>adverso</strong></span> <span class='ocrx_word' id='word_1_550' title='bbox 2349 4199 2529 4255; x_wconf 86' lang='lat' dir='ltr'><strong>hostis</strong></span> <span class='ocrx_word' id='word_1_551' title='bbox 2552 4195 2795 4254; x_wconf 90' lang='lat' dir='ltr'><strong>humani</strong></span> <span class='ocrx_word' id='word_1_552' title='bbox 2821 4194 3052 4269; x_wconf 90' lang='lat' dir='ltr'><strong>generis</strong></span> <span class='ocrx_word' id='word_1_553' title='bbox 3083 4209 3188 4267; x_wconf 88' lang='lat' dir='ltr'><strong>per</strong></span> <span class='ocrx_word' id='word_1_554' title='bbox 3217 4206 3439 4265; x_wconf 85' lang='lat' dir='ltr'><strong>organa</strong></span> 
     </span>
    </p>
   </div>
   <div class='ocr_carea' id='block_1_81' title="bbox 1827 4278 3442 4365">
    <p class='ocr_par' dir='ltr' id='par_1_81' title="bbox 1827 4278 3442 4365">
     <span class='ocr_line' id='line_1_81' title="bbox 1827 4278 3442 4365; baseline -0.008 -17"><span class='ocrx_word' id='word_1_555' title='bbox 1827 4310 1929 4348; x_wconf 90' lang='lat' dir='ltr'><strong>sua</strong></span> <span class='ocrx_word' id='word_1_556' title='bbox 1952 4289 2320 4365; x_wconf 89' lang='lat' dir='ltr'><strong>proloquitur</strong></span> <span class='ocrx_word' id='word_1_557' title='bbox 2360 4305 2373 4343; x_wconf 87' lang='lat'><strong>:</strong></span> <span class='ocrx_word' id='word_1_558' title='bbox 2424 4289 2549 4344; x_wconf 83' lang='lat' dir='ltr'><strong>Non</strong></span> <span class='ocrx_word' id='word_1_559' title='bbox 2602 4288 2711 4343; x_wconf 92' lang='lat' dir='ltr'><strong>hoc</strong></span> <span class='ocrx_word' id='word_1_560' title='bbox 2768 4284 2894 4342; x_wconf 83' lang='lat' dir='ltr'><strong>ﬁeri</strong></span> <span class='ocrx_word' id='word_1_561' title='bbox 2922 4283 3081 4339; x_wconf 87' lang='lat' dir='ltr'><strong>licuit</strong></span> <span class='ocrx_word' id='word_1_562' title='bbox 3131 4282 3255 4338; x_wconf 89' lang='lat' dir='ltr'><strong>sine</strong></span> <span class='ocrx_word' id='word_1_563' title='bbox 3289 4278 3442 4339; x_wconf 88' lang='lat' dir='ltr'><strong>sedis</strong></span> 
     </span>
    </p>
   </div>
   <div class='ocr_carea' id='block_1_82' title="bbox 1828 4372 3436 4454">
    <p class='ocr_par' dir='ltr' id='par_1_82' title="bbox 1828 4372 3436 4454">
     <span class='ocr_line' id='line_1_82' title="bbox 1828 4372 3436 4454; baseline -0.006 -16"><span class='ocrx_word' id='word_1_564' title='bbox 1828 4380 2157 4454; x_wconf 70' lang='lat' dir='ltr'><strong>apostolica:</strong></span> <span class='ocrx_word' id='word_1_565' title='bbox 2190 4377 2552 4445; x_wconf 88' lang='lat' dir='ltr'><strong>auctoritate,</strong></span> <span class='ocrx_word' id='word_1_566' title='bbox 2603 4392 2723 4431; x_wconf 91' lang='lat' dir='ltr'><strong>non</strong></span> <span class='ocrx_word' id='word_1_567' title='bbox 2754 4375 2879 4432; x_wconf 89' lang='lat' dir='ltr'><strong>sine</strong></span> <span class='ocrx_word' id='word_1_568' title='bbox 2921 4374 3194 4446; x_wconf 78' lang='lat' dir='ltr'><strong>prasente</strong></span> <span class='ocrx_word' id='word_1_569' title='bbox 3243 4372 3436 4443; x_wconf 88' lang='lat' dir='ltr'><strong>legato</strong></span> 
     </span>
    </p>
   </div>
   <div class='ocr_carea' id='block_1_83' title="bbox 1829 4456 2958 4538">
    <p class='ocr_par' dir='ltr' id='par_1_83' title="bbox 1829 4456 2958 4538">
     <span class='ocr_line' id='line_1_83' title="bbox 1829 4456 2958 4538; baseline -0.008 -11"><span class='ocrx_word' id='word_1_570' title='bbox 1829 4456 2061 4527; x_wconf 77' lang='lat' dir='ltr'><strong>nonnisi</strong></span> <span class='ocrx_word' id='word_1_571' title='bbox 2084 4470 2155 4525; x_wconf 90' lang='lat' dir='ltr'><strong>ab</strong></span> <span class='ocrx_word' id='word_1_572' title='bbox 2175 4468 2416 4524; x_wconf 80' lang='lat' dir='ltr'><strong>Arnulfo</strong></span> <span class='ocrx_word' id='word_1_573' title='bbox 2444 4469 2676 4538; x_wconf 86' lang='lat' dir='ltr'><strong>recepta</strong></span> <span class='ocrx_word' id='word_1_574' title='bbox 2701 4464 2958 4521; x_wconf 88' lang='lat' dir='ltr'><strong>ecclesia.</strong></span> 
     </span>
    </p>
   </div>
   <div class='ocr_carea' id='block_1_84' title="bbox 1752 4542 3440 4650">
    <p class='ocr_par' dir='ltr' id='par_1_84' title="bbox 1752 4542 3440 4650">
     <span class='ocr_line' id='line_1_84' title="bbox 1752 4542 3440 4650; baseline -0.007 -16"><span class='ocrx_word' id='word_1_575' title='bbox 1752 4542 1804 4602; x_wconf 74' lang='grc' dir='ltr'><strong>Ι)</strong></span> <span class='ocrx_word' id='word_1_576' title='bbox 1898 4577 2247 4650; x_wconf 79' lang='lat' dir='ltr'><strong>Reprehensio</strong></span> <span class='ocrx_word' id='word_1_577' title='bbox 2276 4581 2325 4631; x_wconf 87' lang='lat' dir='ltr'><strong>et</strong></span> <span class='ocrx_word' id='word_1_578' title='bbox 2374 4575 2711 4644; x_wconf 79' lang='lat' dir='ltr'><strong>conﬁrmatio</strong></span> <span class='ocrx_word' id='word_1_579' title='bbox 2741 4572 3053 4628; x_wconf 79' lang='lat' dir='ltr'><strong>alternatim</strong></span> <span class='ocrx_word' id='word_1_580' title='bbox 3074 4569 3311 4640; x_wconf 74' lang='lat' dir='ltr'><strong>digesta.</strong></span> <span class='ocrx_word' id='word_1_581' title='bbox 3366 4596 3440 4612; x_wconf 77' lang='lat'><strong>-</strong></span> 
     </span>
    </p>
   </div>
   <div class='ocr_carea' id='block_1_85' title="bbox 1828 4666 3436 4739">
    <p class='ocr_par' dir='ltr' id='par_1_85' title="bbox 1828 4666 3436 4739">
     <span class='ocr_line' id='line_1_85' title="bbox 1828 4666 3436 4739; baseline -0.006 -7"><span class='ocrx_word' id='word_1_582' title='bbox 1828 4677 2090 4732; x_wconf 67' lang='lat' dir='ltr'><strong>Hasccine</strong></span> <span class='ocrx_word' id='word_1_583' title='bbox 2116 4679 2203 4730; x_wconf 90' lang='lat' dir='ltr'><strong>est</strong></span> <span class='ocrx_word' id='word_1_584' title='bbox 2231 4674 2559 4739; x_wconf 87' lang='lat' dir='ltr'><strong>auctoritas,</strong></span> <span class='ocrx_word' id='word_1_585' title='bbox 2590 4675 2654 4727; x_wconf 87' lang='lat' dir='ltr'><strong>ut</strong></span> <span class='ocrx_word' id='word_1_586' title='bbox 2668 4667 3110 4727; x_wconf 87' lang='lat' dir='ltr'><strong>innumerabilis</strong></span> <span class='ocrx_word' id='word_1_587' title='bbox 3127 4666 3436 4724; x_wconf 87' lang='lat' dir='ltr'><strong>multitudo</strong></span> 
     </span>
    </p>
   </div>
   <div class='ocr_carea' id='block_1_86' title="bbox 1826 4754 3438 4834">
    <p class='ocr_par' dir='ltr' id='par_1_86' title="bbox 1826 4754 3438 4834">
     <span class='ocr_line' id='line_1_86' title="bbox 1826 4754 3438 4834; baseline -0.008 -10"><span class='ocrx_word' id='word_1_588' title='bbox 1826 4768 2135 4824; x_wconf 91' lang='lat' dir='ltr'><strong>hominum</strong></span> <span class='ocrx_word' id='word_1_589' title='bbox 2167 4763 2393 4820; x_wconf 90' lang='lat' dir='ltr'><strong>assidue</strong></span> <span class='ocrx_word' id='word_1_590' title='bbox 2423 4764 2625 4834; x_wconf 87' lang='lat' dir='ltr'><strong>pereat</strong></span> <span class='ocrx_word' id='word_1_591' title='bbox 2651 4761 2681 4815; x_wconf 84' lang='lat'><strong>?</strong></span> <span class='ocrx_word' id='word_1_592' title='bbox 2705 4761 2901 4816; x_wconf 86' lang='lat' dir='ltr'><strong>Nullus</strong></span> <span class='ocrx_word' id='word_1_593' title='bbox 2928 4760 3242 4825; x_wconf 83' lang='lat' dir='ltr'><strong>Romanus,</strong></span> <span class='ocrx_word' id='word_1_594' title='bbox 3259 4754 3438 4813; x_wconf 73' lang='lat' dir='ltr'><strong>etiam</strong></span> 
     </span>
    </p>
   </div>
   <div class='ocr_carea' id='block_1_87' title="bbox 1827 4844 3440 4925">
    <p class='ocr_par' dir='ltr' id='par_1_87' title="bbox 1827 4844 3440 4925">
     <span class='ocr_line' id='line_1_87' title="bbox 1827 4844 3440 4925; baseline -0.008 -12"><span class='ocrx_word' id='word_1_595' title='bbox 1827 4857 2099 4914; x_wconf 88' lang='lat' dir='ltr'><strong>invitatus</strong></span> <span class='ocrx_word' id='word_1_596' title='bbox 2123 4855 2487 4925; x_wconf 84' lang='lat' dir='ltr'><strong>multumque</strong></span> <span class='ocrx_word' id='word_1_597' title='bbox 2510 4848 3103 4924; x_wconf 73' lang='lat' dir='ltr'><strong>rogatus,subveniat?</strong></span> <span class='ocrx_word' id='word_1_598' title='bbox 3124 4848 3195 4902; x_wconf 79' lang='lat' dir='ltr'><strong>Et</strong></span> <span class='ocrx_word' id='word_1_599' title='bbox 3215 4844 3315 4920; x_wconf 87' lang='lat' dir='ltr'><strong>qui</strong></span> <span class='ocrx_word' id='word_1_600' title='bbox 3340 4861 3440 4918; x_wconf 80' lang='lat' dir='ltr'><strong>po-</strong></span> 
     </span>
    </p>
   </div>
   <div class='ocr_carea' id='block_1_88' title="bbox 1828 4938 3438 5018">
    <p class='ocr_par' dir='ltr' id='par_1_88' title="bbox 1828 4938 3438 5018">
     <span class='ocr_line' id='line_1_88' title="bbox 1828 4938 3438 5018; baseline -0.007 -16"><span class='ocrx_word' id='word_1_601' title='bbox 1828 4944 2078 5015; x_wconf 87' lang='lat' dir='ltr'><strong>test,nisi</strong></span> <span class='ocrx_word' id='word_1_602' title='bbox 2109 4946 2390 5018; x_wconf 67' lang='lat' dir='ltr'><strong>praesente</strong></span> <span class='ocrx_word' id='word_1_603' title='bbox 2417 4943 2679 4997; x_wconf 81' lang='lat' dir='ltr'><strong>Romano</strong></span> <span class='ocrx_word' id='word_1_604' title='bbox 2711 4956 2819 4995; x_wconf 88' lang='lat' dir='ltr'><strong>nec</strong></span> <span class='ocrx_word' id='word_1_605' title='bbox 2849 4938 3063 4994; x_wconf 76' lang='lat' dir='ltr'><strong>audeat</strong></span> <span class='ocrx_word' id='word_1_606' title='bbox 3096 4952 3203 4993; x_wconf 83' lang='lat' dir='ltr'><strong>nec</strong></span> <span class='ocrx_word' id='word_1_607' title='bbox 3221 4950 3438 5008; x_wconf 64' lang='lat' dir='ltr'><strong>pransu-</strong></span> 
     </span>
    </p>
   </div>
   <div class='ocr_carea' id='block_1_89' title="bbox 1830 5028 3441 5095">
    <p class='ocr_par' dir='ltr' id='par_1_89' title="bbox 1830 5028 3441 5095">
     <span class='ocr_line' id='line_1_89' title="bbox 1830 5028 3441 5095; baseline -0.009 -3"><span class='ocrx_word' id='word_1_608' title='bbox 1830 5036 2015 5092; x_wconf 80' lang='lat' dir='ltr'><strong>mat?</strong></span> <span class='ocrx_word' id='word_1_609' title='bbox 2064 5032 2401 5089; x_wconf 83' lang='lat' dir='ltr'><strong>Omittimus</strong></span> <span class='ocrx_word' id='word_1_610' title='bbox 2441 5030 2719 5085; x_wconf 88' lang='lat' dir='ltr'><strong>itinerum</strong></span> <span class='ocrx_word' id='word_1_611' title='bbox 2778 5028 3145 5083; x_wconf 81' lang='lat' dir='ltr'><strong>difﬁcultates</strong></span> <span class='ocrx_word' id='word_1_612' title='bbox 3188 5042 3204 5095; x_wconf 88' lang='lat'><strong>;</strong></span> <span class='ocrx_word' id='word_1_613' title='bbox 3280 5039 3441 5079; x_wconf 81' lang='lat' dir='ltr'><strong>sum-</strong></span> 
     </span>
    </p>
   </div>
   <div class='ocr_carea' id='block_1_90' title="bbox 1831 5112 3440 5197">
    <p class='ocr_par' dir='ltr' id='par_1_90' title="bbox 1831 5112 3440 5197">
     <span class='ocr_line' id='line_1_90' title="bbox 1831 5112 3440 5197; baseline -0.007 -16"><span class='ocrx_word' id='word_1_614' title='bbox 1831 5129 2035 5197; x_wconf 90' lang='lat' dir='ltr'><strong>ptuum</strong></span> <span class='ocrx_word' id='word_1_615' title='bbox 2047 5122 2427 5194; x_wconf 88' lang='lat' dir='ltr'><strong>indigentiam</strong></span> <span class='ocrx_word' id='word_1_616' title='bbox 2438 5118 2755 5191; x_wconf 89' lang='lat' dir='ltr'><strong>,prudentis</strong></span> <span class='ocrx_word' id='word_1_617' title='bbox 2764 5117 2942 5191; x_wconf 79' lang='lat' dir='ltr'><strong>legati</strong></span> <span class='ocrx_word' id='word_1_618' title='bbox 2952 5116 3233 5190; x_wconf 81' lang='lat' dir='ltr'><strong>inopiam;</strong></span> <span class='ocrx_word' id='word_1_619' title='bbox 3250 5112 3440 5185; x_wconf 58' lang='grc' dir='ltr'><strong>θῆαι</strong></span> 
     </span>
    </p>
   </div>
   <div class='ocr_carea' id='block_1_91' title="bbox 1828 5202 3441 5278">
    <p class='ocr_par' dir='ltr' id='par_1_91' title="bbox 1828 5202 3441 5278">
     <span class='ocr_line' id='line_1_91' title="bbox 1828 5202 3441 5278; baseline -0.006 -8"><span class='ocrx_word' id='word_1_620' title='bbox 1828 5233 1960 5271; x_wconf 90' lang='lat' dir='ltr'><strong>cum</strong></span> <span class='ocrx_word' id='word_1_621' title='bbox 1994 5217 2237 5269; x_wconf 81' lang='lat' dir='ltr'><strong>Romam</strong></span> <span class='ocrx_word' id='word_1_622' title='bbox 2267 5213 2507 5266; x_wconf 86' lang='lat' dir='ltr'><strong>ventum</strong></span> <span class='ocrx_word' id='word_1_623' title='bbox 2560 5208 2752 5277; x_wconf 78' lang='lat' dir='ltr'><strong>fuerit,</strong></span> <span class='ocrx_word' id='word_1_624' title='bbox 2784 5224 2905 5264; x_wconf 89' lang='lat' dir='ltr'><strong>non</strong></span> <span class='ocrx_word' id='word_1_625' title='bbox 2962 5203 3294 5278; x_wconf 72' lang='lat' dir='ltr'><strong>apostolica:</strong></span> <span class='ocrx_word' id='word_1_626' title='bbox 3339 5202 3441 5260; x_wconf 80' lang='lat' dir='ltr'><strong>sed</strong></span> 
     </span>
    </p>
   </div>
   <div class='ocr_carea' id='block_1_92' title="bbox 1831 5290 3441 5373">
    <p class='ocr_par' dir='ltr' id='par_1_92' title="bbox 1831 5290 3441 5373">
     <span class='ocr_line' id='line_1_92' title="bbox 1831 5290 3441 5373; baseline -0.009 -13"><span class='ocrx_word' id='word_1_627' title='bbox 1831 5306 2078 5360; x_wconf 89' lang='lat' dir='ltr'><strong>liberum</strong></span> <span class='ocrx_word' id='word_1_628' title='bbox 2111 5300 2307 5356; x_wconf 90' lang='lat' dir='ltr'><strong>licebit</strong></span> <span class='ocrx_word' id='word_1_629' title='bbox 2336 5300 2601 5373; x_wconf 86' lang='lat' dir='ltr'><strong>proferre</strong></span> <span class='ocrx_word' id='word_1_630' title='bbox 2633 5297 2937 5370; x_wconf 80' lang='lat' dir='ltr'><strong>juditium,</strong></span> <span class='ocrx_word' id='word_1_631' title='bbox 2988 5293 3089 5350; x_wconf 88' lang='lat' dir='ltr'><strong>sed</strong></span> <span class='ocrx_word' id='word_1_632' title='bbox 3139 5290 3292 5366; x_wconf 83' lang='lat' dir='ltr'><strong>quod</strong></span> <span class='ocrx_word' id='word_1_633' title='bbox 3335 5306 3441 5347; x_wconf 87' lang='lat' dir='ltr'><strong>aur</strong></span> 
     </span>
    </p>
   </div>
   <div class='ocr_carea' id='block_1_93' title="bbox 1831 5380 3513 5464">
    <p class='ocr_par' dir='ltr' id='par_1_93' title="bbox 1831 5380 3513 5464">
     <span class='ocr_line' id='line_1_93' title="bbox 1831 5380 3513 5464; baseline -0.01 -15"><span class='ocrx_word' id='word_1_634' title='bbox 1831 5395 2119 5449; x_wconf 74' lang='lat' dir='ltr'><strong>talentum</strong></span> <span class='ocrx_word' id='word_1_635' title='bbox 2150 5392 2415 5448; x_wconf 88' lang='lat' dir='ltr'><strong>obtinere</strong></span> <span class='ocrx_word' id='word_1_636' title='bbox 2445 5388 2659 5464; x_wconf 84' lang='lat' dir='ltr'><strong>poterit</strong></span> <span class='ocrx_word' id='word_1_637' title='bbox 2686 5387 2840 5461; x_wconf 86' lang='lat' dir='ltr'><strong>apud</strong></span> <span class='ocrx_word' id='word_1_638' title='bbox 2875 5382 3289 5450; x_wconf 81' lang='lat' dir='ltr'><strong>Crescentium,</strong></span> <span class='ocrx_word' id='word_1_639' title='bbox 3319 5380 3437 5436; x_wconf 88' lang='lat' dir='ltr'><strong>dia-</strong></span> <span class='ocrx_word' id='word_1_640' title='bbox 3502 5402 3513 5413; x_wconf 88' lang='lat'><strong>-</strong></span> 
     </span>
    </p>
   </div>
   <div class='ocr_carea' id='block_1_94' title="bbox 1432 5519 2119 5580">
    <p class='ocr_par' dir='ltr' id='par_1_94' title="bbox 1432 5519 2119 5580">
     <span class='ocr_line' id='line_1_94' title="bbox 1432 5519 2119 5580; baseline -0.006 -1"><span class='ocrx_word' id='word_1_641' title='bbox 1432 5523 1666 5580; x_wconf 79' lang='lat' dir='ltr'><strong>VARle</strong></span> <span class='ocrx_word' id='word_1_642' title='bbox 1717 5520 2009 5579; x_wconf 84' lang='lat' dir='ltr'><strong>LECTION</strong></span> <span class='ocrx_word' id='word_1_643' title='bbox 2017 5519 2119 5576; x_wconf 90' lang='lat' dir='ltr'><strong>ES.</strong></span> 
     </span>
    </p>
   </div>
   <div class='ocr_carea' id='block_1_95' title="bbox 212 5624 746 5699">
    <p class='ocr_par' dir='ltr' id='par_1_95' title="bbox 212 5624 746 5699">
     <span class='ocr_line' id='line_1_95' title="bbox 212 5624 746 5699; baseline 0.006 -19"><span class='ocrx_word' id='word_1_644' title='bbox 212 5625 268 5659; x_wconf 75' lang='grc' dir='ltr'><strong>⁸’τ</strong></span> <span class='ocrx_word' id='word_1_645' title='bbox 296 5624 532 5699; x_wconf 56' lang='lat' dir='ltr'><strong>Mque</strong></span> <span class='ocrx_word' id='word_1_646' title='bbox 559 5626 746 5683; x_wconf 59' lang='lat' dir='ltr'><strong>codex.</strong></span> 
     </span>
    </p>
   </div>
  </div>
