  <div class='ocr_page' id='page_1' title='image "/cluster/home/n/w/nwhite01/storage/ocr_20150623/139/hvd.32044054759998/179.png"; bbox 0 0 3898 6168; ppageno 0'>
   <div class='ocr_carea' id='block_1_1' title="bbox 387 410 493 471">
    <p class='ocr_par' dir='ltr' id='par_1_1' title="bbox 387 410 493 471">
     <span class='ocr_line' id='line_1_1' title="bbox 387 410 493 471; baseline -0.009 0"><span class='ocrx_word' id='word_1_1' title='bbox 387 410 493 471; x_wconf 71' lang='grc'>347</span> 
     </span>
    </p>
   </div>
   <div class='ocr_carea' id='block_1_2' title="bbox 954 407 3129 481">
    <p class='ocr_par' dir='ltr' id='par_1_2' title="bbox 954 407 3129 481">
     <span class='ocr_line' id='line_1_2' title="bbox 954 407 3129 481; baseline 0.002 -14"><span class='ocrx_word' id='word_1_2' title='bbox 954 408 1126 481; x_wconf 83' lang='lat' dir='ltr'>SlLV.</span> <span class='ocrx_word' id='word_1_3' title='bbox 1157 410 1203 468; x_wconf 90' lang='lat' dir='ltr'>ll</span> <span class='ocrx_word' id='word_1_4' title='bbox 1234 409 1338 467; x_wconf 88' lang='lat' dir='ltr'>PP.</span> <span class='ocrx_word' id='word_1_5' title='bbox 1365 439 1437 453; x_wconf 85' lang='lat'>—-</span> <span class='ocrx_word' id='word_1_6' title='bbox 1461 407 1713 466; x_wconf 82' lang='lat' dir='ltr'>SPURIA</span> <span class='ocrx_word' id='word_1_7' title='bbox 1742 408 1877 465; x_wconf 76' lang='lat' dir='ltr'>AUT</span> <span class='ocrx_word' id='word_1_8' title='bbox 1906 407 2189 467; x_wconf 81' lang='lat' dir='ltr'>ALIENA.</span> <span class='ocrx_word' id='word_1_9' title='bbox 2213 443 2280 453; x_wconf 86' lang='lat'>—-</span> <span class='ocrx_word' id='word_1_10' title='bbox 2309 410 2462 469; x_wconf 81' lang='lat' dir='ltr'>ACT.</span> <span class='ocrx_word' id='word_1_11' title='bbox 2497 408 2698 473; x_wconf 88' lang='lat' dir='ltr'>CONC.</span> <span class='ocrx_word' id='word_1_12' title='bbox 2730 409 3129 473; x_wconf 72' lang='lat' dir='ltr'>CAUSEIENS.</span> 
     </span>
    </p>
   </div>
   <div class='ocr_carea' id='block_1_3' title="bbox 3599 418 3713 479">
    <p class='ocr_par' dir='ltr' id='par_1_3' title="bbox 3599 418 3713 479">
     <span class='ocr_line' id='line_1_3' title="bbox 3599 418 3713 479; baseline 0.018 -2"><span class='ocrx_word' id='word_1_13' title='bbox 3599 418 3713 479; x_wconf 64' lang='lat'>3&amp;8</span> 
     </span>
    </p>
   </div>
   <div class='ocr_carea' id='block_1_4' title="bbox 396 534 3714 615">
    <p class='ocr_par' dir='ltr' id='par_1_4' title="bbox 396 534 3714 615">
     <span class='ocr_line' id='line_1_4' title="bbox 396 534 3714 615; baseline 0.002 -22"><span class='ocrx_word' id='word_1_14' title='bbox 396 536 516 593; x_wconf 89' lang='lat' dir='ltr'>boli</span> <span class='ocrx_word' id='word_1_15' title='bbox 542 534 898 593; x_wconf 83' lang='lat' dir='ltr'>membrum.</span> <span class='ocrx_word' id='word_1_16' title='bbox 946 536 1069 592; x_wconf 91' lang='lat' dir='ltr'>Non</span> <span class='ocrx_word' id='word_1_17' title='bbox 1116 536 1316 609; x_wconf 89' lang='lat' dir='ltr'>ignota</span> <span class='ocrx_word' id='word_1_18' title='bbox 1364 534 1676 608; x_wconf 83' lang='lat' dir='ltr'>loquimur.</span> <span class='ocrx_word' id='word_1_19' title='bbox 1719 534 1884 607; x_wconf 84' lang='lat' dir='ltr'>Regii</span> <span class='ocrx_word' id='word_1_20' title='bbox 1936 552 2000 591; x_wconf 92' lang='lat' dir='ltr'>ac</span> <span class='ocrx_word' id='word_1_21' title='bbox 2021 542 2075 601; x_wconf 83' lang='grc' dir='ltr'><strong>Α</strong></span> <span class='ocrx_word' id='word_1_22' title='bbox 2102 554 2211 609; x_wconf 90' lang='lat' dir='ltr'>que</span> <span class='ocrx_word' id='word_1_23' title='bbox 2247 537 2458 593; x_wconf 87' lang='lat' dir='ltr'>sororis</span> <span class='ocrx_word' id='word_1_24' title='bbox 2488 538 2606 595; x_wconf 84' lang='lat' dir='ltr'>tilio</span> <span class='ocrx_word' id='word_1_25' title='bbox 2639 536 3026 614; x_wconf 70' lang='lat' dir='ltr'>praeferendi?</span> <span class='ocrx_word' id='word_1_26' title='bbox 3056 540 3177 606; x_wconf 92' lang='lat' dir='ltr'>Quo</span> <span class='ocrx_word' id='word_1_27' title='bbox 3204 540 3495 615; x_wconf 82' lang='lat' dir='ltr'>ergoiure</span> <span class='ocrx_word' id='word_1_28' title='bbox 3517 543 3714 601; x_wconf 85' lang='lat' dir='ltr'>Bone-</span> 
     </span>
    </p>
   </div>
   <div class='ocr_carea' id='block_1_5' title="bbox 404 625 2001 699">
    <p class='ocr_par' dir='ltr' id='par_1_5' title="bbox 404 625 2001 699">
     <span class='ocr_line' id='line_1_5' title="bbox 404 625 2001 699; baseline -0.001 -18"><span class='ocrx_word' id='word_1_29' title='bbox 404 626 583 681; x_wconf 87' lang='lat' dir='ltr'>nostri</span> <span class='ocrx_word' id='word_1_30' title='bbox 597 625 772 698; x_wconf 80' lang='lat' dir='ltr'>legati</span> <span class='ocrx_word' id='word_1_31' title='bbox 787 627 1031 681; x_wconf 82' lang='lat' dir='ltr'>Romam</span> <span class='ocrx_word' id='word_1_32' title='bbox 1051 626 1291 699; x_wconf 89' lang='lat' dir='ltr'>profecti</span> <span class='ocrx_word' id='word_1_33' title='bbox 1315 625 1586 697; x_wconf 84' lang='lat' dir='ltr'>epistolas</span> <span class='ocrx_word' id='word_1_34' title='bbox 1604 625 1857 695; x_wconf 85' lang='lat' dir='ltr'>pontiﬁci</span> <span class='ocrx_word' id='word_1_35' title='bbox 1874 642 2001 697; x_wconf 86' lang='lat' dir='ltr'>por-</span> 
     </span>
    </p>
   </div>
   <div class='ocr_carea' id='block_1_6' title="bbox 402 713 1997 785">
    <p class='ocr_par' dir='ltr' id='par_1_6' title="bbox 402 713 1997 785">
     <span class='ocr_line' id='line_1_6' title="bbox 402 713 1997 785; baseline -0.001 -15"><span class='ocrx_word' id='word_1_36' title='bbox 402 717 697 777; x_wconf 86' lang='lat' dir='ltr'>rexerunt,</span> <span class='ocrx_word' id='word_1_37' title='bbox 718 718 776 769; x_wconf 88' lang='lat' dir='ltr'>et</span> <span class='ocrx_word' id='word_1_38' title='bbox 802 715 873 768; x_wconf 89' lang='lat' dir='ltr'>ab</span> <span class='ocrx_word' id='word_1_39' title='bbox 903 732 971 769; x_wconf 90' lang='lat' dir='ltr'>eo</span> <span class='ocrx_word' id='word_1_40' title='bbox 987 715 1161 785; x_wconf 85' lang='lat' dir='ltr'>digne</span> <span class='ocrx_word' id='word_1_41' title='bbox 1190 713 1433 784; x_wconf 87' lang='lat' dir='ltr'>suscepti</span> <span class='ocrx_word' id='word_1_42' title='bbox 1448 718 1597 768; x_wconf 88' lang='lat' dir='ltr'>sunt.</span> <span class='ocrx_word' id='word_1_43' title='bbox 1625 714 1758 780; x_wconf 85' lang='lat' dir='ltr'>Sed,</span> <span class='ocrx_word' id='word_1_44' title='bbox 1787 717 1847 767; x_wconf 94' lang='lat' dir='ltr'>ut</span> <span class='ocrx_word' id='word_1_45' title='bbox 1876 732 1997 769; x_wconf 90' lang='lat' dir='ltr'>cre-</span> 
     </span>
    </p>
   </div>
   <div class='ocr_carea' id='block_1_7' title="bbox 394 802 1998 875">
    <p class='ocr_par' dir='ltr' id='par_1_7' title="bbox 394 802 1998 875">
     <span class='ocr_line' id='line_1_7' title="bbox 394 802 1998 875; baseline 0 -18"><span class='ocrx_word' id='word_1_46' title='bbox 394 802 1088 875; x_wconf 90' lang='lat' dir='ltr'>dimus,quiaCrescentio</span> <span class='ocrx_word' id='word_1_47' title='bbox 1108 806 1265 859; x_wconf 91' lang='lat' dir='ltr'>nulla</span> <span class='ocrx_word' id='word_1_48' title='bbox 1287 805 1625 857; x_wconf 90' lang='lat' dir='ltr'>munuscula</span> <span class='ocrx_word' id='word_1_49' title='bbox 1647 803 1998 869; x_wconf 86' lang='lat' dir='ltr'>obtulerunt,</span> 
     </span>
    </p>
   </div>
   <div class='ocr_carea' id='block_1_8' title="bbox 390 891 2003 965">
    <p class='ocr_par' dir='ltr' id='par_1_8' title="bbox 390 891 2003 965">
     <span class='ocr_line' id='line_1_8' title="bbox 390 891 2003 965; baseline 0.001 -21"><span class='ocrx_word' id='word_1_50' title='bbox 390 906 496 961; x_wconf 89' lang='lat' dir='ltr'>per</span> <span class='ocrx_word' id='word_1_51' title='bbox 520 891 772 946; x_wconf 87' lang='lat' dir='ltr'>triduum</span> <span class='ocrx_word' id='word_1_52' title='bbox 828 910 862 947; x_wconf 91' lang='lat' dir='ltr'>a</span> <span class='ocrx_word' id='word_1_53' title='bbox 910 893 1126 965; x_wconf 91' lang='lat' dir='ltr'>palatio</span> <span class='ocrx_word' id='word_1_54' title='bbox 1165 892 1386 956; x_wconf 82' lang='lat' dir='ltr'>seclusi,</span> <span class='ocrx_word' id='word_1_55' title='bbox 1421 892 1577 946; x_wconf 92' lang='lat' dir='ltr'>nullo</span> <span class='ocrx_word' id='word_1_56' title='bbox 1606 908 1881 963; x_wconf 88' lang='lat' dir='ltr'>responso</span> <span class='ocrx_word' id='word_1_57' title='bbox 1915 909 2003 946; x_wconf 88' lang='lat' dir='ltr'>ac-</span> 
     </span>
    </p>
   </div>
   <div class='ocr_carea' id='block_1_9' title="bbox 392 980 2001 1052">
    <p class='ocr_par' dir='ltr' id='par_1_9' title="bbox 392 980 2001 1052">
     <span class='ocr_line' id='line_1_9' title="bbox 392 980 2001 1052; baseline 0.001 -19"><span class='ocrx_word' id='word_1_58' title='bbox 392 983 557 1050; x_wconf 88' lang='lat' dir='ltr'>cepto</span> <span class='ocrx_word' id='word_1_59' title='bbox 589 981 907 1036; x_wconf 90' lang='lat' dir='ltr'>redierunt.</span> <span class='ocrx_word' id='word_1_60' title='bbox 941 981 1108 1045; x_wconf 89' lang='lat' dir='ltr'>Quod</span> <span class='ocrx_word' id='word_1_61' title='bbox 1153 981 1396 1051; x_wconf 78' lang='lat' dir='ltr'>peccatis</span> <span class='ocrx_word' id='word_1_62' title='bbox 1440 980 1649 1035; x_wconf 84' lang='lat' dir='ltr'>nostris</span> <span class='ocrx_word' id='word_1_63' title='bbox 1700 981 2001 1052; x_wconf 81' lang='lat' dir='ltr'>provenire</span> 
     </span>
    </p>
   </div>
   <div class='ocr_carea' id='block_1_10' title="bbox 394 1068 2002 1139">
    <p class='ocr_par' dir='ltr' id='par_1_10' title="bbox 394 1068 2002 1139">
     <span class='ocr_line' id='line_1_10' title="bbox 394 1068 2002 1139; baseline 0.001 -19"><span class='ocrx_word' id='word_1_64' title='bbox 394 1083 513 1121; x_wconf 91' lang='lat' dir='ltr'>non</span> <span class='ocrx_word' id='word_1_65' title='bbox 546 1068 786 1123; x_wconf 91' lang='lat' dir='ltr'>dubium</span> <span class='ocrx_word' id='word_1_66' title='bbox 817 1071 925 1132; x_wconf 87' lang='lat' dir='ltr'>est,</span> <span class='ocrx_word' id='word_1_67' title='bbox 959 1072 1020 1123; x_wconf 93' lang='lat' dir='ltr'>ut</span> <span class='ocrx_word' id='word_1_68' title='bbox 1068 1070 1335 1123; x_wconf 81' lang='lat' dir='ltr'>Romana</span> <span class='ocrx_word' id='word_1_69' title='bbox 1372 1069 1630 1135; x_wconf 83' lang='lat' dir='ltr'>ecclesia,</span> <span class='ocrx_word' id='word_1_70' title='bbox 1660 1086 1786 1139; x_wconf 70' lang='lat' dir='ltr'>qua:</span> <span class='ocrx_word' id='word_1_71' title='bbox 1815 1072 2002 1123; x_wconf 82' lang='lat' dir='ltr'>mater</span> 
     </span>
    </p>
   </div>
   <div class='ocr_carea' id='block_1_11' title="bbox 396 1156 2001 1228">
    <p class='ocr_par' dir='ltr' id='par_1_11' title="bbox 396 1156 2001 1228">
     <span class='ocr_line' id='line_1_11' title="bbox 396 1156 2001 1228; baseline 0.001 -19"><span class='ocrx_word' id='word_1_72' title='bbox 396 1158 454 1209; x_wconf 91' lang='lat' dir='ltr'>et</span> <span class='ocrx_word' id='word_1_73' title='bbox 482 1161 652 1227; x_wconf 89' lang='lat' dir='ltr'>caput</span> <span class='ocrx_word' id='word_1_74' title='bbox 678 1157 941 1212; x_wconf 91' lang='lat' dir='ltr'>omnium</span> <span class='ocrx_word' id='word_1_75' title='bbox 973 1156 1345 1211; x_wconf 86' lang='lat' dir='ltr'>ecclesiarum</span> <span class='ocrx_word' id='word_1_76' title='bbox 1378 1160 1483 1224; x_wconf 89' lang='lat' dir='ltr'>est,</span> <span class='ocrx_word' id='word_1_77' title='bbox 1512 1174 1615 1228; x_wconf 90' lang='lat' dir='ltr'>per</span> <span class='ocrx_word' id='word_1_78' title='bbox 1644 1156 2001 1211; x_wconf 89' lang='lat' dir='ltr'>tirannidem</span> 
     </span>
    </p>
   </div>
   <div class='ocr_carea' id='block_1_12' title="bbox 395 1245 1999 1315">
    <p class='ocr_par' dir='ltr' id='par_1_12' title="bbox 395 1245 1999 1315">
     <span class='ocr_line' id='line_1_12' title="bbox 395 1245 1999 1315; baseline 0.002 -18"><span class='ocrx_word' id='word_1_79' title='bbox 395 1258 689 1315; x_wconf 90' lang='lat' dir='ltr'>oppressa,</span> <span class='ocrx_word' id='word_1_80' title='bbox 723 1245 923 1300; x_wconf 90' lang='lat' dir='ltr'>omnia</span> <span class='ocrx_word' id='word_1_81' title='bbox 956 1245 1223 1300; x_wconf 87' lang='lat' dir='ltr'>membra</span> <span class='ocrx_word' id='word_1_82' title='bbox 1269 1245 1644 1300; x_wconf 87' lang='lat' dir='ltr'>debilitentur</span> <span class='ocrx_word' id='word_1_83' title='bbox 1672 1245 1700 1299; x_wconf 82' lang='lat'>‘?</span> <span class='ocrx_word' id='word_1_84' title='bbox 1731 1246 1879 1313; x_wconf 77' lang='lat' dir='ltr'>Hzrc,</span> <span class='ocrx_word' id='word_1_85' title='bbox 1913 1245 1999 1300; x_wconf 88' lang='lat' dir='ltr'>in-</span> 
     </span>
    </p>
   </div>
   <div class='ocr_carea' id='block_1_13' title="bbox 397 1333 2003 1402">
    <p class='ocr_par' dir='ltr' id='par_1_13' title="bbox 397 1333 2003 1402">
     <span class='ocr_line' id='line_1_13' title="bbox 397 1333 2003 1402; baseline 0.001 -16"><span class='ocrx_word' id='word_1_86' title='bbox 397 1333 955 1402; x_wconf 89' lang='lat' dir='ltr'>quam,omittimus,</span> <span class='ocrx_word' id='word_1_87' title='bbox 980 1337 1038 1389; x_wconf 92' lang='lat' dir='ltr'>et</span> <span class='ocrx_word' id='word_1_88' title='bbox 1060 1338 1254 1388; x_wconf 88' lang='lat' dir='ltr'>tamen</span> <span class='ocrx_word' id='word_1_89' title='bbox 1283 1333 1340 1388; x_wconf 92' lang='lat' dir='ltr'>in</span> <span class='ocrx_word' id='word_1_90' title='bbox 1363 1336 1525 1388; x_wconf 90' lang='lat' dir='ltr'>tanta</span> <span class='ocrx_word' id='word_1_91' title='bbox 1543 1350 1735 1387; x_wconf 88' lang='lat' dir='ltr'>rerum</span> <span class='ocrx_word' id='word_1_92' title='bbox 1766 1333 2003 1388; x_wconf 85' lang='lat' dir='ltr'>difficul-</span> 
     </span>
    </p>
   </div>
   <div class='ocr_carea' id='block_1_14' title="bbox 394 1421 2003 1494">
    <p class='ocr_par' dir='ltr' id='par_1_14' title="bbox 394 1421 2003 1494">
     <span class='ocr_line' id='line_1_14' title="bbox 394 1421 2003 1494; baseline 0.002 -22"><span class='ocrx_word' id='word_1_93' title='bbox 394 1421 514 1475; x_wconf 88' lang='lat' dir='ltr'>tate</span> <span class='ocrx_word' id='word_1_94' title='bbox 560 1423 735 1476; x_wconf 89' lang='lat' dir='ltr'>sacris</span> <span class='ocrx_word' id='word_1_95' title='bbox 784 1423 1255 1494; x_wconf 85' lang='lat' dir='ltr'>obtemperatum</span> <span class='ocrx_word' id='word_1_96' title='bbox 1299 1422 1522 1493; x_wconf 84' lang='lat' dir='ltr'>legibus</span> <span class='ocrx_word' id='word_1_97' title='bbox 1571 1422 1896 1489; x_wconf 90' lang='lat' dir='ltr'>edocemus,</span> <span class='ocrx_word' id='word_1_98' title='bbox 1941 1423 2003 1475; x_wconf 93' lang='lat' dir='ltr'>ut</span> 
     </span>
    </p>
   </div>
   <div class='ocr_carea' id='block_1_15' title="bbox 397 1509 2004 1578">
    <p class='ocr_par' dir='ltr' id='par_1_15' title="bbox 397 1509 2004 1578">
     <span class='ocr_line' id='line_1_15' title="bbox 397 1509 2004 1578; baseline 0.002 -17"><span class='ocrx_word' id='word_1_99' title='bbox 397 1509 710 1578; x_wconf 88' lang='lat' dir='ltr'>apostolica</span> <span class='ocrx_word' id='word_1_100' title='bbox 736 1511 898 1565; x_wconf 87' lang='lat' dir='ltr'>sedes</span> <span class='ocrx_word' id='word_1_101' title='bbox 927 1511 986 1566; x_wconf 94' lang='lat' dir='ltr'>in</span> <span class='ocrx_word' id='word_1_102' title='bbox 1013 1511 1233 1566; x_wconf 85' lang='lat' dir='ltr'>Arnulfi</span> <span class='ocrx_word' id='word_1_103' title='bbox 1262 1528 1433 1567; x_wconf 88' lang='lat' dir='ltr'>causa</span> <span class='ocrx_word' id='word_1_104' title='bbox 1456 1512 1695 1565; x_wconf 91' lang='lat' dir='ltr'>honeste</span> <span class='ocrx_word' id='word_1_105' title='bbox 1716 1515 1771 1565; x_wconf 90' lang='lat' dir='ltr'>et</span> <span class='ocrx_word' id='word_1_106' title='bbox 1788 1511 2004 1565; x_wconf 87' lang='lat' dir='ltr'>utiliter</span> 
     </span>
    </p>
   </div>
   <div class='ocr_carea' id='block_1_16' title="bbox 394 1596 2002 1671">
    <p class='ocr_par' dir='ltr' id='par_1_16' title="bbox 394 1596 2002 1671">
     <span class='ocr_line' id='line_1_16' title="bbox 394 1596 2002 1671; baseline 0.002 -23"><span class='ocrx_word' id='word_1_107' title='bbox 394 1596 484 1649; x_wconf 91' lang='lat' dir='ltr'>vel</span> <span class='ocrx_word' id='word_1_108' title='bbox 517 1596 730 1652; x_wconf 90' lang='lat' dir='ltr'>addere</span> <span class='ocrx_word' id='word_1_109' title='bbox 761 1599 850 1653; x_wconf 93' lang='lat' dir='ltr'>vel</span> <span class='ocrx_word' id='word_1_110' title='bbox 895 1602 1122 1653; x_wconf 87' lang='lat' dir='ltr'>mutare</span> <span class='ocrx_word' id='word_1_111' title='bbox 1168 1600 1343 1654; x_wconf 87' lang='lat' dir='ltr'>nichil</span> <span class='ocrx_word' id='word_1_112' title='bbox 1389 1599 1664 1671; x_wconf 89' lang='lat' dir='ltr'>potuerit,</span> <span class='ocrx_word' id='word_1_113' title='bbox 1696 1602 1779 1654; x_wconf 85' lang='lat' dir='ltr'>vel</span> <span class='ocrx_word' id='word_1_114' title='bbox 1815 1600 2002 1653; x_wconf 88' lang='lat' dir='ltr'>adhuc</span> 
     </span>
    </p>
   </div>
   <div class='ocr_carea' id='block_1_17' title="bbox 393 1684 2004 1759">
    <p class='ocr_par' dir='ltr' id='par_1_17' title="bbox 393 1684 2004 1759">
     <span class='ocr_line' id='line_1_17' title="bbox 393 1684 2004 1759; baseline 0.002 -21"><span class='ocrx_word' id='word_1_115' title='bbox 393 1684 590 1755; x_wconf 89' lang='lat' dir='ltr'>possit.</span> <span class='ocrx_word' id='word_1_116' title='bbox 616 1685 673 1741; x_wconf 89' lang='lat' dir='ltr'>Si</span> <span class='ocrx_word' id='word_1_117' title='bbox 686 1686 844 1741; x_wconf 91' lang='lat' dir='ltr'>enim</span> <span class='ocrx_word' id='word_1_118' title='bbox 862 1689 1128 1759; x_wconf 69' lang='lat' dir='ltr'>quaedam</span> <span class='ocrx_word' id='word_1_119' title='bbox 1156 1689 1495 1759; x_wconf 84' lang='lat' dir='ltr'>pontificum</span> <span class='ocrx_word' id='word_1_120' title='bbox 1515 1690 1746 1743; x_wconf 91' lang='lat' dir='ltr'>decreta</span> <span class='ocrx_word' id='word_1_121' title='bbox 1772 1688 1853 1743; x_wconf 90' lang='lat' dir='ltr'>ita</span> <span class='ocrx_word' id='word_1_122' title='bbox 1870 1691 2004 1742; x_wconf 87' lang='lat' dir='ltr'>sunt</span> 
     </span>
    </p>
   </div>
   <div class='ocr_carea' id='block_1_18' title="bbox 390 1774 2005 1848">
    <p class='ocr_par' dir='ltr' id='par_1_18' title="bbox 390 1774 2005 1848">
     <span class='ocr_line' id='line_1_18' title="bbox 390 1774 2005 1848; baseline 0.002 -22"><span class='ocrx_word' id='word_1_123' title='bbox 390 1774 539 1839; x_wconf 88' lang='lat' dir='ltr'>rata,</span> <span class='ocrx_word' id='word_1_124' title='bbox 588 1778 645 1828; x_wconf 90' lang='lat' dir='ltr'>et</span> <span class='ocrx_word' id='word_1_125' title='bbox 688 1776 955 1847; x_wconf 64' lang='lat' dir='ltr'>quaedam</span> <span class='ocrx_word' id='word_1_126' title='bbox 1005 1777 1248 1831; x_wconf 89' lang='lat' dir='ltr'>concilia</span> <span class='ocrx_word' id='word_1_127' title='bbox 1288 1794 1322 1831; x_wconf 90' lang='lat' dir='ltr'>a</span> <span class='ocrx_word' id='word_1_128' title='bbox 1367 1777 1500 1832; x_wconf 93' lang='lat' dir='ltr'>sede</span> <span class='ocrx_word' id='word_1_129' title='bbox 1545 1776 1860 1848; x_wconf 89' lang='lat' dir='ltr'>apostolica</span> <span class='ocrx_word' id='word_1_130' title='bbox 1925 1776 2005 1830; x_wconf 87' lang='lat' dir='ltr'>ita</span> 
     </span>
    </p>
   </div>
   <div class='ocr_carea' id='block_1_19' title="bbox 2102 625 3713 706">
    <p class='ocr_par' dir='ltr' id='par_1_19' title="bbox 2102 625 3713 706">
     <span class='ocr_line' id='line_1_19' title="bbox 2102 625 3713 706; baseline 0.007 -28"><span class='ocrx_word' id='word_1_131' title='bbox 2102 625 2225 679; x_wconf 88' lang='lat' dir='ltr'>fatii</span> <span class='ocrx_word' id='word_1_132' title='bbox 2254 643 2399 698; x_wconf 84' lang='lat' dir='ltr'>pape</span> <span class='ocrx_word' id='word_1_133' title='bbox 2442 628 2738 684; x_wconf 90' lang='lat' dir='ltr'>decretum</span> <span class='ocrx_word' id='word_1_134' title='bbox 2797 630 2855 683; x_wconf 93' lang='lat' dir='ltr'>in</span> <span class='ocrx_word' id='word_1_135' title='bbox 2904 630 3129 684; x_wconf 89' lang='lat' dir='ltr'>irritum</span> <span class='ocrx_word' id='word_1_136' title='bbox 3170 631 3570 701; x_wconf 89' lang='lat' dir='ltr'>devocabitur,</span> <span class='ocrx_word' id='word_1_137' title='bbox 3607 633 3713 706; x_wconf 87' lang='lat' dir='ltr'>qui</span> 
     </span>
    </p>
   </div>
   <div class='ocr_carea' id='block_1_20' title="bbox 2103 713 3718 790">
    <p class='ocr_par' dir='ltr' id='par_1_20' title="bbox 2103 713 3718 790">
     <span class='ocr_line' id='line_1_20' title="bbox 2103 713 3718 790; baseline 0.007 -24"><span class='ocrx_word' id='word_1_138' title='bbox 2103 713 2349 781; x_wconf 85' lang='lat' dir='ltr'>intonat,</span> <span class='ocrx_word' id='word_1_139' title='bbox 2385 720 2447 769; x_wconf 87' lang='lat' dir='ltr'>ut</span> <span class='ocrx_word' id='word_1_140' title='bbox 2478 717 2522 770; x_wconf 88' lang='lat' dir='ltr'>si</span> <span class='ocrx_word' id='word_1_141' title='bbox 2581 735 2710 772; x_wconf 86' lang='lat' dir='ltr'>reus</span> <span class='ocrx_word' id='word_1_142' title='bbox 2746 718 2941 772; x_wconf 86' lang='lat' dir='ltr'>adesse</span> <span class='ocrx_word' id='word_1_143' title='bbox 2979 720 3316 790; x_wconf 83' lang='lat' dir='ltr'>neglexerit,</span> <span class='ocrx_word' id='word_1_144' title='bbox 3365 720 3718 778; x_wconf 82' lang='lat' dir='ltr'>dilationem</span> 
     </span>
    </p>
   </div>
   <div class='ocr_carea' id='block_1_21' title="bbox 2103 804 3718 866">
    <p class='ocr_par' dir='ltr' id='par_1_21' title="bbox 2103 804 3718 866">
     <span class='ocr_line' id='line_1_21' title="bbox 2103 804 3718 866; baseline 0.006 -11"><span class='ocrx_word' id='word_1_145' title='bbox 2103 804 2403 858; x_wconf 69' lang='lat' dir='ltr'>sententia:</span> <span class='ocrx_word' id='word_1_146' title='bbox 2430 806 2515 859; x_wconf 81' lang='lat' dir='ltr'>vel</span> <span class='ocrx_word' id='word_1_147' title='bbox 2549 805 2820 859; x_wconf 63' lang='lat' dir='ltr'>absentiae</span> <span class='ocrx_word' id='word_1_148' title='bbox 2844 809 3242 862; x_wconf 86' lang='lat' dir='ltr'>nonlucretur.</span> <span class='ocrx_word' id='word_1_149' title='bbox 3278 808 3718 866; x_wconf 63' lang='lat' dir='ltr'>Nimirumharc</span> 
     </span>
    </p>
   </div>
   <div class='ocr_carea' id='block_1_22' title="bbox 2104 890 3721 969">
    <p class='ocr_par' dir='ltr' id='par_1_22' title="bbox 2104 890 3721 969">
     <span class='ocr_line' id='line_1_22' title="bbox 2104 890 3721 969; baseline 0.007 -27"><span class='ocrx_word' id='word_1_150' title='bbox 2104 890 2335 946; x_wconf 90' lang='lat' dir='ltr'>decreta</span> <span class='ocrx_word' id='word_1_151' title='bbox 2365 894 2678 962; x_wconf 87' lang='lat' dir='ltr'>apostolica</span> <span class='ocrx_word' id='word_1_152' title='bbox 2730 911 2834 949; x_wconf 91' lang='lat' dir='ltr'>nec</span> <span class='ocrx_word' id='word_1_153' title='bbox 2872 896 3192 966; x_wconf 79' lang='lat' dir='ltr'>fugientem</span> <span class='ocrx_word' id='word_1_154' title='bbox 3236 900 3576 969; x_wconf 87' lang='lat' dir='ltr'>protegunt,</span> <span class='ocrx_word' id='word_1_155' title='bbox 3607 915 3721 953; x_wconf 88' lang='lat' dir='ltr'>nec</span> 
     </span>
    </p>
   </div>
   <div class='ocr_carea' id='block_1_23' title="bbox 2103 980 3721 1041">
    <p class='ocr_par' dir='ltr' id='par_1_23' title="bbox 2103 980 3721 1041">
     <span class='ocr_line' id='line_1_23' title="bbox 2103 980 3721 1041; baseline 0.006 -10"><span class='ocrx_word' id='word_1_156' title='bbox 2103 980 2427 1035; x_wconf 89' lang='lat' dir='ltr'>confessum</span> <span class='ocrx_word' id='word_1_157' title='bbox 2461 984 2546 1036; x_wconf 90' lang='lat' dir='ltr'>vel</span> <span class='ocrx_word' id='word_1_158' title='bbox 2578 984 2907 1038; x_wconf 89' lang='lat' dir='ltr'>convictum</span> <span class='ocrx_word' id='word_1_159' title='bbox 2935 985 3184 1039; x_wconf 77' lang='lat' dir='ltr'>ecclesim</span> <span class='ocrx_word' id='word_1_160' title='bbox 3215 986 3548 1040; x_wconf 88' lang='lat' dir='ltr'>restituunt.</span> <span class='ocrx_word' id='word_1_161' title='bbox 3585 987 3721 1041; x_wconf 84' lang='lat' dir='ltr'>Non</span> 
     </span>
    </p>
   </div>
   <div class='ocr_carea' id='block_1_24' title="bbox 2104 1067 3719 1147">
    <p class='ocr_par' dir='ltr' id='par_1_24' title="bbox 2104 1067 3719 1147">
     <span class='ocr_line' id='line_1_24' title="bbox 2104 1067 3719 1147; baseline 0.005 -26"><span class='ocrx_word' id='word_1_162' title='bbox 2104 1067 2276 1139; x_wconf 80' lang='lat' dir='ltr'>igitur</span> <span class='ocrx_word' id='word_1_163' title='bbox 2300 1069 2432 1139; x_wconf 88' lang='lat' dir='ltr'>jure</span> <span class='ocrx_word' id='word_1_164' title='bbox 2462 1071 2737 1141; x_wconf 90' lang='lat' dir='ltr'>spoliatus</span> <span class='ocrx_word' id='word_1_165' title='bbox 2761 1088 2890 1126; x_wconf 91' lang='lat' dir='ltr'>eam</span> <span class='ocrx_word' id='word_1_166' title='bbox 2921 1073 3159 1145; x_wconf 86' lang='lat' dir='ltr'>recipiet</span> <span class='ocrx_word' id='word_1_167' title='bbox 3190 1075 3719 1147; x_wconf 87' lang='lat' dir='ltr'>ecclesiam,quam</span> 
     </span>
    </p>
   </div>
   <div class='ocr_carea' id='block_1_25' title="bbox 2107 1157 3721 1233">
    <p class='ocr_par' dir='ltr' id='par_1_25' title="bbox 2107 1157 3721 1233">
     <span class='ocr_line' id='line_1_25' title="bbox 2107 1157 3721 1233; baseline 0.006 -24"><span class='ocrx_word' id='word_1_168' title='bbox 2107 1174 2210 1210; x_wconf 88' lang='lat' dir='ltr'>nec</span> <span class='ocrx_word' id='word_1_169' title='bbox 2238 1157 2382 1212; x_wconf 91' lang='lat' dir='ltr'>sicut</span> <span class='ocrx_word' id='word_1_170' title='bbox 2411 1159 2707 1233; x_wconf 84' lang='lat' dir='ltr'>episcOpus</span> <span class='ocrx_word' id='word_1_171' title='bbox 2734 1162 2899 1228; x_wconf 85' lang='lat' dir='ltr'>rexit,</span> <span class='ocrx_word' id='word_1_172' title='bbox 2946 1163 3046 1216; x_wconf 91' lang='lat' dir='ltr'>sed</span> <span class='ocrx_word' id='word_1_173' title='bbox 3090 1164 3232 1217; x_wconf 87' lang='lat' dir='ltr'>sicut</span> <span class='ocrx_word' id='word_1_174' title='bbox 3264 1165 3461 1233; x_wconf 71' lang='lat' dir='ltr'>prtedo</span> <span class='ocrx_word' id='word_1_175' title='bbox 3506 1164 3721 1219; x_wconf 89' lang='lat' dir='ltr'>crude-</span> 
     </span>
    </p>
   </div>
   <div class='ocr_carea' id='block_1_26' title="bbox 2104 1246 3724 1322">
    <p class='ocr_par' dir='ltr' id='par_1_26' title="bbox 2104 1246 3724 1322">
     <span class='ocr_line' id='line_1_26' title="bbox 2104 1246 3724 1322; baseline 0.007 -24"><span class='ocrx_word' id='word_1_176' title='bbox 2104 1246 2349 1300; x_wconf 85' lang='lat' dir='ltr'>lissimus</span> <span class='ocrx_word' id='word_1_177' title='bbox 2374 1248 2702 1315; x_wconf 88' lang='lat' dir='ltr'>devastavit,</span> <span class='ocrx_word' id='word_1_178' title='bbox 2748 1249 2847 1303; x_wconf 90' lang='lat' dir='ltr'>sed</span> <span class='ocrx_word' id='word_1_179' title='bbox 2897 1250 3091 1304; x_wconf 86' lang='lat' dir='ltr'>dicant</span> <span class='ocrx_word' id='word_1_180' title='bbox 3138 1251 3350 1305; x_wconf 89' lang='lat' dir='ltr'>summi</span> <span class='ocrx_word' id='word_1_181' title='bbox 3408 1252 3724 1322; x_wconf 82' lang='lat' dir='ltr'>pontiﬁces</span> 
     </span>
    </p>
   </div>
   <div class='ocr_carea' id='block_1_27' title="bbox 2106 1334 3721 1411">
    <p class='ocr_par' dir='ltr' id='par_1_27' title="bbox 2106 1334 3721 1411">
     <span class='ocr_line' id='line_1_27' title="bbox 2106 1334 3721 1411; baseline 0.005 -24"><span class='ocrx_word' id='word_1_182' title='bbox 2106 1334 2215 1389; x_wconf 88' lang='lat' dir='ltr'>Leo</span> <span class='ocrx_word' id='word_1_183' title='bbox 2250 1338 2308 1388; x_wconf 91' lang='lat' dir='ltr'>et</span> <span class='ocrx_word' id='word_1_184' title='bbox 2337 1336 2596 1390; x_wconf 90' lang='lat' dir='ltr'>Zozimus</span> <span class='ocrx_word' id='word_1_185' title='bbox 2625 1353 2985 1409; x_wconf 90' lang='lat' dir='ltr'>magnusque</span> <span class='ocrx_word' id='word_1_186' title='bbox 3016 1338 3342 1410; x_wconf 86' lang='lat' dir='ltr'>Gregorius,</span> <span class='ocrx_word' id='word_1_187' title='bbox 3357 1339 3496 1411; x_wconf 92' lang='lat' dir='ltr'>quid</span> <span class='ocrx_word' id='word_1_188' title='bbox 3512 1340 3585 1394; x_wconf 91' lang='lat' dir='ltr'>de</span> <span class='ocrx_word' id='word_1_189' title='bbox 3605 1341 3721 1395; x_wconf 90' lang='lat' dir='ltr'>hu-</span> 
     </span>
    </p>
   </div>
   <div class='ocr_carea' id='block_1_28' title="bbox 2095 1422 3721 1498">
    <p class='ocr_par' dir='ltr' id='par_1_28' title="bbox 2095 1422 3721 1498">
     <span class='ocr_line' id='line_1_28' title="bbox 2095 1422 3721 1498; baseline 0.006 -23"><span class='ocrx_word' id='word_1_190' title='bbox 2095 1422 2354 1491; x_wconf 91' lang='lat' dir='ltr'>jusmodi</span> <span class='ocrx_word' id='word_1_191' title='bbox 2382 1424 2655 1479; x_wconf 85' lang='lat' dir='ltr'>confessis</span> <span class='ocrx_word' id='word_1_192' title='bbox 2683 1426 2770 1480; x_wconf 87' lang='lat' dir='ltr'>vel</span> <span class='ocrx_word' id='word_1_193' title='bbox 2800 1427 3074 1481; x_wconf 77' lang='lat' dir='ltr'>convictis</span> <span class='ocrx_word' id='word_1_194' title='bbox 3104 1426 3443 1482; x_wconf 86' lang='lat' dir='ltr'>auctoritate</span> <span class='ocrx_word' id='word_1_195' title='bbox 3477 1431 3721 1498; x_wconf 89' lang='lat' dir='ltr'>aposto-</span> 
     </span>
    </p>
   </div>
   <div class='ocr_carea' id='block_1_29' title="bbox 2106 1510 3723 1588">
    <p class='ocr_par' dir='ltr' id='par_1_29' title="bbox 2106 1510 3723 1588">
     <span class='ocr_line' id='line_1_29' title="bbox 2106 1510 3723 1588; baseline 0.004 -24"><span class='ocrx_word' id='word_1_196' title='bbox 2106 1510 2215 1564; x_wconf 91' lang='lat' dir='ltr'>lica</span> <span class='ocrx_word' id='word_1_197' title='bbox 2246 1514 2590 1566; x_wconf 89' lang='lat' dir='ltr'>statuerunt.</span> <span class='ocrx_word' id='word_1_198' title='bbox 2619 1536 2646 1563; x_wconf 86' lang='lat'><strong><em>«</em></strong></span> <span class='ocrx_word' id='word_1_199' title='bbox 2676 1513 3034 1585; x_wconf 78' lang='lat' dir='ltr'>Huiusmodi,</span> <span class='ocrx_word' id='word_1_200' title='bbox 3070 1514 3254 1587; x_wconf 81' lang='lat' dir='ltr'>inquit</span> <span class='ocrx_word' id='word_1_201' title='bbox 3276 1516 3410 1583; x_wconf 89' lang='lat' dir='ltr'>Leo,</span> <span class='ocrx_word' id='word_1_202' title='bbox 3434 1516 3610 1588; x_wconf 88' lang='lat' dir='ltr'>lapsis</span> <span class='ocrx_word' id='word_1_203' title='bbox 3640 1516 3723 1572; x_wconf 87' lang='lat' dir='ltr'>ad</span> 
     </span>
    </p>
   </div>
   <div class='ocr_carea' id='block_1_30' title="bbox 2107 1601 3723 1675">
    <p class='ocr_par' dir='ltr' id='par_1_30' title="bbox 2107 1601 3723 1675">
     <span class='ocr_line' id='line_1_30' title="bbox 2107 1601 3723 1675; baseline 0.004 -23"><span class='ocrx_word' id='word_1_204' title='bbox 2107 1601 2557 1670; x_wconf 89' lang='lat' dir='ltr'>promerendam</span> <span class='ocrx_word' id='word_1_205' title='bbox 2592 1601 2692 1656; x_wconf 91' lang='lat' dir='ltr'>Dei</span> <span class='ocrx_word' id='word_1_206' title='bbox 2724 1602 3180 1657; x_wconf 88' lang='lat' dir='ltr'>misericordiam</span> <span class='ocrx_word' id='word_1_207' title='bbox 3218 1603 3456 1658; x_wconf 90' lang='lat' dir='ltr'>ecclesia</span> <span class='ocrx_word' id='word_1_208' title='bbox 3489 1603 3723 1675; x_wconf 83' lang='lat' dir='ltr'>privata</span> 
     </span>
    </p>
   </div>
   <div class='ocr_carea' id='block_1_31' title="bbox 2106 1689 3721 1758">
    <p class='ocr_par' dir='ltr' id='par_1_31' title="bbox 2106 1689 3721 1758">
     <span class='ocr_line' id='line_1_31' title="bbox 2106 1689 3721 1758; baseline 0.004 -19"><span class='ocrx_word' id='word_1_209' title='bbox 2106 1690 2213 1753; x_wconf 90' lang='lat' dir='ltr'>est,</span> <span class='ocrx_word' id='word_1_210' title='bbox 2246 1689 2569 1758; x_wconf 84' lang='lat' dir='ltr'>expetenda</span> <span class='ocrx_word' id='word_1_211' title='bbox 2594 1689 2857 1751; x_wconf 86' lang='lat' dir='ltr'>secessio,</span> <span class='ocrx_word' id='word_1_212' title='bbox 2892 1690 2989 1744; x_wconf 91' lang='lat' dir='ltr'>ubi</span> <span class='ocrx_word' id='word_1_213' title='bbox 3020 1689 3128 1744; x_wconf 89' lang='lat' dir='ltr'>illis</span> <span class='ocrx_word' id='word_1_214' title='bbox 3157 1690 3488 1757; x_wconf 85' lang='lat' dir='ltr'>satisfactio,</span> <span class='ocrx_word' id='word_1_215' title='bbox 3521 1692 3565 1744; x_wconf 93' lang='lat' dir='ltr'>si</span> <span class='ocrx_word' id='word_1_216' title='bbox 3595 1691 3721 1746; x_wconf 89' lang='lat' dir='ltr'>fue-</span> 
     </span>
    </p>
   </div>
   <div class='ocr_carea' id='block_1_32' title="bbox 2108 1773 3722 1846">
    <p class='ocr_par' dir='ltr' id='par_1_32' title="bbox 2108 1773 3722 1846">
     <span class='ocr_line' id='line_1_32' title="bbox 2108 1773 3722 1846; baseline 0.004 -20"><span class='ocrx_word' id='word_1_217' title='bbox 2108 1773 2183 1827; x_wconf 89' lang='lat' dir='ltr'>rit</span> <span class='ocrx_word' id='word_1_218' title='bbox 2210 1774 2408 1846; x_wconf 89' lang='lat' dir='ltr'>digna,</span> <span class='ocrx_word' id='word_1_219' title='bbox 2438 1776 2509 1830; x_wconf 89' lang='lat' dir='ltr'>sit</span> <span class='ocrx_word' id='word_1_220' title='bbox 2525 1776 2702 1831; x_wconf 88' lang='lat' dir='ltr'>etiam</span> <span class='ocrx_word' id='word_1_221' title='bbox 2726 1776 3083 1832; x_wconf 86' lang='lat' dir='ltr'>fructuosa.»</span> <span class='ocrx_word' id='word_1_222' title='bbox 3108 1779 3175 1831; x_wconf 88' lang='lat' dir='ltr'>Et</span> <span class='ocrx_word' id='word_1_223' title='bbox 3193 1778 3452 1833; x_wconf 87' lang='lat' dir='ltr'>Zozimus</span> <span class='ocrx_word' id='word_1_224' title='bbox 3470 1779 3722 1833; x_wconf 81' lang='lat' dir='ltr'>Lazarus</span> 
     </span>
    </p>
   </div>
   <div class='ocr_carea' id='block_1_33' title="bbox 397 1862 3725 1938">
    <p class='ocr_par' dir='ltr' id='par_1_33' title="bbox 397 1862 3725 1938">
     <span class='ocr_line' id='line_1_33' title="bbox 397 1862 3725 1938; baseline 0.002 -24"><span class='ocrx_word' id='word_1_225' title='bbox 397 1862 859 1927; x_wconf 65' lang='lat' dir='ltr'>corroborata,ur</span> <span class='ocrx_word' id='word_1_226' title='bbox 876 1866 1081 1919; x_wconf 84' lang='lat' dir='ltr'>exinde</span> <span class='ocrx_word' id='word_1_227' title='bbox 1106 1866 2005 1938; x_wconf 88' lang='lat' dir='ltr'>permutarinichiloporteat,eo-</span> <span class='ocrx_word' id='word_1_228' title='bbox 2029 1862 2081 1921; x_wconf 93' lang='lat' dir='ltr'>B</span> <span class='ocrx_word' id='word_1_229' title='bbox 2108 1862 2324 1917; x_wconf 91' lang='lat' dir='ltr'>dudum</span> <span class='ocrx_word' id='word_1_230' title='bbox 2360 1864 2417 1917; x_wconf 90' lang='lat' dir='ltr'>in</span> <span class='ocrx_word' id='word_1_231' title='bbox 2445 1865 2783 1920; x_wconf 87' lang='lat' dir='ltr'>Taurinensi</span> <span class='ocrx_word' id='word_1_232' title='bbox 2818 1867 3062 1920; x_wconf 92' lang='lat' dir='ltr'>concilio</span> <span class='ocrx_word' id='word_1_233' title='bbox 3094 1866 3559 1938; x_wconf 86' lang='lat' dir='ltr'>gravissimorum</span> <span class='ocrx_word' id='word_1_234' title='bbox 3592 1866 3725 1938; x_wconf 81' lang='lat' dir='ltr'>epi-</span> 
     </span>
    </p>
   </div>
   <div class='ocr_carea' id='block_1_34' title="bbox 396 1952 2004 2026">
    <p class='ocr_par' dir='ltr' id='par_1_34' title="bbox 396 1952 2004 2026">
     <span class='ocr_line' id='line_1_34' title="bbox 396 1952 2004 2026; baseline 0.002 -22"><span class='ocrx_word' id='word_1_235' title='bbox 396 1966 529 2005; x_wconf 88' lang='lat' dir='ltr'>rum</span> <span class='ocrx_word' id='word_1_236' title='bbox 582 1952 943 2008; x_wconf 86' lang='lat' dir='ltr'>decretorum</span> <span class='ocrx_word' id='word_1_237' title='bbox 996 1957 1053 2008; x_wconf 94' lang='lat' dir='ltr'>et</span> <span class='ocrx_word' id='word_1_238' title='bbox 1109 1955 1485 2010; x_wconf 91' lang='lat' dir='ltr'>conciliorum</span> <span class='ocrx_word' id='word_1_239' title='bbox 1541 1957 1871 2009; x_wconf 88' lang='lat' dir='ltr'>executores</span> <span class='ocrx_word' id='word_1_240' title='bbox 1899 1970 2004 2026; x_wconf 91' lang='lat' dir='ltr'>per</span> 
     </span>
    </p>
   </div>
   <div class='ocr_carea' id='block_1_35' title="bbox 398 2040 2000 2117">
    <p class='ocr_par' dir='ltr' id='par_1_35' title="bbox 398 2040 2000 2117">
     <span class='ocr_line' id='line_1_35' title="bbox 398 2040 2000 2117; baseline 0.002 -24"><span class='ocrx_word' id='word_1_241' title='bbox 398 2040 597 2094; x_wconf 86' lang='lat' dir='ltr'>omnia</span> <span class='ocrx_word' id='word_1_242' title='bbox 626 2041 796 2096; x_wconf 87' lang='lat' dir='ltr'>laude</span> <span class='ocrx_word' id='word_1_243' title='bbox 810 2046 867 2097; x_wconf 90' lang='lat' dir='ltr'>et</span> <span class='ocrx_word' id='word_1_244' title='bbox 879 2043 1119 2114; x_wconf 66' lang='lat' dir='ltr'>praamio</span> <span class='ocrx_word' id='word_1_245' title='bbox 1136 2044 1318 2116; x_wconf 91' lang='lat' dir='ltr'>digni,</span> <span class='ocrx_word' id='word_1_246' title='bbox 1352 2044 1783 2117; x_wconf 89' lang='lat' dir='ltr'>perturbatores</span> <span class='ocrx_word' id='word_1_247' title='bbox 1805 2046 2000 2097; x_wconf 89' lang='lat' dir='ltr'>autem</span> 
     </span>
    </p>
   </div>
   <div class='ocr_carea' id='block_1_36' title="bbox 396 2127 2004 2205">
    <p class='ocr_par' dir='ltr' id='par_1_36' title="bbox 396 2127 2004 2205">
     <span class='ocr_line' id='line_1_36' title="bbox 396 2127 2004 2205; baseline 0.001 -23"><span class='ocrx_word' id='word_1_248' title='bbox 396 2127 759 2200; x_wconf 88' lang='lat' dir='ltr'>vituperandi</span> <span class='ocrx_word' id='word_1_249' title='bbox 782 2135 840 2185; x_wconf 93' lang='lat' dir='ltr'>et</span> <span class='ocrx_word' id='word_1_250' title='bbox 870 2134 1135 2188; x_wconf 91' lang='lat' dir='ltr'>omnium</span> <span class='ocrx_word' id='word_1_251' title='bbox 1166 2150 1451 2204; x_wconf 84' lang='lat' dir='ltr'>penarum</span> <span class='ocrx_word' id='word_1_252' title='bbox 1476 2150 1688 2205; x_wconf 87' lang='lat' dir='ltr'>genere</span> <span class='ocrx_word' id='word_1_253' title='bbox 1716 2130 2004 2185; x_wconf 84' lang='lat' dir='ltr'>afﬁciendi</span> 
     </span>
    </p>
   </div>
   <div class='ocr_carea' id='block_1_37' title="bbox 394 2219 2005 2291">
    <p class='ocr_par' dir='ltr' id='par_1_37' title="bbox 394 2219 2005 2291">
     <span class='ocr_line' id='line_1_37' title="bbox 394 2219 2005 2291; baseline 0.002 -22"><span class='ocrx_word' id='word_1_254' title='bbox 394 2220 547 2271; x_wconf 89' lang='lat' dir='ltr'>sunt.</span> <span class='ocrx_word' id='word_1_255' title='bbox 580 2220 722 2272; x_wconf 90' lang='lat' dir='ltr'>Item</span> <span class='ocrx_word' id='word_1_256' title='bbox 757 2219 802 2272; x_wconf 90' lang='lat' dir='ltr'>si</span> <span class='ocrx_word' id='word_1_257' title='bbox 852 2222 955 2275; x_wconf 90' lang='lat' dir='ltr'>sub</span> <span class='ocrx_word' id='word_1_258' title='bbox 997 2221 1338 2275; x_wconf 79' lang='lat' dir='ltr'>beatissimis</span> <span class='ocrx_word' id='word_1_259' title='bbox 1391 2220 1758 2291; x_wconf 86' lang='lat' dir='ltr'>pontiﬁcibus</span> <span class='ocrx_word' id='word_1_260' title='bbox 1812 2219 2005 2290; x_wconf 86' lang='lat' dir='ltr'>aliqua</span> 
     </span>
    </p>
   </div>
   <div class='ocr_carea' id='block_1_38' title="bbox 398 2308 2004 2379">
    <p class='ocr_par' dir='ltr' id='par_1_38' title="bbox 398 2308 2004 2379">
     <span class='ocr_line' id='line_1_38' title="bbox 398 2308 2004 2379; baseline 0.003 -22"><span class='ocrx_word' id='word_1_261' title='bbox 398 2310 812 2373; x_wconf 90' lang='lat' dir='ltr'>provenerunt,</span> <span class='ocrx_word' id='word_1_262' title='bbox 842 2324 969 2379; x_wconf 80' lang='lat' dir='ltr'>quae</span> <span class='ocrx_word' id='word_1_263' title='bbox 996 2325 1179 2363; x_wconf 60' lang='lat' dir='ltr'>causa:</span> <span class='ocrx_word' id='word_1_264' title='bbox 1200 2309 1420 2362; x_wconf 83' lang='lat' dir='ltr'>Arnulﬁ</span> <span class='ocrx_word' id='word_1_265' title='bbox 1444 2309 1653 2363; x_wconf 80' lang='lat' dir='ltr'>similia</span> <span class='ocrx_word' id='word_1_266' title='bbox 1686 2308 1821 2374; x_wconf 90' lang='lat' dir='ltr'>sint,</span> <span class='ocrx_word' id='word_1_267' title='bbox 1849 2308 2004 2379; x_wconf 93' lang='lat' dir='ltr'>quod</span> 
     </span>
    </p>
   </div>
   <div class='ocr_carea' id='block_1_39' title="bbox 399 2390 2002 2467">
    <p class='ocr_par' dir='ltr' id='par_1_39' title="bbox 399 2390 2002 2467">
     <span class='ocr_line' id='line_1_39' title="bbox 399 2390 2002 2467; baseline 0.004 -23"><span class='ocrx_word' id='word_1_268' title='bbox 399 2390 607 2447; x_wconf 83' lang='lat' dir='ltr'>exinde</span> <span class='ocrx_word' id='word_1_269' title='bbox 621 2393 943 2463; x_wconf 91' lang='lat' dir='ltr'>judicatum</span> <span class='ocrx_word' id='word_1_270' title='bbox 972 2400 1077 2463; x_wconf 90' lang='lat' dir='ltr'>est,</span> <span class='ocrx_word' id='word_1_271' title='bbox 1102 2396 1160 2450; x_wconf 92' lang='lat' dir='ltr'>in</span> <span class='ocrx_word' id='word_1_272' title='bbox 1187 2414 1355 2452; x_wconf 92' lang='lat' dir='ltr'>causa</span> <span class='ocrx_word' id='word_1_273' title='bbox 1378 2397 1598 2451; x_wconf 84' lang='lat' dir='ltr'>Arnulfi</span> <span class='ocrx_word' id='word_1_274' title='bbox 1623 2397 2002 2467; x_wconf 88' lang='lat' dir='ltr'>judicandum</span> 
     </span>
    </p>
   </div>
   <div class='ocr_carea' id='block_1_40' title="bbox 397 2479 2001 2558">
    <p class='ocr_par' dir='ltr' id='par_1_40' title="bbox 397 2479 2001 2558">
     <span class='ocr_line' id='line_1_40' title="bbox 397 2479 2001 2558; baseline 0.002 -23"><span class='ocrx_word' id='word_1_275' title='bbox 397 2479 527 2535; x_wconf 87' lang='lat' dir='ltr'>fuit.</span> <span class='ocrx_word' id='word_1_276' title='bbox 544 2483 618 2534; x_wconf 84' lang='lat' dir='ltr'>At</span> <span class='ocrx_word' id='word_1_277' title='bbox 643 2482 978 2539; x_wconf 90' lang='lat' dir='ltr'>Cresconius</span> <span class='ocrx_word' id='word_1_278' title='bbox 1008 2486 1329 2558; x_wconf 87' lang='lat' dir='ltr'>episcopus,</span> <span class='ocrx_word' id='word_1_279' title='bbox 1362 2486 1497 2558; x_wconf 88' lang='lat' dir='ltr'>quia</span> <span class='ocrx_word' id='word_1_280' title='bbox 1520 2486 1748 2542; x_wconf 89' lang='lat' dir='ltr'>rebellis</span> <span class='ocrx_word' id='word_1_281' title='bbox 1778 2489 1836 2539; x_wconf 90' lang='lat' dir='ltr'>et</span> <span class='ocrx_word' id='word_1_282' title='bbox 1863 2502 2001 2540; x_wconf 84' lang='lat' dir='ltr'>eon-</span> 
     </span>
    </p>
   </div>
   <div class='ocr_carea' id='block_1_41' title="bbox 398 2570 1998 2647">
    <p class='ocr_par' dir='ltr' id='par_1_41' title="bbox 398 2570 1998 2647">
     <span class='ocr_line' id='line_1_41' title="bbox 398 2570 1998 2647; baseline 0.006 -26"><span class='ocrx_word' id='word_1_283' title='bbox 398 2570 744 2633; x_wconf 84' lang='lat' dir='ltr'>tumax,non</span> <span class='ocrx_word' id='word_1_284' title='bbox 768 2576 972 2628; x_wconf 90' lang='lat' dir='ltr'>contra</span> <span class='ocrx_word' id='word_1_285' title='bbox 986 2573 1307 2646; x_wconf 88' lang='lat' dir='ltr'>principem</span> <span class='ocrx_word' id='word_1_286' title='bbox 1330 2575 1428 2630; x_wconf 92' lang='lat' dir='ltr'>sed</span> <span class='ocrx_word' id='word_1_287' title='bbox 1448 2579 1648 2629; x_wconf 89' lang='lat' dir='ltr'>contra</span> <span class='ocrx_word' id='word_1_288' title='bbox 1678 2576 1998 2647; x_wconf 90' lang='lat' dir='ltr'>episcopos,</span> 
     </span>
    </p>
   </div>
   <div class='ocr_carea' id='block_1_42' title="bbox 400 2655 2002 2736">
    <p class='ocr_par' dir='ltr' id='par_1_42' title="bbox 400 2655 2002 2736">
     <span class='ocr_line' id='line_1_42' title="bbox 400 2655 2002 2736; baseline 0.006 -27"><span class='ocrx_word' id='word_1_289' title='bbox 400 2655 528 2724; x_wconf 92' lang='lat' dir='ltr'>fuit,</span> <span class='ocrx_word' id='word_1_290' title='bbox 551 2658 622 2712; x_wconf 90' lang='lat' dir='ltr'>ab</span> <span class='ocrx_word' id='word_1_291' title='bbox 640 2659 911 2716; x_wconf 85' lang='lat' dir='ltr'>Africana</span> <span class='ocrx_word' id='word_1_292' title='bbox 924 2663 1143 2733; x_wconf 85' lang='lat' dir='ltr'>synodo</span> <span class='ocrx_word' id='word_1_293' title='bbox 1159 2663 1480 2734; x_wconf 90' lang='lat' dir='ltr'>judicatum</span> <span class='ocrx_word' id='word_1_294' title='bbox 1512 2667 1617 2725; x_wconf 87' lang='lat' dir='ltr'>est,</span> <span class='ocrx_word' id='word_1_295' title='bbox 1635 2668 1697 2717; x_wconf 87' lang='lat' dir='ltr'>ut</span> <span class='ocrx_word' id='word_1_296' title='bbox 1718 2667 2002 2736; x_wconf 88' lang='lat' dir='ltr'>potestate</span> 
     </span>
    </p>
   </div>
   <div class='ocr_carea' id='block_1_43' title="bbox 398 2743 1998 2817">
    <p class='ocr_par' dir='ltr' id='par_1_43' title="bbox 398 2743 1998 2817">
     <span class='ocr_line' id='line_1_43' title="bbox 398 2743 1998 2817; baseline 0.006 -20"><span class='ocrx_word' id='word_1_297' title='bbox 398 2743 673 2817; x_wconf 89' lang='lat' dir='ltr'>principis</span> <span class='ocrx_word' id='word_1_298' title='bbox 696 2754 1059 2805; x_wconf 86' lang='lat' dir='ltr'>coerceretur</span> <span class='ocrx_word' id='word_1_299' title='bbox 1104 2755 1162 2805; x_wconf 93' lang='lat' dir='ltr'>et</span> <span class='ocrx_word' id='word_1_300' title='bbox 1199 2752 1270 2806; x_wconf 89' lang='lat' dir='ltr'>ab</span> <span class='ocrx_word' id='word_1_301' title='bbox 1311 2752 1548 2808; x_wconf 88' lang='lat' dir='ltr'>ecclesia</span> <span class='ocrx_word' id='word_1_302' title='bbox 1587 2752 1998 2807; x_wconf 85' lang='lat' dir='ltr'>excluderetur.</span> 
     </span>
    </p>
   </div>
   <div class='ocr_carea' id='block_1_44' title="bbox 401 2832 2003 2912">
    <p class='ocr_par' dir='ltr' id='par_1_44' title="bbox 401 2832 2003 2912">
     <span class='ocr_line' id='line_1_44' title="bbox 401 2832 2003 2912; baseline 0.005 -25"><span class='ocrx_word' id='word_1_303' title='bbox 401 2832 469 2887; x_wconf 87' lang='lat' dir='ltr'>Et</span> <span class='ocrx_word' id='word_1_304' title='bbox 490 2834 631 2890; x_wconf 91' lang='lat' dir='ltr'>item</span> <span class='ocrx_word' id='word_1_305' title='bbox 666 2839 1065 2895; x_wconf 90' lang='lat' dir='ltr'>universaliter</span> <span class='ocrx_word' id='word_1_306' title='bbox 1095 2840 1392 2912; x_wconf 90' lang='lat' dir='ltr'>episcopos</span> <span class='ocrx_word' id='word_1_307' title='bbox 1424 2841 1821 2912; x_wconf 88' lang='lat' dir='ltr'>conspirantes</span> <span class='ocrx_word' id='word_1_308' title='bbox 1847 2843 1906 2895; x_wconf 93' lang='lat' dir='ltr'>et</span> <span class='ocrx_word' id='word_1_309' title='bbox 1928 2840 2003 2895; x_wconf 91' lang='lat' dir='ltr'>ad</span> 
     </span>
    </p>
   </div>
   <div class='ocr_carea' id='block_1_45' title="bbox 400 2926 2003 2984">
    <p class='ocr_par' dir='ltr' id='par_1_45' title="bbox 400 2926 2003 2984">
     <span class='ocr_line' id='line_1_45' title="bbox 400 2926 2003 2984; baseline 0.004 -9"><span class='ocrx_word' id='word_1_310' title='bbox 400 2928 754 2980; x_wconf 88' lang='lat' dir='ltr'>conventum</span> <span class='ocrx_word' id='word_1_311' title='bbox 808 2926 1053 2981; x_wconf 88' lang='lat' dir='ltr'>fratrum</span> <span class='ocrx_word' id='word_1_312' title='bbox 1114 2944 1349 2983; x_wconf 89' lang='lat' dir='ltr'>suorum</span> <span class='ocrx_word' id='word_1_313' title='bbox 1391 2929 1586 2984; x_wconf 90' lang='lat' dir='ltr'>venire</span> <span class='ocrx_word' id='word_1_314' title='bbox 1614 2929 1876 2983; x_wconf 90' lang='lat' dir='ltr'>nolentes</span> <span class='ocrx_word' id='word_1_315' title='bbox 1902 2944 2003 2982; x_wconf 87' lang='lat' dir='ltr'>sua</span> 
     </span>
    </p>
   </div>
   <div class='ocr_carea' id='block_1_46' title="bbox 396 3008 2001 3088">
    <p class='ocr_par' dir='ltr' id='par_1_46' title="bbox 396 3008 2001 3088">
     <span class='ocr_line' id='line_1_46' title="bbox 396 3008 2001 3088; baseline 0.004 -25"><span class='ocrx_word' id='word_1_316' title='bbox 396 3008 547 3065; x_wconf 89' lang='lat' dir='ltr'>forte</span> <span class='ocrx_word' id='word_1_317' title='bbox 580 3030 650 3068; x_wconf 89' lang='lat' dir='ltr'>ne</span> <span class='ocrx_word' id='word_1_318' title='bbox 682 3015 1007 3086; x_wconf 87' lang='lat' dir='ltr'>prodantur</span> <span class='ocrx_word' id='word_1_319' title='bbox 1033 3016 1251 3088; x_wconf 85' lang='lat' dir='ltr'>ﬂagitia</span> <span class='ocrx_word' id='word_1_320' title='bbox 1294 3020 1642 3083; x_wconf 90' lang='lat' dir='ltr'>metuentes,</span> <span class='ocrx_word' id='word_1_321' title='bbox 1681 3016 1884 3071; x_wconf 90' lang='lat' dir='ltr'>eadem</span> <span class='ocrx_word' id='word_1_322' title='bbox 1911 3031 2001 3086; x_wconf 88' lang='lat' dir='ltr'>sy-</span> 
     </span>
    </p>
   </div>
   <div class='ocr_carea' id='block_1_47' title="bbox 395 3099 2072 3204">
    <p class='ocr_par' dir='ltr' id='par_1_47' title="bbox 395 3099 2072 3204">
     <span class='ocr_line' id='line_1_47' title="bbox 395 3099 2072 3204; baseline 0.002 -51"><span class='ocrx_word' id='word_1_323' title='bbox 395 3099 581 3204; x_wconf 53' lang='lat' dir='ltr'>nodus</span> <span class='ocrx_word' id='word_1_324' title='bbox 612 3105 893 3172; x_wconf 88' lang='lat' dir='ltr'>potestate</span> <span class='ocrx_word' id='word_1_325' title='bbox 922 3104 1198 3176; x_wconf 90' lang='lat' dir='ltr'>principis</span> <span class='ocrx_word' id='word_1_326' title='bbox 1250 3105 1659 3172; x_wconf 85' lang='lat' dir='ltr'>cohercendos,</span> <span class='ocrx_word' id='word_1_327' title='bbox 1710 3122 1743 3159; x_wconf 92' lang='lat' dir='ltr'>a</span> <span class='ocrx_word' id='word_1_328' title='bbox 1790 3102 2001 3201; x_wconf 81' lang='lat' dir='ltr'>princi-</span> <span class='ocrx_word' id='word_1_329' title='bbox 2024 3144 2072 3204; x_wconf 66' lang='grc' dir='ltr'>Ο</span> 
     </span>
    </p>
   </div>
   <div class='ocr_carea' id='block_1_48' title="bbox 397 3187 2001 3264">
    <p class='ocr_par' dir='ltr' id='par_1_48' title="bbox 397 3187 2001 3264">
     <span class='ocr_line' id='line_1_48' title="bbox 397 3187 2001 3264; baseline 0.004 -24"><span class='ocrx_word' id='word_1_330' title='bbox 397 3187 621 3260; x_wconf 89' lang='lat' dir='ltr'>palibus</span> <span class='ocrx_word' id='word_1_331' title='bbox 642 3191 930 3246; x_wconf 89' lang='lat' dir='ltr'>cathedris</span> <span class='ocrx_word' id='word_1_332' title='bbox 959 3193 1369 3255; x_wconf 83' lang='lat' dir='ltr'>removendos,</span> <span class='ocrx_word' id='word_1_333' title='bbox 1394 3196 1451 3247; x_wconf 91' lang='lat' dir='ltr'>et</span> <span class='ocrx_word' id='word_1_334' title='bbox 1467 3196 1528 3247; x_wconf 92' lang='lat' dir='ltr'>ut</span> <span class='ocrx_word' id='word_1_335' title='bbox 1549 3192 1795 3264; x_wconf 88' lang='lat' dir='ltr'>propriis</span> <span class='ocrx_word' id='word_1_336' title='bbox 1826 3191 2001 3246; x_wconf 91' lang='lat' dir='ltr'>etiam</span> 
     </span>
    </p>
   </div>
   <div class='ocr_carea' id='block_1_49' title="bbox 398 3279 2003 3353">
    <p class='ocr_par' dir='ltr' id='par_1_49' title="bbox 398 3279 2003 3353">
     <span class='ocr_line' id='line_1_49' title="bbox 398 3279 2003 3353; baseline 0.002 -24"><span class='ocrx_word' id='word_1_337' title='bbox 398 3281 653 3346; x_wconf 87' lang='lat' dir='ltr'>careant,</span> <span class='ocrx_word' id='word_1_338' title='bbox 688 3279 1031 3336; x_wconf 88' lang='lat' dir='ltr'>auctoritate</span> <span class='ocrx_word' id='word_1_339' title='bbox 1062 3281 1290 3353; x_wconf 89' lang='lat' dir='ltr'>publica</span> <span class='ocrx_word' id='word_1_340' title='bbox 1319 3285 1381 3335; x_wconf 93' lang='lat' dir='ltr'>ut</span> <span class='ocrx_word' id='word_1_341' title='bbox 1407 3281 1652 3335; x_wconf 89' lang='lat' dir='ltr'>rebelles</span> <span class='ocrx_word' id='word_1_342' title='bbox 1665 3279 2003 3334; x_wconf 84' lang='lat' dir='ltr'>auctoritate</span> 
     </span>
    </p>
   </div>
   <div class='ocr_carea' id='block_1_50' title="bbox 401 3365 2002 3439">
    <p class='ocr_par' dir='ltr' id='par_1_50' title="bbox 401 3365 2002 3439">
     <span class='ocr_line' id='line_1_50' title="bbox 401 3365 2002 3439; baseline 0.002 -21"><span class='ocrx_word' id='word_1_343' title='bbox 401 3365 712 3435; x_wconf 88' lang='lat' dir='ltr'>apostolica</span> <span class='ocrx_word' id='word_1_344' title='bbox 749 3368 1031 3438; x_wconf 90' lang='lat' dir='ltr'>judicavit</span> <span class='ocrx_word' id='word_1_345' title='bbox 1082 3385 1187 3439; x_wconf 91' lang='lat' dir='ltr'>per</span> <span class='ocrx_word' id='word_1_346' title='bbox 1223 3369 1554 3423; x_wconf 84' lang='lat' dir='ltr'>Faustinum</span> <span class='ocrx_word' id='word_1_347' title='bbox 1587 3373 1644 3422; x_wconf 92' lang='lat' dir='ltr'>et</span> <span class='ocrx_word' id='word_1_348' title='bbox 1674 3367 2002 3439; x_wconf 88' lang='lat' dir='ltr'>Philippum</span> 
     </span>
    </p>
   </div>
   <div class='ocr_carea' id='block_1_51' title="bbox 400 3453 2006 3529">
    <p class='ocr_par' dir='ltr' id='par_1_51' title="bbox 400 3453 2006 3529">
     <span class='ocr_line' id='line_1_51' title="bbox 400 3453 2006 3529; baseline 0.003 -25"><span class='ocrx_word' id='word_1_349' title='bbox 400 3454 459 3505; x_wconf 90' lang='lat' dir='ltr'>et</span> <span class='ocrx_word' id='word_1_350' title='bbox 485 3453 737 3508; x_wconf 85' lang='lat' dir='ltr'>Asellum</span> <span class='ocrx_word' id='word_1_351' title='bbox 762 3457 1147 3529; x_wconf 85' lang='lat' dir='ltr'>presbyteros.</span> <span class='ocrx_word' id='word_1_352' title='bbox 1175 3457 1338 3521; x_wconf 87' lang='lat' dir='ltr'>Quod</span> <span class='ocrx_word' id='word_1_353' title='bbox 1365 3460 1558 3512; x_wconf 92' lang='lat' dir='ltr'>autem</span> <span class='ocrx_word' id='word_1_354' title='bbox 1584 3456 1898 3527; x_wconf 90' lang='lat' dir='ltr'>apostolica</span> <span class='ocrx_word' id='word_1_355' title='bbox 1923 3472 2006 3509; x_wconf 90' lang='lat' dir='ltr'>se-</span> 
     </span>
    </p>
   </div>
   <div class='ocr_carea' id='block_1_52' title="bbox 401 3537 2005 3611">
    <p class='ocr_par' dir='ltr' id='par_1_52' title="bbox 401 3537 2005 3611">
     <span class='ocr_line' id='line_1_52' title="bbox 401 3537 2005 3611; baseline 0.004 -19"><span class='ocrx_word' id='word_1_356' title='bbox 401 3537 500 3593; x_wconf 91' lang='lat' dir='ltr'>des</span> <span class='ocrx_word' id='word_1_357' title='bbox 524 3538 582 3594; x_wconf 88' lang='lat' dir='ltr'>in</span> <span class='ocrx_word' id='word_1_358' title='bbox 615 3541 984 3598; x_wconf 90' lang='lat' dir='ltr'>Cresconium</span> <span class='ocrx_word' id='word_1_359' title='bbox 1016 3544 1151 3599; x_wconf 85' lang='lat' dir='ltr'>fecit</span> <span class='ocrx_word' id='word_1_360' title='bbox 1177 3548 1234 3599; x_wconf 91' lang='lat' dir='ltr'>et</span> <span class='ocrx_word' id='word_1_361' title='bbox 1266 3545 1320 3599; x_wconf 93' lang='lat' dir='ltr'>in</span> <span class='ocrx_word' id='word_1_362' title='bbox 1349 3545 1492 3600; x_wconf 90' lang='lat' dir='ltr'>alios</span> <span class='ocrx_word' id='word_1_363' title='bbox 1512 3544 1636 3599; x_wconf 83' lang='lat' dir='ltr'>fieri</span> <span class='ocrx_word' id='word_1_364' title='bbox 1655 3544 1867 3611; x_wconf 91' lang='lat' dir='ltr'>docuit,</span> <span class='ocrx_word' id='word_1_365' title='bbox 1896 3544 2005 3599; x_wconf 90' lang='lat' dir='ltr'>hoc</span> 
     </span>
    </p>
   </div>
   <div class='ocr_carea' id='block_1_53' title="bbox 400 3625 2007 3705">
    <p class='ocr_par' dir='ltr' id='par_1_53' title="bbox 400 3625 2007 3705">
     <span class='ocr_line' id='line_1_53' title="bbox 400 3625 2007 3705; baseline 0.006 -26"><span class='ocrx_word' id='word_1_366' title='bbox 400 3625 555 3681; x_wconf 92' lang='lat' dir='ltr'>idem</span> <span class='ocrx_word' id='word_1_367' title='bbox 588 3627 646 3683; x_wconf 90' lang='lat' dir='ltr'>in</span> <span class='ocrx_word' id='word_1_368' title='bbox 678 3631 918 3686; x_wconf 87' lang='lat' dir='ltr'>Arnulfo</span> <span class='ocrx_word' id='word_1_369' title='bbox 975 3650 1206 3687; x_wconf 89' lang='lat' dir='ltr'>summa</span> <span class='ocrx_word' id='word_1_370' title='bbox 1264 3633 1564 3705; x_wconf 84' lang='lat' dir='ltr'>diligentia</span> <span class='ocrx_word' id='word_1_371' title='bbox 1608 3632 1715 3687; x_wconf 88' lang='lat' dir='ltr'>fuit</span> <span class='ocrx_word' id='word_1_372' title='bbox 1746 3632 2007 3688; x_wconf 89' lang='lat' dir='ltr'>observa-</span> 
     </span>
    </p>
   </div>
   <div class='ocr_carea' id='block_1_54' title="bbox 399 3716 2004 3791">
    <p class='ocr_par' dir='ltr' id='par_1_54' title="bbox 399 3716 2004 3791">
     <span class='ocr_line' id='line_1_54' title="bbox 399 3716 2004 3791; baseline 0.006 -24"><span class='ocrx_word' id='word_1_373' title='bbox 399 3718 561 3781; x_wconf 89' lang='lat' dir='ltr'>tum;</span> <span class='ocrx_word' id='word_1_374' title='bbox 596 3716 650 3771; x_wconf 92' lang='lat' dir='ltr'>id</span> <span class='ocrx_word' id='word_1_375' title='bbox 678 3722 758 3772; x_wconf 89' lang='lat' dir='ltr'>est</span> <span class='ocrx_word' id='word_1_376' title='bbox 792 3720 926 3791; x_wconf 90' lang='lat' dir='ltr'>quia</span> <span class='ocrx_word' id='word_1_377' title='bbox 971 3721 1043 3775; x_wconf 83' lang='lat' dir='ltr'>ad</span> <span class='ocrx_word' id='word_1_378' title='bbox 1085 3722 1331 3776; x_wconf 87' lang='lat' dir='ltr'>fratrum</span> <span class='ocrx_word' id='word_1_379' title='bbox 1370 3738 1605 3777; x_wconf 88' lang='lat' dir='ltr'>suorum</span> <span class='ocrx_word' id='word_1_380' title='bbox 1654 3724 2004 3776; x_wconf 89' lang='lat' dir='ltr'>conventum</span> 
     </span>
    </p>
   </div>
   <div class='ocr_carea' id='block_1_55' title="bbox 401 3804 2003 3881">
    <p class='ocr_par' dir='ltr' id='par_1_55' title="bbox 401 3804 2003 3881">
     <span class='ocr_line' id='line_1_55' title="bbox 401 3804 2003 3881; baseline 0.004 -25"><span class='ocrx_word' id='word_1_381' title='bbox 401 3804 646 3874; x_wconf 90' lang='lat' dir='ltr'>amplius</span> <span class='ocrx_word' id='word_1_382' title='bbox 674 3824 853 3879; x_wconf 91' lang='lat' dir='ltr'>quam</span> <span class='ocrx_word' id='word_1_383' title='bbox 882 3825 986 3879; x_wconf 91' lang='lat' dir='ltr'>per</span> <span class='ocrx_word' id='word_1_384' title='bbox 1016 3809 1152 3864; x_wconf 89' lang='lat' dir='ltr'>anni</span> <span class='ocrx_word' id='word_1_385' title='bbox 1198 3809 1447 3881; x_wconf 90' lang='lat' dir='ltr'>spatium</span> <span class='ocrx_word' id='word_1_386' title='bbox 1494 3810 1763 3864; x_wconf 87' lang='lat' dir='ltr'>invitatus</span> <span class='ocrx_word' id='word_1_387' title='bbox 1810 3809 2003 3864; x_wconf 88' lang='lat' dir='ltr'>venire</span> 
     </span>
    </p>
   </div>
   <div class='ocr_carea' id='block_1_56' title="bbox 396 3895 2006 3971">
    <p class='ocr_par' dir='ltr' id='par_1_56' title="bbox 396 3895 2006 3971">
     <span class='ocr_line' id='line_1_56' title="bbox 396 3895 2006 3971; baseline 0.004 -27"><span class='ocrx_word' id='word_1_388' title='bbox 396 3895 768 3965; x_wconf 87' lang='lat' dir='ltr'>contempsit,</span> <span class='ocrx_word' id='word_1_389' title='bbox 795 3900 854 3951; x_wconf 92' lang='lat' dir='ltr'>et</span> <span class='ocrx_word' id='word_1_390' title='bbox 879 3897 1117 3968; x_wconf 89' lang='lat' dir='ltr'>insuper</span> <span class='ocrx_word' id='word_1_391' title='bbox 1150 3900 1205 3952; x_wconf 92' lang='lat' dir='ltr'>in</span> <span class='ocrx_word' id='word_1_392' title='bbox 1242 3898 1564 3971; x_wconf 89' lang='lat' dir='ltr'>principem</span> <span class='ocrx_word' id='word_1_393' title='bbox 1587 3914 1752 3952; x_wconf 92' lang='lat' dir='ltr'>suum</span> <span class='ocrx_word' id='word_1_394' title='bbox 1777 3896 2006 3952; x_wconf 83' lang='lat' dir='ltr'>rebellis</span> 
     </span>
    </p>
   </div>
   <div class='ocr_carea' id='block_1_57' title="bbox 399 3981 2005 4058">
    <p class='ocr_par' dir='ltr' id='par_1_57' title="bbox 399 3981 2005 4058">
     <span class='ocr_line' id='line_1_57' title="bbox 399 3981 2005 4058; baseline 0.004 -25"><span class='ocrx_word' id='word_1_395' title='bbox 399 3981 459 4033; x_wconf 88' lang='lat' dir='ltr'>et</span> <span class='ocrx_word' id='word_1_396' title='bbox 502 3982 658 4037; x_wconf 91' lang='lat' dir='ltr'>urbis</span> <span class='ocrx_word' id='word_1_397' title='bbox 709 4001 773 4039; x_wconf 89' lang='lat' dir='ltr'>ac</span> <span class='ocrx_word' id='word_1_398' title='bbox 822 3986 1024 4057; x_wconf 64' lang='lat' dir='ltr'>patria:</span> <span class='ocrx_word' id='word_1_399' title='bbox 1068 3986 1335 4057; x_wconf 91' lang='lat' dir='ltr'>proditor</span> <span class='ocrx_word' id='word_1_400' title='bbox 1364 3986 1571 4053; x_wconf 86' lang='lat' dir='ltr'>extitit,</span> <span class='ocrx_word' id='word_1_401' title='bbox 1606 3986 1877 4058; x_wconf 89' lang='lat' dir='ltr'>principis</span> <span class='ocrx_word' id='word_1_402' title='bbox 1905 4002 2005 4056; x_wconf 87' lang='lat' dir='ltr'>po-</span> 
     </span>
    </p>
   </div>
   <div class='ocr_carea' id='block_1_58' title="bbox 396 4070 2002 4147">
    <p class='ocr_par' dir='ltr' id='par_1_58' title="bbox 396 4070 2002 4147">
     <span class='ocr_line' id='line_1_58' title="bbox 396 4070 2002 4147; baseline 0.005 -27"><span class='ocrx_word' id='word_1_403' title='bbox 396 4070 600 4124; x_wconf 88' lang='lat' dir='ltr'>testate</span> <span class='ocrx_word' id='word_1_404' title='bbox 632 4074 954 4128; x_wconf 90' lang='lat' dir='ltr'>necessaria</span> <span class='ocrx_word' id='word_1_405' title='bbox 980 4074 1200 4147; x_wconf 84' lang='lat' dir='ltr'>synodo</span> <span class='ocrx_word' id='word_1_406' title='bbox 1231 4076 1672 4145; x_wconf 68' lang='lat' dir='ltr'>repraesentatus</span> <span class='ocrx_word' id='word_1_407' title='bbox 1700 4077 2002 4146; x_wconf 84' lang='lat' dir='ltr'>est.Atque</span> 
     </span>
    </p>
   </div>
   <div class='ocr_carea' id='block_1_59' title="bbox 397 4156 2001 4237">
    <p class='ocr_par' dir='ltr' id='par_1_59' title="bbox 397 4156 2001 4237">
     <span class='ocr_line' id='line_1_59' title="bbox 397 4156 2001 4237; baseline 0.004 -26"><span class='ocrx_word' id='word_1_408' title='bbox 397 4156 594 4214; x_wconf 87' lang='lat' dir='ltr'>habita</span> <span class='ocrx_word' id='word_1_409' title='bbox 636 4162 991 4233; x_wconf 85' lang='lat' dir='ltr'>cognitione,</span> <span class='ocrx_word' id='word_1_410' title='bbox 1034 4164 1219 4237; x_wconf 90' lang='lat' dir='ltr'>qualis</span> <span class='ocrx_word' id='word_1_411' title='bbox 1274 4165 1463 4219; x_wconf 89' lang='lat' dir='ltr'>fuerat</span> <span class='ocrx_word' id='word_1_412' title='bbox 1503 4163 1833 4219; x_wconf 84' lang='lat' dir='ltr'>diffamatus</span> <span class='ocrx_word' id='word_1_413' title='bbox 1873 4162 2001 4218; x_wconf 88' lang='lat' dir='ltr'>talis</span> 
     </span>
    </p>
   </div>
   <div class='ocr_carea' id='block_1_60' title="bbox 399 4245 2001 4323">
    <p class='ocr_par' dir='ltr' id='par_1_60' title="bbox 399 4245 2001 4323">
     <span class='ocr_line' id='line_1_60' title="bbox 399 4245 2001 4323; baseline 0.004 -25"><span class='ocrx_word' id='word_1_414' title='bbox 399 4245 575 4301; x_wconf 90' lang='lat' dir='ltr'>etiam</span> <span class='ocrx_word' id='word_1_415' title='bbox 614 4253 699 4303; x_wconf 90' lang='lat' dir='ltr'>est</span> <span class='ocrx_word' id='word_1_416' title='bbox 752 4267 853 4304; x_wconf 89' lang='lat' dir='ltr'>sua</span> <span class='ocrx_word' id='word_1_417' title='bbox 902 4253 1261 4322; x_wconf 88' lang='lat' dir='ltr'>professione</span> <span class='ocrx_word' id='word_1_418' title='bbox 1307 4253 1581 4307; x_wconf 90' lang='lat' dir='ltr'>detectus.</span> <span class='ocrx_word' id='word_1_419' title='bbox 1644 4252 1756 4308; x_wconf 91' lang='lat' dir='ltr'>Sed</span> <span class='ocrx_word' id='word_1_420' title='bbox 1814 4251 2001 4323; x_wconf 90' lang='lat' dir='ltr'>inquit</span> 
     </span>
    </p>
   </div>
   <div class='ocr_carea' id='block_1_61' title="bbox 400 4336 1997 4411">
    <p class='ocr_par' dir='ltr' id='par_1_61' title="bbox 400 4336 1997 4411">
     <span class='ocr_line' id='line_1_61' title="bbox 400 4336 1997 4411; baseline 0.004 -23"><span class='ocrx_word' id='word_1_421' title='bbox 400 4336 659 4391; x_wconf 88' lang='lat' dir='ltr'>emulus:</span> <span class='ocrx_word' id='word_1_422' title='bbox 689 4338 813 4392; x_wconf 88' lang='lat' dir='ltr'>Non</span> <span class='ocrx_word' id='word_1_423' title='bbox 836 4339 1026 4411; x_wconf 89' lang='lat' dir='ltr'>potuit</span> <span class='ocrx_word' id='word_1_424' title='bbox 1042 4340 1369 4411; x_wconf 78' lang='lat' dir='ltr'>diiudicari;</span> <span class='ocrx_word' id='word_1_425' title='bbox 1400 4340 1697 4396; x_wconf 87' lang='lat' dir='ltr'>ecclesiam</span> <span class='ocrx_word' id='word_1_426' title='bbox 1739 4341 1997 4410; x_wconf 91' lang='lat' dir='ltr'>recipiat,</span> 
     </span>
    </p>
   </div>
   <div class='ocr_carea' id='block_1_62' title="bbox 401 4422 1998 4501">
    <p class='ocr_par' dir='ltr' id='par_1_62' title="bbox 401 4422 1998 4501">
     <span class='ocr_line' id='line_1_62' title="bbox 401 4422 1998 4501; baseline 0.004 -26"><span class='ocrx_word' id='word_1_427' title='bbox 401 4422 515 4477; x_wconf 89' lang='lat' dir='ltr'>suis</span> <span class='ocrx_word' id='word_1_428' title='bbox 542 4424 754 4481; x_wconf 89' lang='lat' dir='ltr'>viribus</span> <span class='ocrx_word' id='word_1_429' title='bbox 781 4429 1089 4501; x_wconf 89' lang='lat' dir='ltr'>resumptis</span> <span class='ocrx_word' id='word_1_430' title='bbox 1118 4428 1348 4501; x_wconf 82' lang='lat' dir='ltr'>suisque</span> <span class='ocrx_word' id='word_1_431' title='bbox 1377 4430 1475 4484; x_wconf 91' lang='lat' dir='ltr'>diu</span> <span class='ocrx_word' id='word_1_432' title='bbox 1516 4431 1755 4484; x_wconf 90' lang='lat' dir='ltr'>retentis</span> <span class='ocrx_word' id='word_1_433' title='bbox 1782 4428 1998 4496; x_wconf 89' lang='lat' dir='ltr'>amicis,</span> 
     </span>
    </p>
   </div>
   <div class='ocr_carea' id='block_1_63' title="bbox 400 4510 2005 4588">
    <p class='ocr_par' dir='ltr' id='par_1_63' title="bbox 400 4510 2005 4588">
     <span class='ocr_line' id='line_1_63' title="bbox 400 4510 2005 4588; baseline 0.003 -24"><span class='ocrx_word' id='word_1_434' title='bbox 400 4510 474 4565; x_wconf 89' lang='lat' dir='ltr'>ad</span> <span class='ocrx_word' id='word_1_435' title='bbox 492 4510 776 4582; x_wconf 83' lang='lat' dir='ltr'>judicium</span> <span class='ocrx_word' id='word_1_436' title='bbox 798 4521 1163 4588; x_wconf 90' lang='lat' dir='ltr'>provocetur.</span> <span class='ocrx_word' id='word_1_437' title='bbox 1190 4517 1479 4581; x_wconf 87' lang='lat' dir='ltr'>Quidnam</span> <span class='ocrx_word' id='word_1_438' title='bbox 1504 4521 1590 4571; x_wconf 90' lang='lat' dir='ltr'>est</span> <span class='ocrx_word' id='word_1_439' title='bbox 1611 4520 1864 4570; x_wconf 90' lang='lat' dir='ltr'>armatus</span> <span class='ocrx_word' id='word_1_440' title='bbox 1881 4534 1915 4570; x_wconf 89' lang='lat' dir='ltr'>a</span> <span class='ocrx_word' id='word_1_441' title='bbox 1938 4516 2005 4570; x_wconf 86' lang='lat' dir='ltr'>ti-</span> 
     </span>
    </p>
   </div>
   <div class='ocr_carea' id='block_1_64' title="bbox 2106 1954 3719 2027">
    <p class='ocr_par' dir='ltr' id='par_1_64' title="bbox 2106 1954 3719 2027">
     <span class='ocr_line' id='line_1_64' title="bbox 2106 1954 3719 2027; baseline 0.004 -24"><span class='ocrx_word' id='word_1_442' title='bbox 2106 1966 2413 2023; x_wconf 90' lang='lat' dir='ltr'>scoporum</span> <span class='ocrx_word' id='word_1_443' title='bbox 2429 1954 2728 2009; x_wconf 90' lang='lat' dir='ltr'>sententiis</span> <span class='ocrx_word' id='word_1_444' title='bbox 2746 1971 2851 2027; x_wconf 90' lang='lat' dir='ltr'>pro</span> <span class='ocrx_word' id='word_1_445' title='bbox 2869 1956 3326 2025; x_wconf 90' lang='lat' dir='ltr'>calumpniatore</span> <span class='ocrx_word' id='word_1_446' title='bbox 3340 1955 3719 2027; x_wconf 87' lang='lat' dir='ltr'>dampnatus.</span> 
     </span>
    </p>
   </div>
   <div class='ocr_carea' id='block_1_65' title="bbox 2108 2040 3727 2115">
    <p class='ocr_par' dir='ltr' id='par_1_65' title="bbox 2108 2040 3727 2115">
     <span class='ocr_line' id='line_1_65' title="bbox 2108 2040 3727 2115; baseline 0.004 -23"><span class='ocrx_word' id='word_1_447' title='bbox 2108 2056 2239 2093; x_wconf 91' lang='lat' dir='ltr'>cum</span> <span class='ocrx_word' id='word_1_448' title='bbox 2269 2040 2459 2095; x_wconf 86' lang='lat' dir='ltr'>Brictii</span> <span class='ocrx_word' id='word_1_449' title='bbox 2488 2043 2812 2098; x_wconf 89' lang='lat' dir='ltr'>innocentis</span> <span class='ocrx_word' id='word_1_450' title='bbox 2839 2043 3088 2115; x_wconf 91' lang='lat' dir='ltr'>episcopi</span> <span class='ocrx_word' id='word_1_451' title='bbox 3120 2043 3291 2098; x_wconf 87' lang='lat' dir='ltr'>vitam</span> <span class='ocrx_word' id='word_1_452' title='bbox 3322 2044 3477 2098; x_wconf 85' lang='lat' dir='ltr'>falsis</span> <span class='ocrx_word' id='word_1_453' title='bbox 3519 2044 3727 2115; x_wconf 85' lang='lat' dir='ltr'>objec-</span> 
     </span>
    </p>
   </div>
   <div class='ocr_carea' id='block_1_66' title="bbox 2108 2127 3723 2204">
    <p class='ocr_par' dir='ltr' id='par_1_66' title="bbox 2108 2127 3723 2204">
     <span class='ocr_line' id='line_1_66' title="bbox 2108 2127 3723 2204; baseline 0.005 -24"><span class='ocrx_word' id='word_1_454' title='bbox 2108 2127 2364 2182; x_wconf 90' lang='lat' dir='ltr'>tionibus</span> <span class='ocrx_word' id='word_1_455' title='bbox 2389 2131 2723 2202; x_wconf 88' lang='lat' dir='ltr'>appetisset,</span> <span class='ocrx_word' id='word_1_456' title='bbox 2756 2135 2885 2204; x_wconf 88' lang='lat' dir='ltr'>post</span> <span class='ocrx_word' id='word_1_457' title='bbox 2914 2149 3047 2186; x_wconf 88' lang='lat' dir='ltr'>vero</span> <span class='ocrx_word' id='word_1_458' title='bbox 3086 2131 3158 2187; x_wconf 87' lang='lat' dir='ltr'>ab</span> <span class='ocrx_word' id='word_1_459' title='bbox 3202 2131 3409 2186; x_wconf 89' lang='lat' dir='ltr'>eodem</span> <span class='ocrx_word' id='word_1_460' title='bbox 3450 2133 3723 2201; x_wconf 88' lang='lat' dir='ltr'>Proculo,</span> 
     </span>
    </p>
   </div>
   <div class='ocr_carea' id='block_1_67' title="bbox 2108 2215 3727 2292">
    <p class='ocr_par' dir='ltr' id='par_1_67' title="bbox 2108 2215 3727 2292">
     <span class='ocr_line' id='line_1_67' title="bbox 2108 2215 3727 2292; baseline 0.005 -25"><span class='ocrx_word' id='word_1_461' title='bbox 2108 2215 2205 2285; x_wconf 91' lang='lat' dir='ltr'>qui</span> <span class='ocrx_word' id='word_1_462' title='bbox 2248 2215 2400 2271; x_wconf 86' lang='lat' dir='ltr'>inter</span> <span class='ocrx_word' id='word_1_463' title='bbox 2431 2222 2651 2274; x_wconf 84' lang='lat' dir='ltr'>ceteros</span> <span class='ocrx_word' id='word_1_464' title='bbox 2684 2219 3087 2291; x_wconf 90' lang='lat' dir='ltr'>dampnationi</span> <span class='ocrx_word' id='word_1_465' title='bbox 3133 2220 3253 2290; x_wconf 86' lang='lat' dir='ltr'>ejus</span> <span class='ocrx_word' id='word_1_466' title='bbox 3287 2219 3346 2273; x_wconf 91' lang='lat' dir='ltr'>in</span> <span class='ocrx_word' id='word_1_467' title='bbox 3376 2220 3596 2292; x_wconf 84' lang='lat' dir='ltr'>synode</span> <span class='ocrx_word' id='word_1_468' title='bbox 3627 2237 3727 2275; x_wconf 86' lang='lat' dir='ltr'>as-</span> 
     </span>
    </p>
   </div>
   <div class='ocr_carea' id='block_1_68' title="bbox 2106 2308 3724 2381">
    <p class='ocr_par' dir='ltr' id='par_1_68' title="bbox 2106 2308 3724 2381">
     <span class='ocr_line' id='line_1_68' title="bbox 2106 2308 3724 2381; baseline 0.006 -26"><span class='ocrx_word' id='word_1_469' title='bbox 2106 2308 2381 2372; x_wconf 88' lang='lat' dir='ltr'>senserat,</span> <span class='ocrx_word' id='word_1_470' title='bbox 2426 2308 2812 2363; x_wconf 88' lang='lat' dir='ltr'>sacerdotium</span> <span class='ocrx_word' id='word_1_471' title='bbox 2861 2313 3199 2364; x_wconf 86' lang='lat' dir='ltr'>consecutus</span> <span class='ocrx_word' id='word_1_472' title='bbox 3228 2311 3333 2362; x_wconf 86' lang='lat' dir='ltr'>est.</span> <span class='ocrx_word' id='word_1_473' title='bbox 3374 2311 3419 2362; x_wconf 78' lang='grc' dir='ltr'><strong>Α</strong></span> <span class='ocrx_word' id='word_1_474' title='bbox 3449 2325 3564 2380; x_wconf 91' lang='lat' dir='ltr'>quo</span> <span class='ocrx_word' id='word_1_475' title='bbox 3594 2308 3724 2381; x_wconf 81' lang='lat' dir='ltr'>ipse</span> 
     </span>
    </p>
   </div>
   <div class='ocr_carea' id='block_1_69' title="bbox 2107 2392 3725 2467">
    <p class='ocr_par' dir='ltr' id='par_1_69' title="bbox 2107 2392 3725 2467">
     <span class='ocr_line' id='line_1_69' title="bbox 2107 2392 3725 2467; baseline 0.004 -22"><span class='ocrx_word' id='word_1_476' title='bbox 2107 2392 2235 2447; x_wconf 64' lang='lat' dir='ltr'>vitae</span> <span class='ocrx_word' id='word_1_477' title='bbox 2265 2411 2381 2449; x_wconf 71' lang='lat' dir='ltr'>sua:</span> <span class='ocrx_word' id='word_1_478' title='bbox 2412 2396 2689 2467; x_wconf 89' lang='lat' dir='ltr'>conscius,</span> <span class='ocrx_word' id='word_1_479' title='bbox 2733 2396 2881 2450; x_wconf 90' lang='lat' dir='ltr'>datis</span> <span class='ocrx_word' id='word_1_480' title='bbox 2923 2395 3130 2451; x_wconf 90' lang='lat' dir='ltr'>litteris</span> <span class='ocrx_word' id='word_1_481' title='bbox 3182 2396 3239 2450; x_wconf 91' lang='lat' dir='ltr'>in</span> <span class='ocrx_word' id='word_1_482' title='bbox 3287 2396 3725 2451; x_wconf 87' lang='lat' dir='ltr'>abdicationem</span> 
     </span>
    </p>
   </div>
   <div class='ocr_carea' id='block_1_70' title="bbox 2104 2480 3723 2555">
    <p class='ocr_par' dir='ltr' id='par_1_70' title="bbox 2104 2480 3723 2555">
     <span class='ocr_line' id='line_1_70' title="bbox 2104 2480 3723 2555; baseline 0.004 -22"><span class='ocrx_word' id='word_1_483' title='bbox 2104 2480 2188 2534; x_wconf 91' lang='lat' dir='ltr'>sui</span> <span class='ocrx_word' id='word_1_484' title='bbox 2210 2486 2486 2553; x_wconf 90' lang='lat' dir='ltr'>sesponte</span> <span class='ocrx_word' id='word_1_485' title='bbox 2505 2484 2810 2539; x_wconf 89' lang='lat' dir='ltr'>submovit.</span> <span class='ocrx_word' id='word_1_486' title='bbox 2844 2486 2911 2538; x_wconf 84' lang='lat' dir='ltr'>Et</span> <span class='ocrx_word' id='word_1_487' title='bbox 2952 2484 3256 2555; x_wconf 86' lang='lat' dir='ltr'>Gregorius</span> <span class='ocrx_word' id='word_1_488' title='bbox 3288 2485 3360 2539; x_wconf 92' lang='lat' dir='ltr'>ad</span> <span class='ocrx_word' id='word_1_489' title='bbox 3388 2485 3723 2539; x_wconf 74' lang='lat' dir='ltr'>Iohannem</span> 
     </span>
    </p>
   </div>
   <div class='ocr_carea' id='block_1_71' title="bbox 2105 2570 3726 2644">
    <p class='ocr_par' dir='ltr' id='par_1_71' title="bbox 2105 2570 3726 2644">
     <span class='ocr_line' id='line_1_71' title="bbox 2105 2570 3726 2644; baseline 0.004 -23"><span class='ocrx_word' id='word_1_490' title='bbox 2105 2570 2605 2643; x_wconf 85' lang='lat' dir='ltr'>archiepiscopum</span> <span class='ocrx_word' id='word_1_491' title='bbox 2636 2572 2841 2644; x_wconf 66' lang='lat' dir='ltr'>prima:</span> <span class='ocrx_word' id='word_1_492' title='bbox 2869 2572 3203 2627; x_wconf 66' lang='lat' dir='ltr'>Justinianaa</span> <span class='ocrx_word' id='word_1_493' title='bbox 3225 2589 3238 2627; x_wconf 88' lang='lat'>:</span> <span class='ocrx_word' id='word_1_494' title='bbox 3263 2572 3726 2627; x_wconf 81' lang='lat' dir='ltr'>«Dilectissimus</span> 
     </span>
    </p>
   </div>
   <div class='ocr_carea' id='block_1_72' title="bbox 2102 2655 3726 2732">
    <p class='ocr_par' dir='ltr' id='par_1_72' title="bbox 2102 2655 3726 2732">
     <span class='ocr_line' id='line_1_72' title="bbox 2102 2655 3726 2732; baseline 0.004 -23"><span class='ocrx_word' id='word_1_495' title='bbox 2102 2655 2313 2729; x_wconf 91' lang='lat' dir='ltr'>inquit,</span> <span class='ocrx_word' id='word_1_496' title='bbox 2339 2660 2487 2714; x_wconf 92' lang='lat' dir='ltr'>lator</span> <span class='ocrx_word' id='word_1_497' title='bbox 2507 2660 2877 2732; x_wconf 66' lang='lat' dir='ltr'>praesentium</span> <span class='ocrx_word' id='word_1_498' title='bbox 2905 2660 3211 2716; x_wconf 86' lang='lat' dir='ltr'>Nemesion</span> <span class='ocrx_word' id='word_1_499' title='bbox 3240 2661 3313 2716; x_wconf 89' lang='lat' dir='ltr'>ad</span> <span class='ocrx_word' id='word_1_500' title='bbox 3344 2677 3449 2716; x_wconf 90' lang='lat' dir='ltr'>nos</span> <span class='ocrx_word' id='word_1_501' title='bbox 3477 2661 3726 2716; x_wconf 89' lang='lat' dir='ltr'>veniens</span> 
     </span>
    </p>
   </div>
   <div class='ocr_carea' id='block_1_73' title="bbox 2103 2744 3726 2821">
    <p class='ocr_par' dir='ltr' id='par_1_73' title="bbox 2103 2744 3726 2821">
     <span class='ocr_line' id='line_1_73' title="bbox 2103 2744 3726 2821; baseline 0.003 -22"><span class='ocrx_word' id='word_1_502' title='bbox 2103 2744 2399 2813; x_wconf 88' lang='lat' dir='ltr'>indicavit,</span> <span class='ocrx_word' id='word_1_503' title='bbox 2431 2748 2577 2805; x_wconf 88' lang='lat' dir='ltr'>sicut</span> <span class='ocrx_word' id='word_1_504' title='bbox 2624 2754 2683 2803; x_wconf 93' lang='lat' dir='ltr'>et</span> <span class='ocrx_word' id='word_1_505' title='bbox 2712 2753 3011 2821; x_wconf 89' lang='lat' dir='ltr'>gestorum</span> <span class='ocrx_word' id='word_1_506' title='bbox 3044 2750 3398 2821; x_wconf 82' lang='lat' dir='ltr'>exemplaria</span> <span class='ocrx_word' id='word_1_507' title='bbox 3443 2766 3571 2821; x_wconf 60' lang='lat' dir='ltr'>quin</span> <span class='ocrx_word' id='word_1_508' title='bbox 3602 2750 3726 2805; x_wconf 88' lang='lat' dir='ltr'>huc</span> 
     </span>
    </p>
   </div>
   <div class='ocr_carea' id='block_1_74' title="bbox 2105 2833 3720 2909">
    <p class='ocr_par' dir='ltr' id='par_1_74' title="bbox 2105 2833 3720 2909">
     <span class='ocr_line' id='line_1_74' title="bbox 2105 2833 3720 2909; baseline 0.002 -22"><span class='ocrx_word' id='word_1_509' title='bbox 2105 2833 2310 2889; x_wconf 87' lang='lat' dir='ltr'>detulit</span> <span class='ocrx_word' id='word_1_510' title='bbox 2341 2837 2737 2905; x_wconf 84' lang='lat' dir='ltr'>continebant,</span> <span class='ocrx_word' id='word_1_511' title='bbox 2769 2838 3296 2893; x_wconf 65' lang='lat' dir='ltr'>PaulumDiaclinaa</span> <span class='ocrx_word' id='word_1_512' title='bbox 3320 2837 3563 2892; x_wconf 89' lang='lat' dir='ltr'>civitatis</span> <span class='ocrx_word' id='word_1_513' title='bbox 3584 2838 3720 2909; x_wconf 88' lang='lat' dir='ltr'>epi-</span> 
     </span>
    </p>
   </div>
   <div class='ocr_carea' id='block_1_75' title="bbox 2105 2925 3724 2998">
    <p class='ocr_par' dir='ltr' id='par_1_75' title="bbox 2105 2925 3724 2998">
     <span class='ocr_line' id='line_1_75' title="bbox 2105 2925 3724 2998; baseline 0.003 -22"><span class='ocrx_word' id='word_1_514' title='bbox 2105 2938 2340 2994; x_wconf 91' lang='lat' dir='ltr'>scopum</span> <span class='ocrx_word' id='word_1_515' title='bbox 2368 2927 2426 2977; x_wconf 89' lang='lat' dir='ltr'>et</span> <span class='ocrx_word' id='word_1_516' title='bbox 2454 2928 2583 2997; x_wconf 91' lang='lat' dir='ltr'>post</span> <span class='ocrx_word' id='word_1_517' title='bbox 2611 2942 2792 2997; x_wconf 90' lang='lat' dir='ltr'>pauca</span> <span class='ocrx_word' id='word_1_518' title='bbox 2822 2926 2997 2980; x_wconf 86' lang='lat' dir='ltr'>etiam</span> <span class='ocrx_word' id='word_1_519' title='bbox 3020 2926 3296 2993; x_wconf 91' lang='lat' dir='ltr'>libellum,</span> <span class='ocrx_word' id='word_1_520' title='bbox 3327 2926 3385 2980; x_wconf 87' lang='lat' dir='ltr'>in</span> <span class='ocrx_word' id='word_1_521' title='bbox 3406 2942 3518 2998; x_wconf 91' lang='lat' dir='ltr'>quo</span> <span class='ocrx_word' id='word_1_522' title='bbox 3542 2942 3613 2981; x_wconf 86' lang='lat' dir='ltr'>ea</span> <span class='ocrx_word' id='word_1_523' title='bbox 3644 2925 3724 2981; x_wconf 87' lang='lat' dir='ltr'>de</span> 
     </span>
    </p>
   </div>
   <div class='ocr_carea' id='block_1_76' title="bbox 2108 3011 3722 3083">
    <p class='ocr_par' dir='ltr' id='par_1_76' title="bbox 2108 3011 3722 3083">
     <span class='ocr_line' id='line_1_76' title="bbox 2108 3011 3722 3083; baseline 0.002 -18"><span class='ocrx_word' id='word_1_524' title='bbox 2108 3011 2315 3083; x_wconf 89' lang='lat' dir='ltr'>quibus</span> <span class='ocrx_word' id='word_1_525' title='bbox 2349 3015 2646 3067; x_wconf 83' lang='lat' dir='ltr'>accusatus</span> <span class='ocrx_word' id='word_1_526' title='bbox 2693 3014 2882 3068; x_wconf 86' lang='lat' dir='ltr'>fuerat</span> <span class='ocrx_word' id='word_1_527' title='bbox 2933 3031 3068 3069; x_wconf 90' lang='lat' dir='ltr'>vera</span> <span class='ocrx_word' id='word_1_528' title='bbox 3118 3030 3239 3069; x_wconf 88' lang='lat' dir='ltr'>esse</span> <span class='ocrx_word' id='word_1_529' title='bbox 3291 3014 3585 3068; x_wconf 89' lang='lat' dir='ltr'>confessus</span> <span class='ocrx_word' id='word_1_530' title='bbox 3608 3016 3722 3082; x_wconf 88' lang='lat' dir='ltr'>est,</span> 
     </span>
    </p>
   </div>
   <div class='ocr_carea' id='block_1_77' title="bbox 2108 3100 3727 3175">
    <p class='ocr_par' dir='ltr' id='par_1_77' title="bbox 2108 3100 3727 3175">
     <span class='ocr_line' id='line_1_77' title="bbox 2108 3100 3727 3175; baseline 0.001 -21"><span class='ocrx_word' id='word_1_531' title='bbox 2108 3100 2408 3157; x_wconf 84' lang='lat' dir='ltr'>obtulisse.</span> <span class='ocrx_word' id='word_1_532' title='bbox 2429 3100 2553 3165; x_wconf 91' lang='lat' dir='ltr'>Qua</span> <span class='ocrx_word' id='word_1_533' title='bbox 2570 3102 2713 3156; x_wconf 90' lang='lat' dir='ltr'>dere</span> <span class='ocrx_word' id='word_1_534' title='bbox 2730 3102 3018 3157; x_wconf 83' lang='lat' dir='ltr'>sententia</span> <span class='ocrx_word' id='word_1_535' title='bbox 3039 3102 3344 3175; x_wconf 89' lang='lat' dir='ltr'>episcopali</span> <span class='ocrx_word' id='word_1_536' title='bbox 3358 3102 3454 3157; x_wconf 94' lang='lat' dir='ltr'>illo</span> <span class='ocrx_word' id='word_1_537' title='bbox 3484 3102 3727 3174; x_wconf 86' lang='lat' dir='ltr'>deposi-</span> 
     </span>
    </p>
   </div>
   <div class='ocr_carea' id='block_1_78' title="bbox 2108 3192 3726 3262">
    <p class='ocr_par' dir='ltr' id='par_1_78' title="bbox 2108 3192 3726 3262">
     <span class='ocr_line' id='line_1_78' title="bbox 2108 3192 3726 3262; baseline 0.003 -20"><span class='ocrx_word' id='word_1_538' title='bbox 2108 3192 2165 3244; x_wconf 91' lang='lat' dir='ltr'>to</span> <span class='ocrx_word' id='word_1_539' title='bbox 2194 3207 2252 3244; x_wconf 90' lang='lat' dir='ltr'>se</span> <span class='ocrx_word' id='word_1_540' title='bbox 2274 3192 2397 3262; x_wconf 90' lang='lat' dir='ltr'>ejus</span> <span class='ocrx_word' id='word_1_541' title='bbox 2425 3193 2553 3247; x_wconf 93' lang='lat' dir='ltr'>loco</span> <span class='ocrx_word' id='word_1_542' title='bbox 2583 3200 2655 3234; x_wconf 70' lang='lat'>808</span> <span class='ocrx_word' id='word_1_543' title='bbox 2668 3208 2798 3246; x_wconf 90' lang='lat' dir='ltr'>cum</span> <span class='ocrx_word' id='word_1_544' title='bbox 2824 3192 3203 3247; x_wconf 86' lang='lat' dir='ltr'>fraternitatis</span> <span class='ocrx_word' id='word_1_545' title='bbox 3216 3196 3416 3247; x_wconf 66' lang='lat' dir='ltr'>vestra:</span> <span class='ocrx_word' id='word_1_546' title='bbox 3430 3207 3726 3247; x_wconf 86' lang='lat' dir='ltr'>consensu</span> 
     </span>
    </p>
   </div>
   <div class='ocr_carea' id='block_1_79' title="bbox 2108 3280 3727 3352">
    <p class='ocr_par' dir='ltr' id='par_1_79' title="bbox 2108 3280 3727 3352">
     <span class='ocr_line' id='line_1_79' title="bbox 2108 3280 3727 3352; baseline 0.001 -19"><span class='ocrx_word' id='word_1_547' title='bbox 2108 3295 2230 3333; x_wconf 91' lang='lat' dir='ltr'>esse</span> <span class='ocrx_word' id='word_1_548' title='bbox 2284 3280 2618 3352; x_wconf 76' lang='lat' dir='ltr'>episeopum</span> <span class='ocrx_word' id='word_1_549' title='bbox 2670 3280 3025 3336; x_wconf 89' lang='lat' dir='ltr'>ordinatum.</span> <span class='ocrx_word' id='word_1_550' title='bbox 3059 3302 3087 3330; x_wconf 84' lang='lat'>»</span> <span class='ocrx_word' id='word_1_551' title='bbox 3121 3281 3188 3335; x_wconf 91' lang='lat' dir='ltr'>Et</span> <span class='ocrx_word' id='word_1_552' title='bbox 3235 3280 3527 3336; x_wconf 86' lang='lat' dir='ltr'>Johannes</span> <span class='ocrx_word' id='word_1_553' title='bbox 3563 3296 3727 3351; x_wconf 87' lang='lat' dir='ltr'>papa</span> 
     </span>
    </p>
   </div>
   <div class='ocr_carea' id='block_1_80' title="bbox 2108 3368 3727 3441">
    <p class='ocr_par' dir='ltr' id='par_1_80' title="bbox 2108 3368 3727 3441">
     <span class='ocr_line' id='line_1_80' title="bbox 2108 3368 3727 3441; baseline 0.001 -20"><span class='ocrx_word' id='word_1_554' title='bbox 2108 3369 2387 3423; x_wconf 90' lang='lat' dir='ltr'>universis</span> <span class='ocrx_word' id='word_1_555' title='bbox 2415 3369 2669 3423; x_wconf 90' lang='lat' dir='ltr'>ecclesiis</span> <span class='ocrx_word' id='word_1_556' title='bbox 2697 3386 2801 3441; x_wconf 89' lang='lat' dir='ltr'>per</span> <span class='ocrx_word' id='word_1_557' title='bbox 2824 3369 3030 3424; x_wconf 88' lang='lat' dir='ltr'>Gallias</span> <span class='ocrx_word' id='word_1_558' title='bbox 3059 3369 3400 3425; x_wconf 88' lang='lat' dir='ltr'>constitutis.</span> <span class='ocrx_word' id='word_1_559' title='bbox 3419 3392 3445 3419; x_wconf 93' lang='grc'><strong>‹‹</strong></span> <span class='ocrx_word' id='word_1_560' title='bbox 3468 3368 3727 3424; x_wconf 69' lang='lat' dir='ltr'>Praadic-</span> 
     </span>
    </p>
   </div>
   <div class='ocr_carea' id='block_1_81' title="bbox 2107 3456 3727 3530">
    <p class='ocr_par' dir='ltr' id='par_1_81' title="bbox 2107 3456 3727 3530">
     <span class='ocr_line' id='line_1_81' title="bbox 2107 3456 3727 3530; baseline 0.001 -20"><span class='ocrx_word' id='word_1_561' title='bbox 2107 3458 2258 3524; x_wconf 86' lang='lat' dir='ltr'>tum,</span> <span class='ocrx_word' id='word_1_562' title='bbox 2289 3457 2575 3529; x_wconf 89' lang='lat' dir='ltr'>inquiens,</span> <span class='ocrx_word' id='word_1_563' title='bbox 2610 3457 3105 3513; x_wconf 89' lang='lat' dir='ltr'>Contumeliosum</span> <span class='ocrx_word' id='word_1_564' title='bbox 3135 3457 3468 3530; x_wconf 91' lang='lat' dir='ltr'>episcopum</span> <span class='ocrx_word' id='word_1_565' title='bbox 3517 3458 3584 3510; x_wconf 90' lang='lat' dir='ltr'>ut</span> <span class='ocrx_word' id='word_1_566' title='bbox 3608 3456 3727 3511; x_wconf 87' lang='lat' dir='ltr'>ha-</span> 
     </span>
    </p>
   </div>
   <div class='ocr_carea' id='block_1_82' title="bbox 2108 3544 3726 3617">
    <p class='ocr_par' dir='ltr' id='par_1_82' title="bbox 2108 3544 3726 3617">
     <span class='ocr_line' id='line_1_82' title="bbox 2108 3544 3726 3617; baseline 0.001 -18"><span class='ocrx_word' id='word_1_567' title='bbox 2108 3545 2244 3599; x_wconf 85' lang='lat' dir='ltr'>beat</span> <span class='ocrx_word' id='word_1_568' title='bbox 2274 3546 2599 3617; x_wconf 79' lang='lat' dir='ltr'>paenitendi</span> <span class='ocrx_word' id='word_1_569' title='bbox 2630 3545 2948 3612; x_wconf 90' lang='lat' dir='ltr'>licentiam,</span> <span class='ocrx_word' id='word_1_570' title='bbox 3000 3545 3333 3617; x_wconf 90' lang='lat' dir='ltr'>petitorium</span> <span class='ocrx_word' id='word_1_571' title='bbox 3374 3544 3534 3599; x_wconf 87' lang='lat' dir='ltr'>vobis</span> <span class='ocrx_word' id='word_1_572' title='bbox 3572 3544 3726 3600; x_wconf 88' lang='lat' dir='ltr'>dare</span> 
     </span>
    </p>
   </div>
   <div class='ocr_carea' id='block_1_83' title="bbox 2106 3633 3721 3704">
    <p class='ocr_par' dir='ltr' id='par_1_83' title="bbox 2106 3633 3721 3704">
     <span class='ocr_line' id='line_1_83' title="bbox 2106 3633 3721 3704; baseline 0.002 -18"><span class='ocrx_word' id='word_1_573' title='bbox 2106 3649 2431 3701; x_wconf 90' lang='lat' dir='ltr'>censemus,</span> <span class='ocrx_word' id='word_1_574' title='bbox 2474 3634 2570 3689; x_wconf 93' lang='lat' dir='ltr'>ubi</span> <span class='ocrx_word' id='word_1_575' title='bbox 2627 3651 2887 3690; x_wconf 90' lang='lat' dir='ltr'>errorem</span> <span class='ocrx_word' id='word_1_576' title='bbox 2921 3652 3088 3689; x_wconf 91' lang='lat' dir='ltr'>suum</span> <span class='ocrx_word' id='word_1_577' title='bbox 3121 3634 3416 3689; x_wconf 88' lang='lat' dir='ltr'>evidenter</span> <span class='ocrx_word' id='word_1_578' title='bbox 3445 3633 3721 3704; x_wconf 85' lang='lat' dir='ltr'>alligans,</span> 
     </span>
    </p>
   </div>
   <div class='ocr_carea' id='block_1_84' title="bbox 2105 3720 3725 3793">
    <p class='ocr_par' dir='ltr' id='par_1_84' title="bbox 2105 3720 3725 3793">
     <span class='ocr_line' id='line_1_84' title="bbox 2105 3720 3725 3793; baseline 0 -19"><span class='ocrx_word' id='word_1_579' title='bbox 2105 3722 2212 3775; x_wconf 89' lang='lat' dir='ltr'>sub</span> <span class='ocrx_word' id='word_1_580' title='bbox 2242 3721 2334 3776; x_wconf 90' lang='lat' dir='ltr'>die</span> <span class='ocrx_word' id='word_1_581' title='bbox 2366 3724 2706 3793; x_wconf 83' lang='lat' dir='ltr'>profiteatur</span> <span class='ocrx_word' id='word_1_582' title='bbox 2735 3727 2794 3777; x_wconf 88' lang='lat' dir='ltr'>et</span> <span class='ocrx_word' id='word_1_583' title='bbox 2837 3724 3091 3777; x_wconf 90' lang='lat' dir='ltr'>consule.</span> <span class='ocrx_word' id='word_1_584' title='bbox 3130 3744 3156 3770; x_wconf 89' lang='grc'><strong>››</strong></span> <span class='ocrx_word' id='word_1_585' title='bbox 3192 3723 3337 3787; x_wconf 85' lang='lat' dir='ltr'>Non,</span> <span class='ocrx_word' id='word_1_586' title='bbox 3385 3720 3574 3793; x_wconf 89' lang='lat' dir='ltr'>inquit</span> <span class='ocrx_word' id='word_1_587' title='bbox 3618 3737 3725 3775; x_wconf 89' lang='lat' dir='ltr'>ca-</span> 
     </span>
    </p>
   </div>
   <div class='ocr_carea' id='block_1_85' title="bbox 2106 3810 3724 3882">
    <p class='ocr_par' dir='ltr' id='par_1_85' title="bbox 2106 3810 3724 3882">
     <span class='ocr_line' id='line_1_85' title="bbox 2106 3810 3724 3882; baseline 0.002 -19"><span class='ocrx_word' id='word_1_588' title='bbox 2106 3810 2486 3881; x_wconf 88' lang='lat' dir='ltr'>lumpniator,</span> <span class='ocrx_word' id='word_1_589' title='bbox 2518 3811 2706 3881; x_wconf 88' lang='lat' dir='ltr'>potuit</span> <span class='ocrx_word' id='word_1_590' title='bbox 2738 3811 3011 3865; x_wconf 79' lang='lat' dir='ltr'>Arnulfus</span> <span class='ocrx_word' id='word_1_591' title='bbox 3034 3828 3094 3865; x_wconf 91' lang='lat' dir='ltr'>se</span> <span class='ocrx_word' id='word_1_592' title='bbox 3151 3810 3339 3882; x_wconf 87' lang='lat' dir='ltr'>ipsum</span> <span class='ocrx_word' id='word_1_593' title='bbox 3389 3810 3724 3880; x_wconf 84' lang='lat' dir='ltr'>dampnare</span> 
     </span>
    </p>
   </div>
   <div class='ocr_carea' id='block_1_86' title="bbox 2104 3897 3725 3970">
    <p class='ocr_par' dir='ltr' id='par_1_86' title="bbox 2104 3897 3725 3970">
     <span class='ocr_line' id='line_1_86' title="bbox 2104 3897 3725 3970; baseline 0 -19"><span class='ocrx_word' id='word_1_594' title='bbox 2104 3897 2228 3953; x_wconf 89' lang='lat' dir='ltr'>sine</span> <span class='ocrx_word' id='word_1_595' title='bbox 2257 3898 2586 3969; x_wconf 63' lang='lat' dir='ltr'>apostolicae</span> <span class='ocrx_word' id='word_1_596' title='bbox 2600 3899 2750 3953; x_wconf 90' lang='lat' dir='ltr'>sedis</span> <span class='ocrx_word' id='word_1_597' title='bbox 2777 3898 3299 3970; x_wconf 88' lang='lat' dir='ltr'>legato.Quomodo</span> <span class='ocrx_word' id='word_1_598' title='bbox 3322 3898 3725 3968; x_wconf 87' lang='lat' dir='ltr'>ergoLazarus</span> 
     </span>
    </p>
   </div>
   <div class='ocr_carea' id='block_1_87' title="bbox 2106 3984 3723 4056">
    <p class='ocr_par' dir='ltr' id='par_1_87' title="bbox 2106 3984 3723 4056">
     <span class='ocr_line' id='line_1_87' title="bbox 2106 3984 3723 4056; baseline -0.001 -17"><span class='ocrx_word' id='word_1_599' title='bbox 2106 3986 2399 4055; x_wconf 91' lang='lat' dir='ltr'>quomodo</span> <span class='ocrx_word' id='word_1_600' title='bbox 2415 3988 2620 4041; x_wconf 89' lang='lat' dir='ltr'>Paulus</span> <span class='ocrx_word' id='word_1_601' title='bbox 2634 3990 2691 4041; x_wconf 93' lang='lat' dir='ltr'>et</span> <span class='ocrx_word' id='word_1_602' title='bbox 2703 3986 3183 4054; x_wconf 89' lang='lat' dir='ltr'>Contumeliosus,</span> <span class='ocrx_word' id='word_1_603' title='bbox 3200 3990 3277 4052; x_wconf 92' lang='lat' dir='ltr'>et,</span> <span class='ocrx_word' id='word_1_604' title='bbox 3293 3989 3353 4040; x_wconf 90' lang='lat' dir='ltr'>ut</span> <span class='ocrx_word' id='word_1_605' title='bbox 3383 3985 3616 4056; x_wconf 90' lang='lat' dir='ltr'>propius</span> <span class='ocrx_word' id='word_1_606' title='bbox 3640 3984 3723 4039; x_wconf 87' lang='lat' dir='ltr'>ad</span> 
     </span>
    </p>
   </div>
   <div class='ocr_carea' id='block_1_88' title="bbox 2105 4074 3726 4145">
    <p class='ocr_par' dir='ltr' id='par_1_88' title="bbox 2105 4074 3726 4145">
     <span class='ocr_line' id='line_1_88' title="bbox 2105 4074 3726 4145; baseline 0 -18"><span class='ocrx_word' id='word_1_607' title='bbox 2105 4089 2337 4128; x_wconf 90' lang='lat' dir='ltr'>causam</span> <span class='ocrx_word' id='word_1_608' title='bbox 2399 4074 2761 4141; x_wconf 87' lang='lat' dir='ltr'>accedamus,</span> <span class='ocrx_word' id='word_1_609' title='bbox 2803 4075 3098 4145; x_wconf 89' lang='lat' dir='ltr'>quomodo</span> <span class='ocrx_word' id='word_1_610' title='bbox 3131 4076 3250 4129; x_wconf 85' lang='lat' dir='ltr'>Ebo</span> <span class='ocrx_word' id='word_1_611' title='bbox 3282 4075 3595 4127; x_wconf 82' lang='lat' dir='ltr'>Remorum</span> <span class='ocrx_word' id='word_1_612' title='bbox 3629 4088 3726 4127; x_wconf 83' lang='lat' dir='ltr'>ar-</span> 
     </span>
    </p>
   </div>
   <div class='ocr_carea' id='block_1_89' title="bbox 2103 4160 3716 4234">
    <p class='ocr_par' dir='ltr' id='par_1_89' title="bbox 2103 4160 3716 4234">
     <span class='ocr_line' id='line_1_89' title="bbox 2103 4160 3716 4234; baseline -0.001 -18"><span class='ocrx_word' id='word_1_613' title='bbox 2103 4161 2498 4234; x_wconf 83' lang='lat' dir='ltr'>chiepiscOpus</span> <span class='ocrx_word' id='word_1_614' title='bbox 2526 4162 2554 4217; x_wconf 73' lang='lat' dir='ltr'>‘I</span> <span class='ocrx_word' id='word_1_615' title='bbox 2584 4162 2642 4218; x_wconf 91' lang='lat' dir='ltr'>Si</span> <span class='ocrx_word' id='word_1_616' title='bbox 2665 4162 2821 4217; x_wconf 89' lang='lat' dir='ltr'>enim</span> <span class='ocrx_word' id='word_1_617' title='bbox 2845 4162 3085 4217; x_wconf 86' lang='lat' dir='ltr'>Arnulfo</span> <span class='ocrx_word' id='word_1_618' title='bbox 3103 4179 3222 4218; x_wconf 91' lang='lat' dir='ltr'>non</span> <span class='ocrx_word' id='word_1_619' title='bbox 3246 4160 3426 4222; x_wconf 89' lang='lat' dir='ltr'>licuit,</span> <span class='ocrx_word' id='word_1_620' title='bbox 3451 4175 3558 4215; x_wconf 88' lang='lat' dir='ltr'>nec</span> <span class='ocrx_word' id='word_1_621' title='bbox 3576 4160 3716 4215; x_wconf 88' lang='lat' dir='ltr'>illis.</span> 
     </span>
    </p>
   </div>
   <div class='ocr_carea' id='block_1_90' title="bbox 2106 4248 3720 4306">
    <p class='ocr_par' dir='ltr' id='par_1_90' title="bbox 2106 4248 3720 4306">
     <span class='ocr_line' id='line_1_90' title="bbox 2106 4248 3720 4306; baseline -0.001 -1"><span class='ocrx_word' id='word_1_622' title='bbox 2106 4250 2219 4305; x_wconf 90' lang='lat' dir='ltr'>Sed</span> <span class='ocrx_word' id='word_1_623' title='bbox 2251 4250 2626 4305; x_wconf 88' lang='lat' dir='ltr'>manifestum</span> <span class='ocrx_word' id='word_1_624' title='bbox 2656 4254 2741 4305; x_wconf 90' lang='lat' dir='ltr'>est</span> <span class='ocrx_word' id='word_1_625' title='bbox 2767 4250 2877 4304; x_wconf 90' lang='lat' dir='ltr'>illis</span> <span class='ocrx_word' id='word_1_626' title='bbox 2906 4250 3147 4306; x_wconf 90' lang='lat' dir='ltr'>licuisse.</span> <span class='ocrx_word' id='word_1_627' title='bbox 3182 4249 3336 4303; x_wconf 89' lang='lat' dir='ltr'>Licet</span> <span class='ocrx_word' id='word_1_628' title='bbox 3363 4248 3523 4303; x_wconf 90' lang='lat' dir='ltr'>enim</span> <span class='ocrx_word' id='word_1_629' title='bbox 3555 4250 3720 4304; x_wconf 86' lang='lat' dir='ltr'>mala</span> 
     </span>
    </p>
   </div>
   <div class='ocr_carea' id='block_1_91' title="bbox 2109 4336 3717 4411">
    <p class='ocr_par' dir='ltr' id='par_1_91' title="bbox 2109 4336 3717 4411">
     <span class='ocr_line' id='line_1_91' title="bbox 2109 4336 3717 4411; baseline -0.001 -19"><span class='ocrx_word' id='word_1_630' title='bbox 2109 4338 2441 4411; x_wconf 89' lang='lat' dir='ltr'>relinquere</span> <span class='ocrx_word' id='word_1_631' title='bbox 2468 4342 2527 4393; x_wconf 91' lang='lat' dir='ltr'>et</span> <span class='ocrx_word' id='word_1_632' title='bbox 2550 4340 2706 4394; x_wconf 88' lang='lat' dir='ltr'>bona</span> <span class='ocrx_word' id='word_1_633' title='bbox 2733 4338 2926 4393; x_wconf 89' lang='lat' dir='ltr'>facere</span> <span class='ocrx_word' id='word_1_634' title='bbox 2969 4339 3093 4393; x_wconf 91' lang='lat' dir='ltr'>sine</span> <span class='ocrx_word' id='word_1_635' title='bbox 3124 4337 3449 4410; x_wconf 65' lang='lat' dir='ltr'>apostolicae</span> <span class='ocrx_word' id='word_1_636' title='bbox 3479 4336 3635 4391; x_wconf 87' lang='lat' dir='ltr'>sedis</span> <span class='ocrx_word' id='word_1_637' title='bbox 3660 4337 3717 4390; x_wconf 92' lang='lat' dir='ltr'>le</span> 
     </span>
    </p>
   </div>
   <div class='ocr_carea' id='block_1_92' title="bbox 2105 4425 3727 4497">
    <p class='ocr_par' dir='ltr' id='par_1_92' title="bbox 2105 4425 3727 4497">
     <span class='ocr_line' id='line_1_92' title="bbox 2105 4425 3727 4497; baseline -0.002 -16"><span class='ocrx_word' id='word_1_638' title='bbox 2105 4430 2240 4497; x_wconf 85' lang='lat' dir='ltr'>gato</span> <span class='ocrx_word' id='word_1_639' title='bbox 2269 4430 2327 4481; x_wconf 93' lang='lat' dir='ltr'>et</span> <span class='ocrx_word' id='word_1_640' title='bbox 2356 4428 2717 4482; x_wconf 80' lang='lat' dir='ltr'>auctoritate.</span> <span class='ocrx_word' id='word_1_641' title='bbox 2752 4429 2823 4481; x_wconf 87' lang='lat' dir='ltr'>At</span> <span class='ocrx_word' id='word_1_642' title='bbox 2852 4426 3228 4482; x_wconf 89' lang='lat' dir='ltr'>criminosum</span> <span class='ocrx_word' id='word_1_643' title='bbox 3259 4426 3319 4480; x_wconf 92' lang='lat' dir='ltr'>in</span> <span class='ocrx_word' id='word_1_644' title='bbox 3348 4425 3553 4480; x_wconf 85' lang='lat' dir='ltr'>ordine</span> <span class='ocrx_word' id='word_1_645' title='bbox 3577 4440 3727 4496; x_wconf 84' lang='lat' dir='ltr'>pon-</span> 
     </span>
    </p>
   </div>
   <div class='ocr_carea' id='block_1_93' title="bbox 2105 4513 3718 4581">
    <p class='ocr_par' dir='ltr' id='par_1_93' title="bbox 2105 4513 3718 4581">
     <span class='ocr_line' id='line_1_93' title="bbox 2105 4513 3718 4581; baseline -0.001 -13"><span class='ocrx_word' id='word_1_646' title='bbox 2105 4514 2305 4570; x_wconf 82' lang='lat' dir='ltr'>tificali</span> <span class='ocrx_word' id='word_1_647' title='bbox 2335 4520 2487 4570; x_wconf 90' lang='lat' dir='ltr'>stare</span> <span class='ocrx_word' id='word_1_648' title='bbox 2518 4517 2739 4571; x_wconf 89' lang='lat' dir='ltr'>malum</span> <span class='ocrx_word' id='word_1_649' title='bbox 2767 4519 2876 4581; x_wconf 87' lang='lat' dir='ltr'>est,</span> <span class='ocrx_word' id='word_1_650' title='bbox 2909 4518 2966 4569; x_wconf 91' lang='lat' dir='ltr'>et</span> <span class='ocrx_word' id='word_1_651' title='bbox 2989 4515 3145 4570; x_wconf 86' lang='lat' dir='ltr'>abeo</span> <span class='ocrx_word' id='word_1_652' title='bbox 3172 4514 3442 4569; x_wconf 90' lang='lat' dir='ltr'>recedere</span> <span class='ocrx_word' id='word_1_653' title='bbox 3468 4513 3718 4567; x_wconf 88' lang='lat' dir='ltr'>bonum.</span> 
     </span>
    </p>
   </div>
   <div class='ocr_carea' id='block_1_94' title="bbox 400 4600 3726 4676">
    <p class='ocr_par' dir='ltr' id='par_1_94' title="bbox 400 4600 3726 4676">
     <span class='ocr_line' id='line_1_94' title="bbox 400 4600 3726 4676; baseline 0.002 -24"><span class='ocrx_word' id='word_1_654' title='bbox 400 4600 647 4657; x_wconf 91' lang='lat' dir='ltr'>rannide</span> <span class='ocrx_word' id='word_1_655' title='bbox 666 4605 983 4660; x_wconf 84' lang='lat' dir='ltr'>removeri?</span> <span class='ocrx_word' id='word_1_656' title='bbox 1000 4608 1187 4660; x_wconf 89' lang='lat' dir='ltr'>Immo</span> <span class='ocrx_word' id='word_1_657' title='bbox 1203 4621 1320 4660; x_wconf 87' lang='lat' dir='ltr'>non</span> <span class='ocrx_word' id='word_1_658' title='bbox 1340 4604 1506 4659; x_wconf 85' lang='lat' dir='ltr'>aliter</span> <span class='ocrx_word' id='word_1_659' title='bbox 1523 4620 1699 4676; x_wconf 89' lang='lat' dir='ltr'>quam</span> <span class='ocrx_word' id='word_1_660' title='bbox 1731 4604 2007 4676; x_wconf 88' lang='lat' dir='ltr'>spoliatus</span> <span class='ocrx_word' id='word_1_661' title='bbox 2031 4605 2083 4665; x_wconf 91' lang='lat' dir='ltr'><strong>D</strong></span> <span class='ocrx_word' id='word_1_662' title='bbox 2107 4604 2260 4658; x_wconf 86' lang='lat' dir='ltr'>Bene</span> <span class='ocrx_word' id='word_1_663' title='bbox 2292 4603 2471 4674; x_wconf 86' lang='lat' dir='ltr'>igitur</span> <span class='ocrx_word' id='word_1_664' title='bbox 2499 4604 2776 4658; x_wconf 82' lang='lat' dir='ltr'>Arnulfus</span> <span class='ocrx_word' id='word_1_665' title='bbox 2804 4603 2962 4670; x_wconf 90' lang='lat' dir='ltr'>fecit,</span> <span class='ocrx_word' id='word_1_666' title='bbox 2992 4604 3037 4658; x_wconf 89' lang='lat' dir='ltr'>si</span> <span class='ocrx_word' id='word_1_667' title='bbox 3064 4604 3135 4659; x_wconf 81' lang='lat' dir='ltr'>ab</span> <span class='ocrx_word' id='word_1_668' title='bbox 3166 4602 3370 4658; x_wconf 89' lang='lat' dir='ltr'>ordine</span> <span class='ocrx_word' id='word_1_669' title='bbox 3400 4600 3726 4673; x_wconf 83' lang='lat' dir='ltr'>pontificali</span> 
     </span>
    </p>
   </div>
   <div class='ocr_carea' id='block_1_95' title="bbox 399 4690 2009 4766">
    <p class='ocr_par' dir='ltr' id='par_1_95' title="bbox 399 4690 2009 4766">
     <span class='ocr_line' id='line_1_95' title="bbox 399 4690 2009 4766; baseline 0.002 -23"><span class='ocrx_word' id='word_1_670' title='bbox 399 4690 588 4759; x_wconf 90' lang='lat' dir='ltr'>potuit</span> <span class='ocrx_word' id='word_1_671' title='bbox 617 4690 938 4764; x_wconf 88' lang='lat' dir='ltr'>dijudicari.</span> <span class='ocrx_word' id='word_1_672' title='bbox 956 4694 1070 4749; x_wconf 91' lang='lat' dir='ltr'>Sed</span> <span class='ocrx_word' id='word_1_673' title='bbox 1082 4710 1246 4766; x_wconf 73' lang='lat' dir='ltr'>seque</span> <span class='ocrx_word' id='word_1_674' title='bbox 1263 4692 1525 4747; x_wconf 88' lang='lat' dir='ltr'>tirannus</span> <span class='ocrx_word' id='word_1_675' title='bbox 1543 4693 1719 4747; x_wconf 74' lang='lat' dir='ltr'>armis</span> <span class='ocrx_word' id='word_1_676' title='bbox 1730 4693 2009 4765; x_wconf 90' lang='lat' dir='ltr'>circump-</span> 
     </span>
    </p>
   </div>
   <div class='ocr_carea' id='block_1_96' title="bbox 398 4780 2009 4854">
    <p class='ocr_par' dir='ltr' id='par_1_96' title="bbox 398 4780 2009 4854">
     <span class='ocr_line' id='line_1_96' title="bbox 398 4780 2009 4854; baseline 0.002 -22"><span class='ocrx_word' id='word_1_677' title='bbox 398 4782 591 4849; x_wconf 83' lang='lat' dir='ltr'>septus</span> <span class='ocrx_word' id='word_1_678' title='bbox 620 4798 925 4854; x_wconf 89' lang='lat' dir='ltr'>nunquam</span> <span class='ocrx_word' id='word_1_679' title='bbox 952 4784 1029 4838; x_wconf 90' lang='lat' dir='ltr'>ad</span> <span class='ocrx_word' id='word_1_680' title='bbox 1051 4780 1338 4853; x_wconf 89' lang='lat' dir='ltr'>judicium</span> <span class='ocrx_word' id='word_1_681' title='bbox 1377 4780 1565 4852; x_wconf 90' lang='lat' dir='ltr'>potuit</span> <span class='ocrx_word' id='word_1_682' title='bbox 1602 4781 1829 4839; x_wconf 91' lang='lat' dir='ltr'>adduci.</span> <span class='ocrx_word' id='word_1_683' title='bbox 1859 4781 2009 4845; x_wconf 90' lang='lat' dir='ltr'>Quid</span> 
     </span>
    </p>
   </div>
   <div class='ocr_carea' id='block_1_97' title="bbox 399 4869 2006 4942">
    <p class='ocr_par' dir='ltr' id='par_1_97' title="bbox 399 4869 2006 4942">
     <span class='ocr_line' id='line_1_97' title="bbox 399 4869 2006 4942; baseline 0.002 -21"><span class='ocrx_word' id='word_1_684' title='bbox 399 4869 487 4922; x_wconf 90' lang='lat' dir='ltr'>est</span> <span class='ocrx_word' id='word_1_685' title='bbox 526 4873 723 4926; x_wconf 88' lang='lat' dir='ltr'>autem</span> <span class='ocrx_word' id='word_1_686' title='bbox 774 4871 1028 4927; x_wconf 60' lang='lat' dir='ltr'>ecclesia;</span> <span class='ocrx_word' id='word_1_687' title='bbox 1086 4870 1361 4941; x_wconf 89' lang='lat' dir='ltr'>receptio,</span> <span class='ocrx_word' id='word_1_688' title='bbox 1412 4869 1617 4925; x_wconf 88' lang='lat' dir='ltr'>virium</span> <span class='ocrx_word' id='word_1_689' title='bbox 1665 4871 2006 4942; x_wconf 90' lang='lat' dir='ltr'>resumptio,</span> 
     </span>
    </p>
   </div>
   <div class='ocr_carea' id='block_1_98' title="bbox 398 4957 2008 5030">
    <p class='ocr_par' dir='ltr' id='par_1_98' title="bbox 398 4957 2008 5030">
     <span class='ocr_line' id='line_1_98' title="bbox 398 4957 2008 5030; baseline 0.002 -19"><span class='ocrx_word' id='word_1_690' title='bbox 398 4957 723 5015; x_wconf 88' lang='lat' dir='ltr'>amicorum</span> <span class='ocrx_word' id='word_1_691' title='bbox 751 4960 1023 5027; x_wconf 89' lang='lat' dir='ltr'>retentio,</span> <span class='ocrx_word' id='word_1_692' title='bbox 1042 4958 1151 5013; x_wconf 89' lang='lat' dir='ltr'>nisi</span> <span class='ocrx_word' id='word_1_693' title='bbox 1177 4958 1237 5012; x_wconf 92' lang='lat' dir='ltr'>in</span> <span class='ocrx_word' id='word_1_694' title='bbox 1260 4975 1429 5030; x_wconf 83' lang='lat' dir='ltr'>reges</span> <span class='ocrx_word' id='word_1_695' title='bbox 1452 4961 1678 5013; x_wconf 82' lang='lat' dir='ltr'>nostros</span> <span class='ocrx_word' id='word_1_696' title='bbox 1703 4958 2008 5014; x_wconf 73' lang='lat' dir='ltr'>tirannidis</span> 
     </span>
    </p>
   </div>
   <div class='ocr_carea' id='block_1_99' title="bbox 399 5046 2007 5117">
    <p class='ocr_par' dir='ltr' id='par_1_99' title="bbox 399 5046 2007 5117">
     <span class='ocr_line' id='line_1_99' title="bbox 399 5046 2007 5117; baseline 0.001 -17"><span class='ocrx_word' id='word_1_697' title='bbox 399 5046 649 5102; x_wconf 84' lang='lat' dir='ltr'>extincte</span> <span class='ocrx_word' id='word_1_698' title='bbox 703 5047 1080 5114; x_wconf 78' lang='lat' dir='ltr'>resuscitatio,</span> <span class='ocrx_word' id='word_1_699' title='bbox 1119 5046 1463 5117; x_wconf 88' lang='lat' dir='ltr'>injuriarum</span> <span class='ocrx_word' id='word_1_700' title='bbox 1512 5048 1676 5115; x_wconf 91' lang='lat' dir='ltr'>ultio,</span> <span class='ocrx_word' id='word_1_701' title='bbox 1719 5049 2007 5103; x_wconf 90' lang='lat' dir='ltr'>malorum</span> 
     </span>
    </p>
   </div>
   <div class='ocr_carea' id='block_1_100' title="bbox 396 5135 2009 5210">
    <p class='ocr_par' dir='ltr' id='par_1_100' title="bbox 396 5135 2009 5210">
     <span class='ocr_line' id='line_1_100' title="bbox 396 5135 2009 5210; baseline 0.001 -21"><span class='ocrx_word' id='word_1_702' title='bbox 396 5135 737 5203; x_wconf 84' lang='lat' dir='ltr'>sublevatio,</span> <span class='ocrx_word' id='word_1_703' title='bbox 767 5136 1059 5192; x_wconf 88' lang='lat' dir='ltr'>bonorum</span> <span class='ocrx_word' id='word_1_704' title='bbox 1078 5136 1345 5191; x_wconf 91' lang='lat' dir='ltr'>omnium</span> <span class='ocrx_word' id='word_1_705' title='bbox 1362 5137 1655 5210; x_wconf 91' lang='lat' dir='ltr'>oppressio</span> <span class='ocrx_word' id='word_1_706' title='bbox 1676 5137 1704 5193; x_wconf 76' lang='lat' dir='ltr'>‘I</span> <span class='ocrx_word' id='word_1_707' title='bbox 1733 5136 1848 5192; x_wconf 91' lang='lat' dir='ltr'>Sed</span> <span class='ocrx_word' id='word_1_708' title='bbox 1862 5137 2009 5192; x_wconf 90' lang='lat' dir='ltr'>obsi-</span> 
     </span>
    </p>
   </div>
   <div class='ocr_carea' id='block_1_101' title="bbox 399 5222 2009 5298">
    <p class='ocr_par' dir='ltr' id='par_1_101' title="bbox 399 5222 2009 5298">
     <span class='ocr_line' id='line_1_101' title="bbox 399 5222 2009 5298; baseline 0.003 -22"><span class='ocrx_word' id='word_1_709' title='bbox 399 5222 588 5289; x_wconf 88' lang='lat' dir='ltr'>dibus,</span> <span class='ocrx_word' id='word_1_710' title='bbox 620 5222 828 5294; x_wconf 88' lang='lat' dir='ltr'>inquit,</span> <span class='ocrx_word' id='word_1_711' title='bbox 871 5228 928 5278; x_wconf 90' lang='lat' dir='ltr'>et</span> <span class='ocrx_word' id='word_1_712' title='bbox 986 5224 1365 5279; x_wconf 89' lang='lat' dir='ltr'>sacramentis</span> <span class='ocrx_word' id='word_1_713' title='bbox 1412 5226 1769 5298; x_wconf 84' lang='lat' dir='ltr'>astringatur</span> <span class='ocrx_word' id='word_1_714' title='bbox 1810 5226 2009 5281; x_wconf 88' lang='lat' dir='ltr'>multis</span> 
     </span>
    </p>
   </div>
   <div class='ocr_carea' id='block_1_102' title="bbox 399 5309 2005 5386">
    <p class='ocr_par' dir='ltr' id='par_1_102' title="bbox 399 5309 2005 5386">
     <span class='ocr_line' id='line_1_102' title="bbox 399 5309 2005 5386; baseline 0.004 -24"><span class='ocrx_word' id='word_1_715' title='bbox 399 5309 605 5363; x_wconf 89' lang='lat' dir='ltr'>modis.</span> <span class='ocrx_word' id='word_1_716' title='bbox 641 5310 786 5365; x_wconf 89' lang='lat' dir='ltr'>Num</span> <span class='ocrx_word' id='word_1_717' title='bbox 849 5313 1017 5383; x_wconf 90' lang='lat' dir='ltr'>plura</span> <span class='ocrx_word' id='word_1_718' title='bbox 1074 5317 1133 5367; x_wconf 90' lang='lat' dir='ltr'>et</span> <span class='ocrx_word' id='word_1_719' title='bbox 1188 5313 1478 5370; x_wconf 88' lang='lat' dir='ltr'>validioris</span> <span class='ocrx_word' id='word_1_720' title='bbox 1530 5314 1762 5386; x_wconf 89' lang='lat' dir='ltr'>generis</span> <span class='ocrx_word' id='word_1_721' title='bbox 1818 5332 2005 5369; x_wconf 88' lang='lat' dir='ltr'>sacra-</span> 
     </span>
    </p>
   </div>
   <div class='ocr_carea' id='block_1_103' title="bbox 317 5400 2005 5475">
    <p class='ocr_par' dir='ltr' id='par_1_103' title="bbox 317 5400 2005 5475">
     <span class='ocr_line' id='line_1_103' title="bbox 317 5400 2005 5475; baseline 0.007 -29"><span class='ocrx_word' id='word_1_722' title='bbox 317 5428 335 5446; x_wconf 86' lang='lat'>.</span> <span class='ocrx_word' id='word_1_723' title='bbox 399 5400 602 5452; x_wconf 89' lang='lat' dir='ltr'>menta</span> <span class='ocrx_word' id='word_1_724' title='bbox 630 5401 911 5475; x_wconf 78' lang='lat' dir='ltr'>repperiri</span> <span class='ocrx_word' id='word_1_725' title='bbox 942 5404 1220 5473; x_wconf 90' lang='lat' dir='ltr'>poterunt</span> <span class='ocrx_word' id='word_1_726' title='bbox 1249 5408 1382 5458; x_wconf 90' lang='lat' dir='ltr'>ante</span> <span class='ocrx_word' id='word_1_727' title='bbox 1407 5403 1643 5475; x_wconf 89' lang='lat' dir='ltr'>prolatis</span> <span class='ocrx_word' id='word_1_728' title='bbox 1665 5403 1692 5458; x_wconf 74' lang='lat' dir='ltr'>‘I</span> <span class='ocrx_word' id='word_1_729' title='bbox 1722 5403 1869 5457; x_wconf 86' lang='lat' dir='ltr'>Num</span> <span class='ocrx_word' id='word_1_730' title='bbox 1903 5404 2005 5457; x_wconf 86' lang='lat' dir='ltr'>ob—</span> 
     </span>
    </p>
   </div>
   <div class='ocr_carea' id='block_1_104' title="bbox 402 5468 2009 5565">
    <p class='ocr_par' dir='ltr' id='par_1_104' title="bbox 402 5468 2009 5565">
     <span class='ocr_line' id='line_1_104' title="bbox 402 5468 2009 5565; baseline 0.006 -27"><span class='ocrx_word' id='word_1_731' title='bbox 402 5484 551 5541; x_wconf 90' lang='lat' dir='ltr'>sides</span> <span class='ocrx_word' id='word_1_732' title='bbox 580 5468 773 5542; x_wconf 83' lang='lat' dir='ltr'>fratris</span> <span class='ocrx_word' id='word_1_733' title='bbox 802 5468 1219 5560; x_wconf 40' lang='lat' dir='ltr'>ej‘us-Richardi</span> <span class='ocrx_word' id='word_1_734' title='bbox 1252 5468 1520 5565; x_wconf 80' lang='lat' dir='ltr'>episcopo</span> <span class='ocrx_word' id='word_1_735' title='bbox 1556 5492 1811 5547; x_wconf 88' lang='lat' dir='ltr'>Brunoui</span> <span class='ocrx_word' id='word_1_736' title='bbox 1863 5492 2009 5563; x_wconf 89' lang='lat' dir='ltr'>ejus-</span> 
     </span>
    </p>
   </div>
   <div class='ocr_carea' id='block_1_105' title="bbox 2110 4684 3725 4763">
    <p class='ocr_par' dir='ltr' id='par_1_105' title="bbox 2110 4684 3725 4763">
     <span class='ocr_line' id='line_1_105' title="bbox 2110 4684 3725 4763; baseline -0.002 -15"><span class='ocrx_word' id='word_1_737' title='bbox 2110 4684 2360 4757; x_wconf 85' lang='lat' dir='ltr'>recessit,</span> <span class='ocrx_word' id='word_1_738' title='bbox 2390 4692 2449 4746; x_wconf 89' lang='lat' dir='ltr'>in</span> <span class='ocrx_word' id='word_1_739' title='bbox 2484 4708 2599 4763; x_wconf 89' lang='lat' dir='ltr'>quo</span> <span class='ocrx_word' id='word_1_740' title='bbox 2625 4692 2969 4747; x_wconf 91' lang='lat' dir='ltr'>criminosus</span> <span class='ocrx_word' id='word_1_741' title='bbox 2992 4696 3143 4746; x_wconf 89' lang='lat' dir='ltr'>stare</span> <span class='ocrx_word' id='word_1_742' title='bbox 3176 4706 3292 4745; x_wconf 90' lang='lat' dir='ltr'>non</span> <span class='ocrx_word' id='word_1_743' title='bbox 3322 4689 3527 4763; x_wconf 91' lang='lat' dir='ltr'>potuit.</span> <span class='ocrx_word' id='word_1_744' title='bbox 3562 4690 3725 4745; x_wconf 86' lang='lat' dir='ltr'>Bene</span> 
     </span>
    </p>
   </div>
   <div class='ocr_carea' id='block_1_106' title="bbox 2109 4779 3727 4853">
    <p class='ocr_par' dir='ltr' id='par_1_106' title="bbox 2109 4779 3727 4853">
     <span class='ocr_line' id='line_1_106' title="bbox 2109 4779 3727 4853; baseline -0.002 -17"><span class='ocrx_word' id='word_1_745' title='bbox 2109 4779 2370 4853; x_wconf 79' lang='lat' dir='ltr'>ieliquit,</span> <span class='ocrx_word' id='word_1_746' title='bbox 2404 4781 2560 4853; x_wconf 91' lang='lat' dir='ltr'>quod</span> <span class='ocrx_word' id='word_1_747' title='bbox 2589 4784 2792 4837; x_wconf 90' lang='lat' dir='ltr'>contra</span> <span class='ocrx_word' id='word_1_748' title='bbox 2814 4781 3036 4835; x_wconf 91' lang='lat' dir='ltr'>divinas</span> <span class='ocrx_word' id='word_1_749' title='bbox 3047 4784 3104 4835; x_wconf 89' lang='lat' dir='ltr'>et</span> <span class='ocrx_word' id='word_1_750' title='bbox 3124 4782 3409 4835; x_wconf 88' lang='lat' dir='ltr'>humanas</span> <span class='ocrx_word' id='word_1_751' title='bbox 3435 4780 3596 4849; x_wconf 82' lang='lat' dir='ltr'>leges</span> <span class='ocrx_word' id='word_1_752' title='bbox 3613 4793 3727 4849; x_wconf 90' lang='lat' dir='ltr'>per</span> 
     </span>
    </p>
   </div>
   <div class='ocr_carea' id='block_1_107' title="bbox 2111 4866 3729 4941">
    <p class='ocr_par' dir='ltr' id='par_1_107' title="bbox 2111 4866 3729 4941">
     <span class='ocr_line' id='line_1_107' title="bbox 2111 4866 3729 4941; baseline -0.001 -16"><span class='ocrx_word' id='word_1_753' title='bbox 2111 4869 2310 4925; x_wconf 92' lang='lat' dir='ltr'>dolum</span> <span class='ocrx_word' id='word_1_754' title='bbox 2341 4870 2581 4941; x_wconf 90' lang='lat' dir='ltr'>accepit.</span> <span class='ocrx_word' id='word_1_755' title='bbox 2612 4870 2725 4925; x_wconf 90' lang='lat' dir='ltr'>Cur</span> <span class='ocrx_word' id='word_1_756' title='bbox 2750 4886 2890 4941; x_wconf 89' lang='lat' dir='ltr'>ergo</span> <span class='ocrx_word' id='word_1_757' title='bbox 2920 4866 3588 4941; x_wconf 89' lang='lat' dir='ltr'>calumpniator,inquit,</span> <span class='ocrx_word' id='word_1_758' title='bbox 3616 4867 3729 4923; x_wconf 86' lang='lat' dir='ltr'>de-</span> 
     </span>
    </p>
   </div>
   <div class='ocr_carea' id='block_1_108' title="bbox 2108 4955 3726 5030">
    <p class='ocr_par' dir='ltr' id='par_1_108' title="bbox 2108 4955 3726 5030">
     <span class='ocr_line' id='line_1_108' title="bbox 2108 4955 3726 5030; baseline -0.001 -17"><span class='ocrx_word' id='word_1_759' title='bbox 2108 4959 2330 5013; x_wconf 89' lang='lat' dir='ltr'>tinetur</span> <span class='ocrx_word' id='word_1_760' title='bbox 2359 4958 2521 5013; x_wconf 90' lang='lat' dir='ltr'>omni</span> <span class='ocrx_word' id='word_1_761' title='bbox 2550 4960 2834 5030; x_wconf 87' lang='lat' dir='ltr'>potestate</span> <span class='ocrx_word' id='word_1_762' title='bbox 2887 4962 3106 5025; x_wconf 89' lang='lat' dir='ltr'>exutus,</span> <span class='ocrx_word' id='word_1_763' title='bbox 3138 4974 3204 5012; x_wconf 90' lang='lat' dir='ltr'>ac</span> <span class='ocrx_word' id='word_1_764' title='bbox 3236 4973 3354 5013; x_wconf 89' lang='lat' dir='ltr'>non</span> <span class='ocrx_word' id='word_1_765' title='bbox 3383 4955 3576 5027; x_wconf 91' lang='lat' dir='ltr'>potius</span> <span class='ocrx_word' id='word_1_766' title='bbox 3602 4972 3726 5027; x_wconf 91' lang='lat' dir='ltr'>quo</span> 
     </span>
    </p>
   </div>
   <div class='ocr_carea' id='block_1_109' title="bbox 2109 5043 3729 5118">
    <p class='ocr_par' dir='ltr' id='par_1_109' title="bbox 2109 5043 3729 5118">
     <span class='ocr_line' id='line_1_109' title="bbox 2109 5043 3729 5118; baseline -0.001 -17"><span class='ocrx_word' id='word_1_767' title='bbox 2109 5047 2244 5101; x_wconf 90' lang='lat' dir='ltr'>velit</span> <span class='ocrx_word' id='word_1_768' title='bbox 2269 5047 2427 5101; x_wconf 92' lang='lat' dir='ltr'>abire</span> <span class='ocrx_word' id='word_1_769' title='bbox 2458 5046 2813 5118; x_wconf 83' lang='lat' dir='ltr'>permittitur</span> <span class='ocrx_word' id='word_1_770' title='bbox 2841 5046 2869 5101; x_wconf 86' lang='lat'><strong>?</strong></span> <span class='ocrx_word' id='word_1_771' title='bbox 2917 5045 3218 5113; x_wconf 88' lang='lat' dir='ltr'>Videlicet,</span> <span class='ocrx_word' id='word_1_772' title='bbox 3269 5045 3406 5117; x_wconf 90' lang='lat' dir='ltr'>quia</span> <span class='ocrx_word' id='word_1_773' title='bbox 3454 5043 3729 5099; x_wconf 86' lang='lat' dir='ltr'>Euthices</span> 
     </span>
    </p>
   </div>
   <div class='ocr_carea' id='block_1_110' title="bbox 2112 5133 3729 5207">
    <p class='ocr_par' dir='ltr' id='par_1_110' title="bbox 2112 5133 3729 5207">
     <span class='ocr_line' id='line_1_110' title="bbox 2112 5133 3729 5207; baseline -0.003 -15"><span class='ocrx_word' id='word_1_774' title='bbox 2112 5135 2573 5192; x_wconf 87' lang='lat' dir='ltr'>archimandrita</span> <span class='ocrx_word' id='word_1_775' title='bbox 2603 5135 2661 5190; x_wconf 89' lang='lat' dir='ltr'>in</span> <span class='ocrx_word' id='word_1_776' title='bbox 2694 5134 2913 5207; x_wconf 88' lang='lat' dir='ltr'>synodo</span> <span class='ocrx_word' id='word_1_777' title='bbox 2945 5134 3237 5206; x_wconf 89' lang='lat' dir='ltr'>depositus</span> <span class='ocrx_word' id='word_1_778' title='bbox 3258 5135 3331 5189; x_wconf 88' lang='lat' dir='ltr'>ab</span> <span class='ocrx_word' id='word_1_779' title='bbox 3366 5133 3729 5205; x_wconf 87' lang='lat' dir='ltr'>imperatore</span> 
     </span>
    </p>
   </div>
   <div class='ocr_carea' id='block_1_111' title="bbox 2113 5220 3732 5295">
    <p class='ocr_par' dir='ltr' id='par_1_111' title="bbox 2113 5220 3732 5295">
     <span class='ocr_line' id='line_1_111' title="bbox 2113 5220 3732 5295; baseline -0.004 -14"><span class='ocrx_word' id='word_1_780' title='bbox 2113 5229 2199 5281; x_wconf 90' lang='lat' dir='ltr'>est</span> <span class='ocrx_word' id='word_1_781' title='bbox 2242 5225 2529 5294; x_wconf 86' lang='lat' dir='ltr'>directus;</span> <span class='ocrx_word' id='word_1_782' title='bbox 2574 5224 2676 5279; x_wconf 89' lang='lat' dir='ltr'>sed</span> <span class='ocrx_word' id='word_1_783' title='bbox 2706 5224 2859 5278; x_wconf 90' lang='lat' dir='ltr'>hunc</span> <span class='ocrx_word' id='word_1_784' title='bbox 2910 5239 3160 5294; x_wconf 88' lang='lat' dir='ltr'>magnus</span> <span class='ocrx_word' id='word_1_785' title='bbox 3197 5223 3309 5278; x_wconf 90' lang='lat' dir='ltr'>Leo</span> <span class='ocrx_word' id='word_1_786' title='bbox 3341 5237 3493 5295; x_wconf 88' lang='lat' dir='ltr'>papa</span> <span class='ocrx_word' id='word_1_787' title='bbox 3525 5220 3601 5275; x_wconf 91' lang='lat' dir='ltr'>ad</span> <span class='ocrx_word' id='word_1_788' title='bbox 3633 5237 3732 5276; x_wconf 87' lang='lat' dir='ltr'>re-</span> 
     </span>
    </p>
   </div>
   <div class='ocr_carea' id='block_1_112' title="bbox 2113 5311 3727 5386">
    <p class='ocr_par' dir='ltr' id='par_1_112' title="bbox 2113 5311 3727 5386">
     <span class='ocr_line' id='line_1_112' title="bbox 2113 5311 3727 5386; baseline -0.002 -16"><span class='ocrx_word' id='word_1_789' title='bbox 2113 5315 2365 5370; x_wconf 86' lang='lat' dir='ltr'>motiora</span> <span class='ocrx_word' id='word_1_790' title='bbox 2396 5314 2527 5370; x_wconf 91' lang='lat' dir='ltr'>duci</span> <span class='ocrx_word' id='word_1_791' title='bbox 2553 5314 2740 5386; x_wconf 90' lang='lat' dir='ltr'>jubet,</span> <span class='ocrx_word' id='word_1_792' title='bbox 2773 5329 2845 5367; x_wconf 92' lang='lat' dir='ltr'>ne</span> <span class='ocrx_word' id='word_1_793' title='bbox 2875 5311 2936 5367; x_wconf 91' lang='lat' dir='ltr'>in</span> <span class='ocrx_word' id='word_1_794' title='bbox 2968 5329 3036 5367; x_wconf 79' lang='lat' dir='ltr'>eo</span> <span class='ocrx_word' id='word_1_795' title='bbox 3077 5311 3319 5367; x_wconf 67' lang='lat' dir='ltr'>saeviens</span> <span class='ocrx_word' id='word_1_796' title='bbox 3353 5311 3589 5366; x_wconf 91' lang='lat' dir='ltr'>morbus</span> <span class='ocrx_word' id='word_1_797' title='bbox 3618 5326 3727 5366; x_wconf 88' lang='lat' dir='ltr'>suo</span> 
     </span>
    </p>
   </div>
   <div class='ocr_carea' id='block_1_113' title="bbox 2113 5399 3726 5475">
    <p class='ocr_par' dir='ltr' id='par_1_113' title="bbox 2113 5399 3726 5475">
     <span class='ocr_line' id='line_1_113' title="bbox 2113 5399 3726 5475; baseline -0.002 -18"><span class='ocrx_word' id='word_1_798' title='bbox 2113 5403 2382 5475; x_wconf 87' lang='lat' dir='ltr'>contagio</span> <span class='ocrx_word' id='word_1_799' title='bbox 2414 5404 2555 5458; x_wconf 88' lang='lat' dir='ltr'>alios</span> <span class='ocrx_word' id='word_1_800' title='bbox 2595 5405 3014 5473; x_wconf 86' lang='lat' dir='ltr'>corrumperet.</span> <span class='ocrx_word' id='word_1_801' title='bbox 3039 5403 3196 5457; x_wconf 84' lang='lat' dir='ltr'>Juste</span> <span class='ocrx_word' id='word_1_802' title='bbox 3234 5417 3373 5473; x_wconf 86' lang='lat' dir='ltr'>ergo</span> <span class='ocrx_word' id='word_1_803' title='bbox 3403 5399 3726 5468; x_wconf 88' lang='lat' dir='ltr'>detinetur,</span> 
     </span>
    </p>
   </div>
   <div class='ocr_carea' id='block_1_114' title="bbox 2114 5487 3728 5563">
    <p class='ocr_par' dir='ltr' id='par_1_114' title="bbox 2114 5487 3728 5563">
     <span class='ocr_line' id='line_1_114' title="bbox 2114 5487 3728 5563; baseline -0.002 -17"><span class='ocrx_word' id='word_1_804' title='bbox 2114 5493 2210 5563; x_wconf 89' lang='lat' dir='ltr'>qui</span> <span class='ocrx_word' id='word_1_805' title='bbox 2226 5493 2411 5547; x_wconf 86' lang='lat' dir='ltr'>adhuc</span> <span class='ocrx_word' id='word_1_806' title='bbox 2431 5508 2632 5546; x_wconf 88' lang='lat' dir='ltr'>necem</span> <span class='ocrx_word' id='word_1_807' title='bbox 2649 5490 3438 5562; x_wconf 77' lang='lat' dir='ltr'>patriaemeditatur,suosque</span> <span class='ocrx_word' id='word_1_808' title='bbox 3448 5487 3728 5543; x_wconf 86' lang='lat' dir='ltr'>satellites</span> 
     </span>
    </p>
   </div>
   <div class='ocr_carea' id='block_1_115' title="bbox 1721 5617 2393 5674">
    <p class='ocr_par' dir='ltr' id='par_1_115' title="bbox 1721 5617 2393 5674">
     <span class='ocr_line' id='line_1_115' title="bbox 1721 5617 2393 5674; baseline 0.001 -1"><span class='ocrx_word' id='word_1_809' title='bbox 1721 5619 1956 5674; x_wconf 80' lang='lat' dir='ltr'>VARle</span> <span class='ocrx_word' id='word_1_810' title='bbox 1994 5617 2393 5674; x_wconf 85' lang='lat' dir='ltr'>LECTIONES.</span> 
     </span>
    </p>
   </div>
   <div class='ocr_carea' id='block_1_116' title="bbox 476 5713 973 5770">
    <p class='ocr_par' dir='ltr' id='par_1_116' title="bbox 476 5713 973 5770">
     <span class='ocr_line' id='line_1_116' title="bbox 476 5713 973 5770; baseline 0.002 -2"><span class='ocrx_word' id='word_1_811' title='bbox 476 5720 548 5754; x_wconf 73' lang='grc' dir='ltr'>δοε</span> <span class='ocrx_word' id='word_1_812' title='bbox 576 5713 767 5770; x_wconf 90' lang='lat' dir='ltr'>locum</span> <span class='ocrx_word' id='word_1_813' title='bbox 797 5714 973 5770; x_wconf 74' lang='lat' dir='ltr'>codex.</span> 
     </span>
    </p>
   </div>
  </div>
