3876 6172
216 410 298 472 349
664 400 669 403 “
759 411 1229 471 PURCHARDUS
1263 410 1639 471 MONACHUS
1668 409 1758 467 AU

1861 409 2049 469 ENSIS.
2075 445 2142 454 —
2169 411 2446 470 NOTITIA
2472 409 2861 471 HISTORICA.
3361 412 3468 476 350

217 530 392 587 crebris
415 529 793 603 legationibus
814 532 1037 600 incitat,
1068 536 1131 588 ut
1154 552 1186 589 a
1214 534 1398 605 empto
1420 532 1613 588 furore
1640 548 1758 587 non
1779 530 1834 590 A
1859 529 1954 584 dia
1969 528 2028 584 in
2046 530 2420 601 gloriﬁcando
2437 532 2647 587 electos
2664 550 2678 600 ;
2694 529 2979 604 quodipse
2999 529 3281 588 subinfert
3299 548 3312 588 :
3331 536 3464 606 quia

217 619 462 676 desistant.
478 621 705 690 Videtis,
733 621 1198 677 reverendissimi
1224 625 1439 688 Patres,
1459 622 1758 677 nobiscum
1860 626 1918 673 tn
1947 619 2136 673 reddus
2157 622 2438 692 unicuique
2450 622 2615 692 juxta
2643 639 2800 692 opera
2828 637 2926 676 sua
2954 620 3114 689 (Ibid.
3147 621 3255 691 l3),
3284 622 3343 678 id
3375 626 3465 679 est

216 713 337 765 stare
364 712 660 783 apostolica
688 717 746 767 et
775 712 1156 768 ecclesiastica
1174 713 1325 783 jura.
1362 714 1475 767 Sed
1506 713 1642 783 quid
1672 713 1761 768 fa-

211 798 391 855 ciemus
412 800 684 871 improbis
704 801 1062 868 hominibus,
1083 803 1289 873 quibus
1305 803 1461 856 nulla
1482 803 1628 856 ratio
1648 802 1761 857 suf-

208 886 317 955 ﬁcit,
332 889 425 944 nisi
436 890 608 945 etiam
622 891 915 960 corporeis
926 892 1184 947 sensibus
1194 892 1461 947 satisﬁat?
1476 892 1760 948 Cedamus

209 977 374 1033 talium
415 978 967 1049 importunitatibus,
1012 984 1070 1035 et
1100 980 1274 1035 nichil
1302 981 1425 1035 sine
1453 982 1760 1052 praesentia

205 1068 345 1139 legati
356 1069 673 1139 apostolicae
694 1068 843 1124 sedis
874 1070 932 1124 in
955 1086 1123 1124 causa
1149 1070 1365 1125 Arnum
1398 1070 1613 1125 factum
1636 1086 1758 1125 esse

202 1157 487 1211 doceamus.
525 1159 691 1213 Certe
722 1158 1024 1230 Seguinus,
1050 1159 1398 1214 venerabilis
1427 1160 1552 1213 vita:
1584 1160 1760 1214 Seno-

199 1245 425 1300 nensium
465 1246 947 1319 archiepiscopus,
990 1248 1225 1304 Domini
1270 1265 1438 1319 papas
1479 1247 1758 1303 Johannis

198 1333 315 1388 vices
346 1350 442 1405 per
468 1335 675 1390 Gallias
706 1335 811 1390 sibi
841 1337 1085 1391 creditas
1119 1338 1312 1392 Romae
1350 1336 1666 1401 innovavit,
1700 1339 1759 1391 et

194 1421 293 1476 itaa
308 1424 471 1477 latere
487 1424 788 1495 apostolici
810 1441 940 1481 cum
965 1426 1197 1480 decreto
1224 1425 1508 1497 privilegii
1525 1425 1759 1482 veniens

194 1510 290 1579 ejus
311 1510 442 1566 vices
468 1529 652 1583 usque
679 1513 739 1567 in
773 1530 1025 1584 praesens
1056 1514 1320 1569 omnium
1351 1514 1758 1585 episcdporum

191 1598 351 1654 Gallia:
378 1616 660 1656 consensu
680 1606 1013 1674 prosecutus
1034 1605 1137 1658 est.
1170 1604 1229 1657 In
1253 1604 1422 1675 hujus
1447 1620 1585 1675 ergo
1617 1620 1761 1675 prte-

194 1688 348 1742 sentia
385 1689 662 1744 Arnulfus
692 1708 753 1744 se
790 1691 973 1763 ipsum
1015 1692 1338 1747 sacerdotio
1375 1692 1546 1759 exuit,
1587 1694 1758 1765 atque

1851 709 2014 779 juxta
2044 708 2152 763 hoc
2173 710 2327 779 quod
2357 711 2460 776 est,
2494 710 2698 782 inquit,
2734 727 2849 765 non
2874 710 3039 779 juxta
3063 709 3121 765 id
3150 711 3307 783 quod
3338 728 3457 767 non

1859 800 1962 865 est,
1978 796 2204 852 dicente
2220 799 2530 869 propheta:
2557 799 2634 853 Ve
2647 800 2727 853 his
2738 801 2834 871 qui
2847 800 3033 856 dicunt
3048 800 3241 856 bonum
3258 801 3462 857 malum

1857 894 1908 942 et
1934 887 2136 941 malum
2165 887 2381 953 bonum,
2404 895 2656 957 ponentes
2685 890 2849 944 lucem
2879 892 3115 945 tenebras
3142 897 3192 945 et
3220 892 3459 946 tenebras

1859 977 2025 1030 lucem
2062 976 2214 1047 (Isai.
2261 994 2317 1039 ν,
2352 977 2459 1046 20).
2491 977 2551 1033 Si
2580 995 2719 1049 ergo
2751 980 3056 1034 beatorum
3090 980 3454 1051 pontificum,

1856 1066 2136 1138 Gregorii,
2157 1068 2384 1133 Leonis,
2407 1067 2638 1129 Zozimi,
2668 1068 2899 1123 decreta
2918 1069 3173 1139 itemque
3193 1068 3462 1126 Africana

1857 1156 2098 1211 concilia
2127 1159 2253 1211 rata
2275 1157 2545 1212 habenda
2569 1160 2722 1225 sunt,
2750 1158 3109 1230 vituperandi
3141 1175 3206 1213 ac
3236 1160 3463 1230 penitus

1856 1248 1990 1300 sunt
2011 1246 2486 1318 contempnendi,
2510 1246 2606 1318 qui
2622 1247 2927 1302 Arnulfum
2946 1247 3341 1319 irregulariter
3358 1249 3458 1303 de-

1849 1334 2071 1405 jectum
2119 1334 2572 1401 inmurmurant,
2606 1338 2979 1407 nostramque
3028 1336 3461 1407 simplicitatem

1857 1422 2010 1493 apud
2030 1423 2401 1494 apostolicam
2420 1424 2617 1485 sedem
2640 1423 3001 1491 insimulant,
3017 1425 3177 1495 quasi
3198 1442 3332 1481 eum
3352 1442 3459 1496 pro

1857 1529 1957 1567 sua
1974 1510 2305 1567 innocentia
2324 1513 2523 1568 sedem
2547 1512 2927 1584 apostolicam
2951 1514 3339 1586 appellantem
3365 1516 3462 1569 de-

1860 1601 2244 1671 posuerimus,
2289 1618 2421 1657 cum
2454 1601 2574 1673 ipse
2608 1602 2799 1675 potius
2829 1602 2902 1657 ad
2940 1604 3154 1658 electos
3182 1619 3216 1658 a
3248 1620 3308 1658 se
3338 1604 3461 1675 ipse

1850 1689 2073 1761 judices
2101 1691 2443 1760 confugerit,
2475 1692 2648 1761 atque
2674 1691 2745 1745 ab
2775 1690 2857 1745 eis
2884 1693 3013 1762 post
3039 1690 3463 1748 confessionem

183 1775 1011 1849 juxtadecretaapostolicorum
1026 1779 1761 1847 virorum,Zozimi,Leonis
1781 1839 1829 1853 ἢ
1860 1779 2099 1834 modum
2137 1778 2454 1851 paenitendi
2486 1779 2879 1850 postulaverit.
2914 1780 3081 1845 Quod
3118 1780 3370 1853 imponit
3398 1781 3466 1836 fi-

189 1865 330 1936 atque
359 1865 640 1938 Gregorii,
675 1868 947 1938 petitorio
980 1871 1064 1923 vel
1105 1869 1499 1936 confessionis,
1537 1887 1636 1924 seu
1681 1869 1761 1924 ita

186 1953 339 2023 placet
350 1955 861 2023 dici,abdicationis
878 1963 1143 2029 porrecto
1159 1959 1762 2026 libello,sacerdotalia

190 2040 413 2113 deposuit
434 2044 625 2116 signa.
649 2047 756 2101 Pro
783 2062 894 2116 qua
914 2063 977 2101 re
1005 2047 1076 2101 ad
1086 2047 1264 2118 judici
1274 2065 1370 2102 um
1390 2048 1757 2114 devocamur,

186 2132 316 2202 quasi
344 2131 721 2189 innocentem
749 2136 1204 2206 oppresserimus
1226 2137 1254 2190 ?
1285 2137 1396 2191 Nos
1428 2153 1562 2191 vero
1596 2137 1757 2191 illum

186 2235 278 2274 non
293 2222 468 2276 solum
490 2239 614 2277 non
641 2224 1048 2295 oppressimus,
1075 2226 1174 2280 sed
1205 2225 1383 2280 etiam
1414 2242 1517 2296 per
1541 2226 1757 2281 duode-

184 2306 347 2379 viginti
377 2327 611 2366 menses
630 2312 803 2379 bella,
835 2312 1164 2381 seditiones,
1185 2314 1352 2385 regni
1375 2314 1611 2370 discidia
1631 2333 1760 2371 mo-

181 2395 385 2453 lientem
406 2401 804 2467 toleravimus,
825 2418 955 2456 cum
972 2402 1239 2458 Africana
1264 2404 1506 2458 concilia
1532 2407 1660 2475 post
1676 2423 1759 2461 se-

183 2485 396 2543 cundum
437 2506 709 2545 mensem
750 2492 1065 2546 vocationis
1106 2509 1237 2546 eum
1280 2510 1313 2547 a
1341 2494 1758 2549 communione

180 2578 519 2645 removerint,
553 2583 613 2634 et
643 2579 1029 2635 anniversario
1060 2581 1304 2637 concilio
1335 2599 1453 2638 non
1485 2600 1757 2638 occuren-

181 2663 273 2718 tem
314 2682 439 2722 eum
480 2668 547 2722 in
595 2684 654 2722 se
695 2668 898 2723 dixisse
937 2669 1367 2743 dampnationis
1408 2671 1760 2726 sententiam

171 2750 737 2828 jndicaverint;neque
749 2760 878 2828 post
888 2760 1179 2829 expletum
1196 2776 1416 2815 annum
1431 2760 1480 2831 ej
1489 2778 1552 2816 us
1564 2778 1762 2818 vocem

178 2840 367 2909 penitus
385 2844 767 2899 audiendam.
785 2846 898 2901 Sed
916 2865 948 2902 ο
971 2846 1295 2903 Christiana
1312 2848 1473 2915 fides,
1494 2866 1527 2904 0
1554 2849 1758 2921 religio

178 2927 484 3000 Christiana;
499 2931 637 3004 quis
648 2950 905 3005 unquam
919 2951 1134 2990 nocens
1146 2936 1475 3001 habebitur,
1491 2937 1533 2991 si
1555 2939 1755 3008 patrias

177 3018 404 3087 proditor
431 3020 615 3076 hodie
645 3023 800 3077 velut
829 3021 1108 3078 innocens
1138 3025 1453 3079 absolvitur
1481 3025 1509 3080 ?
1536 3025 1758 3082 Sileant

176 3106 412 3163 ammodo
430 3108 748 3179 legesjura
763 3125 964 3181 regum
980 3112 1388 3179 conticescant,
1404 3114 1449 3168 si
1460 3113 1758 3170 neminem

176 3190 432 3261 injudiciis
447 3198 747 3269 attingere
764 3199 849 3253 fas
863 3203 1011 3267 est,n
1022 3200 1085 3255 isi
1104 3218 1277 3272 quem
1297 3202 1658 3258 Crescentius
1669 3207 1760 3276 ty-

175 3294 356 3335 rannus
375 3286 651 3340 mercede
664 3287 979 3342 conductus
989 3290 1077 3342 vol
1087 3288 1234 3342 uerit
1244 3290 1539 3345 absolvere
1552 3292 1636 3345 vel
1651 3308 1756 3362 pu-

175 3367 503 3429 nire?Patrize
522 3374 793 3446 proditor
802 3374 952 3429 ferat
963 3376 1266 3446 praemium
1276 3381 1354 3445 ,et
1366 3378 1462 3450 qui
1476 3396 1606 3434 eam
1618 3380 1758 3437 libe-

173 3459 370 3525 raverit,
394 3463 762 3532 propellatur
784 3462 841 3518 in
867 3463 1119 3529 exilium.
1138 3466 1249 3521 Sed
1277 3486 1395 3521 non
1426 3467 1502 3521 sic
1526 3472 1755 3524 sanctus

175 3543 382 3614 Spiritus
406 3566 513 3621 per
543 3568 611 3605 os
640 3551 817 3605 David
845 3552 1082 3608 cecinit:
1115 3553 1309 3622 Semel,
1344 3556 1552 3628 inquit,
1586 3556 1645 3611 id
1672 3559 1759 3613 est

174 3630 722 3706 iucummutabiliter,
753 3641 961 3694 loeutus
989 3648 1063 3695 est
1097 3642 1241 3696 Deus
1271 3644 1439 3710 (Psal.
1474 3662 1582 3711 LXI,
1620 3647 1710 3713 12)
1737 3663 1751 3713 ;

174 3720 264 3775 duo
290 3725 403 3780 haec
418 3744 550 3798 quer
579 3745 641 3782 se
664 3727 889 3783 audisse
911 3735 1357 3797 commemorat,
1380 3732 1593 3787 scilicet
1616 3734 1752 3805 quia

172 3806 250 3863 Dei
274 3814 520 3882 potestas
541 3815 602 3869 in
638 3815 1013 3887 dampnando
1040 3819 1319 3890 reprobos
1343 3824 1401 3875 et
1427 3819 1752 3876 misericor-

1781 1839 1831 1898 B

1862 1884 1997 1922 nem
2024 1868 2217 1923 litibus
2239 1870 2370 1940 jure
2396 1868 2649 1924 Africani
2672 1868 2919 1924 concilii.

1929 1956 2206 2029 Epilogus.
2233 1989 2302 1998 -—-
2330 1959 2490 2013 Nunc
2511 1958 2583 2013 ad
2607 1961 2661 2013 te
2683 1958 2779 2031 qui
2802 1958 2950 2014 vices
2968 1958 3170 2015 domui
3190 1959 3470 2015 Johannis

1860 2062 2025 2117 papa;
2054 2045 2112 2101 in
2135 2047 2243 2101 hac
2269 2047 2488 2118 synodo
2510 2047 2745 2114 retines,
2766 2048 2915 2103 abba
2935 2049 3068 2113 Leo,
3094 2048 3464 2116 recurrimus,

1859 2136 1917 2189 et
1938 2134 1981 2191 si
2006 2152 2121 2207 qua
2141 2138 2198 2190 te
2216 2136 2446 2208 pietatis
2466 2136 2683 2191 viscera
2700 2140 2959 2203 movent,
2984 2138 3388 2204 admonemus,
3402 2139 3465 2192 ut

1859 2224 2013 2295 pacis
2043 2225 2440 2280 exturbatores
2471 2224 2812 2280 auctoritate
2829 2225 3144 2296 apostolica
3166 2226 3463 2298 conquies-

1858 2330 1987 2368 cere
2005 2313 2197 2369 facias.
2221 2314 2413 2387 Neque
2426 2313 2583 2370 enim
2601 2314 2826 2369 zeloDei
2840 2318 2939 2369 aut
2950 2315 3211 2370 fraterna
3226 2314 3465 2370 caritate

1857 2419 1922 2457 co
1930 2403 2149 2457 mmoni
2158 2402 2197 2456 ti
2212 2419 2314 2473 pro
2330 2404 2445 2457 Arn
2454 2404 2549 2458 ulfi
2562 2405 2749 2458 restau
2756 2402 2980 2458 ratione
2992 2405 3463 2475 satagunt,quem

1858 2490 1958 2545 Dei
1999 2494 2059 2545 et
2098 2491 2442 2547 universalis
2479 2490 2729 2546 ecclesiae
2767 2490 2977 2561 juditio
3014 2491 3073 2546 in
3120 2494 3466 2564 perpetuum

1856 2580 2199 2634 sacerdotali
2229 2579 2418 2635 ofﬁcio
2442 2582 2676 2634 exutum
2700 2596 2820 2634 esse
2839 2578 3061 2648 sciunt;
3090 2580 3191 2636 sed
3214 2579 3470 2636 novitate

1855 2684 2167 2741 rerumque
2232 2668 2662 2741 permutatione
2734 2668 3022 2731 delectati,
3081 2672 3344 2725 sanctam
3408 2673 3465 2725 et

1857 2757 2229 2829 apostolicam
2253 2756 2560 2813 ecclesiam
2592 2759 2796 2811 contra
2816 2772 2923 2812 nos
2947 2757 3211 2824 incitant,
3233 2762 3296 2813 ut
3321 2759 3463 2815 dum

1855 2862 1973 2901 non
1993 2846 2105 2901 erit
2123 2845 2221 2918 qui
2247 2847 2456 2901 audeat
2481 2844 2900 2911 contradicere,
2932 2845 3173 2918 impune
3192 2846 3363 2904 liceat
3385 2848 3467 2904 eis

1855 2950 2116 3004 peccare.
2142 2934 2306 2999 QuOd
2323 2937 2604 3007 quantam
2619 2942 2691 2977 80°
2707 2935 2983 2989 Romana:
3002 2935 3255 2990 ecclesia;
3276 2936 3466 3007 pariat

1854 3021 2155 3091 invidiam,
2188 3026 2287 3078 tua
2327 3022 2600 3078 sanctitas
2641 3021 3022 3093 recognoscit.
3071 3023 3266 3095 Neque
3305 3023 3464 3080 enim

1848 3112 2058 3184 juditia
2079 3112 2278 3185 populi
2315 3111 2395 3167 ita
2425 3114 2617 3166 retusa
2645 3114 2800 3178 sunt,
2832 3108 2889 3165 ui
2912 3110 3210 3166 tnterdum
3232 3110 3371 3183 quid
3392 3112 3467 3168 sit

1854 3202 2058 3274 equius
2086 3206 2144 3257 et
2169 3202 2378 3272 justius
2421 3218 2538 3256 non
2578 3200 2944 3272 intellegant.
2988 3198 3089 3256 Cui
3122 3199 3207 3257 rei
3250 3202 3389 3256 dum
3431 3219 3467 3257 a

1856 3290 2204 3363 quibuslibet
2220 3289 2500 3361 episcopis
2518 3289 2839 3344 inconsulte
2853 3287 3466 3357 resistitur,sacerdotii

1857 3379 2108 3451 gravitas
2125 3382 2183 3433 et
2205 3378 2455 3449 dignitas
2478 3381 2674 3433 nostro
2698 3376 2834 3432 vitio
2853 3376 3168 3449 dispicitur.
3184 3379 3468 3449 Jungatur

1857 3468 2024 3524 nobis
2054 3485 2159 3541 per
2192 3471 2246 3522 te
2270 3467 2421 3522 beati
2449 3466 2603 3522 Petri
2629 3467 3000 3537 apostolatus,
3032 3465 3467 3539 redintegratur

1855 3574 1960 3629 per
1989 3559 2046 3611 te
2072 3556 2198 3625 jam
2225 3556 2462 3611 scissum
2492 3558 2615 3610 rete
2647 3554 2921 3621 ecclesiae,
2955 3557 3018 3609 ut
3047 3555 3189 3610 dum
3227 3572 3290 3610 re
3315 3555 3466 3611 bene

1855 3647 2016 3714 gesta
2065 3646 2311 3700 Romam
2360 3643 2619 3710 redieris,
2662 3660 2783 3717 spe,
2823 3647 2955 3699 voto
2998 3661 3062 3699 ac
3103 3643 3391 3700 desiderio
3434 3662 3470 3699 a

1852 3732 2165 3788 Galliarum
2197 3731 2477 3805 episcopis
2506 3731 2721 3787 iterum
2756 3732 3071 3790 revoceris.

2200 3821 2444 3893 Explicit
2472 3821 2754 3876 comitium
2795 3819 3107 3876 Causeium.

1460 3944 1696 4000 VARUE
1751 3945 2044 4001 LECTION
2051 3945 2153 4003 ES.

225 4029 286 4063 ³⁸⁸
319 4027 622 4096 quandam
649 4043 696 4079 ο.

173 4131 3437 4177 Μ

1346 4310 1502 4349 ANNO
1540 4310 1749 4350 DOMINI
1799 4310 2188 4350 DCCCCXCV-Ml
2198 4309 2258 4347 ιι.

1174 4424 2440 4565 PUBCHARDUS

792 4662 1577 4772 MONACHUS
1704 4666 2180 4771 AUGLZE
2316 4666 2842 4771 DIVITIS

1229 4955 1692 5043 NOTITIA
1772 4955 2386 5045 HISTOBICA

305 5106 402 5171 (Ex
429 5108 661 5164 Joanne
692 5109 909 5181 Egone,
940 5108 1041 5164 lib.
1072 5108 1156 5163 De
1182 5110 1313 5164 viris
1343 5109 1633 5244 illustribus
1652 5109 1852 5242 ιὲυῗέω
1875 5110 2100 5261 Βέέἑιέε5
2125 5110 2280 5181 apud
2313 5109 2671 5164 Bernardum
2703 5108 2957 5178 Pezium,
2992 5109 3293 5165 Thesaurus

1573 5205 1666 5245 nec
1708 5231 1722 5245 .
1780 5231 1795 5257 ,
1828 5202 1914 5252 ιη,
2060 5230 2072 5243 .

1573 5202 1722 5245 neca.
1756 5202 1795 5257 ι,
1828 5202 1914 5252 m,
1949 5202 2072 5244 ϋδδ.

1620 5317 2000 5331 *-

226 5425 326 5507 Sub
354 5430 600 5507 ﬂorenti
630 5436 687 5486 et
716 5451 1026 5507 numeroso
1052 5435 1331 5507 Witegovi
1363 5435 1697 5505 magisterio
1728 5436 1878 5491 inter
1911 5434 2051 5491 alios
2080 5434 2336 5490 efﬂoruit
2362 5436 2682 5491 Purcardus
2712 5435 3032 5507 monachus
3052 5434 3271 5507 ingenii
3294 5436 3362 5507 et
3379 5432 3462 5487 fa-

173 5499 362 5580 cundia;
384 5502 583 5580 gratia
598 5499 1327 5580 priestantissimus,gp5eta
1356 5499 1542 5580 gravis
1558 5510 1616 5561 et
1642 5508 1940 5580 excellens.
1958 5509 2111 5580 inter
2133 5511 2343 5560 caetera
2364 5524 2492 5580 quae
2512 5507 2755 5580 scripsit,
2774 5506 3016 5580 jubentc
3037 5499 3308 5577 Augiensi
3323 5519 3461 5558 con-

258 5573 484 5641 gatione
513 5573 738 5649 abbatis
768 5577 851 5630 sui
874 5573 1271 5649 Witegovi'rcs
1304 5573 1578 5649 praeclare
1612 5581 1803 5647 gestas
1824 5578 2055 5633 heroico
2080 5580 2267 5632 metro
2293 5573 2520 5632 cecinit.
2552 5573 2747 5634 Exstat
2766 5573 2883 5649 ejus
2904 5573 3154 5634 carmen'
3170 5591 3299 5630 cum
3322 5590 3465 5648 pra:-

212 5656 269 5695 xa
294 5645 631 5701 monasterii
665 5647 889 5719 pictura
916 5647 973 5703 i.1
1005 5645 1245 5721 antiquo
1277 5645 1471 5703 codice
1509 5645 1629 5706 ms.»
1651 5649 1811 5721 cujus
1840 5649 2070 5705 initium
2102 5651 2215 5704 tale
2243 5653 2328 5705 est
2359 5667 2371 5703 :

1104 5737 1310 5810 Incipit
1333 5737 1429 5793 hic
1457 5740 1644 5794 textus
1673 5754 1779 5812 per
1801 5736 1952 5797 dicta
1979 5737 2207 5811 poetica
2237 5737 2499 5810 scriptus.
