3898 6168
371 366 467 425 351

1460 358 1864 420 PURCHARDI
1898 360 2211 422 MONACHI
2246 360 2604 421 AUGIENSIS

3579 368 3687 424 352

1534 623 2309 737 PURCHAR
2333 625 2490 734 Dl

1765 844 2240 935 CABMEN

1247 1048 1341 1133 DE
1454 1047 1725 1134 ersns
1834 1046 2363 1135 wmeowoms
2465 1050 2818 1157 ABBATIS,

880 1236 1072 1316 (Apud
1099 1239 1284 1309 Pertz,
1318 1237 1671 1298 Monumento
1696 1237 1999 1297 Germaniae
2020 1238 2291 1311 historica,
2313 1237 2520 1320 Script.
2550 1243 2695 1297 tom.
2730 1240 2816 1308 ιν,
2850 1254 2982 1316 pag.
3017 1240 3166 1313 621.)

1400 1505 1721 1598 ΑΕΜΟ
1736 1508 1814 1594 Ν
1821 1506 2048 1595 ΙΤΙΟ
2160 1506 2652 1602 ΡΒᾹΝΙΑ.

440 1828 747 1913 Witigowo
776 1828 861 1913 ρ)
883 1828 1064 1913 abbas
1079 1826 1278 1913 'Augia:
1300 1825 1485 1881 divitis
1504 1827 1988 1913 postnliuno‘dman-
2012 1829 2066 1892 Α
2088 1828 2280 1913 notuit
2300 1827 2408 1913 (4),
2435 1832 2495 1883 et
2518 1828 2869 1913 serenissimi
2890 1828 3487 1913 principisnlreopoldi
3504 1832 3703 1913 Magni

377 1897 1051 1981 numLSanngallensibus
1076 1897 1379 1978 infestum,
1399 1898 1566 1981 annis
1597 1900 1825 1981 995-9197
1848 1915 1991 1970 prie-

375 1971 486 2047 fuit
515 1972 610 2047 (2).
639 1968 809 2047 cujus
839 1969 1009 2047 domi
1026 1968 1466 2047 forisquegesta
1493 1968 1990 2047 P_urchart_r_nbn_a-

375 2040 532 2098 chus'
568 2058 635 2096 ex
686 2042 919 2097 decreto
972 2041 1211 2096 Patrum
1266 2040 1639 2112 Augiensium
1684 2040 1987 2096 scribenda

376 2112 650 2184 suscepit,
696 2116 754 2167 et
799 2126 955 2167 anno
988 2114 1091 2168 993
1134 2114 1233 2184 aut
1270 2111 1395 2179 994,
1442 2111 1672 2184 incepta
1709 2114 1879 2183 atque
1910 2112 1983 2167 ad

370 2186 484 2242 hoe
516 2182 766 2255 tempus
810 2199 993 2255 usque
1040 2183 1341 2255 perducta
1365 2198 1518 2255 anno
1560 2182 1807 2255 demum
1855 2185 1980 2250 996,

371 2252 807 2311 continuatione
835 2252 1014 2320 auxit,
1040 2252 1158 2320 qua
1183 2253 1293 2307 iter
1311 2252 1538 2307 Ottonis
1557 2254 1626 2305 ΙΙΙ
1651 2253 1980 2308 Romanum

368 2326 543 2381 verbo
564 2324 775 2396 attigit.
794 2322 982 2396 Liber,
1001 2322 1105 2396 sub
1128 2322 1549 2396 formadialogi
1571 2322 1723 2377 inter
1741 2323 1980 2396 Poetam

373 2398 433 2478 et
455 2393 707 2478 Γᾼιιεξςίειῐιῖι
734 2394 989 2478 versibus
1009 2393 1359 2478 hexametris
1397 2393 1659 2478 scriptus,
1686 2410 1851 2475 curas
1879 2395 1979 2476 ab-

373 2466 526 2523 batis
556 2464 625 2522 in
664 2464 1007 2536 colligendis
1033 2465 1201 2519 bonis
1234 2464 1569 2536 monasterii
1601 2465 1889 2536 dispersis,
1920 2466 1980 2521 in

371 2536 784 2620 consumendis
804 2534 1279 2620 adornandisque
1292 2534 1563 2620 ecclesiis,
1597 2534 1876 2620 recenset,
1894 2537 1982 2593 iti-

371 2625 518 2664 nera
542 2609 664 2681 ejus
684 2606 744 2661 in
776 2605 1050 2688 obsequio
1072 2604 1225 2688 regis
1252 2604 1405 2688 facta
1430 2610 1487 2661 et
1515 2605 1623 2661 iter
1650 2608 1979 2663 Romanum

371 2679 573 2735 leviter
602 2680 969 2751 perstringit,
989 2679 1045 2731 et
1059 2677 1359 2751 privilegia
1382 2677 1517 2751 inde
1542 2680 1838 2751 reportata
1855 2695 1979 2751 me-

372 2747 838 2829 morat._:_Versus
871 2747 1142 2829 quisqne,
1168 2747 1671 2829 quemadmodum
1718 2765 1891 2829 supra
1918 2750 1979 2805 in

374 2819 723 2901 Hrotsuithae
768 2818 1052 2901 operian
1095 2818 1379 2901 vidimus,
1437 2819 1659 2875 duabus
1702 2818 1981 2901 partibus

364 2895 611 2960 constat,
642 2890 702 2949 in
729 2890 1002 2949 eumdem
1025 2890 1148 2947 fere
1175 2890 1251 2962 (3)
1279 2907 1487 2947 sonum
1510 2890 1868 2949 exeuntibus.

440 2963 633 3034 Codex
679 2962 880 3034 unicus
924 2979 991 3034 ex
1040 2961 1394 3034 monasterio
1436 2961 1633 3034 Augiaa
1667 2961 1853 3018 divitis
1889 2961 1976 3018 bi-

369 3032 677 3090 bliothecze
709 3032 1107 3089 Carlsruhance
1131 3033 1340 3103 illatus,
1371 3032 1660 3089 referente
1692 3034 1846 3090 socio
1873 3034 1976 3089 do-

367 3104 623 3177 ctissimo
644 3108 703 3161 et
718 3105 886 3177 _de_re
905 3108 1103 3177 nostra
1122 3103 1342 3177 optime
1361 3105 1571 3177 merito
1586 3123 1637 3160 v.
1667 3106 1738 3160 el.
1756 3105 1978 3177 Meiter,

367 3176 697 3236 consiliario
715 3175 922 3234 intimo
944 3178 1003 3232 et
1023 3172 1385 3233 bibliotheca:
1404 3176 1699 3249 praefecto,
1713 3175 1878 3231 nobis
1893 3172 1979 3230 in-

2088 1899 2260 1971 Ducis
2300 1897 2589 1971 Badensis,
2616 1901 2777 1971 jussu
2808 1897 3095 1971 ﬂagitanti
3122 1900 3262 1955 mihi
3297 1897 3701 1971 transmissns,

2080 1969 2206 2052 jam
2224 1970 2480 2025 editione
2499 1969 2695 2026 nostra
2712 1969 3085 2043 exprimetur.
3102 1969 3705 2030 Estmembranaceus

2083 2044 2207 2095 ιιι4ο
2248 2042 2660 2096 θυιορτεοὺυε.
2694 2059 2871 2096 manu
2913 2043 3101 2096 saeculi
3131 2059 3163 2096 x
3194 2043 3453 2096 exeuntis
3483 2060 3705 2096 exarm-

2083 2057 2207 2095 inao
2248 2057 2660 2107 autograpnus,
2694 2059 2871 2096 manu
2913 2057 3101 2097 saeculi
3131 2059 3163 2096 x
3194 2057 3453 2097 exeuntis
3483 2060 3705 2100 exarac

2083 2058 2207 2095 inao
2248 2058 2660 2113 autograpnus,
2694 2059 2871 2096 manu
2913 2058 3101 2097 saeculi
3131 2059 3163 2096 x
3194 2058 3453 2097 exeuntis
3483 2060 3701 2100 exara-

2083 2115 2195 2179 tus,
2220 2112 2292 2167 ab
2323 2116 2554 2184 auctore
2573 2112 2697 2184 ipso
2728 2112 2863 2184 hinc
2887 2112 3021 2167 inde
3052 2117 3358 2180 cometas,
3388 2118 3448 2168 et
3464 2116 3701 2171 calamo

2082 2184 2266 2263 paulo.
2294 2183 2586 2265 graciliori
2605 2183 2900 2265 adﬁnem
2912 2184 3254 2265 “perductus.
3567 2203 3704 2265 ear-

2083 2253 2223 2327 inen
2253 2253 2315 2327 in
2354 2255 2551 2327 codice
2593 2272 2649 2308 n.
2685 2253 2834 2327 CCV,
2874 2253 3010 2327 olim
3040 2255 3285 2327 signato,
3327 2256 3448 2311 foll.
3496 2259 3703 2314 71-84.

2082 2325 2219 2379 Post
2256 2325 2483 2409 Al‘euini
2530 2324 2898 2409 quaestiones.
2919 2326 2978 2380 in
3017 2324 3281 2407 Cenesim
3328 2330 3387 2409 et
3431 2327 3705 2409 Capitula

2079 2396 2543 2469 propositionum
2577 2397 2647 2469 ad
2681 2396 2968 2451 acuendos
3008 2397 3266 2469 juvenes,
3299 2400 3475 2469 atque
3513 2396 3702 2454 inter-

2081 2466 2471 2541 pretationem
2485 2466 3088 2541 parabolarumSalom
3095 2468 3221 2523 onis
3231 2466 3706 2541 precedit,cujns

2082 2538 2290 2607 prima:
2317 2538 2544 2609 paginas
2576 2541 2801 2611 partem
2830 2539 3129 2594 adversam
3157 2540 3378 2611 explet;
3411 2541 3513 2611 sed
3543 2538 3703 2598 libro

2126 2624 2269 2684 auca
2284 2608 2417 2664 ante
2436 2608 2642 2684 saecula
2663 2608 2855 2684 denuo
2869 2611 3169 2684 compacto
3183 2608 3324 2684 ordo
3342 2610 3705 2684 paginarum

2079 2624 2269 2731 pauca
2284 2624 2417 2664 ante
2436 2624 2642 2664 saecula
2663 2624 2855 2664 denuo
2869 2624 3169 2682 compacto
3183 2624 3324 2665 ordo
3342 2627 3701 2684 paginarum

2108 2680 2342 2751 urbatus
2359 2684 2463 2747 est,
2486 2680 2565 2734 ita
2580 2684 2638 2734 ut
2661 2697 2787 2751 quas
2802 2680 2973 2735 hodie
2993 2681 3250 2735 numeris
3265 2685 3327 2751 7t
3342 2722 3356 2748 ,
3375 2685 3464 2748 72,
3484 2686 3578 2750 73,
3602 2683 3701 2750 84,

2079 2750 2371 2821 continuis
2407 2752 2560 2806 male
2607 2750 2929 2821 signantur,
2976 2756 3040 2806 ut
3082 2750 3503 2806 sententiarum
3541 2753 3705 2809 ratio

2079 2819 2317 2888 indicat,
2360 2821 2618 2877 numeris
2656 2819 2743 2887 71,
2792 2820 2884 2889 71},
2917 2825 3007 2889 79,
3050 2823 3138 2889 80,
3184 2824 3274 2890 8t,
3319 2824 3409 2889 82,
3454 2828 3545 2891 77,
3596 2829 3697 2892 78,

2080 2894 2170 2977 73,
2194 2893 2413 2977 Ἳιξῄξ,
2438 2895 2531 2960 76,
2564 2894 2655 2977 93,
2689 2894 2778 2974 $4,
2806 2892 3115 2977 signandis
3131 2893 3283 2977 sint;
3316 2909 3567 2977 quarum

2079 2960 2216 3034 diem
2246 2965 2420 3034 71-78,
2440 2960 2911 3034 quaternioneni,
2951 2965 3119 3021 79-82
3151 2960 3535 3020 duernionem
3563 2960 3703 3022 efﬁ—

2080 3033 2257 3116 ciunt,
2395 3033 2697 3116 dimidiata
2715 3036 2831 3116 est,
2863 3037 2930 3091 84
2958 3038 3123 3116 parte
3153 3051 3350 3116 aversa
3379 3035 3701 3116 Parabola-

2077 3119 2210 3179 rum
2238 3105 2470 3159 initium
2503 3105 2759 3179 exhibet._
2784 3107 2936 3173 1am,
2958 3105 3120 3179 justo
3158 3106 3367 3162 ordine
3396 3107 3698 3177 restituto,

2077 3178 2311 3246 poetam
2334 3179 2600 3233 nostrum
2630 3176 2950 3233 audiamus.

971 3328 1123 3414 DE
1211 3326 1599 3416 GESTIS
1680 3324 2493 3414 WITIGOWONIS
2580 3325 3084 3414 ABBATIS.

441 3477 923 3536 Reverentissimo
945 3479 1322 3552 Augiensium
1346 3481 1579 3536 Patrum
1613 3478 1859 3548 senatui,
1878 3477 1987 3551 spi-
2019 3478 2368 3551 Bpossibilis
2398 3478 2765 3535 obmdientia.
2802 3480 3011 3555 Scripsi
3043 3481 3222 3551 enim,
3253 3485 3440 3538 vestra
3461 3486 3703 3542 coaetus

306 3624 313 3629 ,
368 3567 601 3624 ritalem
633 3568 807 3623 vitam
834 3568 892 3622 in
921 3567 1126 3624 Christi
1151 3568 1458 3625 dilectione
1489 3568 1826 3642 possidenti,
1850 3571 1987 3624 Pur-

369 3658 552 3725 ehart,
579 3655 745 3728 juxta
775 3659 951 3713 tantm
982 3655 1350 3713 sublimitatis
1382 3659 1524 3713 velle
1562 3675 1620 3712 se
1651 3661 1714 3712 ut
1745 3657 1981 3715 inferio-

367 3761 494 3802 rem
526 3745 583 3801 in
613 3745 882 3800 omnibus
913 3745 1170 3801 obedire.

450 3858 479 3887 «
496 3835 640 3891 Cum
669 3834 852 3891 totius
877 3833 1007 3891 fons
1027 3835 1325 3908 sapientiae
1355 3834 1617 3891 videatur
1632 3836 1934 3892 derivatim
1950 3856 1982 3893 e

366 3924 539 3981 vestri
587 3924 852 3981 cordium
899 3923 1129 3980 ﬂuentis
1174 3940 1472 3991 emanare,
1518 3928 1692 3996 atque
1737 3925 1982 3982 virentia

368 4017 534 4088 prata
563 4016 886 4069 vestrorum
914 4013 1229 4068 secundum
1262 4012 1633 4085 apostolicam
1668 4030 1976 4085 regenera-

363 4102 589 4160 tionem
612 4103 866 4160 ﬁliorum
894 4101 1243 4175 indaganter
1262 4102 1525 4174 irrigare,
1546 4101 1747 4169 miror,
1765 4119 1867 4157 cur
1881 4120 1977 4159 me

363 4193 575 4249 horum
607 4192 872 4249 omnium
905 4192 1358 4258 stolidissimum,
1384 4191 1480 4263 qui
1503 4208 1607 4246 nec
1629 4190 1862 4247 ﬂosculo
1886 4209 1976 4247 ex-

367 4280 681 4337 arescentis
712 4278 832 4335 feni
859 4280 975 4333 ulla
1003 4278 1228 4335 ratione
1255 4296 1488 4351 possum
1525 4280 1873 4350 comparari,
1901 4281 1975 4335 ad

366 4372 488 4423 tam
522 4367 771 4423 sublime
802 4382 944 4438 opus
969 4366 1337 4422 scribendum
1353 4367 1499 4423 sicut
1521 4366 1583 4421 in
1607 4368 1976 4439 sequentibus

367 4459 610 4530 apparet
638 4456 851 4527 eligere
884 4453 1290 4527 dignaremini.
1340 4454 1455 4512 Sed
1496 4472 1592 4511 me
1623 4459 1685 4510 ut
1715 4456 1977 4512 existimo

368 4544 534 4612 scire,
564 4546 757 4600 vestra
779 4542 1118 4614 paternitas,
1152 4559 1382 4614 semper
1415 4543 1644 4613 pietatis
1675 4543 1981 4600 visceribus

365 4631 722 4696 redundans,
746 4630 931 4686 doluit
953 4644 1051 4686 me
1077 4646 1284 4687 somno
1302 4629 1550 4703 pigritiae
1572 4632 1831 4688 deditum
1852 4632 1983 4688 imis

367 4719 725 4788 incumbere,
751 4736 815 4775 ae
834 4735 1163 4793 numquam
1184 4719 1257 4774 ad
1274 4719 1520 4774 aliorum
1549 4724 1779 4775 matura
1798 4721 1985 4776 studia

2078 3566 2593 3640 jussione,quando
2606 3569 2778 3641 cepit,
2799 3571 2883 3624 vel
2901 3570 3196 3642 quomodo
3208 3571 3478 3627 dominus
3495 3572 3703 3627 noster

2083 3657 2426 3711 venerabilis
2448 3657 2623 3711 abbas
2650 3657 2944 3729 Witigowo
2967 3659 3243 3714 virtutum
3277 3659 3475 3714 studiis
3498 3660 3555 3715 in
3588 3661 3707 3716 hac

2083 3745 2280 3800 ﬂoruit
2299 3748 2605 3817 potestate,
2635 3747 2928 3818 quomodo
2950 3747 3125 3802 etiam
3143 3747 3199 3802 in
3219 3764 3334 3803 sua:
3361 3748 3711 3820 prelationis

2082 3832 2242 3888 initio
2273 3832 2491 3906 praedia
2522 3837 2742 3902 nostra,
2771 3837 3035 3908 tempore
3068 3835 3437 3891 Ruodmanni
3470 3836 3707 3892 abbatis

2081 3902 2364 3998 captive-ita
2403 3939 2565 3994 pace,
2599 3922 2670 3976 ab
2708 3902 3063 3979 invasa-ribus
3094 3925 3317 3998 direpta
3353 3924 3706 3997 penitusque

2078 3990 2316 4078 vastata,
2337 3990 2711 4077 inintegrum
2728 4013 3087 4084 adquirenda
3108 3990 3374 4081 restituit,
3395 4016 3454 4069 et
3472 3990 3701 4086 quanto

2079 4099 2289 4154 ardore
2310 4099 2367 4153 in
2400 4099 2634 4155 servitio
2662 4099 2763 4154 Dei
2790 4101 3067 4173 ﬂagrans,
3098 4102 3172 4157 ad
3197 4102 3321 4174 ipsa
3350 4101 3544 4156 divina
3561 4101 3699 4156 ofﬁ-

2077 4187 2164 4242 cia
2194 4189 2541 4243 celebranda
2571 4190 2763 4262 qualia
2794 4193 2876 4245 vel
2904 4193 3121 4263 quanta
3140 4192 3523 4247 (ecclesiarum
3546 4194 3701 4246 tem-

2078 4278 2173 4349 pla
2204 4276 2263 4331 in
2289 4278 2631 4349 quibusdam
2663 4279 2735 4333 ad
2757 4295 2863 4333 nos
2888 4281 3310 4351 pertinentibus
3323 4281 3458 4336 locis
3479 4281 3698 4335 consti'

2080 4365 2210 4433 tuit,
2247 4366 2476 4438 suisque
2501 4368 2573 4423 de
2601 4368 2774 4422 rebus
2804 4370 3239 4441 opulentissime
3275 4371 3506 4426 dotavit.
3546 4369 3731 4433 Quid'

2082 4453 2241 4507 enim
2273 4469 2376 4525 per
2405 4454 2607 4509 decem
2640 4472 2825 4512 annos
2851 4458 3020 4529 hujus
3036 4458 3163 4529 jam
3186 4457 3518 4530 prelationis
3548 4457 3708 4529 regi-

2084 4558 2219 4595 men
2255 4542 2553 4596 subeundo
2586 4544 2643 4597 in
2670 4547 2779 4599 boc
2800 4546 2925 4601 loco
2952 4546 3153 4600 fecerit
3180 4547 3283 4602 sub
3309 4545 3703 4601 meclesiarum

2082 4628 2409 4697 structuris,
2439 4632 2496 4684 et
2514 4629 2573 4684 in
2597 4632 2770 4687 variis
2789 4632 2994 4689 diversi
3015 4634 3206 4707 operis
3225 4651 3460 4689 arcuum
3482 4634 3705 4689 colum-

2086 4733 2411 4788 narumque
2444 4719 2733 4788 celaturis,
2763 4721 2822 4775 in
2851 4723 3125 4777 altaribus
3144 4739 3373 4795 quoque
3399 4726 3456 4777 et
3484 4722 3544 4777 in
3567 4740 3702 4778 cru-

371 4826 468 4867 me
496 4810 687 4883 ipsum
716 4808 1086 4882 provocando
1112 4807 1337 4879 erigere
1361 4824 1376 4875 ;
1400 4823 1464 4862 ac
1486 4808 1559 4863 ob
1590 4808 1670 4876 id,
1700 4812 1763 4863 ut
1787 4809 1983 4874 credo,
2009 4810 2054 4880 α
2084 4808 2244 4864 cibus
2280 4824 2420 4862 auro
2465 4811 2637 4881 atque
2671 4814 2914 4882 argento
2953 4812 3302 4878 fabrefactis,
3334 4810 3442 4866 illis
3480 4812 3704 4886 quippe

368 4915 487 4956 non
518 4914 622 4970 pro
659 4897 885 4952 idonea:
931 4896 1068 4952 artis
1109 4894 1336 4967 peritia,
1368 4895 1468 4949 sed
1512 4899 1577 4951 ut
1611 4896 1727 4951 otio
1760 4896 1987 4953 vacanti

368 4987 609 5060 alicujus
641 4986 834 5058 operis
870 4986 1256 5057 preberentur
1283 4984 1696 5052 medicamina,
1730 4986 1987 5056 injuncta

371 5079 457 5134 est
475 5075 619 5132 mihi
640 5092 676 5131 a
694 5074 854 5130 vobis
876 5073 1244 5147 sequentium
1263 5089 1462 5129 rerum
1484 5073 1559 5129 ad
1586 5073 1986 5144 explicandam

368 5164 602 5233 seriem,
625 5163 761 5221 licet
787 5163 1004 5232 herilis,
1029 5163 1172 5219 mihi
1196 5166 1395 5218 tamen
1421 5161 1614 5218 minus
1639 5161 1854 5219 diserto
1874 5162 1987 5219 im-

2088 4896 2366 4970 preciosis
2408 4898 2720 4954 monilibus
2762 4898 2912 4955 mira
2954 4917 3322 4973 gemmarum
3353 4903 3577 4957 textura
3606 4902 3701 4957 in-

2084 4986 2273 5054 sertis,
2304 4984 2422 5041 non
2448 4987 2825 5058 pretermittit
2854 4988 3136 5044 intactum
3157 4990 3317 5045 stilus
3341 4990 3465 5045 haec
3494 4992 3703 5047 omnia

2087 5074 2412 5131 scribentis.
2448 5076 2516 5129 Et
2545 5076 2700 5147 quod
2728 5092 2833 5147 per
2858 5078 3114 5150 singulos
3138 5094 3320 5135 annos
3340 5078 3538 5135 fecisse
3567 5097 3703 5152 pro-

2089 5163 2283 5233 batur,
2340 5164 2398 5219 in
2456 5164 2894 5239 uniuscujusque
2947 5167 3136 5240 operis
3190 5168 3698 5225 consummatione

1910 5310 2137 5366 NOTAE.
2411 5355 2414 5358 .

437 5439 517 5515 (l)
544 5437 769 5515 Witegp
796 5438 1035 5515 vocatur
1063 5434 1121 5491 in
1149 5435 1411 5509 catalogo
1436 5435 1709 5491 abbatum
1741 5434 1991 5509 Augien-

368 5510 540 5581 siu‘m,
562 5510 663 5566 SS.
698 5510 765 5578 ll,
798 5510 890 5581 38.

440 5584 514 5649 (2)
528 5580 533 5581 ⁷
546 5584 741 5638 Herm.
780 5580 977 5636 Contr.

440 5588 495 5649 (2
546 5584 741 5638 Herm.
780 5584 977 5636 Contr.

438 5584 522 5727 (3%
571 5656 715 5710 Nam
751 5671 801 5708 ο.
850 5671 889 5725 g
935 5651 1067 5727 felix
1116 5655 1173 5727 et
1215 5652 1405 5727 fidelis,
1456 5650 1640 5723 opibus
1676 5654 1743 5727 et
1789 5651 1987 5718 beatus,

367 5724 569 5800 faceret
607 5729 665 5785 et
694 5732 961 5795 notarent,
1012 5725 1195 5783 laudes
1224 5727 1283 5781 et
1322 5724 1564 5793 clemens,
1596 5725 1763 5795 refers
1792 5727 1849 5779 et
1880 5741 1987 5778 me~

2089 5452 2208 5510 rens
2234 5436 2340 5491 sibi
2370 5455 2484 5510 non
2516 5438 2685 5510 plane
2710 5439 3085 5510 respondent.

2160 5454 2208 5491 νις
2234 5454 2340 5491 sun
2370 5455 2484 5492 non
2507 5454 2685 5563 plane
2710 5454 3085 5510 respondent.

2160 5508 2238 5579 (4)
2269 5508 2475 5563 Archiv
2531 5511 2572 5578 Ι,
2618 5511 2740 5566 393.
2783 5543 2849 5551 ——
2901 5511 2975 5565 Ex
3022 5510 3234 5580 Egonis
3271 5509 3417 5565 libro
3449 5511 3529 5567 De
3563 5511 3696 5567 viris

2089 5579 2401 5656 illustribus
2443 5581 2668 5656 Augiae_
2690 5581 2877 5637 divitis
2921 5600 3047 5656 cap.
3074 5579 3173 5651 ⁷24,
3206 5582 3401 5637 laudat
3431 5587 3691 5639 nostrum

2089 5652 2341 5727 Neugart
2359 5652 2415 5706 in
2434 5652 2604 5727 epise.
2635 5652 3114 5724 Constantieiisil,
3141 5672 3199 5727 p.
3222 5657 3342 5720 32l,
3366 5670 3469 5711 nec
3491 5658 3690 5711 tamen

2087 5740 2298 5795 poema
2327 5726 2449 5798 ipse
2474 5725 2633 5781 vidit.
