3876 6172
196 412 281 468 353

1033 408 1310 467 CARMEN
1350 407 1442 464 DE
1480 400 1711 462 GESTIS
1745 400 2216 466 WITIGOWONIS
2248 410 2560 472 ABBATIS.
3353 424 3459 484 35L

198 532 520 604 singulariter
544 528 889 586 declaratur.
916 530 1095 603 Igitur
1126 532 1230 587 sub
1255 530 1505 603 quadam
1541 530 1755 603 apella-
1783 528 2073 603 Aingenii
2107 533 2533 604 eXpavescendo
2560 535 2884 607 neglexere,
2920 552 3084 612 rogo,
3137 546 3199 598 ut
3242 544 3304 601 in
3336 548 3462 602 tam

201 621 328 675 tione
353 619 449 675 loci
478 634 787 692 personam
813 619 920 674 feci
954 621 1097 676 meis
1126 621 1534 675 assertionibus
1563 637 1757 675 occur-

197 725 331 775 rere;
360 707 718 779 scribensque
741 708 847 762 sub
901 711 1209 765 exametris
1237 710 1489 764 versibus
1531 709 1589 763 in
1625 726 1759 780 pro-

196 816 258 852 nu

265 814 312 851 ω
341 798 712 864 currentibus,
762 801 961 856 omnia
1002 801 1214 870 studui,
1268 802 1384 855 Deo
1429 798 1760 868 adjuvante,

1860 621 2168 677 audacibus
2193 622 2373 693 ceplis
2396 639 2512 679 non
2530 626 2836 696 superbam
2851 629 3297 713 aestimationem
3316 650 3464 691 mea;

1861 711 2265 783 protervitatis,
2290 713 2389 767 sed
2424 714 2621 784 pocius
2646 715 2855 771 intueri
2886 711 3068 773 velitis
3098 720 3213 776 mei
3243 723 3461 779 humil-

1860 799 2062 855 limam
2092 809 2108 842 ι
2156 801 2542 857 intentionem
2597 804 2959 861 obmdientis.
3022 808 3080 862 Si
3125 826 3239 882 qua
3285 812 3467 867 etiam

194 888 471 959 vestrisque
492 888 872 957 orationibus,
906 890 1021 946 fine
1051 895 1222 945 tenus
1243 890 1540 961 perﬁcere.
1563 920 1631 929 —
1649 888 1762 943 Sed
1862 889 2259 959 reprehensio,
2287 907 2462 962 quam
2489 892 2729 947 multam
2745 910 2868 948 esse
2897 911 3014 950 non
3047 913 3222 969 nego,
3240 898 3471 955 latitan-

194 976 306 1047 quia
320 980 519 1045 vestro,
550 976 744 1032 Patres
770 980 1240 1047 reverentissimi,
1282 979 1547 1051 alligatus
1578 978 1760 1051 impe-

193 1066 282 1131 rio,
317 1065 437 1120 licet
479 1082 573 1121 me
614 1083 719 1139 per
759 1069 980 1123 nullum
1032 1068 1295 1123 utilitatis
1337 1068 1764 1123 incrementum
1865 1083 1939 1121 ne
1976 1066 2329 1123 offendicula
2362 1067 2463 1122 [lat
2491 1084 2626 1123 vera
2656 1085 3005 1141 cognoscere
3033 1072 3380 1144 volentibus,
3399 1075 3478 1131 la-

191 1154 340 1208 sciam
366 1154 689 1222 subsistere,
731 1159 789 1209 et
817 1158 1016 1211 tamen
1047 1160 1284 1211 conatus
1312 1156 1419 1211 sim
1459 1173 1554 1211 me
1590 1155 1665 1210 ad
1697 1173 1767 1211 ea
1866 1158 2059 1210 tenter
2087 1156 2402 1212 emendare
2440 1156 2766 1229 dignemini
2795 1168 2838 1213 ².
2867 1180 2896 1209 ››

190 1244 324 1315 quasi
352 1243 621 1299 audacter
665 1244 938 1316 objicere,
983 1262 1113 1318 quae
1138 1246 1314 1302 etiam
1365 1245 1464 1300 alii
1510 1246 1766 1302 fortioris

186 2675 236 2727 10

181 3119 231 3171 13

178 3563 236 3616 ’.ο

190 4720 247 4775 30

1863 977 1938 1031 tis
1967 977 2083 1032 vitii
2116 978 2174 1032 in
2196 979 2305 1034 hoc
2335 980 2608 1050 opusculo
2637 997 2671 1035 a
2690 982 2847 1037 vobis
2864 983 3041 1055 possit
3066 984 3269 1053 videri,
3300 986 3475 1057 hanc,

720 1384 945 1424 INCIPIT
983 1385 1079 1424 HIC
1118 1386 1344 1426 TEXTUS
1384 1388 1491 1425 PER
1527 1387 1705 1425 DICTA
1737 1388 1994 1428 POETICA
2036 1388 2334 1427 SCRIPTUS.

721 1456 989 1495 FLOREAT
1041 1458 1098 1495 1N
1137 1458 1393 1507 QUANTIS
1430 1458 1757 1497 ORNATIBUS
1787 1458 1969 1498 AUGIA
1998 1461 2159 1499 FELIX

725 1527 840 1565 ΒΑΕ
873 1527 933 1565 IN
965 1528 1334 1581 STRUCTURA,
1370 1530 1534 1578 QUAM
1576 1530 1744 1567 FECIT
1778 1530 2009 1569 NOBILIS
2050 1531 2196 1568 ΑΒΒΔ

725 1598 872 1636 DANS
909 1599 1169 1639 STUDIUM
1209 1597 1471 1649 CHRISTO,
1504 1600 1605 1649 QUI
1644 1601 1850 1640 NOMEN
1884 1602 2080 1640 ιιΑΒετ
2114 1602 2457 1642 WITIGOWO.

972 1713 1171 1759 eos“3

307 1789 580 1862 lnquisita
602 1789 778 1858 refer,
803 1790 938 1864 quid
961 1793 1172 1865 plores,
1201 1792 1387 1867 Augia
1412 1794 1622 1860 mater,

297 1879 520 1938 Auctrix
537 1880 1154 1948 cunctorum,Domino
1169 1881 1765 1949 donante,bonorum;

302 1967 521 2023 Vertice
552 1968 870 2040 crispantes
894 1972 994 2023 aut
1014 1970 1155 2042 quid
1182 1970 1450 2026 divellere
1472 1968 1661 2026 crines

300 2055 377 2109 Tu
402 2072 642 2124 conare,
675 2074 856 2130 genas
876 2063 975 2113 aut
1007 2058 1288 2114 dilaniare
1316 2060 1603 2116 tenellas?

302 2142 517 2207 Quidve
538 2145 736 2217 rigans
754 2145 1005 2202 lacrimis
1028 2148 1210 2203 malas
1248 2147 1500 2203 residere
1538 2147 1765 2215 videris,

299 2232 460 2288 Vultu
511 2234 845 2303 summisso,
897 2236 1074 2290 veluti
1114 2237 1216 2291 sub
1269 2237 1512 2292 carceris
1552 2237 1769 2292 antro?
1868 2236 1939 2290 40

303 2320 441 2384 Quid
461 2321 569 2393 pia
599 2327 809 2391 mater,
856 2324 1053 2393 habes,
1086 2324 1242 2397 quod
1272 2324 1349 2379 sic
1380 2327 1478 2380 tua
1504 2330 1769 2397 tempora

1439 2415 1657 2484 [deiles,

299 2501 566 2555 Aureolaa
599 2512 618 2541 ι
650 2502 807 2573 pacis
837 2519 1067 2574 semper
1096 2504 1391 2558 vernantia
1413 2504 1637 2558 ramis?

297 2590 378 2641 An
412 2588 597 2644 donis
627 2590 857 2645 Domini
892 2591 969 2646 vis
997 2592 1075 2647 sic
1094 2592 1324 2665 ingrata
1346 2593 1548 2660 videri,

295 2678 456 2731 Anne
488 2677 822 2732 recordaris
865 2678 1047 2734 niteas
1082 2696 1195 2752 quo
1231 2684 1539 2736 stemmate
1569 2681 1708 2737 lucis
1738 2682 1766 2737 ?

294 2766 409 2838 Ipse
433 2766 545 2820 tibi
585 2769 762 2822 talem
812 2769 1086 2841 quoniam
1136 2771 1418 2825 concessit
1453 2772 1763 2841 honorem,

295 2853 488 2910 Semet
523 2855 581 2910 in
615 2857 753 2911 orbe
780 2858 935 2912 locus
962 2858 1030 2913 de
1071 2875 1184 2932 quo
1209 2877 1327 2914 non
1348 2860 1761 2931 jactitatullus.

294 2943 433 2998 Nam
466 2944 695 3016 pietate
726 2963 825 3003 sua
847 2947 925 3001 sic
948 2947 1311 3020 disponente,
1344 2953 1571 3006 remota

297 3030 626 3088 Omnibuse
656 3034 841 3102 terris,
874 3036 1095 3107 spetiali
1118 3053 1258 3108 pace
1289 3039 1550 3110 quiescis,

296 3119 587 3175 Libertate
641 3126 865 3195 potens,
912 3128 1144 3180 terrena
1187 3127 1422 3199 negotia
1471 3144 1767 3201 spernens,

296 3207 478 3264 Solius
515 3210 754 3265 Domini
786 3215 1012 3268 tantum
1044 3214 1277 3269 sociaris
1312 3216 1518 3285 amori,

297 3298 459 3362 Quod
506 3301 799 3357 libertatis
842 3303 962 3358 laus
1014 3305 1268 3361 creditur
1302 3323 1423 3361 esse
1473 3306 1767 3378 perennis.

296 3388 663 3463 Servitioque
691 3408 865 3447 sacra!
891 3394 1118 3449 fervens
1148 3395 1357 3451 devota
1374 3397 1587 3464 Marias,

296 3477 535 3551 Dignius
567 3479 630 3533 in
651 3481 820 3535 terris
848 3483 970 3554 ejus
1001 3484 1199 3539 thorus
1230 3485 1352 3556 ipsa
1375 3485 1633 3555 vocaris;

300 3565 464 3629 Quod
476 3567 733 3639 speciale
747 3569 918 3626 decus
936 3571 1041 3628 tibi
1062 3573 1306 3628 contulit
1326 3573 1448 3646 ipsa
1460 3573 1769 3645 benignus,

300 3654 587 3727 lnspirata
613 3673 774 3714 sacro
804 3659 1007 3731 genuit
1038 3678 1211 3733 quem
1234 3663 1551 3717 Pneumate
1573 3663 1769 3735 Virgo.

300 3742 408 3798 Cur
436 3760 564 3800 non
588 3750 829 3816 exultas,
855 3748 1059 3821 opibus
1084 3766 1210 3824 quas
1231 3752 1404 3821 plena
1428 3751 1724 3806 redundes
1745 3751 1774 3807 ?

300 3829 462 3896 Quod
490 3851 675 3909 super
704 3840 855 3894 astra
887 3840 1058 3909 volat,
1101 3838 1373 3913 quicquid
1405 3838 1582 3894 maris
1616 3840 1773 3895 unda

1330 3928 1662 4001 [ministrat,

302 4010 389 4069 Sic
413 4013 560 4088 quid
590 4015 1123 4087 gignitbumus,ti55
1136 4017 1599 4090 suppeditaturin
1622 4036 1771 4075 usus.

878 4121 1064 4161 AUGIA.

301 4190 420 4258 Fili,
453 4194 604 4266 quid
629 4194 926 4267 loqueris?
956 4213 1100 4269 puer
1129 4213 1210 4264 es,
1250 4196 1495 4268 puerilia
1526 4196 1685 4255 dicis.

304 4279 449 4343 Quid
483 4300 586 4337 me
614 4284 801 4337 vexari
840 4285 993 4339 luctu
1020 4285 1283 4340 mentiris
1314 4286 1474 4340 inani
1500 4285 1528 4339 ‘?

306 4368 445 4426 Cum
464 4388 565 4426 me
585 4370 888 4443 despiciato
899 4390 1139 4446 sponsus
1150 4375 1448 4448 solamque
1462 4374 1775 4446 relinquat,
1797 4355 1850 4416 D

303 4460 426 4514 Acsi
448 4460 769 4532 captivam,
802 4463 959 4518 nullo
991 4464 1273 4537 solamine
1296 4463 1526 4519 fultam.

918 4568 1086 4607 POETA
1094 4591 1107 4606 ο

306 4637 375 4691 Ut
401 4653 535 4693 mos
551 4641 641 4693 est
669 4654 849 4712 puero
873 4639 917 4694 si
936 4657 1089 4695 nunc
1109 4640 1356 4713 puerilia
1380 4641 1529 4709 dico,

311 4724 401 4780 Est
446 4727 597 4782 mihi
650 4727 981 4798 dicendum,
1012 4731 1170 4784 nulla
1202 4728 1433 4784 racione
1463 4728 1780 4797 silendum,

309 4815 643 4889 Numquam
665 4817 934 4873 femineis
954 4818 1109 4874 credi
1140 4819 1351 4874 debere
1373 4816 1647 4889 querelis;

311 4904 419 4959 Sed
448 4906 522 4963 de
553 4922 668 4978 quo
692 4906 887 4978 sperni
918 4906 1163 4963 videaris
1193 4906 1373 4978 prode
1396 4906 1655 4977 roganti.

920 5012 1105 5053 AUGIA.

314 5084 521 5153 Credo,
554 5085 636 5140 tui
678 5084 868 5141 cordis
911 5101 1028 5140 non
1084 5088 1171 5141 est
1219 5083 1580 5159 presumptio
1620 5084 1777 5141 talis:

310 5174 512 5230 Nescio
532 5175 634 5232 sed
653 5174 818 5248 cujus
840 5174 1120 5230 solamine
1152 5178 1310 5230 tutus
1336 5174 1503 5242 alius,

1866 2769 1933 2822 45

1790 3031 1837 3090 C

1870 3301 1940 3355 50

1884 4997 1951 5052 65

1788 1709 1840 1769 B
1867 1707 1933 1760 35
2009 1706 2378 1779 Blasphemas
2391 1707 2567 1761 audes
2595 1723 2688 1763 me
2715 1711 2919 1763 contra
2934 1707 3165 1766 mittere
3180 1726 3368 1767 voces.

2012 1795 2135 1849 Non
2166 1797 2363 1851 tamen
2392 1796 2502 1850 hoc
2527 1795 2727 1864 miror,
2759 1812 2893 1851 cum
2919 1812 3129 1870 sponso
3161 1803 3356 1873 spreta
3384 1815 3477 1856 re-

3096 1887 3369 1961 [linquor,

2006 1971 2089 2027 Me
2117 1971 2287 2027 vilem
2318 1972 2490 2045 precii
2520 1972 2775 2029 retinent
2790 1990 2905 2047 quo
2927 1974 3124 2046 judice
3154 1977 3368 2035 cuncti.

2011 2060 2124 2116 Sed
2155 2078 2272 2116 non
2304 2077 2429 2117 sum
2460 2061 2620 2117 vanis
2648 2061 2857 2117 mulier
2896 2063 3155 2120 clamosa
3203 2066 3474 2138 querelis,

2012 2148 2285 2203 Perfecta:
2316 2147 2450 2203 fidei
2481 2148 2607 2204 volo
2632 2149 2729 2221 qui
2757 2157 2778 2193 ⁷
2818 2151 3193 2207 succumbere
3233 2152 3368 2225 legi,

2009 2237 2254 2291 Pulcher
2264 2237 2576 2308 apostolico
2591 2254 2765 2310 quam
2790 2238 2989 2294 laudat
3005 2240 3278 2312 dogmate
3296 2258 3474 2298 sermo

2008 2323 2243 2379 Dicens:
2296 2348 2324 2375 «
2366 2325 2463 2379 Vir
2492 2325 2621 2381 talis
2650 2326 2749 2399 qui
2777 2343 2895 2382 non
2927 2327 3099 2382 datur
3122 2344 3243 2383 esse
3269 2329 3474 2400 ﬁdelis,

2011 2414 2191 2469 Debet
2223 2414 2426 2467 salvari
2454 2413 2632 2469 fretus
2653 2415 2894 2470 muliere
2912 2416 3069 2470 ﬁdeli
3100 2417 3201 2490 (5).
3238 2439 3265 2466 ››

2008 2500 2077 2554 Et
2101 2501 2291 2555 veniet
2316 2505 2546 2575 tempus
2573 2504 2807 2575 quando
2835 2504 3087 2561 devictus
3129 2508 3351 2562 amicus

2011 2589 2270 2661 Languet
2312 2607 2511 2647 amore
2539 2607 2701 2661 meo;
2735 2596 2980 2662 remeat,
3003 2595 3337 2668 stabilisque
3358 2613 3459 2652 ma

3160 2685 3373 2755 [nendo

2010 2767 2441 2839 Congaudendo
2473 2785 2588 2824 sum
2626 2785 2728 2824 sua
2763 2770 2915 2825 tollit
2967 2772 3181 2842 gaudia
3232 2789 3477 2847 sponsa.

2007 2856 2204 2930 Tuque
2232 2857 2313 2911 tui
2346 2857 2584 2925 similes,
2620 2861 2750 2928 post
2778 2857 2997 2913 fcedera
3028 2862 3477 2933 tanta,calones,

2010 2944 2131 3000 Non
2162 2945 2293 3001 estis
2324 2945 2448 3001 ausi
2478 2961 2574 3001 me
2602 2962 2737 3001 voce
2768 2948 3046 3002 lacessere
3063 2950 3236 3020 turpi.

2550 3052 2739 3091 roera.
3243 3032 3255 3041 ’

2013 3122 2117 3187 Qui
2146 3124 2248 3179 sub
2269 3123 2400 3195 jure
2435 3127 2532 3179 tuo
2569 3124 2758 3179 servili
2789 3125 3070 3198 compede
3101 3124 3248 3195 vivo,

2012 3212 2225 3280 Debeo,
2258 3212 2301 3267 si
2330 3212 2541 3281 merui,
2566 3217 2621 3268 te
2646 3213 3002 3284 prccipiente
3034 3212 3192 3269 feriri
3217 3230 3231 3283 ;

2010 3298 2154 3355 Nam
2186 3300 2353 3356 decet
2384 3303 2448 3356 ut
2479 3301 2731 3374 propriis
2764 3301 3084 3357 dicionibus
3113 3302 3238 3375 ipsa
3252 3299 3480 3373 fruaris,

2009 3390 2195 3461 Atque
2220 3389 2479 3462 regenda
2511 3404 2677 3462 regas
2703 3393 2789 3458 tu,
2821 3406 2940 3446 non
2986 3391 3176 3447 aliena
3205 3393 3479 3465 potestas.

2616 3492 2805 3534 AUGIA.

2011 3565 2136 3621 Non
2167 3565 2357 3622 aliena
2385 3565 2526 3621 mihi
2557 3568 2797 3640 possunt
2825 3566 2948 3623 hinc
2963 3566 3101 3640 jura
3130 3567 3331 3638 videri,

2012 3654 2077 3708 In
2100 3653 2306 3726 quibus
2336 3653 2461 3725 ipsa
2504 3657 2713 3729 potens
2738 3671 2867 3710 sum
2917 3656 3113 3727 sponsi
3136 3661 3362 3732 sceptra
3386 3673 3480 3715 ca-

3101 3744 3376 3817 [pescens,

2011 3834 2259 3890 Tantum
2296 3832 2341 3888 si
2373 3831 2643 3887 stabilem
2671 3848 2902 3888 mecum
2923 3832 3177 3888 retinere
3224 3835 3480 3892 valerem

2016 3922 2175 3977 Hunc
2202 3924 2623 3995 preceptorem,
2666 3920 2941 3999 virtutum
2974 3920 3116 3977 ﬂore
3171 3923 3481 3993 nitentem,

1999 4010 2106 4076 Qui
2120 4010 2261 4065 mihi
2274 4012 2427 4066 totus
2439 4026 2606 4065 amor
2616 4012 2843 4064 saceret
2856 4009 3273 4065 moderaminis
3286 4014 3486 4066 auctor

2018 4099 2228 4167 Claret,
2256 4102 2569 4171 propterea
2607 4098 2728 4152 sine
2759 4112 2872 4169 quo
2895 4114 3014 4152 non
3044 4099 3132 4152 est
3160 4097 3303 4153 mihi
3327 4098 3482 4170 vita;

2018 4188 2161 4243 Nam
2184 4187 2303 4242 sitis
2316 4187 2448 4265 igne
2467 4186 2563 4259 pio
2586 4184 2771 4258 magis
2787 4202 2928 4241 uror
2939 4202 3187 4259 cumque
3202 4186 3478 4244 bibendo.

2577 4291 2764 4331 POETA.

2019 4369 2160 4424 Cum
2189 4368 2359 4423 stulte
2389 4365 2529 4421 fusis
2556 4381 2590 4420 a
2616 4380 2711 4419 me
2741 4365 2816 4420 sis
2847 4364 2970 4422 lesa
3000 4366 3270 4439 loquelis,

1878 4462 1947 4515 60
2016 4458 2271 4515 Territus
2317 4455 2453 4511 inde
2486 4470 2647 4510 meus
2672 4453 2845 4528 coepit
2898 4454 3483 4534 decrescerejsensus,

2017 4548 2183 4603 Acad
2212 4543 2607 4619 quaaloqueris
2628 4543 2772 4598 mihi
2800 4544 2974 4600 surdo
2988 4561 3107 4601 non
3126 4547 3285 4618 patet
3310 4547 3483 4603 auris.

2022 4632 2816 4707 Fac,rogo,quapropter,tibi
2836 4633 2991 4706 quod
3005 4634 3287 4706 sapientia
3302 4638 3490 4691 mater

2024 4725 2333 4782 Suadeudo
2361 4723 2586 4795 jubeat,
2636 4720 2791 4776 sonti
2822 4725 2921 4778 tua
2966 4721 3202 4778 dextera
3237 4728 3438 4795 parcat
3470 4743 3485 4795 ;

2022 4816 2086 4870 In
2116 4813 2297 4870 veniae
2329 4811 2495 4868 donis
2523 4810 2667 4866 mihi
2696 4810 2770 4864 sit
2789 4809 3076 4884 correptio
3109 4810 3308 4869 dulcis.

2592 4914 2781 4955 AUGIA.

2026 4994 2159 5049 Esto
2181 5007 2435 5060 securus,
2467 4987 2753 5063 quoniam
2784 4987 3066 5059 patientia
3094 4988 3276 5047 virtus

2022 5083 2106 5139 Me
2142 5080 2337 5137 docuit
2375 5095 2525 5135 veras
2553 5085 2577 5121 ⁸
2611 5075 2860 5133 convitia
2904 5093 3180 5150 spernere
3224 5094 3485 5153 queque;

2020 5169 2281 5227 Rebusin
2293 5166 2540 5225 adversis
2552 5182 2658 5223 nec
2669 5164 3486 5240 abessentprospera’mentis,

1486 5271 1722 5327 VABUE
1761 5267 2161 5327 LECTIONES.

253 5378 269 5413 ι
297 5373 605 5430 humillam
632 5392 680 5429 c.
712 5383 762 5447 ﬂ!
788 5373 911 5445 lim:
938 5374 1160 5446 pagina:
1184 5376 1272 5429 7i.
1307 5372 1521 5447 I_’ag_i_na
1544 5372 1794 5447 sequenti
1808 5365 2281 5447 picturagosf‘cndit
2303 5362 2628 5447 quomodaa‘
2655 5364 2882 5447 rugiens
2903 5370 3082 5436 pcata
3113 5381 3144 5415 »
3170 5368 3330 5447 terra
3347 5379 3487 5447 pro:

193 5447 365 5518 {cuius
391 5447 637 5516 Augiam
664 5432 971 5518 alloq'uz’tuﬂ
993 5432 1258 5518 ιῖαεεςρηις
1392 5432 1583 5497 Μανία
1614 5432 1688 5500 ν.
1713 5432 1836 5518 cani
1861 5442 2070 5518 infante
2101 5432 2353 5518 Chr-isto,
2366 5437 2708 5518 adstantibus
2741 5432 3321 5518 Witig'oiooaeabbale'
3334 5432 3394 5518 ,ἐξ
3409 5432 3481 5515 ,8.

191 5508 433 5589 Phintia
458 5504 727 5589 episcopo,-
760 5504 873 5572 t‘am
888 5504 1065 5588 [ni-9a
1086 5535 1106 5571 :
1137 5515 1363 5587 Incipit,
1395 5522 1500 5572 etc.
1555 5523 1577 5557 ⁸
1605 5531 1707 5569 vox
1734 5504 1926 5569 decstf
1957 5523 1977 5553 ι
2005 5510 2284 5568 Αιιιωοίω
2317 5507 2485 5563 deIela
2516 5525 2551 5564 a
2578 5525 2627 5568 c.
2691 5515 2711 5550 ⁸
2742 5507 2779 5563 ἰ.
2807 5523 2854 5562 c.
2887 5506 2992 5563 tui.
3050 5513 3073 5550 ο
3100 5507 3179 5563 ita
3206 5522 3254 5563 σ.
3284 5504 3483 5560 diuit-

195 5587 308 5650 wit.
354 5595 376 5630 τ
398 5587 554 5645 ita’c.
608 5587 693 5645 θ’ἱ.
724 5606 770 5645 c.
803 5587 957 5647 vere.
1024 5597 1046 5631 ο
1075 5603 1311 5660 prosera
1335 5604 1383 5641 c.

1722 5681 1950 5739 NOTAE.

259 5788 329 5861 (5)
358 5784 393 5843 ι
416 5784 556 5846 Cor.
586 5801 680 5859 vn,
719 5786 808 5843 14.
