3876 6172
440 365 543 422 355
1505 358 1907 416 PURCHABDI
1944 358 2255 417 MONACHI
2296 354 2676 418 AUGIENSIS.
3446 440 3456 449 .
3585 371 3673 431 356

587 489 647 545 Si
674 504 914 561 sponsus
945 486 1133 541 solum
1160 486 1329 541 vellet
1352 485 1456 541 sibi
1491 485 1678 541 vivere
1709 502 1941 541 mecum
2069 498 2124 556 Α
2293 486 2569 553 Inventus,
2603 486 2798 541 mundo
2822 487 2916 559 qui
2932 494 3254 542 conversetur
3281 491 3331 542 in
3361 492 3467 559 isto,

590 573 1177 643 Continuus,stabilis,
1193 590 1479 647 nusquam
1502 574 1799 646 pergendo
1828 574 2043 630 localis.
2290 575 2437 630 Talis
2448 576 2531 629 vel
2557 583 2753 643 tantus,
2786 576 3072 629 virtutibus
3093 577 3309 649 undique
3324 583 3501 649 septas,

1129 680 1317 718 POETA.
2301 664 2371 718 Ut
2387 683 2579 734 pacem
2609 668 2835 735 capiam,
2860 667 2949 719 cui
2966 671 3103 718 certo
3121 666 3304 734 [cedere
3322 666 3519 734 nubem,

442 757 511 812 70
583 755 665 809 De
697 753 913 826 pietate
948 756 1049 808 tua
1076 753 1396 819 conﬁdens,
1430 750 1652 806 obtima
1681 750 1920 818 domna,
2265 754 2442 825 Alque
2469 756 2667 825 fugans
2697 755 2864 807 hostes
2880 754 3025 807 nobis
3049 755 3305 826 hucusque
3321 768 3555 823 nocentes,

583 845 662 898 EX
677 843 765 898 his
794 860 922 915 quae
955 842 1069 897 dili
1090 840 1316 897 veniam
1342 857 1437 895 me
1468 856 1632 912 posse
1660 839 1894 906 mereri,
2152 851 2249 903 125
2296 846 2484 900 Robur
2520 846 2736 897 virtutis
2770 845 2947 913 sponsi
2956 848 3104 911 gerat
3132 846 3234 912 ipse
3254 846 3457 913 prioris.

582 933 719 996 01183
741 948 895 986 nunc
921 931 1125 1002 ignoro
1160 930 1230 985 de
1244 933 1299 984 te
1330 928 1663 1001 perquirere
1689 930 1933 1000 ιοηιριο.
2284 936 2440 988 Tunc
2454 931 3178 1002 moustrabatur,quinunc
3191 947 3465 1002 superesse
3478 932 3688 1001 videtur,

561 1020 659 1076 Dic
673 1015 2040 1091 mihi,Ruodmannipestfunera,patrisamandi,
2286 1024 2381 1077 Vir
2412 1021 2610 1091 magni
2645 1019 2862 1087 meriti,
2904 1018 3231 1073 laudamine
3256 1021 3689 1091 congruusomni,

583 1108 688 1173 Οιιὶ
720 1109 1074 1164 diversorum
1097 1106 1202 1162 tibi
1228 1107 1391 1161 dotes
1420 1107 1576 1161 auxit
1599 1107 1911 1171 honorum,
2289 1111 2513 1167 Christo
2553 1109 2813 1172 dilectus,
2861 1109 3109 1162 domnus
3136 1106 3420 1179 Witigowo
3470 1112 3689 1175 vocatus,

437 1203 505 1255 75
580 1198 693 1253 Sed
718 1214 823 1270 pro
855 1199 1041 1252 morte
1064 1211 1167 1250 sua
1194 1194 1442 1250 viduatis
1470 1195 1723 1250 vestibus
1753 1210 1874 1261 usa,
2286 1200 2447 1254 Ulilis
2477 1198 2538 1253 in
2578 1198 2796 1269 lingua,
2833 1196 2920 1251 cui
2966 1199 3163 1250 sancta
3190 1196 3400 1268 sophya
3434 1197 3691 1268 magistra.

583 1286 732 1351 Οιιίά
746 1286 819 1341 Sil
845 1284 1000 1358 quod
1028 1283 1297 1339 thalamis
1327 1283 1541 1338 iterum
1571 1283 1792 1338 sociata
1808 1279 2038 1347 fruaris;
2146 1292 2247 1345 130
2294 1290 2527 1343 Fecerat
2556 1289 2707 1340 hunc
2748 1285 2908 1340 omni
2936 1284 3235 1339 doctorem
3265 1284 3456 1338 celitus
3475 1283 3604 1351 orbi,

582 1374 721 1439 Quis
756 1375 845 1428 vel
872 1374 1133 1447 quantus
1182 1372 1313 1440 erit,
1354 1389 1529 1444 quem
1582 1372 1661 1426 sic
1714 1374 1844 1425 tuus
1896 1366 2043 1439 ignis

2284 1378 2350 1432 Et
2366 1378 2519 1432 bona
2536 1392 2663 1447 qua:
2678 1374 2862 1430 verbis
2874 1373 3188 1442 docet,l1aec
3204 1373 3337 1427 colit
3350 1373 3698 1433 omniafactis.

1702 1458 1935 1524 [ﬂdUPiL
2286 1465 2501 1519 Nullius
2521 1465 2802 1535 plectrum
2833 1462 3068 1533 linguae,
3097 1479 3213 1516 non
3245 1478 3457 1532 organa
3501 1478 3695 1529 vocum,

580 1554 693 1606 Aut
721 1552 952 1624 quando
983 1550 1161 1604 taedas
1189 1548 1615 1617 celebrastidic,
1649 1554 2042 1621 rogo,tantas?
2283 1556 2395 1608 Nec
2425 1570 2553 1625 quin
2584 1553 2655 1606 de
2684 1551 2845 1606 factis
2875 1553 3110 1605 resonat
3137 1550 3414 1621 scriptura
3430 1550 3615 1616 beatis,

580 1641 717 1706 Quae
744 1641 822 1695 sic
852 1641 1109 1696 obscurae
1137 1655 1230 1693 me
1262 1642 1398 1693 tunc
1420 1641 1660 1693 tenuere
1689 1640 1932 1709 latebra,
2286 1643 2567 1696 Enarrare
2598 1641 2747 1694 valet
2789 1641 2971 1711 pietas
3014 1654 3190 1709 quam
3242 1638 3485 1692 maxima
3512 1640 3703 1691 constet

437 1732 505 1788 80
580 1729 745 1796 Quod
770 1746 889 1785 non
916 1744 1013 1784 me
1027 1727 1211 1782 tantis
1241 1726 1460 1781 licitum
1489 1727 1598 1782 fuit
1618 1728 1819 1785 adfore
1840 1731 1997 1785 festis
2016 1732 2044 1786 ‘?
2146 1734 2246 1787 135
2274 1732 2410 1787 lluic
2425 1728 2659 1785 domino
2673 1728 2841 1800 patri,
2857 1727 3252 1799 quitemplum
3267 1725 3707 1781 Pneumatisalmi

1151 1832 1335 1871 AUGIA.
2067 1809 2120 1868 Β
2286 1821 2509 1886 Factus,
2539 1817 2745 1873 divina:
2782 1817 2945 1871 sedes
2967 1818 3055 1870 est
3085 1818 3259 1888 atque
3290 1815 3519 1886 sophiae.

582 1908 709 1963 Hinc
734 1907 779 1962 si
811 1923 979 1963 nosse
1026 1904 1186 1973 velis,
1210 1905 1505 1977 penetrale
1536 1905 1779 1962 revisere
1829 1907 2041 1963 mentis
2281 1910 2423 1965 Hinc
2446 1923 2675 1979 quoque
2706 1904 2926 1959 consilii
2952 1904 3185 1975 capiens
3212 1902 3530 1957 munimina
3564 1899 3710 1965 tanti,

570 1997 647 2051 Te
666 1997 843 2068 jubeo
871 2013 885 2063 ;
918 1994 1243 2067 pateattibi
1274 1994 1430 2066 quod
1457 2010 1590 2050 mea
1611 1995 1782 2050 dictio
1816 1996 2032 2052 firmat.
2283 2000 2391 2052 Per
2412 1997 2604 2067 regale
2626 1994 2970 2063 datum,per
2992 1991 3446 2064 pontiﬁcumque
3459 1992 3711 2052 senatum,

576 2085 741 2151 Quod
769 2102 865 2140 me
890 2083 1369 2156 conjugisitcrato
1390 2083 1606 2139 laedere
1637 2085 1825 2139 cernis
2279 2086 2506 2140 Talibus
2531 2085 2711 2138 electo
2744 2081 2965 2137 meritis
2991 2097 3117 2135 sum
3154 2079 3368 2134 tradita
3399 2094 3616 2150 sponso,

570 2176 866 2241 Innexam,
906 2174 1020 2227 vita
1044 2176 1352 2243 postquam
1380 2171 1648 2243 privabar
1682 2176 1876 2226 amata
2143 2177 2244 2231 140
2277 2174 2382 2238 Qui
2405 2174 2575 2227 decus
2607 2187 2783 2225 omne
2817 2168 2956 2224 mibi
2980 2169 3183 2223 retulit
3205 2184 3339 2224 mox
3364 2163 3714 2229 doterecenti;

433 2265 498 2319 85
574 2262 944 2319 Ruodmanni
974 2260 1175 2332 patris,
1206 2260 1348 2313 mibi
1380 2260 1477 2330 qui
1517 2261 1760 2331 largitor
1801 2262 2039 2317 honoris
2282 2263 2413 2334 Ejus
2443 2262 2582 2334 quin
2617 2265 2805 2316 totum
2832 2259 2933 2313 sub
2962 2259 3165 2313 dextro
3191 2258 3323 2329 jure
3348 2256 3628 2312 sinistrum

572 2350 835 2422 Augebat
855 2349 1018 2404 dotes
1048 2349 1150 2402 sub
1175 2364 1316 2419 gaza
1346 2346 1519 2402 divite
1547 2349 1789 2420 pollens,
2284 2351 2587 2413 Deﬁciens,
2622 2350 2680 2403 in
2712 2365 2805 2403 me
2848 2348 3069 2402 nullam
3113 2346 3236 2401 vim
3277 2348 3469 2419 posset
3512 2343 3719 2409 habere,

575 2439 645 2493 Ut
674 2454 746 2492 ne
779 2437 1005 2491 mireris
1032 2453 1137 2507 per
1152 2436 1305 2490 dicta
1333 2435 1526 2489 futura
1552 2438 1824 2493 moneris.
2283 2442 2407 2510 ipse
2430 2438 2844 2511 domﬁmccum
2872 2436 2917 2489 si
2949 2436 3119 2489 vellet
3147 2435 3337 2489 vivere
3363 2436 3602 2498 tantum,

578 2527 722 2581 Nam
743 2542 838 2579 me
869 2542 1001 2579 cum
1032 2526 1236 2592 solam,
1272 2525 1430 2579 nullo
1462 2526 1723 2593 custode,
1777 2528 2039 2582 relictam
2284 2531 2355 2584 Ut
2379 2529 2501 2599 jam
2534 2525 2817 2598 precinui,
2843 2541 3070 2580 cessans
3100 2523 3239 2578 hinc
3264 2523 3401 2578 inde
3432 2519 3633 2593 vagari.

578 2614 873 2670 Sentirent
908 2613 1176 2668 homines
1204 2613 1307 2668 sub
1334 2613 1533 2684 iniqua
1560 2617 1720 2685 peste
1770 2616 2036 2686 latentes,
2846 2631 3034 2668 POETA.

436 2704 505 2761 90
579 2705 641 2758 in
660 2703 1117 2772 me,nulluserat
1132 2702 1267 2774 quia
1290 2702 1690 2770 vindex,arma
1703 2706 2037 2775 movebant,
2143 2708 2242 2762 145
2277 2704 2414 2771 Quin
2442 2704 2617 2759 modo
2638 2703 2907 2759 dicuntur
2935 2703 3006 2757 de
3033 2704 3111 2769 te,
3135 2700 3185 2755 si
3207 2700 3384 2756 firma
3412 2698 3729 2773 probantur,

572 2793 762 2848 Rebus
787 2809 881 2847 me
907 2790 1129 2864 patriis,
1157 2789 1366 2846 eversis
1385 2790 1646 2845 funditus
1676 2793 1844 2860 arvis,
2279 2794 2555 2850 Tristibus
2585 2791 2822 2864 abjectis
2854 2791 3018 2846 decet
3074 2793 3139 2844 ut
3172 2789 3367 2861 magis
3397 2789 3517 2861 ipsa
3545 2783 3731 2841 fruaris

573 2878 889 2949 Privantes,
920 2882 1108 2935 tractu
1136 2879 1241 2935 sub
1272 2879 1490 2951 predaa,
1520 2879 1710 2935 ﬂebile
1738 2880 1926 2936 dictu!
2281 2882 2532 2950 Lmticia,
2555 2881 2813 2936 munitor
2835 2879 2997 2950 cujus
3027 2882 3233 2933 manet
3254 2878 3363 2933 iste
3396 2879 3642 2944 senator,

574 2969 970 3043 IEquabat'que
999 2969 1119 3024 solo
1150 2983 1246 3023 me
1272 2970 1534 3024 sternens
1565 2968 1690 3023 dira
1724 2970 1929 3042 cupido
2275 2971 2485 3026 Tantas
2512 2971 2600 3025 vel
2630 2972 2775 3024 tales
2801 2968 2961 3039 cujus
2985 2967 3100 3022 fert
3126 2966 3284 3021 actio
3313 2965 3530 3021 laudes.

573 3060 831 3151 Illorum,
864 3057 1162 3151 quondam
1190 3056 1312 3111 coeli
1340 3072 1516 3151 super
1542 3059 1696 3112 astra
1756 3059 2031 3114 levatam.
2057 3090 2105 3151 α
2278 3060 2548 3133 Sedquos
2560 3059 2756 3113 flendo
2770 3056 2927 3112 canis
2938 3055 3146 3128 grandi
3161 3055 3510 3127 gemituque
3525 3048 3740 3108 revolvis

432 3150 499 3205 95
571 3146 910 3202 Ambicione
935 3145 1061 3217 pari
1088 3161 1315 3200 necnon
1337 3144 1398 3199 in
1427 3148 1659 3215 pectore
1688 3146 1863 3217 capti,
2066 3144 2105 3151 “
2137 3152 2239 3205 150
2276 3148 2455 3203 Motus
2481 3147 2773 3202 instabiles
2791 3145 2840 3217 ej
2852 3163 2913 3200 us
2942 3161 3293 3217 gressusque
3321 3145 3614 3216 vagantes,

574 3235 782 3292 Predia
805 3235 908 3290 sub
934 3233 1144 3307 scripto
1163 3232 1304 3288 mihi
1325 3233 1812 3304 traditatempore
1824 3235 2031 3306 prisco.
2278 3238 2345 3292 Ni
2370 3238 2559 3305 fallor,
2592 3236 2785 3303 credo,
2811 3233 2986 3290 dubia
3002 3250 3108 3288 nec
3142 3236 3355 3289 mente
3382 3229 3651 3296 recondo,

576 3325 663 3379 Nil
692 3323 801 3379 sibi
824 3321 1069 3394 justiciaa
1094 3324 1407 3385 servantes,
1440 3320 1767 3377 obtinuere.
2285 3326 2418 3398 Ejus
2439 3324 2737 3398 pergentis
2750 3340 2869 3379 non
2887 3339 2946 3378 se
2975 3338 3067 3377 res
3089 3322 3254 3377 ducit
3286 3320 3481 3377 inanis
3511 3337 3525 3388 ;

570 3412 799 3468 Talibus
827 3413 886 3466 in
924 3411 1086 3465 furiis
1115 3410 1353 3481 impune
1380 3410 1702 3465 furentibus
1728 3410 1858 3469 illis.
2275 3417 2378 3484 Tu,
2408 3420 2528 3471 tam
2568 3414 2869 3471 continuus
2904 3429 3018 3484 quo
3070 3412 3283 3467 tendat
3321 3408 3598 3467 transitus
3640 3402 3748 3475 ejus

576 3501 710 3557 Sedi
734 3500 1062 3571 deplorans,
1081 3502 1281 3568 pectus
1303 3498 1686 3570 manibusque
1700 3499 2033 3566 cruentans;
2278 3506 2382 3561 Dio
2414 3503 2731 3577 inquirenti
2763 3505 2993 3557 tantum
3024 3501 3264 3557 ratione
3289 3499 3541 3574 patenti,

439 3594 543 3648 100
571 3589 1225 3659 Namfuitaugmentum
1243 3586 2036 3658 luctusgeminatamalorum
2141 3598 2239 3651 155
2276 3595 2464 3650 Mente
2477 3610 2589 3666 que
2629 3610 2743 3665 qua
2768 3591 2923 3647 vadit
2939 3605 3030 3645 res
3047 3590 3473 3663 protinusipsa
3501 3579 3754 3660 probabit

574 3679 729 3746 Sors,
761 3678 932 3732 funus
963 3677 1162 3749 patris,
1193 3675 1531 3749 funestaque
1560 3677 1745 3747 preda
1768 3676 2030 3732 latronis.
2855 3696 3040 3735 suam.

572 3768 687 3824 Sed
711 3770 909 3822 tamen
940 3781 971 3819 e
1000 3766 1163 3819 tanto
1176 3764 1494 3819 tractabam
1522 3763 1774 3836 plurima
1792 3765 2029 3820 damno.
2279 3774 2472 3828 Pulsat
2496 3788 2631 3844 sepe
2652 3771 2803 3826 viam
2836 3770 3059 3825 diverso
3089 3770 3341 3826 tramite
3372 3767 3575 3824 tritam

571 3860 726 3913 Inter
744 3858 830 3910 ἰοὶ
859 3871 1021 3910 088118
1051 3853 1320 3908 defensor
1347 3869 1479 3907 cum
1498 3853 1641 3908 mihi
1668 3856 1855 3909 minus
2258 3862 2719 3933 Circumquaque
2730 3874 2904 3930 vagus
2916 3859 3184 3914 meusbic
3200 3876 3313 3931 per
3326 3858 3500 3914 devia
3510 3866 3754 3929 sponsus.

572 3948 781 4015 Staret:
813 3961 927 4017 (Ιυο
957 3943 1134 3998 talem
1160 3958 1388 4014 Possem
1426 3959 1696 4014 superare
1748 3944 2027 3999 laborem-
2273 3950 2474 4023 Sepius
2490 3948 2562 4003 ad
2579 3965 2780 4020 regem
2801 3964 3030 4002 cursum
3046 3950 3365 4004 tenetecce
3378 3945 3757 4019 frequentem;

432 4041 531 4096 105
574 4038 868 4093 Devenere
896 4031 1013 4087 mei
1040 4031 1269 4086 turbato
1301 4030 1475 4086 corde
1506 4032 1696 4086 coloni
2276 4040 2398 4104 Quo
2428 4055 2532 4111 per
2563 4038 2884 4093 multorum
2928 4038 3186 4092 morulas
3218 4036 3525 4093 tardando
3549 4034 3759 4089 dierum

568 4125 747 4182 Α.οοίῐί
777 4125 847 4179 de
870 4139 964 4178 me
991 4130 1057 4189 ¹⁰,
1092 4120 1236 4175 mihi
1263 4121 1683 4193 consiliumque
1707 4121 1923 4177 dedere
2138 4130 2240 4184 160
2280 4126 2618 4199 Congaudet
2642 4126 2787 4198 regi,
2822 4125 2961 4198 quia
2982 4126 3318 4181 collaatatur
3368 4129 3430 4180 et
3461 4122 3568 4179 illi.

571 4216 741 4282 Utile,
771 4212 925 4285 quod
950 4210 1130 4282 signis
1152 4210 1298 4264 ratio
1337 4210 1610 4264 ﬁrmabat
1647 4210 1879 4283 apertis.
2260 4218 2403 4271 Nam
2420 4233 2552 4271 cum
2565 4215 2958 4287 doctiloquum
2974 4214 3271 4286 sapientia
3282 4211 3763 4284 conderetipsum

570 4304 840 4359 Nostrum
869 4316 1243 4356 communem
1272 4315 1409 4354 nam
1429 4316 1523 4354 me
1537 4299 2032 4372 replicantelabo-
2275 4305 2493 4361 Dicitur
2523 4321 2586 4359 os
2616 4302 2790 4375 regis,
2845 4304 3199 4374 populorum
3261 4303 3482 4375 lingua
3511 4296 3763 4362 salubris,

1750 4392 1917 4461 [rem,
2056 4378 2109 4436 D
2274 4395 2431 4449 Inter
2460 4392 2772 4448 catholicas
2820 4392 3038 4463 primas
3079 4392 3393 4449 rutilando
3437 4394 3765 4451 columnas;

568 4484 919 4555 lllorumque
949 4482 1064 4535 mei
1084 4496 1188 4551 per
1219 4496 1381 4534 casus
1412 4480 1630 4536 damna
1660 4479 1878 4535 videri:
2277 4485 2497 4554 Regum
2512 4482 3073 4550 rectores,comitum
3088 4482 3468 4555 docetatque
3482 4479 3763 4536 cohortes.

431 4576 532 4635 110
566 4574 749 4630 Mater
762 4570 1015 4633 consiliis,
1048 4568 1336 4635 dicebant.
1368 4575 1513 4622 utere
1544 4571 1756 4623 nostris.
2135 4577 2233 4629 165
2265 4574 2421 4643 Rege
2442 4572 2707 4644 jubente,
2742 4571 2857 4626 suis
2886 4575 3095 4642 parent
3124 4570 3311 4627 simul
3345 4571 3564 4627 omnia
3595 4567 3770 4625 dictis.

568 4664 861 4735 Exagitent
879 4661 993 4715 lites
1015 4660 1129 4712 site
1154 4656 1373 4728 bellique
1398 4658 1631 4728 furores,
2279 4662 2492 4715 Contra
2520 4662 2664 4716 velle
2699 4676 2865 4715 suum
2897 4676 2957 4714 se
2998 4660 3165 4715 vertit
3192 4677 3389 4717 nemo
3427 4664 3770 4720 retrorsum;

565 4755 683 4811 Nec
713 4752 812 4807 tibi
837 4766 929 4803 nec
943 4748 1091 4803 nobis
1120 4745 1323 4801 nullius
1352 4763 1558 4804 summa
1582 4747 1776 4804 salutis
2275 4752 2411 4807 Esse
2429 4768 2667 4807 manum
2685 4751 2837 4821 regis
2851 4766 2985 4805 nam
2995 4750 3157 4822 plebs
3176 4750 3349 4807 hunc
3372 4750 3651 4825 predicat
3668 4762 3779 4803 om-

560 4844 744 4910 Adsit,
774 4840 1005 4911 fautoris
1034 4854 1127 4890 nec
1156 4852 1268 4907 spes
1290 4836 1483 4892 solatia
1515 4836 1717 4904 dantis,
3540 4840 3672 4910 [nis-

572 4932 645 4990 Te
672 4931 842 5000 magis
853 4927 1113 4993 obtamus,
1152 4924 1293 4996 quod
1310 4924 1575 4980 honestius
1595 4942 1700 4983 esse
1706 4926 2024 4997 probamus,
2271 4930 2485 4988 Taliter
2513 4933 2607 4987 hic
2634 4932 2896 5001 tardans,
2936 4929 3174 5002 sceptris
3206 4930 3535 5003 regalibus
3568 4932 3779 4991 astans,

427 5027 526 5083 115
560 5021 710 5079 Huic
729 5017 1053 5089 desponsari,
1078 5014 1229 5087 cuius
1257 5014 1470 5070 dicione
1496 5018 1639 5071 tueri
2272 5024 2413 5077 Ecce
2435 5021 2592 5077 domi
2609 5038 2838 5094 sponsae
2854 5038 2972 5075 non
2991 5020 3111 5073 vult
3125 5034 3380 5075 memor
3399 5036 3532 5075 esse
3546 5018 3778 5074 relictas.

565 5111 761 5179 Possis,
795 5107 999 5179 raptori
1014 5121 1227 5159 maneas
1255 5120 1418 5177 quam
1438 5111 1627 5177 pastus
1651 5106 1827 5164 hianti
2134 5115 2236 5170 170
2254 5112 2511 5167 Tandem
2525 5109 2728 5182 sceptri
2736 5126 2934 5181 geram
2951 5125 3082 5163 cum
3096 5106 3306 5163 tardus
3321 5108 3787 5171 deseritaulam,

566 5202 671 5256 Res
689 5200 848 5254 etiam
876 5203 1073 5251 nostra:
1086 5197 1245 5267 cujus
1272 5197 1572 5252 munimine
1599 5197 1761 5253 salvae
2259 5202 2347 5257 Ad
2361 5200 2598 5274 patriam
2615 5199 2942 5268 rediens,de
2952 5214 3097 5253 mum
3115 5197 3461 5254 venitaller
3476 5203 3542 5254 ut
3554 5197 3785 5271 hospes,

568 5291 832 5346 Tuteutur
860 5286 1007 5340 nobis
1032 5284 1127 5339 sub
1150 5286 1305 5356 pacis
1332 5286 1464 5354 [lore
1473 5287 1693 5356 prioris.
2270 5291 2535 5347 Mansitat
2572 5292 2744 5361 atque
2776 5287 2921 5343 meis
2942 5304 3115 5342 exosa
3143 5289 3364 5342 mente
3394 5287 3514 5343 sub
3547 5287 3660 5343 alis

600 5380 762 5435 Hunc
780 5393 888 5449 ego
902 5374 1377 5448 conquirens,has
1389 5375 1532 5449 coepi
1551 5393 1821 5449 promere
1837 5393 2018 5433 voces:
2270 5380 2370 5435 Vix
2401 5394 2579 5435 unam
2601 5379 2857 5445 noctem,
2889 5374 3047 5449 quod
3072 5373 3227 5445 cogit
3262 5376 3574 5431 transitus
3607 5374 3787 5430 idem.

427 5474 531 5534 120
565 5470 762 5537 Dicite,
790 5466 963 5538 ﬁlioli,
985 5468 1039 5522 si
1060 5467 1142 5520 vir
1167 5471 1324 5539 queat
1346 5482 1483 5521 unus
1511 5466 1696 5522 haberi
2269 5470 2410 5525 Hinc
2440 5469 2653 5526 iterum
2684 5465 2830 5524 votis
2852 5464 3074 5539 capitur
3112 5479 3287 5523 mens
3339 5466 3436 5525 ire
3462 5463 3752 5536 volentis,

1727 5594 1956 5653 VARLE
2015 5595 2417 5656 LECTIONES.

495 5728 541 5767 ιο
570 5721 646 5776 ita
665 5735 711 5778 ο.
739 5715 1038 5793 distinguit.
