3876 6172
471 360 575 421 359
1536 354 1934 417 PURCHARDI
1986 358 2294 416 MONACHI
2345 356 2704 418 AUGIENSIS
3452 374 3463 381 '
3615 376 3703 433 360

1174 496 1359 536 suum.
2100 487 2155 546 Α
2191 486 2294 538 320
2334 484 2458 538 Una
2477 484 2643 538 beate
2674 482 2775 539 tibi
2798 487 3199 556 protomartyr,
3230 482 3512 556 Stcphane,
3538 491 3707 547 Christi

617 571 780 637 Quod
804 569 1095 642 deditipse
1119 569 1284 639 mihi,
1315 570 1645 626 licetessem
1664 568 2075 642 pectoretristi,
2329 572 2421 625 Est
2449 576 2659 641 erecta,
2689 589 2885 644 preces
2916 576 2976 627 ut
3005 575 3248 628 clemens
3274 573 3384 645 ipse
3412 581 3654 648 receptes,

612 662 745 716 Tale
767 660 876 715 fuit
924 660 1166 727 donum,
1202 677 1314 733 quo
1347 677 1465 715 non
1492 659 1805 731 preciosius
1854 659 2034 713 ullum
2062 675 2075 724 ;
2324 660 2473 725 Quas
2499 662 2839 717 devotorum
2856 662 2956 717 tibi
2980 662 3167 716 fundit
3192 663 3370 718 contio
3398 665 3613 720 fratrum

612 752 675 805 In
692 766 805 824 quo
832 749 1104 821 ponendo
1135 766 1319 821 spem,
1358 750 1516 804 nulla
1546 748 1760 820 pericla
1790 765 2026 820 pavesco
2062 764 2074 801 :
2320 751 2534 818 Altera,
2568 751 2859 818 Laurenti,
2897 751 3264 805 tibicernitur
3287 756 3448 824 atque
3476 752 3655 821 dicari,

472 843 583 901 275
620 841 729 896 Vas
749 839 1145 908 cristallinum,
1166 839 1373 894 Christi
1404 840 1473 895 de
1505 840 1785 912 sanguine
1818 840 2074 909 plenum.
2322 839 2400 892 Tu
2423 839 2589 893 simul
2612 843 2672 894 ut
2690 839 2829 894 votis
2860 844 2915 894 te
2943 840 3048 893 rite
3072 840 3421 910 precantibus
3448 840 3599 908 adsis,

582 988 585 991 _
1220 945 1408 984 poem.
2183 931 2283 982 325
2326 928 2387 981 In
2421 929 2613 983 medio
2641 946 2886 1001 quarum
2912 928 3224 999 Witigowo,
3243 946 3433 983 norma
3452 930 3720 989 bonorum.

614 1020 748 1077 Dico
780 1021 1047 1075 lastanter
1071 1036 1083 1073 :
1113 1018 1308 1074 Gaude
1326 1036 1501 1087 nunc,
1524 1016 1709 1089 Augia
1727 1021 1936 1086 mater,
2325 1016 2514 1071 Erexit
2542 1017 2750 1071 celsam
2770 1017 2968 1073 studiis
2992 1017 3332 1072 ferventibus
3350 1034 3517 1084 aram,

612 1108 844 1165 Munere
872 1125 980 1186 pro
1013 1108 1135 1177 tali,
1169 1124 1301 1163 cum
1328 1108 1402 1163 sis
1434 1107 1653 1163 felicior
1693 1106 1857 1162 omni
2328 1106 2484 1161 Hauc
2510 1124 2723 1162 ornans
2749 1108 2944 1162 tabula
2990 1108 3235 1179 gemmis
3277 1124 3513 1179 auroque
3557 1112 3727 1179 parata

610 1198 819 1255 Mundo
844 1216 858 1266 ;
897 1214 1073 1270 quam
1099 1196 1231 1253 felix
1263 1200 1347 1251 est
1376 1201 1434 1252 et
1461 1200 1589 1251 tuus
1614 1197 1707 1251 ille
1734 1196 1938 1263 fidelis,
2328 1194 2452 1259 Qua
2469 1196 2723 1250 Januarii
2756 1197 3117 1251 eoncluserat
3142 1212 3265 1251 ossa
3292 1196 3455 1250 beati.

612 1287 846 1343 Subtilis
862 1287 1038 1344 talem
1058 1285 1163 1341 tibi
1185 1286 1271 1341 cui
1299 1286 1597 1357 conjunxit
1625 1287 1932 1352 honorem,
2328 1285 2388 1338 ln
2421 1284 2521 1339 tali
2563 1285 2819 1355 primum
2843 1285 3031 1341 studio
3067 1285 3404 1357 perduxerat
3426 1302 3641 1340 annum.

474 1380 579 1436 280
617 1379 682 1432 In
708 1393 843 1448 quo,
870 1374 1108 1443 domna,
1129 1376 1281 1431 vales
1293 1375 1592 1447 culparum
1612 1378 1837 1445 tergere
1867 1372 2083 1438 sordes,
2190 1376 2292 1427 330
2320 1372 2496 1427 Voces
2509 1374 2837 1443 omnigense
2858 1374 3194 1428 dicantzTibi
3218 1371 3730 1445 gloria,Christe!(118)

619 1467 820 1520 Hostes
844 1480 907 1519 ac
924 1463 1141 1535 gemini
1166 1463 1271 1519 tibi
1294 1480 1411 1519 non
1434 1466 1588 1531 sunt,
1606 1463 1797 1530 crede,
1819 1459 2081 1516 timendi.
2398 1462 2470 1515 Ut
2499 1478 2694 1516 cursus
2725 1462 2863 1517 anni
2898 1466 3033 1517 tunc
3061 1463 3338 1517 advenere
3354 1462 3569 1516 secundi
3594 1462 3731 1531 (986),

616 1555 685 1607 Et
711 1552 944 1624 reliquis
975 1551 1179 1623 opibus
1208 1551 1253 1605 si
1283 1554 1339 1605 te
1367 1555 1531 1635 pater
1560 1550 1680 1623 ipse
1710 1552 1909 1605 beatus
2327 1548 2513 1603 Divini
2546 1551 2729 1604 cultus
2751 1567 2867 1605 non
2900 1551 3218 1609 immemor
3251 1550 3341 1604 ille
3371 1551 3574 1617 beatus,

618 1642 745 1697 Non
762 1642 979 1695 claram
1009 1640 1246 1708 faceret,
1277 1643 1473 1694 tamen
1500 1640 1623 1695 hinc
1646 1639 1780 1694 data
1796 1638 1951 1694 dona
1982 1656 2087 1693 no-
2330 1638 2568 1691 Pulchre
2595 1639 2908 1693 formatam
2944 1640 3095 1711 cepit
3118 1639 3356 1693 fundare
3377 1638 3647 1709 capellam,

1740 1730 1977 1794 ﬂarent,
2330 1728 2502 1781 Porta
2524 1727 2860 1783 monasterii
2894 1744 3007 1800 qua
3037 1728 3243 1799 pandit
3289 1726 3476 1797 pervia
3530 1723 3740 1790 claustri,

446 1880 453 1884 τ
620 1821 694 1877 Ut
718 1834 1094 1892 praecessores
1113 1818 1325 1874 meritis
1353 1818 1695 1892 precelleret
1719 1834 1939 1873 omnes.
2113 1799 2164 1860 Β
2191 1818 2291 1871 335
2334 1814 2611 1871 Omnibus
2623 1799 2961 1889 aggressum
2975 1816 3381 1871 demonstrans
3392 1818 3552 1887 atque
3564 1829 3743 1885 regres-

481 1912 583 1967 285
609 1909 932 1966 Tantorum
949 1908 1148 1968 laudes
1161 1923 1403 1981 operum
1413 1948 1428 1975 ,
1446 1909 1592 1963 Deus
1606 1906 1797 1979 accipe
1810 1903 2082 1961 clemens!
3528 1904 3661 1963 [sum

621 1999 767 2055 Nam
781 1997 939 2069 quod
962 1996 1022 2052 in
1034 1996 1123 2052 his
1141 1997 1368 2053 canitur
1384 2000 1484 2053 tua
1495 1997 1680 2069 gloria
1699 1998 1936 2069 lausque
1954 2012 2086 2069 pro-
2332 1995 2519 2060 Quam
2548 1998 2654 2052 sub
2668 1995 2934 2052 Pirminii
2946 1995 3193 2051 sacravit
3235 1996 3451 2050 honore
3472 1991 3629 2058 beati,

1768 2086 1980 2157 [batur,
2334 2085 2443 2149 Qui
2468 2091 2663 2157 pastor
2689 2086 2878 2158 primo
2902 2102 2995 2140 me
3019 2085 3377 2141 rexitamore
3400 2086 3641 2157 paterno.

622 2176 693 2230 Es
722 2174 818 2248 qui
847 2191 951 2247 per
980 2177 1208 2247 patrem
1231 2175 1503 2246 dignatus
1532 2174 1762 2229 mittere
1786 2175 1961 2228 talem
2335 2175 2472 2229 lnde
2498 2192 2734 2230 morans
2760 2175 2921 2247 operi
2954 2175 3056 2242 nil,
3080 2174 3277 2246 junxit
3308 2172 3514 2229 mania
3535 2168 3745 2231 claustri,

619 2263 871 2336 Augensi
897 2262 1093 2331 matri,
1112 2280 1225 2335 quo
1252 2263 1532 2333 plaudant
1552 2278 1793 2317 munere
1820 2262 1962 2317 nati.
2333 2264 2430 2317 llic
2462 2265 2556 2319 ubi
2586 2265 2853 2319 circuitus
2884 2264 3074 2318 fuerat
3101 2282 3221 2319 non
3255 2264 3361 2318 rite
3387 2262 3651 2334 peractus,

623 2353 795 2408 Nobis
817 2352 1055 2407 alternis
1076 2356 1163 2406 est
1187 2368 1378 2405 sermo
1406 2352 1505 2405 sed
1531 2351 1666 2423 quia
1688 2350 1878 2417 dictis,
2194 2354 2296 2407 340
2315 2354 2424 2407 [lac
2444 2353 2697 2409 Januarii
2728 2370 2939 2426 supera
2966 2352 3038 2407 de
3070 2357 3236 2424 parte
3266 2352 3418 2406 beati

478 2445 587 2498 290
623 2443 841 2497 Horum
872 2442 1228 2513 templorum
1258 2443 2088 2511 structuram,quzeso,tuorum
2335 2443 2612 2497 Culminis
2635 2442 2925 2509 (ecclesiae,
2955 2458 3129 2513 quem
3164 2445 3286 2496 tum
3308 2440 3613 2514 perfecerat
3636 2436 3751 2509 ipse,

619 2530 707 2586 Ad
730 2530 957 2586 laudem
1010 2528 1246 2583 Domini
1276 2528 1402 2601 quis
1429 2527 1654 2597 fecerit,
1687 2528 1792 2583 ede
1838 2528 2087 2600 roganti.
2333 2532 2518 2602 Atque
2550 2531 2763 2603 gradus
2783 2547 2914 2586 savo
2946 2529 3085 2584 fecit
3104 2534 3238 2602 post
3283 2530 3389 2585 ista
3413 2528 3603 2601 polito,

623 2619 891 2691 Pingitur
922 2620 1214 2677 astrorum
1242 2616 1400 2674 vario
1442 2619 1595 2672 velut
1623 2616 1827 2671 ordine
1858 2619 2088 2680 coelum,
2331 2618 2636 2673 Scanditur
2666 2619 2935 2677 recclesiaa
2960 2635 3064 2690 per
3082 2636 3228 2691 quos
3259 2619 3334 2674 ad
3364 2618 3561 2673 limina
3582 2617 3755 2689 portae.

622 2708 713 2764 Sic
737 2707 1015 2763 redimita
1043 2706 1154 2765 tuis
1173 2706 1416 2762 stellaris
1438 2710 1496 2760 et
1520 2706 1644 2779 ipsa
1668 2705 1909 2764 sacellis.
2331 2709 2490 2763 Picta
2519 2711 2721 2764 manet
2742 2726 2908 2765 muro
2964 2725 3200 2764 necnon
3230 2707 3529 2763 Genitricis
3575 2705 3759 2773 imago,

621 2799 738 2853 Hoc
779 2798 952 2857 decus
981 2812 1103 2858 esse
1134 2794 1238 2856 tibi
1268 2812 1373 2851 nec
1412 2794 1596 2867 prisco
1646 2798 1910 2867 tempore
1952 2794 2085 2863 vidi,
2190 2799 2291 2853 345
2331 2799 2393 2851 In
2412 2798 2637 2868 gremio
2654 2798 2941 2852 Christum
2965 2796 3762 2869 gestantis,pignusamorum,

481 2886 589 2945 295
630 2888 772 2943 Cum
795 2892 961 2960 pater
975 2886 1032 2941 in
1056 2885 1277 2947 mundo
1294 2885 1711 2941 Ruodmannus
1725 2884 1940 2940 vixerat
1955 2883 2084 2951 isto,
2324 2885 2509 2950 Quam
2524 2886 2812 2959 graduum
2831 2886 3039 2941 fratres
3053 2887 3227 2957 proni
3245 2903 3419 2958 super
3429 2886 3541 2939 alta
3543 2882 3765 2954 jacentes

622 2976 890 3042 Quamvis
920 2979 977 3030 et
1007 2974 1181 3048 ipsius
1207 2977 1386 3031 stares
1404 2975 1683 3034 ditissima
1714 2975 1903 3029 rebus.
2332 2974 2562 3030 Orando
2594 2979 2929 3049 tangunt,ac
2949 2979 3144 3030 sancta
3180 2974 3489 3047 peroscula
3518 2967 3763 3026 lambunt.

619 3065 824 3121 Mtenia
852 3067 1014 3119 tanta
1030 3066 1217 3124 virum
1242 3064 1439 3135 peragi
1466 3065 1543 3118 sie
1563 3081 1725 3136 posse
1746 3082 1849 3136 per
1881 3081 2084 3128 unum,
2119 3084 2166 3143 α
2329 3066 2400 3117 At
2424 3065 2570 3117 latus
2591 3079 2657 3119 ac
2686 3064 2954 3117 dextrum
2977 3063 3178 3135 signat
3209 3064 3437 3134 pictura
3465 3062 3681 3116 beatum

618 3154 811 3222 Miror,
834 3153 919 3208 bis
940 3152 1131 3225 quinis
1161 3157 1275 3211 tam
1301 3151 1462 3223 parvi
1483 3153 1762 3223 temporis
1790 3152 1976 3221 annis,
2330 3152 2752 3223 Evangelistam
2769 3152 3043 3219 Marcum,
3066 3152 3399 3224 faciemque
3433 3150 3682 3204 decoram

621 3243 698 3298 Ex
730 3240 890 3298 obitu
919 3257 1199 3302 numerus
1229 3257 1372 3308 quos
1422 3239 1624 3295 ordine
1655 3240 1915 3297 continet
1938 3240 2082 3313 ejus.
2189 3242 2292 3297 350
2334 3242 2466 3296 Fert
2492 3240 2931 3298 Januariuslevo
2958 3242 3063 3297 sub
3082 3242 3362 3315 margine
3389 3240 3590 3312 pictus,

482 3333 586 3389 300
623 3331 688 3386 In
716 3327 960 3385 meliora
997 3330 1191 3388 locum
1240 3328 1483 3384 mutavit
1502 3328 1650 3400 quis,
1698 3344 1864 3401 rogo,
1896 3332 2086 3384 totum
2330 3330 2471 3386 Orat
2500 3347 2645 3403 quos
2666 3332 2869 3387 ambos
2899 3330 3132 3386 dovotio
3166 3335 3371 3386 nostra
3389 3332 3683 3402 patronos;

624 3419 787 3475 Hunc
797 3419 1035 3491 pulchre
1051 3433 1336 3473 renovans
1360 3417 1723 3491 gemmisque
1741 3417 2086 3473 micantibus
2330 3418 2498 3491 Pingi
2520 3436 2664 3492 quos
2688 3419 2820 3475 ideo
2875 3419 3056 3475 voluit
3086 3420 3349 3475 domnus
3368 3416 3670 3488 Witigowo,

1819 3506 2087 3576 [ornans‘i
2327 3507 2398 3562 Ut
2437 3507 2771 3563 defensores
2804 3508 3122 3564 defendant
3156 3508 3420 3581 undique
3450 3506 3592 3561 tales

1191 3610 1377 3651 suam.
2329 3597 2519 3650 Nosux
2544 3596 2763 3667 insidiis
2791 3596 2880 3651 his
2900 3596 3353 3653 adversantibus
3377 3593 3575 3652 hostis.

623 3683 921 3744 Pulchrius
959 3687 1023 3741 ut
1051 3683 1240 3740 cernis
1255 3683 1407 3758 quod
1427 3683 1611 3755 fulget
1636 3682 1694 3739 in
1714 3683 2082 3754 mdibusistis,
2190 3689 2291 3742 355
2327 3687 2580 3741 Jusserat
2606 3688 2665 3740 et
2693 3688 2882 3742 totum
2895 3686 3143 3757 pictores
3161 3687 3415 3759 pingere
3460 3684 3772 3745 claustrum;

624 3774 741 3832 Hoc
772 3778 960 3831 totum
989 3773 1147 3842 fecit,
1176 3773 1352 3829 modo
1378 3770 1475 3849 qui
1506 3771 1798 3844 proximus
1827 3774 2012 3829 haesit.
2331 3775 2479 3830 Sunt
2499 3774 2835 3829 illtetabulaa
2866 3791 2994 3847 quae
3007 3791 3110 3846 per
3130 3774 3440 3848 laquearia
3466 3773 3648 3847 pictas,

622 3864 768 3921 Nam
786 3865 942 3919 velut
968 3863 1088 3936 ipse
1109 3861 1285 3931 canis,
1319 3860 1541 3919 domini
1563 3861 1634 3917 de
1664 3864 1851 3917 morte
1881 3862 2088 3935 prioris
2339 3866 2649 3936 Signantes
2675 3870 2909 3937 patrum
2936 3866 3071 3922 facti
3103 3868 3483 3923 monimenta
3511 3864 3780 3938 priorum;

482 3957 587 4011 305
623 3951 898 4009 Ascendit
921 3948 1214 4010 decimum
1237 3965 1391 4008 nunc
1410 3948 1596 4010 orbita
1615 3951 1745 4007 solis
1764 3951 1823 4006 in
1844 3968 2084 4021 annum,
2327 3953 2526 4009 Vivere
2550 3954 2705 4027 quod
2735 3953 2920 4023 bellis,
2940 3972 3068 4028 qua:
3095 3956 3469 4012 conversatio
3502 3952 3651 4029 pacis

627 4034 779 4117 Quos
810 4058 905 4097 me
933 4039 1283 4115 predoctaaio
1303 4038 1598 4112 Witigowo
1618 4041 1978 4096 rexeratiste.
2328 4043 2442 4098 illis
2493 4047 2628 4098 tunc
2658 4043 2868 4107 fuerat,
2900 4046 3091 4100 totum
3124 4045 3361 4116 pictura
3394 4045 3606 4117 figurat

622 4104 796 4187 Ᾰὲυι
825 4104 1107 4203 precinui,
1140 4127 1272 4184 licet
1298 4104 1467 4185 hunc;
1480 4127 1727 4201 illucque
1751 4130 1945 4201 vagari
2186 4134 2291 4187 360
2321 4130 2631 4186 lntroitum
2664 4104 2916 4200 claustri,
2944 4104 3143 4204 quem.
3177 4134 3376 4190 verbis
3416 4104 3552 4189 {me
3577 4126 3768 4193 notavi,

624 4218 954 4291 Numquam
972 4220 1237 4286 cessaret,
1255 4216 1398 4272 mihi
1420 4234 1583 4273 rarus
1598 4233 1828 4290 semper
1846 4221 1903 4272 et
1918 4222 2082 4288 esset,
2328 4221 2443 4275 Sub
2476 4220 2668 4275 forma
2687 4224 2920 4291 patrum
2944 4220 3115 4292 jussit
3131 4222 3365 4277 variare
3385 4236 3668 4285 meorum,

627 4305 877 4379 Impigre
911 4306 1135 4360 nullum
1165 4309 1365 4360 tamen
1400 4305 1794 4361 intermiserat
1841 4322 2081 4378 annum,
2110 4363 2160 4384 ἢ
2331 4309 2483 4374 Quos
2513 4310 2649 4364 mihi
2678 4311 2929 4380 prelatos
2952 4310 3089 4365 fecit
3114 4312 3370 4383 prelatio
3404 4312 3632 4384 dignos,

488 4394 594 4452 310
627 4393 786 4449 Hunc
819 4392 1006 4466 operis
1036 4394 1188 4449 facto
1220 4394 1357 4466 quin
1382 4394 1648 4449 claudere
1668 4396 1836 4450 vellet
1864 4395 1924 4449 in
1946 4413 2084 4464 uno;
2110 4392 2161 4422 ν
2332 4400 2395 4454 ln
2430 4415 2799 4471 quocumque
2825 4400 2952 4454 loco
3011 4400 3165 4455 soliti
3197 4405 3341 4456 sunt
3372 4416 3615 4456 cernere
3628 4396 3790 4469 primo

626 4482 695 4537 Et
721 4482 954 4555 quando
975 4481 1129 4555 cepit
1157 4482 1242 4536 vel
1267 4483 1496 4553 quando
1513 4486 1680 4554 cepta
1708 4484 1952 4556 peregit,
2334 4487 2440 4552 Qui
2470 4486 2709 4543 veniunt
2734 4489 3021 4560 templum
3054 4489 3313 4545 Domino
3342 4489 3417 4544 sit
3451 4489 3619 4562 quale
3649 4498 3793 4559 para-

626 4572 791 4627 Nunc
820 4570 926 4625 tibi
975 4569 1276 4641 colloquiis
1306 4589 1341 4625 a
1370 4587 1465 4625 me
1496 4575 1826 4627 montratur
1853 4573 2085 4644 apertis.
3524 4580 3704 4641 [tum:

697 4660 943 4732 Ceperat
966 4658 1026 4714 in
1057 4658 1247 4732 primo
1273 4658 1415 4714 mibi
1446 4676 1576 4715 cum
1607 4660 1962 4716 dominarier
1986 4680 2087 4718 an-
2192 4667 2293 4721 365
2333 4664 2571 4737 «Tu(10)
2606 4680 2841 4739 quoque
2863 4665 3083 4724 vilescis
3123 4668 3276 4723 tanti
3311 4668 3545 4740 privata
3578 4659 3797 4721 decoris.

1789 4761 1890 4821 [ι1ο
1917 4750 2087 4822 (985),
2330 4754 2416 4809 Un
2444 4771 2561 4810 non
2588 4772 2703 4811 una
2729 4756 2834 4810 tibi
2852 4756 3061 4812 domus
3095 4761 3202 4826 est,
3239 4776 3379 4830 quae
3401 4757 3585 4831 possit
3624 4746 3799 4810 haberi

632 4838 730 4895 Est
743 4839 820 4913 (9)
831 4838 980 4894 latui
999 4832 1266 4894 acelesi'a:
1279 4837 1469 4892 levum
1487 4837 1779 4909 genitricis
1800 4839 1875 4894 ad
1895 4840 2085 4910 almus,
2331 4845 2480 4917 Apta
2503 4843 2823 4900 ministerio
2852 4845 3077 4913 Christi,
3100 4847 3409 4918 popularis
3441 4851 3501 4902 et
3528 4844 3689 4900 ordo.

483 4930 585 4985 515
625 4926 895 4984 Fundana
906 4926 1181 4984 eximium
1203 4926 1409 4983 devota
1437 4928 1633 4981 mente
1660 4928 1953 4997 sacellum,
2332 4932 2444 4986 Nec
2458 4936 2508 4987 te
2519 4936 2653 4989 neat
2664 4934 3044 5006 spatium,sub
3057 4951 3169 5006 quo
3183 4934 3629 5006 glomereturin
3644 4943 3803 4987 unum

627 5016 792 5083 Quod
810 5015 1067 5072 Januarii
1096 5015 1276 5072 voluit
1300 5015 1404 5070 sub
1429 5015 1652 5071 honore
1684 5015 1882 5086 dicari,
2331 5021 2499 5076 Juxta
2528 5022 2684 5093 quod
2714 5039 2970 5095 possum,
2994 5039 3147 5079 nunc
3176 5027 3269 5079 est
3303 5025 3456 5080 mihi
3488 5022 3632 5079 velle
3661 5015 3802 5076 beni-

626 5104 879 5162 Cielestis
902 5103 1103 5179 patria:
1134 5121 1311 5178 quem
1340 5104 1476 5159 fecit
1506 5120 1707 5159 amore
1737 5105 1928 5161 subire
3468 5114 3671 5186 [gnum
3699 5125 3712 5163 :

626 5195 893 5252 Palmam
932 5193 1195 5265 martyrii
1247 5192 1447 5248 victrix
1481 5192 1766 5249 confessio
1794 5202 1837 5237 ιτ
1881 5194 2086 5251 Christi
2192 5199 2297 5255 370
2337 5197 2648 5253 Structurze
2686 5199 2885 5268 veteri,
2920 5199 3097 5257 modo
3112 5215 3249 5273 pars
3285 5218 3425 5274 qua:
3457 5205 3581 5256 tota
3633 5191 3806 5253 sacelli

623 5284 687 5337 In
716 5300 830 5356 quo
862 5281 1149 5355 dispositis
1174 5281 1379 5337 divinis
1405 5281 1649 5337 cultibus
1678 5282 1811 5353 aris,
2341 5286 2931 5361 Co.istat,ada3quatos
2954 5290 3147 5345 forma
3206 5291 3586 5363 conjungere
3630 5299 3811 5343 muros

1795 5407 2031 5463 νΑΒΙίΕ
2083 5409 2483 5468 LECTIONES.

555 5511 601 5549 η
628 5505 672 5563 ἰ.
700 5523 745 5567 e.
780 5504 1094 5579 praedoete,
1171 5512 1214 5549 ιι
1245 5503 1500 5562 confesio
1527 5521 1575 5560 c.
1654 5512 1699 5549 1⁸
1730 5509 1963 5563 numeris
1994 5511 2129 5563 anni
2153 5513 2390 5566 exeuntis
2418 5511 2486 5567 ab
2519 5519 2732 5570 auctore
2761 5513 2817 5568 in
2849 5515 3091 5585 margine
3118 5515 3358 5587 scriptus
3391 5521 3470 5573 est

2028 5607 2254 5666 NOT/E.

554 5701 628 5781 (9)
654 5703 788 5764 Scil.
814 5703 1143 5779 Witigowo.
2262 5707 2695 5785 (lO),Witigovvo
2711 5710 2964 5787 Augiam
2994 5712 3346 5791 alloquitur.
