3898 6168
436 406 543 474 383
1254 404 1658 472 ΡΠΗΕΗΑΒΒΙ
1681 404 2019 469 MONACHI.
2056 406 2417 472 AUCIENSIS
2448 408 2748 482 CARMEN,
2780 405 2928 482 ETC,
3603 419 3689 478 363i

486 541 488 543 ’
576 534 722 589 Nam
763 521 863 587 tibi
898 547 1032 586 cum
1054 534 1280 604 patrem
1312 533 1564 588 retinere
1600 531 1833 588 licentia
1861 533 2042 588 talem
2064 537 2121 597 Α
2290 535 2471 607 Ipsius
2502 533 2725 606 augusti
2751 531 3028 605 quoniam
3056 533 3363 589 construxit
3385 534 3590 594 honori.

581 623 835 687 Constat,
863 620 1080 692 reginas
1110 635 1344 692 semper
1367 622 1689 678 dominaris
1709 621 1769 676 in
1801 638 1930 676 arce
1955 639 1969 690 ;
2288 625 2385 678 Est
2412 640 2519 678 nec
2550 625 2866 677 multorum
2899 621 3072 676 series
3107 623 3359 678 revoluta
3386 625 3606 694 dierum,

575 711 669 775 At,
704 709 858 780 quod
890 725 1007 763 non
1037 708 1172 762 ﬁat!
1209 709 1252 764 si
1292 712 1348 764 te
1380 710 1506 782 pius
1533 710 1629 764 ille
1659 709 1969 781 relinquat,
2145 715 2248 768 510
2280 713 2380 767 Hic
2400 714 2703 785 quodcum
2728 711 2948 784 primis,
2975 712 3129 783 quod
3154 712 3330 767 nutrit
3349 713 3534 771 Suevia
3550 716 3699 773 dulcis

431 800 537 855 465
559 797 761 868 Turpis
792 813 1023 869 semper
1045 797 1176 865 eris,
1209 799 1364 852 velut
1391 800 1477 852 est
1507 799 1775 852 ancillula
1802 797 1944 851 vilis.
2197 813 2202 818 '
3549 804 3692 875 [(996,

1113 886 1345 942 AUGIA.
2282 891 2367 944 Ad
2400 889 2623 944 Latium
2654 906 2852 961 regem
2884 889 3105 961 primus
3140 888 3474 960 perduxerat
3502 892 3694 946 orbem.

574 975 717 1031 Cum
747 975 874 1047 quis
899 973 1178 1043 tristatur,
1208 975 1306 1045 qui
1336 977 1536 1046 captus
1567 979 1765 1030 mente
1786 978 2036 1038 tenetur,
2281 978 2433 1032 lllius
2462 979 2617 1032 hunc
2632 978 2752 1048 juri
2784 978 3019 1031 frenans
3041 983 3261 1032 terrore
3292 979 3512 1034 minaci.

570 1064 680 1119 Per
708 1064 1107 1119 consolantem
1149 1060 1258 1117 sibi
1297 1063 1503 1134 quierit
1537 1064 1826 1135 habetque
1871 1063 2038 1134 quie-
2281 1065 2615 1120 Romulidas
2643 1082 2800 1120 arces
2835 1066 3116 1120 audenter
3143 1069 3202 1119 et
3222 1066 3352 1121 inde
3375 1070 3613 1136 petentes

1854 1154 1994 1221 [tem
2020 1169 2033 1220 ;
2279 1153 2454 1208 Milite
2476 1169 2606 1207 cum
2635 1154 2840 1220 multo,
2871 1169 3046 1224 quem
3069 1169 3261 1207 secum
3290 1155 3643 1224 contulitillo,

579 1239 670 1295 Sic
704 1256 834 1311 ego,
865 1240 1039 1295 credo
1073 1238 1237 1307 mihi,
1271 1242 1369 1295 tua
1393 1256 1496 1312 per
1529 1239 1832 1308 solamina,
1860 1238 1963 1303 ﬁli,
2141 1244 2240 1296 515
2274 1243 2658 1296 Accumulans
2684 1241 2833 1295 acies
2856 1242 2986 1295 latas
3007 1240 3116 1294 fuit
3145 1241 3486 1312 imperiales.

573 1327 848 1382 Tristibus
872 1327 1108 1399 abjectis
1138 1329 1348 1383 extollo
1375 1328 1585 1400 gaudia
1611 1327 1818 1383 mentis
1843 1345 1857 1396 ;
2284 1330 2560 1384 Dicebant
2585 1329 2709 1383 Itali
2736 1328 2922 1383 subita
2947 1328 3264 1384 formidine
3296 1331 3409 1384 lmsi
3443 1347 3454 1384 :

426 1414 534 1471 470
571 1416 716 1471 Nam
743 1416 1026 1487 promissa
1052 1417 1133 1470 tui
1165 1417 1360 1472 ﬁrmat
1381 1417 1665 1472 sententia
1693 1417 1830 1472 veri.
2284 1419 2472 1472 Tanta
2504 1419 2719 1474 virtutis
2756 1434 2910 1489 quem
2938 1435 3026 1472 vos
3057 1419 3196 1472 hunc
3229 1435 3336 1472 esse
3350 1421 3550 1488 putatis
3577 1426 3597 1471 ?

571 1505 722 1559 Dum
744 1521 839 1559 me
868 1521 1080 1560 norma
1107 1505 1258 1576 regit
1287 1505 1529 1560 senioris
1561 1505 1656 1578 qui
1680 1505 1856 1560 modo
1882 1503 2035 1570 vivit,
2279 1505 2383 1560 Isti
2407 1509 2722 1577 sceptrigero
2753 1522 2859 1560 non
2893 1506 3250 1561 contradicere
3276 1523 3423 1562 nemo

573 1593 807 1648 Florent
837 1593 1080 1659 interea,
1109 1596 1263 1648 stant
1293 1593 1538 1648 ﬁrmiter
1557 1597 1615 1647 et
1645 1609 1776 1648 mea
1793 1592 1964 1663 jura;
2281 1593 2468 1661 Debet,
2525 1596 2620 1666 qui
2672 1599 2849 1650 tantas
2904 1595 3181 1652 hominum
3231 1597 3336 1649 veit
3387 1603 3454 1662 8°,-
3501 1611 3604 1649 ecce
3648 1612 3720 1650 co-

574 1682 710 1736 Post
747 1682 890 1750 haec,
922 1681 981 1735 ni
1013 1681 1203 1745 fallor,
1235 1681 1436 1753 capitis
1467 1698 1599 1736 cum
1631 1681 1882 1736 culmine
1921 1680 2041 1753 pri-
3478 1683 3723 1743 [lumnas!

1918 1773 2042 1832 [vor
2143 1772 2247 1824 520
2278 1769 2393 1823 Hoc
2425 1772 2487 1824 ut
2520 1770 2805 1837 dixerunt,
2841 1769 2931 1824 alii
2961 1785 3242 1840 responsa
3269 1769 3578 1824 dederunt:

571 1857 759 1926 Tanti,
787 1857 1064 1912 continuo
1094 1857 1341 1928 vulgaris
1363 1857 1556 1913 fabula
1586 1857 1683 1925 ﬁo,
2066 1849 2118 1908 Β
2285 1857 2459 1922 Quam
2478 1858 2623 1912 docet
2653 1866 2812 1930 atque
2839 1861 2998 1927 regit,
3031 1858 3178 1913 nobis
3194 1859 3338 1910 hunc
3366 1857 3546 1926 Augia
3569 1857 3692 1910 misit
3709 1887 3724 1922 ,-

429 1947 535 2003 475
567 1946 776 2000 Errans
805 1946 950 2000 sicut
988 1946 1108 1999 ovis
1136 1949 1303 2017 tergo
1336 1947 1604 2019 prolapsa
1631 1947 1905 2018 regentis.
2281 1945 2580 2000 Sueuorum
2595 1950 2803 2016 primas
2824 1949 2923 2000 erit
2937 1947 3022 2000 hic
3050 1947 3214 1999 simul
3243 1963 3435 1999 aureus
3462 1947 3630 2011 abbas,

573 2035 792 2089 Mecum
817 2037 1125 2106 propterea
1150 2037 1268 2102 tua,
1297 2035 1376 2088 ﬁli
1407 2044 1475 2102 27,
1502 2035 1747 2089 fundere
1776 2039 1906 2090 vota
2292 2033 2506 2088 Utilitas
2536 2037 2704 2088 nostri
2739 2041 2914 2090 manet
2946 2035 3062 2098 hoc,
3090 2034 3425 2103 famulemur
3453 2041 3512 2089 ut
3543 2033 3634 2088 illi.

571 2123 656 2177 Da
697 2122 954 2176 studium
994 2121 1238 2190 Christo,
1283 2139 1354 2176 ne
1394 2140 1500 2191 nos
1531 2124 1768 2178 fortuna
1811 2123 2040 2177 sinistro
2289 2122 2533 2177 Romani
2563 2139 2826 2192 proceres
2856 2127 2991 2176 tunc
3017 2140 3077 2177 se
3114 2140 3220 2178 sua
3256 2127 3575 2195 cunctaque
3605 2122 3728 2176 dan-

574 2211 719 2265 Cum
738 2211 883 2282 pede
905 2215 1254 2284 prosternat,
1275 2213 1440 2266 nobis
1460 2216 1519 2266 et
1544 2213 1756 2284 gaudia
1777 2213 1973 2266 demat
3617 2215 3733 2276 [tes,

572 2299 736 2353 Tanti
766 2299 1031 2369 pastoris,
1074 2299 1228 2370 pleni
1270 2301 1508 2354 caelestis
1535 2300 1749 2354 amoris
1777 2302 1789 2354 l
2147 2301 2250 2354 525
2284 2299 2424 2370 Hegi
2445 2316 2752 2354 caesaream
2781 2316 2911 2354 mox
2941 2300 3274 2371 imposuere
3308 2315 3615 2365 coronam;

428 2389 539 2446 480
579 2388 790 2444 Sancta
827 2387 928 2441 Dei
973 2391 1183 2455 mater,
1215 2388 1408 2459 Virgo,
1442 2388 1515 2442 da
1546 2392 1678 2442 vota
1707 2389 2044 2460 frequenter
2287 2387 2476 2442 Caesar
2497 2392 2554 2442 et
2583 2372 2867 2459 augustus'
2886 2393 3017 2459 post
3044 2389 3150 2443 hac
3183 2393 3276 2444 est
3307 2389 3403 2442 ille
3435 2391 3676 2442 vocatus.

573 2476 738 2544 Nato,
761 2491 867 2546 pro
899 2476 1085 2543 nobis,
1117 2492 1222 2547 pro
1255 2476 1368 2530 vita
1392 2493 1611 2548 nosque
1640 2476 1934 2548 regentis!
2286 2477 2379 2530 His
2408 2477 2487 2530 ita
2516 2476 2817 2531 transactis
2843 2476 3123 2531 remeavit
3152 2481 3360 2548 pastor
3390 2477 3583 2531 herilis

575 2567 658 2620 Ac
673 2581 878 2620 omnes
896 2564 1100 2632 sancti,
1125 2581 1373 2636 quorum
1395 2565 1498 2619 sub
1533 2566 1758 2619 honore
1791 2564 1971 2621 dicari
2285 2565 2372 2619 Ad
2415 2565 2703 2636 gremium
2748 2580 2994 2636 sponsae,
3028 2582 3304 2621 recreans
3349 2584 3454 2622 sua
3492 2565 3739 2620 membra

573 2653 814 2724 Templa
839 2651 939 2708 Dei
969 2653 1128 2716 fecit,
1159 2670 1288 2725 qua;
1315 2652 1765 2725 circumquaque
1795 2653 2039 2724 paravit,
3433 2655 3636 2726 [quiete
3666 2651 3742 2722 tu)

577 2741 709 2812 Ejus
747 2741 899 2813 apud
927 2741 1244 2798 Dominum
1291 2757 1583 2797 memores
1629 2741 1753 2798 sine
1791 2743 1908 2798 ﬁne
1939 2760 2043 2815 per
2286 2741 2420 2806 Quis
2468 2743 2550 2798 vel
2601 2744 2848 2814 quantus
2891 2742 3022 2810 erit,
3077 2741 3268 2814 pietas
3325 2759 3431 2797 sua
3477 2741 3584 2796 rite
3629 2755 3746 2810 pro-

1831 2831 2040 2898 [evum,
3539 2827 3713 2890 [habit
3734 2844 3746 2893 ;

431 2921 536 2977 485
573 2919 710 2976 Jura
739 2918 1036 2993 potestatis
1062 2919 1364 2975 vernantia
1390 2920 1533 2976 ﬂore
1558 2918 1764 2993 quietis
2144 2922 2248 2975 530
2279 2919 2461 2984 Quam
2493 2919 2536 2974 si
2563 2919 2705 2975 scire
2728 2919 2864 2974 velis
2897 2936 3050 2975 nunc
3080 2919 3326 2976 auribus
3349 2920 3522 2975 ebibe
3553 2915 3746 2972 cordis.

572 3009 898 3082 Adquirant
921 3008 1023 3076 illi,
1056 3026 1161 3082 pro
1192 3009 1589 3072 consolamine
1613 3009 1820 3064 Christi
1845 3027 1859 3077 ;
2282 3009 2432 3064 Vivit
2455 3009 2611 3064 enim
2635 3012 2806 3075 caste,
2831 3009 3066 3080 gemino
3088 3025 3413 3065 succensus
3441 3025 3657 3076 amore,

574 3101 643 3178 Et
671 3101 801 3170 post
835 3097 1160 3169 depositam
1193 3098 1453 3153 mortalis
1484 3099 1741 3170 corporis
1767 3098 2036 3154 umbram
2069 3133 2116 3192 C
2279 3100 2358 3152 Ac
2387 3097 2716 3167 evangelico
2745 3097 3001 3151 munitus
3032 3098 3209 3152 corde
3241 3098 3465 3171 sigillo.

572 3187 696 3242 Fiat
723 3186 803 3242 eis
830 3185 1015 3242 socius
1044 3186 1254 3242 caelesti
1279 3185 1413 3242 sede
1443 3187 1660 3242 locatus
1683 3186 1695 3241 !
2076 3184 2116 3192 '
2283 3187 2622 3258 Serpentem
2641 3187 2805 3241 nivea
2819 3186 2973 3240 fovet
2988 3187 3205 3258 absque
3226 3187 3451 3243 timore
3471 3184 3755 3252 columba,

575 3277 692 3332 Hoc
734 3275 872 3331 velit
917 3275 1036 3347 ipse
1094 3278 1262 3344 Deus,
1318 3274 1415 3347 qui
1473 3277 1698 3330 constat
1746 3275 1930 3330 trinus
1984 3277 2040 3328 et
2283 3275 2480 3330 Omnis
2526 3277 2583 3330 et
2619 3273 2847 3329 invidiae
2885 3273 3033 3345 fugit
3069 3273 3241 3330 illum
3288 3278 3487 3348 pallor
3533 3275 3753 3346 ubique.

1845 3374 2036 3432 [unus,
2141 3367 2242 3420 535
2271 3362 2467 3435 Jurgia
2492 3379 2722 3433 semper
2746 3363 2888 3429 odit,
2921 3363 3241 3434 tranquilla
3271 3364 3515 3420 silentia
3547 3361 3758 3436 poscit;

428 3452 534 3510 490
568 3454 641 3510 Ut
667 3453 964 3526 Witigowo
999 3455 1165 3526 pater
1193 3455 1380 3508 valeat
1397 3453 1720 3524 jubeatque
1746 3455 2035 3523 potenter,
2283 3453 2395 3508 Sed
2418 3453 2571 3506 velut
2588 3451 2863 3522 exemplis
2878 3467 2969 3505 res
2989 3455 3075 3505 est
3096 3451 3252 3506 bene
3277 3454 3526 3524 cognita
3552 3452 3757 3517 multis,

570 3546 648 3598 Ac
685 3543 880 3617 ipsius,
908 3544 1118 3604 Amen,
1148 3541 1297 3596 vivat
1327 3557 1430 3612 per
1459 3542 1649 3595 secula
1671 3540 1926 3595 nomen!
2281 3540 2470 3596 Gloria
2498 3541 2812 3611 justorum,
2857 3539 3020 3593 furor
3055 3543 3144 3593 est
3188 3557 3261 3594 ac
3310 3541 3404 3595 ira
3435 3539 3759 3596 malorum!

569 3632 836 3688 Carminis
867 3640 915 3675 28
947 3631 1032 3686 hic
1061 3629 1225 3702 ﬁnem
1250 3630 1344 3684 dat
1375 3629 1635 3697 clausula,
1663 3628 1872 3700 fertque
1897 3630 2040 3700 quie-
2283 3632 2442 3684 Hunc
2472 3630 2552 3684 ita
2581 3628 2857 3699 temptari
2886 3628 3106 3698 patitur
3133 3630 3466 3700 permissio
3495 3628 3699 3685 Christi

1914 3719 2037 3789 [tem
2281 3718 2467 3772 Rebus
2497 3717 2553 3771 in
2587 3716 2854 3783 adversis,
2895 3715 3144 3770 minima
3173 3717 3286 3772 sed
3321 3721 3499 3788 parte
3535 3715 3763 3772 nocivis.

568 3811 730 3868 Curae
753 3809 1056 3877 scribentis,
1089 3811 1212 3882 quia
1252 3808 1424 3863 labilis
1455 3813 1528 3860 est
1559 3806 1707 3861 labor
1743 3808 1912 3861 omnis
2138 3809 2241 3862 540
2270 3808 2413 3861 Nam
2429 3823 2559 3861 cum
2587 3822 2691 3876 per
2715 3805 2999 3858 damnum
3021 3805 3226 3860 tulerit
3249 3806 3403 3877 quid
3431 3809 3636 3860 mente
3652 3821 3768 3858 mo-
3794 3878 3796 3881 ι

564 3901 784 3956 Prcmia
817 3899 905 3953 sed
941 3913 1140 3967 semper
1168 3895 1391 3950 stabunt
1419 3897 1532 3948 sine
1563 3896 1671 3965 ﬁne
1690 3901 1936 3965 potenter
1964 3903 2031 3948 2°.
3521 3896 3770 3959 [lestum,

423 3989 528 4044 495
550 3990 592 4060 -ι-
614 3992 767 4055 Post,
797 3987 932 4040 utin
951 3984 1325 4038 undecimum
1352 3983 1510 4038 venit
1529 3983 1772 4038 feliciter
1789 4001 2030 4051 annum,
2275 3988 2548 4041 Armatur
2579 3983 2704 4038 telis
2733 3997 2860 4054 qua:
2887 3983 2986 4037 dat
3011 3983 3310 4055 patientia
3342 3985 3545 4043 fortis.

569 4072 2030 4146 Commissasanimasaequomoderaminefrenans,
2276 4077 2504 4129 lnvocat
2552 4076 2723 4145 atque
2775 4071 2981 4140 Deum,
3036 4071 3284 4127 redimit
3350 4075 3456 4146 qui
3517 4071 3774 4146 protinus

566 4162 824 4236 Martyris
863 4163 1133 4217 (ecclesia:
1166 4161 1374 4218 Christi
1412 4163 1516 4216 sub
1553 4163 1775 4216 honore
1806 4159 2030 4228 dicatte,
3574 4163 3776 4232 linum.

566 4253 661 4307 Est
688 4251 785 4324 qui
826 4251 1111 4322 Pelagius,
1145 4251 1300 4306 canit
1341 4252 1406 4304 ut
1433 4250 1741 4320 scriptura,
1780 4252 2030 4316 vocatus,
2276 4252 2493 4324 Saepius
2511 4252 2664 4306 hunc
2695 4253 2857 4306 tanto
2882 4250 2994 4305 vidi
3028 4249 3264 4305 fluitare
3301 4252 3566 4324 periclo,

566 4340 737 4397 Edes
766 4341 1013 4395 Inclusas
1038 4357 1102 4394 ac
1130 4343 1256 4394 arto
1290 4338 1473 4392 limite
1500 4341 1710 4408 septas,
2277 4341 2347 4395 Ut
2375 4357 2582 4395 manus
2607 4339 2827 4394 hostilis
2857 4341 3094 4394 caneret
3119 4353 3260 4394 cum
3295 4356 3451 4395 voce
3483 4338 3780 4412 jocantis:

425 4429 528 4484 500
586 4429 739 4495 Quas
782 4430 1070 4483 structura
1119 4427 1276 4498 prius
1329 4442 1447 4481 non
1501 4441 1759 4497 congrua
1808 4425 2034 4480 sustulit
2058 4419 2111 4478 D
2134 4432 2236 4484 545
2277 4429 2383 4496 Qui
2401 4432 2578 4500 sapias
2595 4428 2808 4500 gaudet
2837 4432 2994 4482 miser
3020 4434 3092 4482 est
3114 4427 3247 4498 jam
3265 4430 3542 4499 perditus
3575 4429 3686 4495 ille,

1837 4513 2028 4584 [intus,
2272 4518 2530 4572 Hostibus
2563 4525 2612 4571 et
2637 4518 2786 4584 Laetis,
2817 4518 2880 4585 ﬁt
2911 4518 3078 4570 luctus
3099 4533 3335 4572 amarus
3369 4522 3578 4576 amicis
3605 4522 3626 4574 !

565 4609 807 4664 Lumine
839 4622 1013 4679 quam
1037 4621 1213 4661 nemo
1239 4604 1564 4676 sapientum
1589 4603 1810 4658 viderat
1840 4620 2027 4674 sequo.
2274 4608 2498 4660 Interea
2527 4605 2771 4660 Domino
2799 4606 3056 4659 clamans
3078 4603 3147 4657 de
3167 4610 3433 4676 pectore
3468 4612 3779 4680 prompto,

565 4697 789 4763 Dicens,
817 4695 969 4750 hanc
998 4694 1198 4751 studiis
1227 4694 1430 4748 fultam
1453 4693 1644 4748 minus
1664 4710 1786 4748 esse
1810 4693 2027 4764 peritis,
2273 4693 2483 4749 Omnia
2510 4693 2794 4760 sustinuit,
2823 4710 3017 4748 secum
3049 4693 3362 4762 patienter
3395 4701 3462 4751 et
3495 4697 3646 4769 egit.

559 4786 721 4840 Nunc
752 4784 829 4839 sic
857 4783 1175 4840 informem
1205 4787 1372 4855 pater
1401 4783 1818 4837 instauraverat
1849 4781 2027 4850 idem,
2274 4785 2408 4838 Post
2443 4784 2736 4839 modicum
2766 4783 3048 4838 Dominus
3095 4784 3284 4854 venit,
3334 4788 3410 4841 ﬁt
3457 4792 3522 4842 et
3555 4789 3666 4842 iste
3703 4803 3791 4841 re-

559 4875 814 4945 quuans
835 4874 1118 4944 pulvereae
1141 4875 1528 4944 glomeratum
1548 4871 1775 4943 pondus
1793 4870 2028 4925 harenae
3448 4878 3758 4951 [demptus
3779 4891 3794 4941 ;

417 4965 519 5020 595
551 4961 706 5017 Fecit
733 4961 1119 5016 honoriﬁcum
1151 4960 1408 5032 spacioso
1433 4960 1696 5031 margine
1717 4960 2022 5031 templum.
2130 4964 2234 5018 550
2263 4961 2454 5017 Gloria
2482 4962 2636 5016 venit
2663 4962 2736 5030 ei,
2779 4978 2913 5017 mox
2944 4962 3232 5017 erubuere
3271 4968 3564 5038 superbi.

555 5049 718 5105 Haud
743 5050 942 5121 procul
967 5050 1104 5105 hinc
1125 5049 1334 5104 domus
1365 5051 1471 5114 est,
1499 5046 1681 5119 regali
1713 5049 2022 5103 stemmate
2268 5050 2368 5106 Hic
2397 5055 2482 5105 est
2519 5052 2590 5106 de
2621 5069 2865 5106 numero
2897 5051 3236 5124 pacientum
3295 5055 3546 5111 damna
3594 5057 3797 5121 beato,

1750 5135 2020 5207 [fulgens,
2267 5140 2411 5195 Cum
2456 5140 2701 5196 Domino
2737 5157 2987 5213 quorum
3023 5143 3157 5194 sunt
3200 5156 3425 5213 regna
3468 5146 3657 5201 beata
3694 5162 3799 5215 po-

553 5231 740 5286 Rebus
765 5233 824 5286 et
853 5233 977 5286 arte
1007 5246 1109 5284 sua
1133 5227 1267 5284 satis
1293 5226 1698 5299 augustissima
1725 5227 1897 5294 facta,
3547 5235 3802 5307 [lorumo

1728 5347 1963 5402 VARle
2009 5348 2300 5405 LECTION
2308 5350 2405 5407 FS.

477 5456 524 5535 ξ⁷
546 5469 580 5506 ο
610 5469 779 5577 ευριζεῖ
802 5451 1016 5522 scripto.
1043 5457 1089 5491 '8
1126 5448 1317 5504 Versus
1345 5447 1406 5500 lii
1437 5452 1538 5500 tres
1569 5445 1731 5500 rubro
1761 5447 1930 5502 colore
1959 5451 2147 5521 scripti
2177 5455 2321 5502 sunt.
2361 5458 2406 5490 29
2437 5447 2585 5502 Hinc
2619 5448 2732 5505 alia
2758 5449 3036 5506 manust
3058 5447 3313 5522 ejusdem
3362 5457 3491 5509 avi
3513 5458 3754 5528 pergitu
3781 5471 3808 5507 r

479 5541 517 5577 ι.
545 5541 597 5577 e.
626 5539 691 5577 ve
737 5540 752 5577 ι
789 5565 803 5577 .

404 5531 450 5566 ³ο
479 5525 517 5580 i.
545 5541 597 5584 ι’.
626 5524 803 5579 vehit.

1877 5597 2238 5612 ‘——-
