3898 6168
440 424 541 485 36⁸7

1439 414 1775 476 GOZPERTI
1828 416 2114 475 ABBATIS
2158 416 2733 476 TEGERNSEENSIS.

3605 429 3686 484 388

508 540 875 604 ﬁdelissimae
901 536 1217 599 devotionis
1242 539 1532 608 exercitia,
1566 555 1695 613 qua:
1729 542 1854 595 tam
1886 539 2047 612 longi
2066 546 2121 608 Α
2146 556 2273 595 mus
2295 539 2460 609 scire,
2488 539 2625 613 quid
2654 542 2845 595 essent
2891 538 3073 613 pisces
3098 552 3237 613 quos
3265 539 3467 598 husones
3512 561 3631 602 nom
3657 546 3698 601 i-

440 633 721 708 temporis
751 631 918 687 nobis
941 648 1006 686 ac
1035 628 1242 685 nostris
1266 627 1472 685 avobis
1501 628 1940 701 infatigabiliter
1959 627 2042 683 di-

438 723 705 780 versitate
735 720 1000 776 laborum
1034 718 1552 790 magnitudineque
1581 716 2042 772 ministeriorum

440 814 574 867 sunt
591 809 1251 883 impertita,cunctorum
1272 809 1680 862 remunerator
1693 806 1845 860 Deus
1866 804 2049 860 sancti

440 897 601 953 testis
631 896 716 952 sui
744 896 968 961 Quirini
994 896 1279 968 precibus,
1306 894 1667 950 mercedibus
1689 894 1904 949 centies
1921 909 2054 947 cen-

439 984 729 1059 tuplicatis
740 983 1099 1039 remunerari
1112 982 1384 1056 dignetur
1399 999 1596 1038 coram
1626 983 1866 1038 coetibus
1879 981 2049 1037 caele-

443 1073 642 1128 stibus.
673 1072 872 1127 Merito
891 1088 996 1144 pro
1018 1071 1179 1127 vobis
1190 1073 1306 1126 Deo
1326 1070 1839 1143 supplicamus,qui
1860 1071 2048 1124 locum

442 1163 707 1216 nostrum
728 1160 938 1215 talibus
948 1159 1216 1231 operibus
1232 1160 1524 1214 honorum
1539 1157 2056 1227 sublimastis,qua-

436 1249 589 1316 libus
618 1266 724 1305 nec
760 1249 1081 1322 priscorum
1108 1249 1468 1319 temporibus
1518 1248 1801 1320 comperti
1837 1260 2053 1313 sumus,

445 1354 553 1393 nec
571 1354 690 1394 non
737 1337 953 1393 visuros
981 1354 1103 1392 esse
1127 1337 1520 1408 sperabamus.
1540 1337 1802 1391 Ecclesiae
1842 1334 2057 1390 nostris

443 1425 713 1482 fenestras
737 1425 1025 1482 veteribus
1038 1425 1247 1497 pannis
1263 1442 1440 1498 usque
1459 1441 1613 1479 nunc
1643 1424 1881 1479 fuerunt
1897 1424 2053 1477 clau-

446 1512 757 1569 saa.VeStris
781 1512 1037 1569 felicibus
1066 1510 1428 1585 temporibus
1477 1511 1803 1567 auricomus
1822 1511 1906 1565 sol
1938 1506 2055 1581 pri-

449 1617 614 1656 mum
630 1599 1113 1656 infulsitbasilicze
1140 1602 1351 1655 nostra;
1384 1600 1717 1671 pavimenta
1744 1615 1848 1670 per
1873 1597 2058 1652 disco-

448 1688 596 1744 loria
608 1688 967 1759 picturarum
985 1688 1614 1759 vitra;cunctorumque
1629 1684 2059 1758 inspicientium

448 1776 626 1831 corda
672 1780 1006 1849 pertentant
1033 1776 1383 1849 multiplicia
1415 1776 1651 1848 gaudia,
1688 1775 1786 1847 qui
1829 1774 1983 1828 inter
2002 1786 2063 1828 se

449 1865 739 1919 mirantur
756 1864 971 1920 insoliti
991 1865 1183 1937 operis
1212 1865 1535 1921 varietates.
1558 1863 1838 1929 Quocirca
1852 1878 2061 1935 quous-
2086 1856 2138 1919 B

442 1967 563 2028 que
598 1956 756 2011 locus
783 1956 888 2010 iste
919 1956 1180 2011 cernitur
1208 1955 1309 2011 tali
1338 1955 1641 2012 decoratus
1677 1954 1907 2021 ornatu,
1939 1964 2062 2007 vcs-

444 2046 605 2098 trum
645 2058 864 2099 nomen
905 2043 999 2099 die
1027 2047 1319 2117 noctuque
1362 2039 2067 2099 celebrationibusoratio-

447 2148 590 2186 num
609 2131 930 2187 ascribitur.
965 2130 1107 2188 Etut
1121 2132 1391 2188 omnium
1412 2132 1819 2205 proximorum
1844 2133 2063 2185 vestro-

446 2232 581 2274 rum
596 2220 887 2275 memoria
896 2220 1168 2291 deinceps
1179 2221 1271 2275 hic
1283 2218 1954 2291 agatur,facite;concribi
1967 2236 2068 2273 no-

447 2305 610 2361 mina
629 2317 1113 2380 quorumcunque
1137 2308 1303 2363 vultis
1319 2310 1378 2363 in
1401 2306 1765 2375 membrana,
1786 2306 2066 2378 nobisque

438 2393 749 2449 ‘transmitli
769 2408 873 2467 per
883 2400 1226 2467 praesentem
1241 2397 1738 2451 nuntium.Vestra3
1752 2394 2069 2450 deliberati-

448 2482 546 2537 oni
562 2481 911 2538 dimittimus
933 2485 1062 2540 illos
1077 2501 1290 2556 pueros
1306 2485 1665 2557 probandos,
1681 2484 1726 2538 si
1753 2482 1895 2537 illud
1925 2499 2068 2555 epus

446 2569 633 2625 adhuc
647 2570 728 2626 ita
737 2571 852 2626 sint
864 2572 1055 2628 edocti
1084 2572 1166 2627 uti
1185 2573 1340 2628 vobis
1368 2575 1455 2627 est
1468 2572 1856 2627 honorificum
1872 2571 2065 2626 nobis-

446 2675 559 2730 que
577 2659 1154 2731 necessarium;vel,si
1175 2661 1392 2733 aliquid
1408 2661 1490 2716 eis
1511 2661 1709 2715 deesse
1745 2660 2062 2727 inveniam,

443 2746 617 2805 liceat
626 2765 727 2805 eos
739 2748 1039 2807 remittere
1050 2750 1210 2806 vobis
1223 2767 1393 2807 causa
1405 2748 1838 2806 melioratienis.
1848 2749 2058 2805 Valete.

1016 2838 1357 2895 EPISTOLA
1401 2840 1489 2893 IV.

840 2927 911 2966 AD
941 2926 1334 2966 IEGINHBLHUH
1354 2926 1608 2966 COHITEH.

440 2988 621 3071 Rogat
644 3004 703 3055 ut
729 2992 830 3054 sibi
851 2996 1100 3054 nonnihil
1134 2998 1406 3071 frumenti
1434 3000 1490 3054 in
1519 2999 1717 3054 victum
1743 3015 1923 3054 eorum
1966 2998 2062 3070 qui

513 3069 579 3125 in
598 3070 827 3135 Austria
856 3069 1197 3126 monasteriio
1225 3087 1316 3126 suo
1336 3072 1601 3138 serviunt,
1626 3071 1946 3142 elargiatur.

513 3160 601 3233 (ἰ,
622 3157 1149 3221 abbasmonasterii
1175 3154 1232 3215 S.
1268 3156 1360 3227 Q.,
1393 3156 1475 3214 itt.
1502 3157 1701 3215 comiti
1720 3156 2055 3214 venerando

439 3248 688 3309 salutem
717 3252 779 3307 in
809 3246 1080 3307 Domino.

513 3340 579 3396 In
606 3339 866 3397 maxima
885 3335 1225 3393 necessitate
1247 3332 1447 3392 fideles
1468 3332 1640 3391 amici
1657 3333 1867 3391 merito
1899 3348 2055 3406 quae-

441 3430 825 3498 runtur,et,ut
853 3427 1135 3501 scriptum
1159 3430 1263 3494 est,
1294 3425 1415 3481 sine
1434 3425 1608 3481 dubio
1639 3427 1778 3480 tunc
1795 3440 2059 3498 compro-

440 3516 657 3574 bantur
693 3516 927 3589 quando
957 3515 1227 3571 solatium
1244 3514 1518 3585 adjutorii
1544 3514 1890 3586 largiuntur.
1914 3512 2058 3577 Quia

444 3604 905 3661 consolationem
925 3606 1180 3659 vestram
1202 3617 1435 3673 semper
1453 3601 1834 3657 habuimusin
1866 3601 2056 3658 omni-

442 3692 551 3748 bus
573 3692 746 3749 rebus
773 3690 1224 3761 nostris,idcirco
1272 3690 1450 3747 etiam
1489 3706 1664 3759 nunc,
1692 3691 1857 3763 quasi
1889 3690 2056 3746 unico

444 3779 598 3854 patri
634 3784 694 3838 et
720 3780 955 3856 proprio
987 3780 1251 3848 domine,
1281 3778 1482 3851 pietati
1513 3782 1715 3835 vestrae
1760 3778 2058 3853 querimo-

442 3868 608 3927 niam
622 3869 864 3927 facimus
884 3866 956 3925 de
982 3867 1207 3925 familia
1226 3871 1426 3925 nostra
1451 3884 1628 3941 quam
1644 3867 1703 3923 in
1720 3868 1940 3925 Oriente
1963 3868 2063 3923 ha-

443 3959 806 4035 bemus,quae
837 3973 957 4033 prie
975 3956 1223 4031 penuria
1257 3957 1426 4030 grani
1451 3956 1724 4028 praesenti
1756 3973 1911 4012 anno
1929 3954 2061 4012 sub-

440 4042 597 4122 iacet
623 4047 1057 4123 gravipericulo
1101 4044 1393 4115 famis,cui
1422 4046 1496 4101 de
1522 4049 1689 4118 parte
1717 4048 1919 4101 nostra
1943 4062 2063 4101 non

444 4136 1063 4211 pDSSunrussubvenire
1074 4135 1219 4191 sicut
1238 4133 1561 4201 debuimus,
1587 4133 1723 4207 quia
1746 4132 1806 4187 in
1834 4132 1943 4188 isto
1967 4149 2067 4188 an-

446 4224 703 4282 noCeres
716 4242 835 4282 non
848 4227 999 4281 bene
1013 4223 1373 4280 fructificavit
1394 4223 1561 4279 nobis
1593 4224 1653 4279 in
1673 4223 1813 4279 locis
1826 4224 2061 4299 nostris.

452 4310 569 4369 Sed
586 4313 835 4385 petimus
846 4316 910 4367 ut
933 4312 1101 4368 nobis
1125 4314 1395 4385 aperiatis
1422 4330 1666 4369 manum
1686 4312 1869 4368 solitae
1890 4313 2064 4385 largi-

447 4400 632 4499 tionis
658 4403 885 4499 vestrae,
907 4404 975 4499 ‘et
993 4400 1245 4472 jubeatis
1287 4402 1454 4499 nobis
1485 4402 1609 4499 dari
1640 4403 2065 4499 aliquantulum
2087 4420 2141 4481 D
2168 4430 2417 4499 Christo,

446 4487 733 4545 frumenti
764 4488 838 4544 ob
870 4488 1304 4561 eleemosynam
1329 4491 1501 4546 vestri
1530 4491 1590 4547 in
1615 4491 1829 4547 victum
1861 4506 2064 4548 eorum

452 4578 519 4635 in
538 4578 748 4648 regione
766 4576 1153 4649 orientali,qua
1168 4592 1264 4632 vos
1290 4577 1695 4648 dominamini,
1718 4598 1791 4635 ne
1803 4579 1958 4635 fame
1974 4596 2070 4652 pe-

446 4666 721 4723 nitnsees
740 4674 798 4721 et
812 4663 1008 4720 inedia
1026 4666 1423 4720 consummari
1448 4668 1534 4722 vel
1566 4669 1717 4724 mori
1748 4668 2066 4725 videamus.

452 4754 674 4814 Valete.

1086 4827 1424 4883 EPISTOLA
1446 4827 1509 4883 V.

1097 4924 1166 4960 AD
1198 4924 1443 4963 εωωειί.

457 4996 678 5054 Gratias
700 4998 812 5066 agit
820 5011 935 5069 pro_
967 4994 1253 5069 husonibus
1282 5000 1505 5069 piscium
1534 5014 1741 5065 genere,
1779 5005 2070 5069 quantum-

525 5085 626 5197 que
642 5081 869 5139 precum
891 5067 1007 5122 Deo
1042 5082 1146 5136 pro
1166 5068 1292 5149 ejus
1331 5068 1572 5138 conjugis
1623 5067 1809 5125 anima
1839 5072 2071 5141 offerant

578 5154 963 5197 eaernseenses.
980 5146 1213 5197 manu.

578 5146 963 5210 'egernseenses,
980 5146 1213 5209 exponit.

526 5228 933 5283 Famosissimo
964 5225 1161 5282 comiti
1186 5241 1559 5293 HEGINHELIO,
1593 5242 1838 5281 summa:
1866 5226 2068 5281 nobili-

453 5316 589 5372 tatis
615 5316 883 5390 prosapia
912 5315 1247 5388 progenito,
1266 5315 1332 5371 G.
1354 5316 1532 5369 abbas
1562 5331 1694 5369 cum
1726 5332 1902 5387 grege
1947 5332 2070 5370 mo-

448 5406 693 5462 nachico
711 5405 818 5461 sibi
848 5404 1110 5477 subjecto
1140 5405 1387 5459 salutem
1413 5403 1472 5457 in
1503 5404 1775 5459 Domino.

518 5495 687 5560 Quod
736 5494 978 5566 singulis
1006 5493 1175 5549 annis
1233 5492 1488 5567 petendo
1519 5507 1618 5547 vos
1666 5490 2061 5562 sellicitamus,

437 5584 745 5659 compellit
765 5600 872 5640 nos
890 5584 1114 5640 instans
1134 5583 1463 5649 necessitas,
1494 5584 1554 5636 et
1577 5581 1747 5636 solita
1764 5585 1939 5655 atque
1957 5600 2060 5639 an-

2074 3136 2120 3202 c
2172 3110 2173 3113 γ

2150 632 2315 697 nant,
2349 629 2458 684 nisi
2516 630 2892 700 eleemosyna
2924 628 3119 683 vestri.
3152 630 3412 685 Volumus
3444 633 3596 688 etiam
3617 652 3699 690 vos

2151 735 2315 773 nosse
2337 718 2494 789 quod
2511 720 2671 773 nullo
2699 735 2857 773 anno
2874 718 3583 791 praetermittimuscensum
3598 740 3701 778 ora-

2150 807 2323 862 tionis
2349 824 2526 878 quem
2538 806 2697 861 vobis
2709 806 3357 880 promisimus.exceptis
3372 809 3450 863 his
3478 827 3599 880 quas
3613 827 3699 881 pro

2152 897 2514 966 elemosynas
2533 895 2700 950 nobis
2714 895 3057 950 facientibus
3080 897 3460 951 communiter
3486 898 3705 954 celebra-

2152 999 2307 1051 mus;
2337 983 2663 1055 specialiter
2686 999 2789 1055 pre
2807 984 2969 1039 vobis
2984 984 3295 1055 amicisque
3320 985 3505 1040 vestris
3524 986 3607 1057 qui
3619 989 3703 1042 ad-

2153 1073 2263 1127 huc
2285 1073 2481 1128 vivunt
2510 1074 2597 1127 vel
2617 1073 2742 1143 jam
2774 1072 2832 1127 in
2866 1074 3088 1129 Christo
3142 1073 3424 1139 obierunt,
3476 1092 3535 1129 ac
3558 1076 3708 1129 felicis

2158 1161 2457 1215 memoriae
2487 1161 2613 1231 conj
2625 1178 2732 1232 uge
2750 1163 2937 1215 vestra
2955 1178 3086 1215 XLIII
3116 1161 3314 1215 missas
3344 1166 3399 1216 et
3417 1162 3657 1233 psalteria
3678 1180 3706 1216 ι

2158 1247 2553 1304 decantamus.
2572 1248 2721 1313 Quin
2736 1248 2912 1303 etiam
2931 1248 3173 1304 nomina
3194 1252 3375 1305 vestra
3389 1250 3586 1320 scripta
3598 1253 3710 1304 sunt

2157 1336 2312 1409 apud
2337 1354 2444 1393 nos
2470 1341 2709 1410 prepter
2729 1338 2937 1409 jugem
2968 1338 3334 1394 memoriam.
3362 1338 3561 1392 Valete.

2728 1462 3067 1518 EPISTOLA
3102 1463 3189 1516 Vl.

2798 1569 2867 1607 AD
2890 1568 3130 1608 EUMDEI.

2158 1659 2307 1715 Petit
2334 1660 2436 1713 sibi
2483 1661 2713 1731 suisque,
2753 1675 2877 1715 cum
2905 1661 3155 1715 carnibus
3207 1660 3572 1715 monachorum
3598 1677 3717 1715 more

2588 1731 2908 1800 abstineant,
2924 1734 3143 1787 huSunes
3172 1734 3335 1786 mitti.

2232 1818 2460 1874 Domno
2490 1819 2560 1873 Μ.
2579 1819 2718 1874 boni
2739 1820 2993 1875 nominis
3009 1820 3193 1892 gloria
3210 1820 3421 1892 ubique
3440 1819 3720 1885 ditl‘amato,

2164 1908 2474 1964 Gozrnarus
2502 1908 2680 1964 abbas
2709 1925 2839 1965 cum
2869 1909 2983 1964 suis
3015 1909 3401 1966 confratribus
3428 1911 3648 1965 salutem
3673 1909 3722 1962 in

2165 1997 2436 2054 Domino.

2238 2086 2453 2141 Nullius
2465 2084 2676 2142 servitii
2690 2102 2898 2142 munus
2909 2104 3029 2159 prae
3053 2087 3327 2145 manibus
3354 2088 3635 2151 habentes,
3648 2101 3725 2140 ac-

2168 2172 2425 2229 cedimus
2450 2175 2523 2228 ad
2555 2191 2655 2230 vos
2685 2192 2927 2247 magnas
2956 2195 3047 2231 res
3073 2176 3542 2250 postulantes,sed
3561 2178 3726 2229 tamen

2169 2261 2567 2334 audacter,qui
2579 2265 2991 2319 confidentiam
3011 2268 3359 2321 resumimus
3376 2266 3443 2321 de
3455 2260 3729 2319 conscienti

2170 2351 2343 2406 totius
2374 2352 2651 2408 bonitatis
2682 2353 2738 2407 in
2791 2371 2909 2409 vos.
2968 2357 3028 2408 In
3060 2358 3277 2425 regione
3306 2354 3566 2423 Australi,
3611 2350 3731 2403 sicut

2168 2440 2345 2510 scitis,
2378 2442 2726 2511 habitantes,
2756 2460 2919 2498 more
2944 2445 3395 2514 monachorum,
3428 2446 3488 2497 ut
3516 2441 3678 2507 decet,
3705 2453 3732 2491 a

2168 2529 2436 2584 carnibus
2476 2530 2851 2600 abstinentes,
2881 2535 3119 2604 captura
3148 2532 3395 2604 piscium
3423 2547 3547 2586 raro
3575 2525 3729 2601 pasci-

2168 2633 2319 2686 mur,
2349 2617 2483 2690 quia
2503 2619 2747 2691 piscosas
2780 2637 2956 2692 aquas
2987 2621 3234 2676 minime
3256 2622 3547 2676 habemus.
3570 2616 3669 2673 Sed
3694 2614 3731 2670 si

2165 2703 2315 2761 Deus
2327 2724 2479 2762 anno
2507 2709 2774 2779 prmsenti
2788 2708 3113 2764 fecundavit
3131 2713 3442 2783 capturam
3457 2708 3731 2770 husonum,

2162 2794 2462 2850 nobiscum
2492 2798 2741 2868 petimus
2773 2801 2834 2852 ut
2850 2797 3103 2868 jubeatis
3120 2798 3426 2871 largiendo
3446 2791 3734 2851 communi-

2162 2884 2299 2952 cari,
2328 2887 2391 2938 ut
2420 2886 2769 2941 memoriam
2796 2886 2966 2941 vestri
3009 2887 3288 2959 deinceps
3318 2902 3510 2942 coram
3550 2885 3654 2940 Deo
3684 2881 3732 2935 in

2161 2972 2516 3028 orationibus
2536 2976 2743 3029 nostris
2768 2974 3108 3030 habeamus.
3135 2974 3360 3032 Valete.

2703 3099 3040 3155 EPISTOLA
3096 3099 3218 3156 VII.

2368 3214 2439 3254 AD
2483 3214 2810 3254 GBBHARDUI
2839 3212 3132 3254 EPISCOPUI
3161 3212 3552 3255 AUGUSTANUH.

2154 3304 2297 3377 Ejus
2351 3306 2656 3375 religionem
2698 3324 2760 3361 ac
2799 3305 3059 3375 pietatem
3096 3306 3318 3374 taudat,
3362 3304 3662 3377 spondetque
3687 3314 3733 3352 se

2229 3378 2301 3431 ad
2328 3379 2589 3447 eumdem,
2645 3394 2768 3433 cum
2810 3391 2913 3446 per
2948 3378 3078 3430 anni
3124 3385 3337 3449 tempus
3382 3376 3603 3442 licuerit,
3654 3386 3733 3425 ac-

2227 3466 2511 3503 cessurum.

2235 3541 2462 3597 Domno
2475 3535 2735 3611 pontifici
2749 3536 3179 3605 G.,sanctorum
3198 3539 3621 3593 antecessorum
3640 3544 3745 3586 me-

2156 3631 2282 3687 ritis
2307 3626 2621 3703 apostolica
2648 3625 2783 3681 sede
2806 3624 2981 3697 digne
3010 3624 3445 3693 sublimato,G.,
3475 3633 3745 3678 servorum

2157 3720 2261 3777 Dei
2275 3719 2531 3785 ultimus,
2553 3713 2901 3786 humilisque
2914 3714 3262 3771 monachica
3272 3711 3636 3788 congregatio
3654 3704 3747 3762 sibi

2160 3808 2491 3875 commissa,
2521 3801 2980 3861 famulaminum
3009 3820 3376 3878 precumque
3400 3799 3745 3859 sedulitatem

2160 3897 2224 3953 in
2256 3895 2502 3953 Christo.

2233 3985 2546 4041 Virtutibus
2575 3989 2777 4042 vestrae
2805 3982 3109 4042 laudabilis
3137 3982 3342 4051 fama},
3361 3998 3504 4055 quas
3526 3976 3644 4052 pius
3671 3989 3749 4029 ru-

2164 4091 2296 4132 mor
2317 4076 2519 4130 matris
2548 4075 2815 4131 Ecclesia:
2832 4075 3044 4147 ubique
3070 4072 3367 4143 diﬂ‘undit,
3403 4066 3749 4141 congratula-

2167 4180 2320 4232 mur,
2334 4180 2592 4236 quosque
2604 4164 2920 4236 saepissime
2940 4163 3230 4235 comperti
3256 4177 3480 4227 sumus,
3501 4157 3753 4228 frequen-

2165 4253 2300 4308 tiori
2330 4253 2661 4308 narratione
2685 4242 2999 4308 venerandi
3024 4251 3301 4308 antistitis
3327 4248 3511 4306 nostri
3540 4243 3754 4314 G.(Gote

2165 4342 2399 4397 schatchi
2445 4358 2524 4413 ep.
2576 4340 2868 4414 Frising.),
2952 4341 3051 4414 qui
3080 4356 3178 4395 vos
3210 4340 3470 4395 multum
3500 4335 3653 4392 amat
3703 4330 3754 4385 in

2444 4447 2577 4486 cum
2598 4431 2919 4503 priscorum
2936 4429 3437 4503 praedecessorum
3467 4424 3635 4482 vestri
3658 4419 3758 4492 epi-

2168 4535 2473 4591 scoporum
2490 4519 2677 4590 gratia
2687 4536 2787 4574 seu
2796 4519 3189 4574 familiaritate
3201 4518 3524 4574 admodum
3536 4510 3758 4589 pleniter

2170 4610 2244 4665 ob
2270 4611 2697 4681 eleemosynam
2724 4610 2809 4665 sui
2832 4610 3014 4665 functi
3042 4626 3262 4677 sumus,
3311 4610 3413 4682 qui
3445 4624 3551 4663 nos
3570 4606 3760 4661 dilexe-

2169 4703 2306 4754 runt
2321 4715 2425 4771 pro
2439 4715 2639 4753 amore
2661 4699 2760 4754 Dei
2773 4697 3069 4771 sanctique
3086 4695 3579 4769 Quirini,patroni
3600 4688 3763 4748 nostri

2172 4804 2241 4843 eo
2269 4786 2565 4842 ardentius
2578 4786 2751 4841 etiam
2779 4786 3030 4858 gratiam
3050 4786 3221 4841 vestri
3252 4804 3377 4859 prae
3396 4783 3616 4840 ceteris
3632 4780 3764 4835 habe

2171 4876 2403 4947 spiritus
2429 4875 2712 4930 desiderio
2725 4875 2972 4942 sitimus,
2991 4891 3104 4946 quo
3126 4891 3226 4929 vos
3248 4891 3475 4929 nomen
3506 4865 3767 4943 religiosi-

2173 4968 2469 5036 tatemque
2486 4962 2844 5018 Benedictinae
2864 4965 2991 5017 vitae
3010 4962 3273 5033 positum
3296 4962 3357 5016 in
3376 4959 3687 5034 apostolica
3702 4954 3771 5010 di-

2171 5055 2392 5126 gnitate
2415 5069 2531 5124 prie
2565 5052 2686 5106 aliis
2718 5067 2999 5106 exornare
3026 5051 3289 5106 moribus
3306 5050 3623 5119 habituque
3653 5060 3773 5099 sen-

2170 5141 2363 5197 timus.
2382 5141 2525 5206 Quia
2544 5139 2766 5212 gremio
2793 5130 3166 5211 Augustensis
3181 5139 3446 5193 ecclesiae
3478 5133 3771 5192 nutritisu-

2169 5246 2298 5284 mus
2319 5248 2352 5284 a
2389 5246 2590 5301 puero,
2621 5231 2883 5283 sanctum
2913 5228 3108 5283 locum
3124 5245 3279 5300 saepe
3318 5226 3530 5299 saepius
3560 5223 3772 5278 visitare

2170 5317 2848 5389 debemus,proximaque
2862 5320 3082 5384 aestate,
3106 5315 3346 5390 quando
3367 5314 3641 5388 gramina
3653 5306 3770 5365 sum

2168 5421 2295 5461 cere
2326 5410 2569 5479 possunt
2597 5404 3187 5473 iteratoribus,vestris
3227 5404 3599 5459 orationibus
3632 5399 3772 5453 intus

2165 5510 2262 5549 vos
2289 5495 2481 5550 videre
2511 5494 2793 5567 cupimus,
2817 5497 3116 5566 vestraque
3147 5491 3409 5548 animari
3441 5485 3771 5565 praesentia,

2161 5586 2225 5637 ut
2256 5583 2487 5656 spiritus
2507 5584 2794 5640 desiderat
2837 5599 2941 5654 per
2981 5583 3208 5655 singula
3259 5585 3592 5639 momenta.
3627 5576 3774 5643 Quo-

444 5674 629 5732 nualis
654 5673 883 5745 largitio
908 5671 1278 5746 benignitatis
1308 5674 1530 5741 vestrae,
1558 5670 1697 5744 quia
1723 5670 1811 5727 vix
1850 5674 2053 5745 vpotui-
2148 5671 2309 5729 circa
2342 5673 2617 5747 petimus,
2664 5672 2925 5746 pontifex
2944 5670 3300 5741 venerande,
3331 5670 3613 5743 deinceps
3641 5680 3759 5723 ωε·
