3876 6172
217 348 300 400 369
1635 345 1766 401 Εριε

1877 347 2016 402 ιΙμΈ.

3369 365 3473 421 370

210 470 427 525 mentote
459 467 636 522 nostri
665 483 678 522 :
719 468 948 539 quando
979 486 1085 525 nos
1131 469 1303 524 vestri
1346 469 1759 539 obliviscimur,
1787 475 1844 534 Α,
1871 490 1976 529 nos
2006 475 2290 532 habemus
2307 494 2410 550 pro
2434 481 2787 537 mercatione
2805 500 2980 564 quam
3001 485 3250 543 famulus
3278 492 3475 546 noster

210 575 294 613 nec
318 554 476 611 nostri
506 557 906 611 recordamur.
940 557 1156 611 Valete.

712 645 1046 701 EPISTULA
1083 647 1218 701 VIll.

729 750 804 788 AD
855 751 1196 790 BRUNONEM.

207 822 264 878 Ut
283 822 489 876 decimas
518 822 579 876 in
609 823 718 874 vico
751 821 1053 876 Tatinhusa
1103 823 1324 880 ecclesiae
1353 823 1768 882 Tontinhusanae

781 910 930 966 reddi
938 911 1150 981 jubeat.

256 1001 512 1066 Bnusom,
543 998 761 1054 domno
781 999 1326 1068 beneﬁcentissimo,
1354 1001 1551 1069 abbas,
1582 1004 1767 1058 vester

197 1088 405 1142 servitur
432 1087 691 1142 devotus.

255 1175 478 1239 Quidam
529 1175 743 1229 viculus
791 1176 1148 1233 haereditatis
1193 1178 1416 1246 vestrm,
1457 1179 1767 1235 Tatinhusa

196 1267 544 1335 nuncupatus,
580 1263 828 1318 duarum
862 1265 1148 1320 hoharum
1175 1266 1405 1321 colonia
1457 1283 1764 1337 possessus,

195 1352 447 1407 memoria
475 1355 717 1406 etmtate
738 1356 1079 1408 cunctorum
1106 1353 1203 1425 qui
1230 1355 1416 1409 adhuc
1439 1360 1765 1428 supersunt,

190 1456 391 1510 semper
421 1439 742 1494 decimatus
785 1441 972 1496 fuerat
1013 1443 1087 1496 ad
1133 1443 1431 1498 ecclesiam
1487 1447 1768 1512 nostram,

192 1528 515 1582 Tontinhusa
533 1528 917 1583 nominatam.
939 1531 1006 1583 Et
1027 1547 1330 1585 causamur
1347 1531 1545 1603 pietati
1570 1537 1770 1588 vestrte

191 1616 501 1670 vestituram
517 1617 681 1670 nobis
699 1617 907 1687 injuste
927 1619 1484 1690 abstractam,petim
1494 1637 1671 1692 usque
1686 1624 1769 1689 ut,

185 1704 413 1776 judicum
442 1705 618 1758 vestri
660 1706 1065 1760 moderamine
1095 1707 1297 1762 omnia
1318 1708 1476 1778 justa
1523 1710 1774 1766 libenter

1873 565 1930 616 et
1954 563 2205 620 famulus
2230 571 2416 622 vester
2446 569 2598 624 inter
2613 588 2671 625 se
2694 563 2975 639 fecerunt,
2992 578 3054 630 ut
3073 577 3475 634 commutatio-

1873 668 2010 706 nem
2045 653 2166 708 ﬁeri
2205 655 2462 726 ejusdem
2498 660 2864 716 mercationis
2888 663 3256 735 principiatis,
3285 670 3342 720 et
3362 667 3473 722 hoc

1870 740 2204 809 perﬁciatur
2233 746 2387 800 salva
2423 745 2534 800 ﬁde
2565 747 2718 803 inter
2745 753 3018 823 utrosque
3049 751 3130 806 ita
3169 754 3392 822 tamen,
3424 756 3471 811 si

1867 829 2035 882 vultis
2047 835 2102 884 et
2115 832 2513 904 prmcipitis,ut
2530 836 2777 894 famulus
2791 840 3468 912 nostercumjuramento

1871 921 2226 974 contestetur
2254 939 2326 976 ne
2367 939 2458 977 res
2480 924 2682 980 famuli
2710 926 2878 982 vestri
2898 929 3161 1001 pejorata
3183 930 3255 986 sit
3284 930 3342 986 in
3372 948 3471 1004 po-

1869 1007 2074 1063 testate
2101 1025 2204 1066 sua
2233 1010 2304 1064 de
2335 1027 2437 1066 suo
2470 1011 2662 1084 aliquo
2695 1014 2922 1072 delicto.

2432 1120 2767 1177 EPISTOLA
2791 1124 2898 1178 XII.

2107 1241 2180 1279 AD
2212 1241 2626 1284 EIHSTATENSIS
2648 1247 2936 1294 ECCLESUE
2953 1250 3232 1296 FRATRES.

2021 1334 2092 1389 Ut
2117 1334 2262 1390 diem
2303 1336 2474 1392 obitus
2503 1338 2694 1407 fratris
2717 1341 2805 1396 sui
2831 1340 2902 1396 ad
2925 1357 2982 1398 se
3005 1345 3332 1414 perscribunt

1942 1423 2028 1489 G.,
2059 1425 2523 1480 Tscsnnsaansn
2541 1428 2878 1484 monasterii
2900 1431 3098 1496 abbas,
3114 1433 3374 1504 quamvis
3393 1434 3476 1492 in-

1872 1509 2099 1581 dignus,
2157 1513 2430 1570 fratribus
2486 1515 2856 1573 Eilistatensis
2902 1520 3163 1580 Ecclesiae
3211 1522 3477 1582 emundis

1871 1601 2154 1672 tanquam
2189 1602 2427 1657 uterinis
2455 1603 2792 1662 Christianas
2821 1609 3242 1678 germanitatis.

1945 1689 2213 1752 Quamvis
2227 1692 2514 1764 corporali
2539 1693 2827 1749 localitate
2848 1712 2882 1752 a
2901 1697 3058 1753 vobis
3069 1698 3246 1758 simus
3264 1699 3478 1771 disiun-

186 1793 545 1862 ponderante,
569 1793 734 1848 nobis
747 1794 1092 1866 praecipiatis
1127 1777 1399 1850 eamdem
1435 1797 1766 1854 decimatio-

1877 1777 2374 1850 cti,coagulatione
2397 1784 2594 1836 tamen
2621 1783 2879 1852 specialis
2903 1789 3479 1848 commemorationis

189 1897 302 1934 nem
331 1881 595 1948 concedi,
629 1883 813 1937 donec
844 1882 902 1937 in
930 1883 1174 1939 concilio
1207 1884 1686 1956 archipresbyteri
1715 1890 1766 1942 et

1877 1867 2085 1939 iugiter
2103 1870 2304 1922 vestrae
2323 1869 2618 1928 dilectioni
2636 1887 2836 1932 sumus
2855 1875 3270 1946 compaginati.
3290 1878 3477 1949 Lugu-

189 1969 318 2038 apud
364 1971 565 2040 legum
618 1971 948 2026 conditores
985 1972 1329 2042 dijudicetur
1355 1974 1770 2044 quodjustissi-

189 2073 324 2110 mum
354 2058 451 2124 sit;
495 2062 697 2130 postea
725 2059 996 2114 nolumus
1039 2078 1144 2115 nec
1198 2078 1501 2133 possumus
1539 2067 1772 2118 contra-

189 2146 369 2215 dicere,
398 2147 688 2220 quidquid
719 2149 925 2204 exinde
975 2149 1166 2205 facere
1199 2149 1524 2221 praecipitis.
1555 2152 1768 2208 Valete.

728 2239 1063 2294 EPISTOLA
1110 2241 1192 2297 IX.

585 2344 660 2382 AD
714 2344 1000 2383 OTTONEM
1051 2345 1318 2384 COMITEM
1328 2371 1342 2386 ο

184 2410 512 2468 Commendat
568 2417 620 2468 ei
653 2433 862 2470 servum
913 2417 1214 2489 quemdam,
1252 2422 1508 2490 rogatque
1556 2426 1615 2472 ut
1668 2418 1772 2473 duo

616 2506 728 2574 ipso
749 2506 975 2576 palliata
1005 2506 1316 2561 reddantur.

238 2589 453 2646 Orrom
481 2593 689 2648 comiti
713 2595 1042 2654 venerando
1065 2595 1408 2650 Gozesarus
1433 2595 1610 2651 abbas
1636 2611 1769 2652 cum

179 2677 424 2735 fratribus
451 2681 568 2735 sibi
590 2681 911 2737 commissis
935 2683 1206 2738 devotum
1228 2683 1524 2740 servitium
1548 2701 1612 2740 ac
1637 2701 1769 2756 pre-

180 2782 290 2821 cum
310 2769 705 2824 sedulitatem.

235 2857 327 2911 Diu
345 2862 647 2930 noctuque
670 2861 871 2914 vestra:
890 2859 1092 2931 pietati
1116 2861 1365 2918 nimium
1389 2863 1766 2932 conﬁdentes,

179 2945 324 3000 istum
355 2965 595 3002 servum
642 2951 1111 3015 nostrum,omni
1157 2952 1358 3006 solatio
1408 2953 1766 3020 destitutum,

177 3037 642 3091 commendamus
657 3037 836 3104 vobis,
861 3041 1183 3108 postDeum
1209 3039 1601 3096 unicissimum
1630 3060 1769 3097 con-

178 3123 462 3180 solatorem
487 3125 564 3180 de
594 3124 701 3179 sibi
725 3143 878 3180 nunc
908 3126 1146 3182 instanti
1178 3129 1577 3187 tribulatione.
1609 3130 1770 3186 Vide-

179 3209 288 3265 licet
317 3213 426 3268 duo
462 3214 730 3286 palliola,
767 3232 892 3285 quae
924 3221 1329 3272 remanserant
1359 3218 1418 3272 in
1449 3221 1634 3273 vestra
1663 3235 1766 3292 po-

177 3302 376 3368 testate,
416 3303 526 3358 sibi
583 3302 748 3356 reddi
802 3304 1149 3375 prmcipiatis
1200 3322 1305 3376 pro
1355 3323 1554 3361 amore
1581 3293 1681 3362 Dei
1711 3311 1770 3362 et

177 3387 221 3443 S.
252 3390 462 3453 Quirini
496 3393 1051 3464 eleemosynamque
1074 3395 1267 3450 vestri.
1294 3394 1351 3449 Si
1383 3396 1768 3468 illumldigna-

176 3479 293 3532 mini
317 3480 633 3548 consolari,
681 3499 785 3536 nos
818 3483 1011 3554 utique
1050 3483 1249 3538 scitote
1282 3485 1530 3540 multum
1560 3485 1764 3542 exinde

175 3570 446 3636 gratulari.
473 3571 696 3625 Valete.

756 3658 1088 3714 EPISTOLA
1120 3663 1181 3717 X.

675 3763 746 3800 AD
781 3765 838 3802 Η.
875 3762 1253 3804 COMITISSAM.

172 3832 294 3889 Petit
332 3839 638 3908 pecuniam
686 3854 784 3907 pro
836 3837 1194 3908 quorumdam
1236 3840 1763 3910 consanguineomm

643 3943 865 3979 suorum
893 3927 1268 3998 redemptione.

230 4013 460 4070 Domnm
514 4014 828 4070 comitissze
880 4016 969 4082 IL,
1022 4017 1176 4071 bona
1232 4016 1504 4088 opinione
1551 4017 1761 4090 ubique

175 4099 484 4173 diffamatis,
517 4107 710 4158 vester
729 4104 972 4160 servitor
989 4104 1230 4159 devotus
1249 4106 1460 4161 sedula:
1487 4106 1762 4162 orationis

172 4194 559 4249 constantiam.

232 4281 492 4336 Instantis
518 4281 878 4337 necessitatis
894 4298 1040 4337 mea;
1058 4299 1286 4338 causam
1303 4300 1628 4355 conqueror
1643 4285 1762 4355 pie-

1871 1955 1973 2011 bre
1992 1956 2258 2012 nuntium
2288 1958 2558 2014 turbabat
2577 1976 2680 2014 nos
2701 1961 2872 2027 corde
2897 1964 3224 2035 tenus,quia
3234 1965 3478 2026 fratrem

1873 2047 2136 2099 nostrum
2161 2045 2286 2115 jam
2335 2046 2409 2102 ad
2452 2047 2632 2102 Deum
2675 2048 2953 2120 migrasse
2985 2051 3326 2121 audivimus,
3357 2054 3474 2126 qui,

1873 2133 2012 2188 dum
2042 2132 2196 2202 vixit,
2227 2134 2535 2190 dimidium
2567 2135 2778 2192 animae
2809 2155 2956 2194 mea;
3004 2139 3131 2206 fuit,
3155 2140 3315 2211 cujus
3359 2143 3478 2202 obi-

1872 2223 1960 2276 tus
1995 2223 2152 2278 diem
2182 2224 2530 2280 Kalendario
2562 2226 2841 2282 conscribi
2861 2226 3140 2299 nobisque
3164 2231 3476 2288 transmitti

1871 2327 2166 2384 rogamus.
2200 2314 2315 2370 Hoc
2342 2332 2524 2370 unum
2553 2315 2761 2370 viventi
2787 2316 2951 2372 fratri
2978 2321 3174 2380 nostro
3206 2319 3345 2380 dare
3374 2319 3475 2376 de-

1875 2401 2180 2469 crevimus,
2213 2403 2314 2458 sed
2374 2421 2506 2459 eum
2561 2403 2618 2458 in
2672 2404 2895 2462 Christo
2949 2406 3132 2462 laetari
3176 2424 3477 2480 speramus

1873 2491 2131 2546 Petimus
2160 2495 2223 2548 ut
2247 2509 2352 2564 pro
2386 2492 2675 2548 memoria
2698 2493 2882 2550 felicis
2919 2495 3131 2552 animus
3167 2497 3326 2556 vobis
3373 2497 3478 2556 mi-

1871 2579 2102 2636 nistrari
2121 2580 2394 2653 jubeatis.
2431 2582 2644 2640 Valete.

2421 2689 2756 2745 EPISTULA
2783 2691 2917 2749 XIII.

2453 2812 2529 2849 AD
2551 2813 2801 2852 DOMNUM
2824 2814 2884 2852 Η.

1877 2899 1948 2955 Ut
1969 2901 2179 2955 tertiam
2198 2908 2406 2972 partem
2432 2901 2690 2957 Historiae
2735 2903 3040 2974 Tmpartita’
3075 2907 3180 2960 sibi
3203 2907 3474 2967 utendam.

2291 2997 2340 3044 et
2369 2990 2764 3044 exscribendam
2787 2993 3056 3048 concedat.

1801 3076 1848 3135 C
1939 3079 2130 3134 Abbas
2158 3080 2246 3146 G.,
2281 3079 2543 3151 quamvis
2574 3079 2868 3153 indignus,
2895 3082 3113 3139 domno
3139 3085 3206 3142 H.
3227 3086 3473 3143 salutem

1868 3167 1927 3223 in
1955 3167 2196 3224 Christo.

1940 3257 2368 3326 Recordamini,
2399 3257 2670 3330 petimus,
2699 3258 2833 3314 ﬁdei
2861 3259 3265 3334 cbaritatisque
3295 3280 3472 3336 quam

1869 3350 2112 3418 uterque
2127 3349 2382 3402 vestrum
2404 3347 2569 3402 alteri
2587 3347 2956 3418 promiserat;
2975 3352 3051 3416 et,
3076 3367 3148 3404 ne
3161 3352 3276 3406 ullo
3295 3353 3470 3409 modo

1868 3434 2021 3489 inter
2061 3453 2166 3491 nos
2197 3436 2488 3507 frigescat,
2519 3435 2564 3489 si
2595 3435 2762 3490 nobis
2799 3435 3014 3510 aliquid
3046 3438 3216 3493 vestri
3259 3440 3472 3496 servitii

1867 3525 2198 3596 praecipitis,
2220 3525 2455 3580 devotus
2473 3525 2716 3597 implere
2739 3527 3000 3582 studebo.
3026 3527 3346 3599 Tripartitaa
3377 3529 3470 3584 Hi-

1865 3613 2056 3668 storiae
2074 3615 2214 3668 duas
2231 3617 2421 3684 partes
2437 3615 2788 3686 conscriptas
2805 3615 3114 3684 habemus;
3142 3616 3312 3672 tertia
3338 3635 3472 3691 pars

1865 3702 1993 3757 ideo
2025 3703 2204 3769 deest,
2225 3702 2361 3774 quia
2388 3705 2683 3778 exemplar
2713 3703 2853 3758 alias
2873 3704 3172 3776 acquirere
3194 3722 3312 3761 non
3338 3722 3468 3777 pos-

1865 3808 2082 3859 sumus,
2107 3790 2213 3845 nisi
2233 3793 2306 3846 ob
2332 3791 2581 3862 gratiam
2607 3793 2774 3846 vestri
2808 3792 2972 3852 nobis
3003 3792 3233 3848 mittere
3263 3794 3466 3864 digne-

1864 3879 2026 3937 mini.

2423 3979 2756 4034 EPISTOLA
2781 3980 2910 4034 XIV.

2416 4102 2491 4140 AD
2522 4103 2577 4142 ιν..
2613 4101 2906 4151 COMITEM,

1861 4195 2094 4249 Immam
2123 4195 2375 4250 ancillam
2399 4209 2520 4246 cum
2561 4191 2692 4261 ﬁliis
2715 4194 2824 4248 suis
2849 4192 2952 4246 sibi
2990 4192 3099 4263 lege
3134 4191 3315 4250 deberi
3333 4211 3466 4266 pro-

2356 4282 2464 4348 bat,
2494 4298 2558 4338 ac
2579 4281 2728 4336 reddi
2740 4283 2978 4353 postulat

175 4368 256 4461 tat-1'
281 4374 507 4461 γεδῐῗεξν
527 4371 666 4442 quia
699 4388 816 4461 εονεν
843 4374 904 4424 ιιι
926 4371 1213 4461 audimus:
1232 4371 1484 4443 benigne
1501 4375 1762 4429 00‘150'3'
1786 4393 1838 4451 D
1937 4393 2164 4446 Domno
2195 4390 2286 4456 IL,
2313 4388 2622 4445 comitatus
2656 4391 2878 4445 honore
2903 4389 3065 4444 valde
3095 4389 3294 4461 digno,
3321 4389 3469 4446 Goz-

175 4457 294 4510 mini
322 4457 418 4529 qui
447 4459 509 4514 in
543 4459 814 4528 angustia
831 4465 979 4514 sunt.
997 4459 1244 4524 Quidam
1265 4461 1765 4532 consanguinitate

173 4546 518 4618 mihijuncti,
546 4549 645 4621 qui
677 4549 908 4603 fuerunt
927 4549 1110 4617 liberi,
1138 4550 1448 4604 venundati
1467 4550 1766 4622 abiniquis

172 4635 500 4706 hominibus,
550 4638 696 4692 duro
721 4641 1065 4709 premuntur
1092 4638 1346 4692 servitio.
1376 4638 1490 4694 Sed
1513 4640 1764 4694 domnus

175 4729 364 4793 noster,
381 4728 496 4782 dux
512 4727 816 4788 Henricus,
835 4727 908 4780 ob
931 4728 1364 4798 eleemosynam
1389 4727 1473 4782 sui
1492 4730 1767 4799 praecepit

174 4815 224 4864 ut
251 4815 409 4870 liberi
437 4815 716 4882 redeant,
751 4814 797 4868 si
836 4813 887 4868 ei
913 4816 970 4868 et
1000 4814 1251 4885 pretium
1297 4815 1626 4870 reddamus.
1678 4817 1767 4872 Ad

176 4898 264 4955 hoc
285 4904 543 4973 petimus
566 4906 626 4957 ut
647 4903 813 4958 nobis
843 4902 1076 4974 aliquod
1101 4903 1378 4958 auxilium
1410 4904 1631 4959 faciatis
1661 4921 1764 4976 pro

177 4989 258 5043 Dei
276 5008 497 5061 amore,
516 5009 752 5064 semper
781 5007 1009 5046 memor
1030 4993 1186 5063 quod
1208 4997 1503 5063 ereptores
1530 5010 1764 5066 oppres-

175 5091 346 5135 sorum
366 5080 476 5136 sibi
503 5084 846 5136 mereantur
866 5081 1108 5151 prmmia
1127 5085 1366 5137 aeterna.
1390 5082 1606 5138 Valete.

728 5185 1062 5242 EPISTOLA
1109 5188 1190 5242 XI.

578 5292 652 5330 ΑΙ)
691 5293 1016 5332 OTPERTUM
1054 5294 1343 5331 ABBATEM.

185 5359 556 5436 thuamdam
585 5369 720 5420 inter
759 5370 1036 5439 utriusque
1087 5384 1260 5421 servos
1300 5371 1766 5423 commutationem

725 5458 844 5525 ﬁeri
883 5474 1039 5527 perm
1049 5459 1194 5512 ittat.

241 5544 416 5600 Abbas
447 5546 794 5600 Gozeaa'rus
826 5562 956 5600 cum
989 5546 1261 5601 fratribus
1300 5545 1507 5600 dilecto
1553 5546 1768 5600 domno

187 5635 232 5683 et
257 5633 530 5689 confratri
561 5634 840 5692 Orrearo
869 5637 1113 5690 salutem
1145 5636 1201 5690 in
1236 5636 1505 5692 Domino.

1867 4496 2094 4536 remus
2127 4479 2304 4534 abbas
2335 4495 2466 4532 cum
2493 4477 2764 4533 fratribus
2796 4477 2900 4533 sibi
2929 4479 3195 4550 subjectis
3222 4480 3467 4535 salutem

1865 4569 1923 4624 in
1953 4569 2221 4625 Domino.
2782 4564 2791 4572 '

1936 4661 1998 4713 In
2026 4657 2186 4712 omni
2207 4660 2488 4728 potestate
2508 4656 2678 4712 vestri
2696 4655 3033 4728 prmsidatus
3065 4656 3354 4732 sapienter
3372 4675 3471 4714 vos

1868 4751 2124 4820 agere,et
2141 4750 2348 4802 cuncta
2361 4745 2670 4802 secundum
2685 4748 2874 4818 legem
2892 4747 3226 4814 decernere,
3242 4764 3471 4820 semper

1868 4835 2208 4892 audivimus.
2230 4837 2362 4890 Ideo
2385 4836 2646 4890 dolemus
2662 4835 2819 4910 quod
2840 4835 3058 4890 famula
3074 4839 3270 4891 nostra
3288 4839 3475 4894 Imma

1868 4943 2000 4981 cum
2026 4925 2153 4980 ﬁliis
2182 4925 2294 4979 suis
2323 4924 2489 4979 nobis
2521 4927 2605 4978 est
2645 4942 2678 4979 a
2704 4927 2893 4978 vestra
2933 4926 3215 4995 potestate
3263 4924 3474 4997 injuste

1866 5019 2054 5086 rapta.
2082 5013 2303 5068 Scimus
2323 5012 2502 5079 enim,
2523 5013 2566 5067 si
2583 5013 2771 5084 legem
2787 5015 3020 5085 patrum
3040 5030 3276 5076 suorum
3295 5015 3474 5070 habe-

1867 5108 1976 5171 ret,
2012 5102 2166 5174 quod
2197 5102 2299 5156 ﬁlii
2365 5102 2488 5173 ejus
2528 5101 2698 5156 vestri
2746 5101 3101 5158 serviessent.
3133 5102 3232 5158 Illa
3277 5107 3473 5158 autem

1866 5191 2318 5266 perdiditlegem
2342 5191 2743 5263 patrum,quia
2763 5191 2819 5245 in
2849 5194 3046 5246 nostra
3060 5192 3342 5264 potestate
3364 5194 3478 5246 stu-

1865 5283 2032 5353 prata
2050 5282 2134 5334 est
2147 5283 2203 5334 et
2215 5284 2444 5351 peperit
2462 5279 2643 5334 ﬁlium
2663 5285 2977 5353 antequam
2992 5279 3324 5352 legitimum
3347 5296 3476 5336 ma-

1868 5370 2043 5424 ritum
2063 5368 2374 5440 acciperet;
2398 5369 2555 5440 cuius
2575 5369 2659 5424 rei
2679 5373 2851 5426 testes
2873 5372 3005 5424 sunt
3037 5385 3239 5425 omnes
3273 5369 3369 5442 qui
3400 5369 3468 5422 il-

1869 5461 1987 5514 lam
2015 5462 2390 5530 cognoscunt,
2427 5459 2523 5530 qui
2556 5459 2829 5513 eumdem
2857 5456 3140 5512 infantem
3191 5457 3474 5512 viderunt.

1873 5547 2087 5601 Idcirco
2107 5547 2354 5619 petimus
2379 5550 2441 5601 ut
2458 5547 2622 5602 nobis
2640 5547 2909 5601 eamdem
2932 5563 3157 5602 servam
3182 5561 3311 5599 cum
3347 5544 3475 5600 ﬁliis

1877 5636 2041 5691 reddi
2068 5636 2432 5708 praecipiatis,
2460 5653 2532 5691 ne
2551 5638 2606 5689 et
2628 5636 2785 5690 vobis
2816 5638 3113 5707 peccatum
3154 5632 3244 5701 sit,
3272 5633 3317 5688 si
3345 5649 3470 5688 mo-

253 5724 545 5796 Rogamus
585 5742 674 5781 vos
705 5744 808 5798 per
839 5744 1103 5784 amorem
1129 5727 1395 5784 amicitiae
1423 5744 1600 5800 quam
1629 5725 1782 5784 inter
1885 5744 2016 5784 ram
2049 5726 2111 5783 in
2141 5725 2440 5784 reddendo
2460 5724 2664 5794 facitis,
2698 5727 2755 5781 et
2779 5723 2944 5781 nobis
2973 5738 3202 5778 necesse
3227 5738 3346 5779 non
3387 5723 3477 5795 sic,
