3876 6172
415 351 514 413 371

415 492 546 535 cum
599 474 897 547 negatione,
924 481 1109 531 contra
1128 492 1338 532 sensum
1359 475 1432 532 sit
1457 476 1674 533 domno
1693 479 1876 533 nostrl
1900 477 2030 534 duci
2057 481 2111 543 Α

423 565 498 623 de
527 565 636 621 hac
660 562 1155 637 requerimoniam
1186 565 1398 621 facere.

997 653 1333 710 EPISTOLA
1356 655 1463 710 XV.

436 742 508 803 Ut
537 744 595 798 in
620 743 827 813 egregio
846 741 1277 813 Tegernseensem
1295 743 1569 813 familiam
1593 745 1829 816 juvandi
1856 747 2035 800 animo

491 832 763 904 persistat,
786 838 837 886 et
855 832 1112 904 quosdam
1138 832 1375 904 famulos
1416 835 1631 888 civitate
1647 833 1850 905 pulsos,
1886 840 2033 890 tuea-

496 924 605 979 tur.

501 1007 667 1073 G.,in
689 1008 961 1065 omnibus
984 1011 1173 1065 vester
1193 1010 1431 1067 devotus
1451 1009 1713 1077 servitur,
1729 1012 1789 1066 P.
1809 1009 2036 1066 amicis-

432 1097 580 1155 simo
612 1096 1043 1171 consanguineo
1061 1098 1396 1172 domnoque
1413 1098 1749 1154 charissimo
1776 1100 2036 1155 sedulam

435 1187 765 1244 orationem
796 1187 1184 1259 devotumque
1206 1186 1563 1243 famulamen
1579 1231 1593 1247 .

504 1278 674 1343 Deus,
688 1276 787 1350 qui
801 1277 1022 1332 nullum
1036 1276 1186 1331 bene
1207 1278 1547 1348 operantem
1578 1275 1923 1332 indonatum
1949 1293 2039 1331 re-

433 1364 677 1438 linquet,
692 1364 958 1420 restituat
973 1363 1134 1419 vobis
1144 1364 1630 1419 remunerationis
1644 1365 1862 1420 donum
1886 1365 2042 1437 quod

434 1469 542 1526 pro
565 1452 732 1509 nobis
753 1454 1106 1520 constanter,
1121 1453 1327 1508 devote
1350 1452 1715 1526 ﬁdeliterque
1739 1452 2042 1508 laborastis

436 1540 581 1596 ineo
605 1542 761 1614 quod
778 1542 853 1597 ad
872 1544 1124 1596 vestrum
1147 1541 1418 1597 solatium
1441 1542 1933 1614 confugimus(l2)
1947 1542 2040 1613 ju-

438 1629 655 1686 stitiam
673 1630 775 1686 Dei
790 1630 974 1686 nostri
987 1631 1325 1687 monasterii
1346 1631 2044 1704 exquirendam.Pctimus

1027 350 1368 411 GOZPERTI
1401 350 1688 410 ABBA’I'IS
1724 353 2281 414 TEGERNSEENSIS
2320 354 2696 416 EPISTOLE.
2723 386 2795 403 -
2830 356 3128 420 APPEND.

3583 369 3672 431 372

2686 481 3020 539 EPISTOLA
3043 483 3171 543 XVI.

2746 571 2821 608 AD
2855 572 3120 610 EUMDEM.

2139 619 2579 702 Conqueritunob
2607 626 2693 702 sui
2726 626 3015 702 neglectum
3058 632 3107 702 et
3134 627 3682 702 oblivionemnogatque

2207 699 2268 747 ut
2300 694 2505 765 aliquid
2533 697 2711 766 cupri,
2740 698 2923 770 stanni
2956 704 3007 770 et
3027 698 3239 766 plumbi
3286 701 3352 753 ad
3392 694 3684 770 fundendum

2208 779 2546 838 campanam,
2587 774 2636 820 et
2657 768 2904 822 nonnihil
2933 769 3286 838 thymiamatis
3311 772 3377 825 ad
3392 768 3578 829 cultum
3596 775 3684 834 Dei

2209 841 2257 888 et
2283 835 2328 890 S
2339 880 2351 892 .
2390 835 2614 902 Quirini
2638 841 2837 896 mittat.

2209 923 2402 979 Abbas
2426 925 2489 982 G.
2522 926 2829 999 casterique
2867 926 3072 983 fratres
3120 929 3181 984 P.
3222 931 3690 1005 quidquidjpatres

2144 1010 2353 1067 dilecto
2374 1012 2542 1068 fratri
2567 1014 2804 1087 ﬁlioque
2834 1016 3168 1073 charissima
3183 1059 3195 1073 .

2216 1101 2414 1156 Plures
2458 1103 2599 1158 anni
2627 1107 3043 1176 computantur
3083 1107 3236 1179 quod
3266 1107 3505 1164 nativum
3537 1112 3696 1166 solum

2146 1187 2554 1263 dereliquistis,
2579 1195 2638 1247 et
2659 1192 2931 1265 regiones
2956 1194 3152 1250 adistis
3168 1194 3408 1267 ignotas,
3429 1197 3483 1252 in
3506 1200 3698 1271 quibus,

2147 1282 2211 1332 ut
2236 1279 2487 1334 libenter
2524 1280 2869 1350 audivimus,
2903 1282 3082 1337 etiam
3114 1284 3248 1339 satis
3278 1285 3494 1341 abunde
3522 1287 3702 1344 ditatus

2147 1367 2304 1423 estis.
2339 1367 2452 1423 Sed
2483 1368 2770 1425 miramur
2786 1373 2845 1425 et
2865 1372 3127 1427 dolemus
3153 1373 3306 1445 quod
3326 1374 3493 1429 nostri
3510 1377 3705 1449 penitus

2149 1455 2229 1509 ita
2255 1456 2466 1511 oblitus
2494 1457 2647 1526 estis,
2688 1460 2752 1513 ut
2782 1476 2887 1514 nec
2918 1476 3023 1531 per
3054 1461 3305 1530 nuntios,
3329 1462 3453 1517 hinc
3481 1462 3603 1518 inde
3624 1482 3708 1520 sa:-

2148 1544 2276 1614 pius
2297 1545 2656 1614 cursitantes,
2671 1548 2852 1601 ullum
2865 1548 3223 1604 salutaminis
3239 1551 3469 1606 verbum
3485 1568 3707 1624 unquam

2150 1631 2318 1686 nobis
2342 1632 2764 1704 demandastis;
2797 1651 2929 1690 cum
2957 1637 3141 1691 menti
3164 1640 3462 1707 nostras,ut
3476 1640 3709 1709 puerulus

436 1734 570 1774 vero
587 1721 649 1774 ut
662 1735 767 1791 pro
786 1735 985 1775 amore
996 1719 1098 1775 Dei
1116 1719 1415 1792 sanctique
1435 1719 1658 1784 Quirini
1687 1719 1873 1774 adhuc
1910 1736 2045 1792 per-
2068 1793 2108 1798 _
2151 1719 2343 1789 eratis,
2367 1721 2540 1777 corde
2562 1725 2727 1777 lenus
2751 1740 2982 1797 semper
3007 1741 3213 1781 omore
3248 1725 3367 1781 sitis
3396 1728 3710 1798 coagulatus.

434 1806 647 1863 sistatis
672 1807 788 1863 ﬁdo
809 1808 1123 1881 adjutorio,
1152 1813 1211 1863 ut
1233 1808 1504 1880 coepistis,
1524 1812 1582 1864 et
1600 1825 1778 1881 usque
1799 1809 1873 1863 ad
1902 1808 2043 1863 ﬁde-
2068 1793 2119 1852 B
2153 1810 2237 1866 Ob
2254 1809 2720 1866 recordationem
2733 1828 2852 1867 non
2865 1793 3265 1869 obliviscenda;
3286 1793 3584 1886 priorisque
3595 1814 3714 1869 ami-

435 1896 554 1952 lem
575 1896 777 1961 ﬁnem,
806 1900 871 1952 ut
906 1896 1066 1959 vobis
1091 1897 1457 1966 conﬁdimus,
1482 1897 1828 1971 perducatis.
1877 1897 2048 1960 Quid-

438 1985 577 2058 quid
609 2002 716 2042 nos
739 1985 827 2041 vel
854 1984 1041 2041 nuntii
1059 1985 1241 2041 nostri
1264 1986 1424 2042 vobis
1449 1986 1585 2043 dare
1610 2004 1713 2059 pro
1735 1988 1844 2042 hoc
1867 2004 2046 2060 nego-

437 2072 521 2131 tio
550 2073 945 2146 promisimus,
970 2075 1202 2148 quando
1238 2077 1327 2130 vel
1358 2075 1455 2130 ubi
1488 2075 1677 2142 vultis,
1727 2075 1849 2130 sine
1883 2093 2049 2131 mora

438 2164 882 2236 prmsentamus,
911 2162 993 2217 ita
1021 2165 1220 2217 tamen
1252 2162 1298 2216 si
1326 2165 1515 2218 vestro
1547 2163 1849 2233 juvamine
1882 2163 2048 2219 nobis

442 2251 648 2307 curtlia
666 2250 1064 2306 restituantur.
1082 2252 1224 2305 Istos
1244 2250 1494 2306 famulos
1515 2253 1743 2306 nostros
1764 2251 2048 2306 mittimus

442 2337 643 2410 pietati
672 2340 894 2405 vestrae,
921 2355 1066 2409 quos
1096 2337 1187 2392 isti
1218 2337 1425 2392 urbani
1456 2338 1527 2392 de
1559 2337 1785 2394 civitate
1815 2341 2045 2412 expule-

439 2427 575 2483 rant
586 2428 826 2499 propter
836 2426 907 2482 de
915 2425 1191 2499 spoliatos
1200 2425 1489 2495 homines,
1512 2427 1667 2499 quod
1682 2426 1831 2483 bene
1848 2427 2045 2496 nostis,

443 2513 582 2588 quia
604 2513 685 2570 illi
705 2514 777 2570 de
796 2514 905 2569 hac
919 2530 983 2568 re
1004 2513 1223 2586 aliquid
1236 2530 1352 2570 non
1367 2518 1856 2588 praesumpserant
1871 2515 2051 2586 prius-

443 2618 619 2674 quam
640 2604 889 2658 vestram
922 2604 981 2657 et
1000 2601 1201 2659 domni
1227 2601 1493 2674 Taginini
1533 2603 1826 2660 licentiam
1869 2604 2046 2659 habe-

439 2690 603 2746 bant.
635 2688 915 2755 Quocirca
937 2707 1212 2763 rogamus
1248 2708 1321 2746 ne
1361 2709 1459 2747 eos
1498 2694 1658 2747 extra
1701 2695 2042 2764 potestatem

442 2781 694 2835 vestram
721 2778 1044 2850 dimittatis,
1068 2779 1255 2835 donec
1293 2779 1419 2835 illos
1464 2780 1701 2853 paciﬁce
1731 2784 1791 2836 et
1828 2781 1951 2837 sine
1980 2780 2045 2835 ti-

444 2884 610 2924 more
638 2867 697 2924 in
722 2866 952 2924 civitate
983 2884 1223 2924 manere
1250 2867 1494 2928 faciatis.
1526 2869 1739 2925 Valete.

512 2990 625 3062 (l2)
647 2989 883 3049 Videtur
913 2990 1108 3049 deesse
1131 2989 1369 3065 aliquid.

2152 1898 2301 1954 cities
2331 1914 2607 1970 rogamus
2638 1899 2806 1954 nobis
2834 1901 3153 1956 transmitti
3186 1902 3534 1975 aliquantum
3557 1900 3711 1973 cupri,

2153 1986 2366 2054 stanni,
2402 1987 2515 2042 sive
2542 1986 2716 2041 etiam
2742 1988 2985 2059 plumbi.
3016 1990 3297 2045 Volumus
3327 1990 3499 2053 enim,
3532 1990 3572 2043 si
3592 1991 3716 2044 Deus

2151 2076 2398 2148 praeibit,
2432 2076 2714 2147 grandem
2735 2077 2978 2132 fundere
3000 2094 3345 2151 campanam
3367 2079 3439 2134 ad
3464 2078 3716 2133 honorem

2150 2164 2251 2221 Dei
2283 2166 2341 2218 et
2361 2162 2418 2217 S.
2440 2163 2684 2227 Quirini.
2712 2164 2807 2219 His
2828 2165 2985 2220 enim
3016 2167 3287 2222 omnibus
3320 2168 3589 2222 exhausta
3605 2168 3718 2220 sunt

2152 2255 2362 2307 nostrae
2412 2250 2613 2322 patriae
2654 2251 2930 2321 civitates,
2986 2271 3093 2309 nec
3140 2256 3259 2310 ullo
3316 2254 3493 2327 pretio
3534 2251 3721 2325 aliquid

2151 2337 2470 2393 istiusmodi
2493 2354 2797 2409 possumus
2821 2356 3187 2415 comparare.
3206 2343 3294 2399 Ad
3314 2341 3719 2397 thuriﬁcandum

2152 2428 2330 2483 etiam
2354 2426 2554 2483 domui
2581 2427 2683 2483 Dei
2696 2428 2980 2502 allarique
3000 2429 3059 2486 S.
3076 2430 3304 2495 Quirini
3323 2431 3563 2506 petimus
3582 2429 3721 2485 nobis

2153 2516 2575 2589 aliquantulum
2603 2517 2788 2572 thuris
2825 2519 2912 2573 vel
2955 2509 3207 2591 alicujus
3248 2519 3472 2593 generis
3508 2517 3722 2590 thymia-

2153 2608 2312 2661 mata
2346 2605 2684 2660 transmitti.
2727 2606 2785 2660 Si
2830 2606 3048 2678 aliquid
3096 2607 3270 2663 nobis
3309 2624 3412 2680 per
3447 2607 3723 2679 praesentes

2152 2694 2389 2749 nuntios
2412 2694 2770 2749 remandatis
2791 2695 2947 2767 quod
2978 2695 3052 2750 ad
3075 2696 3376 2753 servitium
3401 2699 3633 2751 vestrum
3657 2693 3726 2747 fa-

2149 2800 2279 2838 cere
2324 2799 2647 2853 possumus,
2689 2782 2853 2838 omni
2903 2784 3232 2843 devotionis
3280 2784 3465 2841 studio
3510 2783 3725 2840 libenter

2147 2871 2227 2926 im
2235 2870 2448 2942 plebim
2458 2888 2539 2929 us.
2568 2872 2782 2927 Valete.

1296 3284 1864 3380 GOZPERTI
1939 3291 2525 3383 EPISTOLIE
2594 3292 2922 3382 ALIZE.

1367 3494 1559 3568 (Apud
1590 3493 1824 3565 Mabill.,
1868 3494 2122 3552 Anatect.
2160 3513 2293 3552 nov.
2331 3496 2469 3553 edit.
2509 3514 2645 3570 pag.
2681 3498 2832 3564 434.)

945 3744 1273 3803 EPISTOLA
1318 3747 1552 3803 PRIMA.

797 3849 873 3889 AD
921 3849 1163 3891 UTONEM
1194 3853 1475 3893 NEPOTEM
1514 3852 1692 3892 SUUM.

516 3922 708 3979 Abbas
744 3923 1112 3993 GOZPERTUS,
1140 3924 1376 3980 humilis
1423 3924 1525 3981 Dei
1563 3925 1834 3993 famulus,
1866 3925 2053 3982 UTONI

445 4010 653 4069 dilecto
686 4013 883 4087 nepoti
906 4015 1151 4071 salutem
1185 4015 1242 4069 in
1274 4017 1421 4073 Deo.

517 4101 774 4158 Petimus
808 4119 907 4158 vos
938 4121 1041 4177 per
1083 4120 1348 4159 amorem
1381 4103 1483 4158 Dei
1523 4106 1582 4159 et
1610 4104 1789 4159 sancti
1833 4103 2055 4169 Quirini

443 4191 717 4263 martyris
736 4192 844 4259 sui,
862 4197 925 4247 ut
937 4193 1103 4248 nobis
1122 4194 1411 4248 decimam
1430 4193 1672 4249 reddere
1710 4193 2056 4267 prazcipiatis

446 4296 623 4352 quam
655 4280 873 4335 debent
894 4280 1151 4352 hospites
1182 4282 1363 4337 sancti
1395 4282 1617 4346 Quirini
1666 4282 1723 4337 in
1758 4282 2051 4337 servitium

443 4367 684 4435 habere,
704 4370 763 4422 et
788 4384 1071 4440 pauperes
1091 4368 1152 4424 in
1185 4370 1400 4426 victum
1428 4370 1526 4443 qui
1548 4370 1803 4442 quotidie
1816 4370 2056 4425 veniunt

446 4455 519 4511 ad
547 4455 671 4527 ejus
712 4457 1153 4513 monasterium.
1185 4459 1533 4514 Timendum
1564 4459 1722 4514 enim
1752 4459 1915 4514 valde
1945 4464 2050 4527 est,

444 4561 578 4600 cum
604 4547 1034 4618 eleemosynam
1057 4547 1320 4604 Ecclesiae
1346 4548 1445 4604 Dei
1468 4547 1818 4622 pauperibus
1847 4548 2051 4604 Christi

443 4632 655 4705 injuste
668 4633 886 4701 tollitis,
906 4637 969 4689 ut
988 4636 1221 4691 tollalur
1238 4636 1394 4692 vobis
1417 4654 1451 4692 a
1471 4638 1588 4694 Deo
1625 4637 1780 4710 quod
1813 4637 2054 4693 licenter

443 4725 502 4778 et
523 4721 646 4778 sine
668 4722 889 4794 peccati
917 4722 1174 4795 periculo
1206 4725 1421 4781 habere
1442 4726 1719 4799 potestis;
1769 4727 1925 4799 quod
1953 4743 2055 4783 vos

440 4812 592 4869 Deus
619 4810 800 4867 vitare
829 4812 1130 4869 concedat.
1153 4813 1370 4870 Valete.

1037 4902 1381 4959 EPISTOLA'
1402 4904 1469 4958 ll.

932 5007 1005 5045 AD
1044 5007 1308 5047 COMITEM
1350 5010 1460 5049 ADA
1468 5010 1559 5047 LP.

2077 5045 2128 5104 D

2073 3750 2121 3810 C
2156 3764 2303 3815 mus,
2323 3763 2538 3802 nomen
2564 3751 2816 3804 vestrum
2848 3747 2907 3803 in
2939 3748 3085 3804 libro
3134 3748 3271 3805 vita:
3313 3749 3467 3822 apud
3501 3763 3600 3802 nos
3625 3760 3738 3800 con-

2153 3835 2429 3907 scriptum
2456 3837 2735 3894 habemus
2765 3840 2823 3893 et
2853 3837 3113 3910 quotidie
3144 3838 3539 3913 supplicamus
3580 3853 3611 3889 a
3641 3836 3739 3889 Deo

2153 3926 2312 3981 vobis
2340 3928 2856 3995 remunerandum,
2885 3943 2988 4000 pro
3016 3927 3181 3998 cujus
3210 3944 3416 3983 amore
3444 3925 3579 3981 talia
3597 3919 3742 3978 nobis

2156 4016 2480 4088 nostrisque
2511 4016 2717 4072 facitis.
2746 4018 2806 4071 In
2846 4017 3075 4083 talibus,
3096 4020 3157 4071 ut
3187 4017 3582 4089 praediximus,
3624 4010 3744 4067 locis

2157 4103 2451 4174 degentes,
2477 4105 2807 4176 piscationis
2838 4122 3112 4176 magnam
3146 4105 3460 4177 penuriam
3489 4101 3741 4175 patimur.

2158 4190 2435 4254 Quocirca
2457 4192 2726 4265 petimus,
2751 4194 2795 4247 si
2818 4193 2875 4247 in
2898 4210 3076 4248 manu
3104 4196 3297 4248 vestra
3315 4209 3472 4248 anno
3498 4184 3744 4264 praesenti

2155 4279 2441 4349 piscatura
2468 4285 2553 4335 est
2571 4286 2929 4354 prosperata,
2946 4281 3245 4337 nobiscum
3265 4283 3439 4339 solita
3462 4274 3743 4336 clementia

2156 4369 2357 4439 partiri
2387 4370 2752 4443 prazcipiatis.
2776 4372 2989 4426 Valete.

2724 4497 3056 4553 EPISTULA
3097 4499 3187 4553 Ill.

2472 4617 2547 4655 Αι)
2583 4606 2906 4659 ARNOLDUM
2950 4621 3231 4660 naporum
3261 4621 3447 4661 suum.

2221 4726 2572 4781 Gozrearus
2590 4726 2767 4781 abbas
2796 4726 3149 4796 nominatus,
3174 4727 3451 4800 quamvis
3476 4724 3748 4798 indignus,

2154 4815 2367 4871 seniori
2399 4817 2702 4885 Annonno,
2734 4817 3010 4890 neptique
3040 4821 3256 4874 nostra:
3299 4817 3539 4891 conjugi
3568 4816 3750 4870 vestra:

2153 4905 2489 4961 Adalhaidaa
2515 4906 2757 4961 salutem
2778 4906 2849 4961 'in
2878 4908 2994 4962 Deo
3026 4924 3283 4965 summo.

2226 4993 2571 5049 Necessitate
2607 4994 2860 5050 maxima
2879 4996 3184 5069 compulsi,
3202 4995 3534 5051 amicorum
3551 4994 3754 5048 nostro-

512 5076 1698 5137 NobilissimocomitiAtinati-0292:1103
1721 5080 1898 5137 abbas
1919 5098 2051 5137 cum
2077 5076 2128 5104 υ
2153 5098 2285 5137 rum
2309 5082 2424 5137 ﬁda
2454 5082 2787 5153 ﬂagitamus
2831 5084 3059 5151 auxilia,
3102 5084 3237 5157 quia
3288 5081 3571 5156 praesenti
3613 5092 3752 5135 anno

437 5166 743 5223 monachis
759 5166 868 5224 sibi
890 5167 1233 5237 commissis,
1257 5169 1471 5243 pignus
1494 5168 1728 5241 superni
1753 5169 2049 5225 salutami-

438 5255 529 5310 nis
559 5254 618 5310 in
649 5254 897 5313 Christo.

428 5332 435 5336 ’
510 5343 857 5418 Quanquam
887 5343 948 5399 in
980 5344 1199 5400 ultimis
1219 5345 1554 5417 regionibus
1581 5346 2048 5402 saxosissilvosis-

436 5448 549 5506 que
575 5431 714 5488 locis
744 5432 1094 5498 habitamus,
1117 5433 1357 5489 celebris
1385 5434 1544 5490 fama
1568 5435 1795 5509 pictatis
1825 5440 2046 5503 vestrm,

438 5537 615 5594 quam
645 5520 705 5575 in
738 5536 853 5596 nos.
894 5524 1272 5593 nostramque
1312 5522 1657 5579 familiolam
1697 5524 2044 5591 exercuistis,

438 5624 591 5680 saepe
626 5608 831 5681 saepius
860 5609 1045 5665 relatu
1068 5611 1452 5683 plurimorum
1474 5614 1548 5669 ad
1580 5630 1685 5669 nos
1712 5631 1890 5687 usque
1923 5631 2046 5685 per-

436 5697 613 5755 venit.
646 5696 755 5766 Qui
774 5698 932 5757 nullo
968 5700 1080 5758 alio
1117 5701 1343 5760 servitio
1364 5718 1668 5777 possumus
1708 5709 1807 5762 aut
1840 5704 2046 5762 sufﬁci-

2153 5172 2396 5227 minime
2411 5171 2704 5227 sufﬁciunt
2724 5172 2890 5228 nobis
2901 5172 3151 5228 victuum
3167 5173 3458 5229 alimonia
3475 5172 3752 5227 fructuum

2151 5260 2748 5331 fertilitate,agrorum
2765 5261 3063 5316 sterilitate
3079 5261 3382 5319 suﬁ'ocata.
3408 5263 3471 5315 In
3498 5255 3755 5315 omnibus

2150 5350 2320 5405 rebus
2340 5365 2638 5420 speramus
2654 5366 2751 5403 vos
2770 5350 2934 5405 nobis
2956 5367 3075 5404 esse
3095 5349 3529 5421 compatientcs
3548 5342 3756 5401 visceri-

2150 5438 2257 5493 bus
2279 5437 2526 5509 pietatis.
2561 5437 2774 5493 Idcirco
2800 5437 3051 5510 petimus
3076 5442 3135 5493 ut
3158 5438 3212 5493 in
3239 5438 3489 5492 instanti
3510 5432 3751 5508 periculo

2150 5526 2765 5593 nobissubveniatis,et
2795 5526 2839 5581 si
2871 5527 3085 5599 aliquid
3108 5525 3273 5599 grani
3298 5527 3429 5580 dari
3458 5518 3754 5596 prmcipitis

2147 5616 2207 5670 in
2237 5620 2501 5671 nostrum
2534 5615 2745 5670 victum
2760 5615 2846 5669 vel
2870 5613 3105 5669 familiae
3128 5616 3491 5686 nostras,pro
3510 5607 3751 5684 pretioso

2147 5706 2299 5763 dono
2332 5705 2454 5760 auri
2488 5704 2573 5760 vel
2596 5703 2821 5777 argenti
2841 5703 3157 5763 honoriﬁce
3178 5702 3519 5776 accipimus.
3545 5700 3754 5755 Valete.
