3876 6172
235 316 324 370 373

1167 304 1574 361 THIETPALDI
1605 304 1820 361 EPIS’I‘.
1855 303 1952 358 AD
1983 302 2040 358 S.
2075 303 2555 360 ADELBERTUM.

3406 305 3512 368 374

528 613 1262 719 APPENDIX
1333 613 1519 714 AD
1591 605 2368 716 EPISTOLAS
2439 611 3184 719 GOZPERTI.

990 931 2034 1023 TEGERNSEENSIUM
2112 932 2291 1019 ΕΡ]
2309 932 2719 1020 STOLAEI.

901 1091 1087 1164 (Apud
1145 1090 1501 1146 Bernardum
1560 1087 1812 1154 Pezium;
1869 1086 2124 1144 Thesaur.
2182 1087 2390 1146 Anecd.
2447 1090 2510 1156 V,
2560 1108 2598 1156 ι,
2660 1093 2802 1163 130.)

695 1399 1026 1454 EPISTOLA
1071 1399 1304 1460 PRIMA,

503 1488 586 1540 An
618 1503 933 1542 cozranruu
964 1503 1211 1541 ABBATEM
1257 1502 1400 1539 suum

214 1578 280 1630 De
302 1576 441 1631 ducis
470 1579 654 1630 animo
689 1577 928 1648 quaedem
955 1576 1138 1630 ablata
1187 1577 1461 1630 restituere
1484 1575 1718 1640 volentis,
1761 1579 1810 1627 et

331 1665 389 1717 de
417 1663 770 1718 decimatione
800 1665 1014 1717 cuidam
1053 1665 1270 1717 inclusa?
1296 1663 1420 1716 olim
1448 1663 1663 1716 donata.

266 1753 472 1808 Seniori
504 1755 703 1808 nostro
733 1753 954 1807 domno
979 1753 1173 1807 abbati
1207 1753 1268 1805 G.
1299 1753 1512 1806 fratres
1541 1751 1648 1806 sibi
1682 1752 1812 1806 sub-

209 1842 344 1913 jecti,
378 1842 664 1914 quidquid
691 1842 899 1896 dilecto
922 1841 1096 1895 Patri.

272 1931 462 1985 Frater
496 1934 699 1985 noster
729 1932 965 1984 Nonnus
996 1928 1222 2000 Eigino,
1258 1929 1326 1983 de
1350 1928 1555 1983 itinere
1587 1947 1700 2000 quo
1733 1929 1813 1983 di-

206 2022 368 2072 rectus
383 2021 514 2072 erat
545 2018 968 2073 monasterium
988 2035 1306 2089 regressus,
1340 2017 1535 2070 retulit
1557 2017 1721 2071 nobis
1739 2018 1810 2072 de

213 2106 410 2161 domno
454 2110 660 2160 nostro
723 2107 866 2160 duce
903 2106 1059 2177 quod
1101 2107 1421 2178 sponderat
1461 2123 1518 2159 se
1563 2105 1812 2160 libenter

205 2194 326 2247 velle
353 2194 668 2248 restituere
700 2209 829 2264 quze
869 2192 1227 2248 monasterio
1262 2195 1461 2246 nostro
1516 2192 1806 2246 abstracta

215 2286 330 2336 sunt
363 2281 419 2336 in
449 2281 715 2345 Oriente,
735 2279 1020 2352 jussitque
1076 2281 1320 2334 fratrem
1357 2277 1606 2350 Meginh.
1667 2273 1806 2334 inibi

201 2373 536 2440 exspectare,
566 2372 628 2422 ut
646 2385 705 2422 se
723 2368 1214 2422 commonefaciat
1229 2369 1299 2422 de
1329 2367 1414 2421 his
1443 2383 1805 2438 quaecunque

198 2457 418 2512 sintillic
437 2456 819 2528 requirenda,
840 2458 897 2510 et
923 2457 1030 2510 hoc
1061 2456 1293 2527 quando
1339 2472 1490 2508 nunc
1521 2455 1806 2526 proxime-

201 2545 422 2600 domnus
439 2549 646 2600 noster
664 2545 773 2598 dux
798 2544 928 2597 illuc
951 2544 1445 2598 revertetur.Nam
1475 2543 1654 2597 frater
1685 2544 1803 2597 Me-

199 2635 340 2706 ginh.
369 2636 566 2690 adhuc
594 2635 708 2689 illic
728 2636 1038 2703 exspectat,
1064 2637 1121 2687 et
1147 2633 1205 2687 in
1229 2632 1565 2687 maturitate
1603 2632 1800 2686 vinde-

1830 1399 1885 1458 Α
1911 1395 1967 1450 S.
2009 1393 2252 1462 Quirini,
2287 1399 2634 1468 paupercula
2659 1395 3136 1467 eleemosynatrix
3188 1399 3393 1463 vestra,
3434 1396 3518 1450 in-

1910 1484 2187 1539 stantiam
2219 1484 2494 1539 orationis
2523 1502 2627 1558 pro
2661 1485 2932 1557 sospitate
2960 1487 3147 1539 vestra
3178 1484 3277 1540 diu
3316 1486 3518 1541 noctu-

1911 1589 2042 1645 que.

1985 1665 2191 1719 Beatus
2222 1665 2393 1718 Pater
2421 1666 2618 1718 noster
2643 1664 2953 1735 Gozpertus
2983 1680 3057 1718 xu
3087 1665 3209 1719 Kal.
3245 1663 3409 1726 Febr.
3438 1679 3525 1718 so-

1915 1768 2056 1806 mno
2091 1751 2245 1824 pacis
2270 1751 2548 1823 requievit
2573 1750 2630 1804 in
2654 1752 3032 1823 Domino,pro
3066 1769 3179 1824 quo
3193 1751 3388 1806 miseri
3419 1767 3526 1805 ne-

1917 1857 2204 1911 quaquam
2236 1856 2542 1911 possumus
2558 1839 2867 1905 consolari,
2890 1840 2997 1894 nisi
3017 1857 3135 1906 vos,
3154 1839 3297 1894 sicut
3316 1838 3523 1894 unicis-

1913 1927 2092 1982 simus
2109 1931 2237 1998 post
2264 1929 2448 1982 Deum
2481 1928 2649 1982 nobis
2680 1927 2812 1981 estis
2844 1927 3112 1994 domnus,
3137 1927 3216 1982 ita
3236 1927 3413 1997 etiam
3443 1927 3524 1981 vi-

1916 2015 2173 2070 sceribus
2188 2015 2299 2087 pia:
2314 2015 2680 2087 paternitatis
2695 2013 2874 2069 nostri
2899 2015 3162 2069 misereri
3181 2013 3523 2086 dignemini.

1915 2103 2175 2158 Primum
2196 2103 2441 2174 pedibus
2470 2102 2670 2156 vestris
2697 2103 2816 2156 solo
2845 2104 3016 2156 tenus
3031 2101 3304 2173 prostrati
3320 2100 3524 2156 humili

1913 2195 2152 2264 precatu
2184 2192 2575 2263 supplicamus
2605 2208 2679 2245 ne
2736 2191 2928 2245 locum
2990 2188 3524 2260 monasteriumque

1912 2281 1970 2338 S.
2014 2280 2235 2344 Quirini
2265 2280 2432 2334 ullius
2464 2279 2606 2334 alius
2627 2296 2883 2350 unquam
2908 2277 3176 2351 potestati
3197 2276 3526 2333 concedatis

1912 2368 2020 2423 nisi
2053 2372 2277 2436 vestrae,
2318 2386 2390 2423 ne
2420 2367 2620 2422 vestris
2641 2366 3003 2438 temporibus
3029 2367 3167 2432 [res]
3196 2382 3337 2436 quas
3360 2367 3526 2436 pater

1909 2460 2098 2512 vester
2120 2457 2430 2529 cmterique
2457 2459 2728 2529 parentes
2767 2454 2940 2510 vestri
2973 2455 3046 2510 ob
3095 2455 3523 2526 eleemosynam

1906 2546 1990 2600 sui
2020 2545 2152 2600 huic
2175 2545 2528 2601 monasterio
2571 2545 3003 2610 concesserunt,
3031 2541 3289 2598 subtrahi
3317 2543 3404 2597 vel
3435 2542 3522 2597 di-

1905 2634 2108 2688 stribui
2141 2635 2215 2689 ab
2246 2635 2532 2705 aliquibus
2556 2633 2838 2699 videntes,
2864 2650 2971 2687 nos
2996 2631 3327 2703 posterique
3341 2631 3523 2686 nostri

199 2723 312 2778 mite
328 2727 749 2794 coactusetspe
764 2721 1352 2792 regressionisdomni
1374 2722 1806 2788 ducis,Reman-
1827 2729 1877 2787 B
1905 2739 2138 2795 semper
2171 2723 2444 2794 deinceps
2465 2723 2586 2777 haec
2616 2722 2834 2776 damna
2863 2721 3184 2787 doleamus,

200 2811 331 2878 date,
365 2828 601 2881 precor,
630 2811 771 2865 mihi
803 2826 964 2864 servo
992 2813 1181 2864 vestro
1204 2809 1622 2874 Froumund,si
1644 2810 1805 2864 dom-

199 2917 273 2953 nae
303 2901 547 2954 inclusm
594 2899 667 2954 ad
710 2899 1002 2968 Niunpurc
1042 2897 1496 2952 decimationem
1549 2897 1802 2961 dedistis,

199 3003 354 3056 quam
367 2992 504 3041 ante
518 3004 555 3040 a
583 2987 654 3040 ab
671 2987 880 3040 abbate
898 2989 1094 3040 nostro
1111 2984 1534 3040 habuit.Timeo
1550 3001 1804 3056 namque

198 3078 251 3128 ut
270 3077 495 3146 penitus
534 3074 671 3128 hinc
701 3077 918 3145 pereat,
944 3073 1077 3145 quia
1099 3090 1400 3144 nunquam
1434 3073 1550 3139 [ad]
1578 3073 1807 3127 investi-

203 3165 378 3218 turam
407 3167 695 3218 nostram
722 3165 982 3229 venerat,
1009 3161 1111 3216 sed
1131 3177 1365 3233 semper
1393 3177 1499 3232 per
1526 3160 1807 3217 beneﬁcia

199 3250 318 3307 hinc
345 3253 484 3308 inde
517 3251 861 3323 vagabatur.

786 3339 1121 3395 EPISTOLA
1149 3341 1213 3393 II.

540 3447 617 3485 AD
651 3445 928 3484 HENRICU!
979 3444 1216 3482 BOJARIE.
1247 3443 1444 3481 DUCEM.

207 3520 275 3574 De
295 3521 530 3592 ejusdem
559 3519 820 3589 Gozperti
845 3517 992 3571 obitu
1045 3519 1269 3588 novique
1298 3516 1505 3570 abbatis
1534 3517 1800 3584 electione,

259 3628 411 3682 quam
441 3616 505 3663 ut
559 3607 782 3662 liberam
831 3605 934 3660 sibi
977 3605 1248 3672 concedat,
1282 3605 1470 3659 obnixe
1517 3611 1728 3674 rogant.

261 3698 484 3754 Seniori
512 3699 722 3753 nostro
754 3695 882 3751 duci
911 3695 984 3752 Η.
1030 3693 1407 3766 congregatio
1457 3693 1804 3750 monasterii

1979 2812 2124 2866 Cum
2147 2811 2218 2865 de
2243 2810 2580 2865 inﬁrmitate
2613 2809 2839 2864 abbatis
2867 2808 3047 2864 nostri
3079 2808 3292 2864 causati
3326 2825 3524 2864 sumus

1907 2916 2104 2954 coram
2137 2897 2317 2966 vobis,
2351 2898 2510 2970 quod
2540 2898 2610 2952 de
2643 2897 2931 2952 electione
2963 2896 3132 2951 nobis
3155 2895 3520 2968 promisistis,

1907 2987 2176 3059 quasiDei
2204 3003 2303 3040 ore
2327 2987 2619 3057 prolatum
2650 2985 2836 3040 adhuc
2859 2984 3096 3038 ﬁrmum
3109 2988 3396 3051 tenemus,
3411 2984 3519 3039 ite-

1905 3092 2153 3147 rumque
2179 3073 2430 3146 petimus
2459 3090 2564 3145 pro
2597 3090 2798 3129 amore
2833 3071 2932 3127 Dei
2961 3074 3019 3126 et
3051 3072 3108 3127 S.
3145 3071 3390 3139 Quirini,
3446 3088 3544 3136 ne,

1907 3166 2066 3217 extra
2096 3161 2441 3234 petitionem
2473 3164 2733 3216 nostram
2759 3159 3012 3232 aliquem
3046 3158 3216 3215 nobis
3243 3159 3517 3214 abbatem

1908 3250 2290 3305 constituatis.
2323 3249 2564 3314 Quando
2593 3249 2842 3321 denique
2869 3247 3020 3303 felici
3043 3246 3401 3321 regressione
3421 3264 3520 3320 pa-

1907 3338 2082 3393 triam
2102 3337 2325 3406 venitis,
2342 3354 2540 3393 coram
2565 3337 2725 3393 vobis
2741 3336 3104 3409 congregati,
3129 3336 3293 3408 jussu
3326 3339 3515 3392 vestro

1908 3430 1965 3482 et
1994 3427 2227 3483 licentia
2255 3428 2418 3482 illum
2449 3427 2752 3499 eligemus,
2783 3442 2956 3498 quem
2988 3424 3267 3497 regularis
3283 3424 3514 3498 religio-

1907 3516 1996 3570 nis
2027 3519 2295 3587 putamus
2315 3519 2698 3585 servatorem,
2743 3514 3027 3587 vestrique
3054 3513 3288 3583 servitii,
3339 3530 3518 3587 quan-

1905 3607 2032 3660 tum
2065 3605 2294 3673 sufﬁcit,
2325 3606 2483 3661 nullo
2515 3605 2692 3662 modo
2723 3604 3156 3662 immemorem.

1458 4004 1658 4051 CIRCA
1700 4003 1990 4051 EUMDEM
2032 4005 2122 4051 AN
2127 4004 2171 4050 N
2176 4004 2273 4052 UM

1077 4131 2633 4294 THIETPALDUS

1265 4355 1940 4416 TEGERNSEENSIS
1973 4355 2452 4416 MONACHUS.

315 4619 1203 4727 THIETPALDI
1267 4615 1968 4723 EPISTULA
2013 4617 2199 4720 AD
2262 4613 3379 4722 S.ADELBEBTUM

1378 4796 1714 4835 PRUSSIENSIS
1744 4797 2003 4836 ECCLESLB
2029 4797 2341 4837 EPISCOPUM.

206 4902 284 4972 Se,
318 4903 674 4960 Aristotelica
695 4900 1036 4974 philosoP/u'a
1062 4906 1382 4971 contempta,
1416 4900 1568 4955 rebus
1598 4901 1761 4956 sacris
1788 4899 1997 5024 studerf
2026 4901 2262 4969 nuntiat,
2309 4906 2557 4974 aptatque
2585 4905 2647 4955 ut
2675 4901 2724 4956 ei
2761 4900 2942 4955 omnia
2973 4915 3037 4955 ex
3064 4898 3236 4954 animi
3259 4895 3523 4955 sententia

1743 4987 1962 5024 evenzan
1993 5012 2006 5024 .

1743 4987 2006 5027 eveniant.

1071 5091 1413 5166 (Bernardus
1442 5090 1658 5161 Pezius,
1705 5091 1860 5147 Thes.
1895 5091 2104 5148 Anecd.
2137 5108 2282 5160 nov.,
2312 5091 2376 5161 V,
2405 5107 2444 5162 1,
2472 5092 2654 5159 l3l.).

275 5395 455 5450 Divini
498 5394 698 5450 ﬂuoris
727 5410 862 5449 rore
892 5392 1176 5460 madenti,
1226 5396 1438 5448 sanctze
1471 5392 1814 5447 Prussiensis
1837 5395 1884 5456 C
1914 5407 2124 5466 perum
2153 5390 2259 5446 etsi
2282 5391 2548 5460 extimus,
2572 5390 2967 5463 aspersionem
2987 5389 3280 5461 sanguinis
3301 5385 3531 5456 Christi,

219 5485 456 5539 ecclesiae
490 5483 784 5538 cathedra:
830 5481 1167 5554 praesidenti
1225 5483 1568 5548 ADALPERTO,
1629 5481 1812 5536 unicae
1918 5485 1978 5536 et
2007 5480 2289 5553 quidquid
2315 5479 2455 5535 illud
2482 5482 2567 5534 est
2581 5479 2736 5552 quod
2753 5477 3016 5551 egregius
3041 5478 3385 5549 praedicator
3402 5488 3534 5528 cum

226 5572 315 5626 tibi
339 5572 670 5629 dilectionis
686 5573 978 5645 episcopo,
1004 5572 1043 5624 Τ
1050 5587 1408 5639 HIETI’ALDUS,
1446 5570 1647 5642 spiritu
1677 5587 1816 5642 pau-
1922 5571 2146 5626 Christo
2171 5569 2230 5626 in
2264 5571 2382 5626 Deo
2414 5568 2815 5626 absconditum
2848 5584 2969 5624 esse
2991 5568 3246 5623 testatur.
