3876 6172
419 329 520 385 375

1526 325 1587 384 S.
1628 327 1810 385 ABBO
1852 329 2346 388 FLORIACENSIS
2375 328 2617 387 ABBAS.
3575 348 3659 404 375

489 454 659 523 Novi,
689 456 896 525 praisul
928 454 1177 511 verende
1210 452 1353 509 nihil
1382 454 1748 511 sanctitatem
1776 460 2023 513 vestram
2046 458 2101 520 Α
2125 460 2386 532 tiasago:
2421 461 2479 515 et
2499 459 2558 514 id
2573 457 2809 532 quidem
2830 457 3061 527 merito,
3093 458 3396 520 dummodo
3420 463 3665 524 refocilla-

422 545 833 620 philosophica:
860 541 1288 615 compilationis
1316 560 1350 598 a
1381 544 1495 599 mei
1525 544 1875 617 pauxillitate
1906 546 2025 601 exi-

427 633 692 708 gere;sed
713 633 759 688 si
786 632 981 705 quain
1006 649 1069 687 re
1103 634 1256 700 sunt,
1288 632 1531 705 Simplici
1562 633 1757 704 potius
1784 635 2026 691 veritate

436 725 647 779 cudere
665 724 830 790 velle,
864 720 1106 778 minime
1129 722 1440 777 recordans
1470 722 1604 794 quia
1621 725 1855 778 stultam
1893 724 2028 779 fecit

418 812 568 867 Deus
596 809 943 883 sapientiam
962 809 1165 865 mundi
1189 810 1378 881 hujus,
1399 813 1705 882 postquam
1728 811 2028 866 exsiccavit

422 901 623 957 ﬂuvios
653 900 860 954 Ethan.
882 901 1005 954 Prae
1020 897 1374 954 dulcitudine
1393 899 1551 954 enim
1568 900 1770 956 decem
1790 901 2032 957 chorda-

420 1006 552 1045 rum
605 986 852 1054 Davidis,
885 986 1442 1059 intromittentisque
1489 988 1590 1043 Dei
1648 992 1931 1060 quantum
1961 990 2029 1045 ex

425 1094 521 1133 me
550 1076 684 1139 suis,
716 1093 865 1150 pene
898 1074 1110 1131 oblitus
1150 1093 1279 1131 sum
1317 1076 1564 1131 totidem
1595 1077 2029 1148 Categoriarum

422 1164 762 1221 Aristotelis.
797 1164 1075 1229 Quocirca
1098 1164 1249 1236 elegi
1280 1165 1506 1235 abjecta
1531 1166 1691 1237 quasi
1731 1170 1790 1221 et
1817 1167 2033 1223 mcdio-

424 1254 563 1322 cria,
597 1253 688 1308 cui
731 1253 807 1308 ad
833 1268 1089 1324 unguem
1114 1252 1281 1307 labra
1303 1269 1421 1307 non
1452 1253 1730 1307 maduere
1780 1256 2031 1326 Pegaseo

420 1344 603 1410 fonte,
621 1341 870 1398 Domino
887 1358 1019 1396 meo
1042 1342 1416 1412 praesentare,
1438 1341 1624 1413 magis
1635 1359 1811 1412 quam
1830 1342 1889 1397 in
1904 1343 2030 1415 qui-

419 1432 528 1488 bus
553 1433 785 1486 tantum
815 1429 1178 1486 inhonestius
1208 1430 1501 1498 caderem,
1530 1430 1920 1502 scrupulosius
1948 1431 2031 1486 in-

422 1519 649 1575 sudare.
686 1518 743 1574 Si
773 1518 964 1574 fatuus
984 1517 1144 1574 dicor
1173 1519 1520 1575 remordens
1545 1518 1868 1587 circuitum,
1902 1537 2031 1592 gra-

2127 552 2252 604 tum
2280 565 2376 603 me
2398 549 2585 603 fatear
2602 549 2821 603 furfure
2850 549 3121 615 Platonis,
3149 552 3203 605 et
3221 553 3275 605 te
3335 553 3543 609 Patrem
3586 573 3665 612 co-

2125 653 2400 710 gnoscam
2419 636 2687 692 satiatum
2707 653 2879 709 super
2897 637 3177 691 ferculum
3204 637 3521 695 Salomonis.
3545 642 3670 706 Quid

2129 729 2293 800 plura
2313 727 2340 781 ‘P
2370 728 2427 779 [ιι
2460 725 2663 797 primis
2706 742 2805 780 vos
2840 726 3029 780 valere
3077 725 3135 779 in
3165 726 3416 781 omnibus
3438 745 3674 801 prospere

2130 831 2329 886 agere,
2352 830 2553 869 meum
2594 830 2698 885 pro
2745 818 2901 868 certo
2932 811 3118 867 sciatis
3143 813 3382 884 gaudere
3413 832 3425 869 :
3461 818 3597 888 quia,
3625 823 3677 874 ut

2128 905 2295 959 decet
2322 903 2382 958 in
2398 902 2671 969 Domino,
2684 920 2750 957 ex
2775 905 2977 958 vestrae
2997 901 3427 968 commoditatis,
3442 906 3676 977 vel,quod

2129 989 2300 1047 absit!
2334 990 2586 1062 ineptias,
2619 994 2909 1062 utcunque
2938 1007 2995 1044 se
3026 990 3254 1056 habeat,
3274 992 3488 1046 cumulo
3509 1009 3678 1049 meum

2129 1081 2508 1136 commodum
2536 1081 2625 1134 vel
2653 1078 3036 1135 infortunium
3063 1083 3273 1152 specto.
3304 1079 3380 1134 De
3399 1081 3679 1137 voluntaria

2130 1185 2263 1224 vero
2295 1168 2579 1223 servitutis
2606 1185 2751 1241 meae
2781 1167 2841 1223 in
2871 1184 2967 1222 vos
2993 1167 3264 1239 qualitate
3292 1167 3421 1239 quid
3465 1185 3590 1239 opus
3610 1173 3682 1224 est

2130 1256 2337 1323 verbis,
2371 1274 2502 1310 cum
2522 1258 2673 1311 ultra
2702 1273 2939 1312 omnem
2966 1254 3526 1325 vestrsesubjcctionis
3542 1257 3680 1312 cleri-

2131 1363 2261 1400 cum
2292 1347 2376 1399 vel
2405 1344 2676 1400 clientem
2715 1345 2879 1417 juxta
2908 1345 3191 1416 majorem
3233 1360 3419 1399 rerum
3457 1360 3683 1399 mearum

2130 1434 2463 1488 facultatem
2504 1449 2598 1487 me
2617 1432 2676 1487 in
2708 1432 2869 1488 omni
2898 1433 3024 1487 loco
3063 1434 3229 1495 [non]
3260 1431 3475 1503 possitis
3501 1432 3683 1487 habere

2132 1521 2554 1593 promptiorem
2575 1520 2747 1575 simul
2776 1523 2833 1574 et
2862 1519 3256 1575 devotiorem?

1740 1787 1923 1835 ANNO
1983 1787 2225 1836 DOMINI
2268 1787 2414 1834 ΜΝ.

928 1959 2266 2190 SANCTUS
2433 1957 3233 2189 ΑΒΒο

1608 2254 1869 2312 ABBAS
1929 2250 2541 2314 FLORIACENSIS.

787 2513 1326 2661 VITA
1468 2512 2029 2659 SANG

2134 2513 2281 2657 τι
2395 2468 3355 2662 annonis

1192 2716 1725 2808 AUCTOBE
1789 2716 2029 2804 ΑΙΜ(

2134 2717 2285 2806 ΝΟ
2373 2717 2962 2807 MONACHO.

916 2875 1128 2951 (Apud.
1158 2874 1395 2943 MabilL,
1423 2873 1573 2932 Acta
1618 2879 1923 2929 sanctorum
1949 2872 2072 2929 02d.
2098 2871 2162 2929 S.
2195 2871 2493 2941 Benedicti,
2518 2876 2663 2930 tom.
2695 2875 2833 2930 VIII.
2866 2890 3001 2948 pag.
3037 2875 3253 2947 30-58.)

2248 3006 2281 3022 κ

1117 3144 2021 3252 OBSERVATIO

2134 3145 2304 3250 ES
2416 3145 3051 3251 PBZEVIAZ.

502 3472 552 3523 l.
585 3467 711 3523 Non
740 3464 908 3521 facile
960 3465 1046 3521 est
1069 3460 1356 3519 aestimare
1383 3463 1511 3516 uter
1564 3459 1786 3518 felicior
1841 3460 2036 3530 fuerit,
2075 3465 2121 3524 C
2140 3460 2276 3517 teris
2298 3463 2639 3517 excellentes
2659 3461 2830 3526 viros,
2854 3460 2912 3517 in
2949 3463 3223 3535 Angliam
3249 3466 3528 3528 evocatos,
3556 3458 3717 3516 muni-

426 3554 748 3623 Aimoinus,
771 3554 927 3628 quod
940 3550 1285 3624 magistrum
1298 3567 1363 3607 ac
1383 3553 1800 3623 pragceptorem
1821 3551 2038 3607 habue-

429 3644 508 3701 rit
533 3644 862 3710 Abbonem,
891 3658 964 3698 an
989 3640 1153 3697 Abbo
1169 3656 1269 3695 seu
1323 3640 1607 3714 Aboipse,
1637 3641 1792 3712 quod
1822 3639 2039 3696 Aimoi-

428 3752 572 3791 num
602 3731 1021 3789 Floriacensem
1051 3730 1426 3798 monachum,
1474 3747 1755 3803 suumque
1795 3729 2039 3802 discipu-

430 3825 578 3891 lum,
610 3823 740 3879 vitae.
788 3837 906 3876 sua:
959 3818 1300 3893 scriptorem
1352 3818 1586 3875 sortitus
1637 3819 1729 3875 sit.
1786 3819 2041 3876 Aimoini

431 3913 648 3987 quippe
678 3911 749 3966 de
776 3912 1016 3966 Abbone
1034 3909 1354 3965 lucubratio
1378 3908 1663 3980 ejusmodi
1681 3911 1764 3963 est
1790 3912 1853 3964 ut
1877 3909 2042 3965 nobis

430 4002 737 4058 Abbonem
760 3999 951 4073 ipsum
977 3998 1193 4053 referat
1208 3997 1259 4069 ej
1268 4013 1445 4070 usque
1464 3997 1628 4052 dotes
1641 4013 1704 4052 ac
1716 4001 1873 4053 recte
1890 3999 2041 4053 facta

437 4090 672 4165 agregie
688 4090 1085 4163 repraesentet.
1108 4088 1239 4142 Haec
1256 4104 1290 4142 a
1310 4088 1532 4143 Joanne
1557 4086 1628 4141 de
1641 4088 1817 4142 Bosco
1834 4086 2040 4142 C(eles-

430 4181 557 4236 tino
584 4179 841 4254 primum
868 4177 1019 4251 typis
1041 4176 1197 4232 edita
1226 4178 1312 4231 est
1339 4192 1407 4232 ex
1432 4192 1542 4231 ms.
1586 4175 1781 4233 codice
1825 4176 2042 4231 Floria-

433 4268 617 4336 censi,
668 4267 743 4322 ad
776 4283 950 4339 quem
981 4266 1171 4321 denuo
1197 4266 1376 4321 libros
1432 4264 1620 4321 editos
1669 4265 2039 4333 contulimus,

432 4355 805 4414 restituendis
825 4354 1170 4428 quibusdam
1213 4354 1374 4424 locis,
1409 4372 1538 4426 quae
1587 4354 1741 4428 apud
1782 4354 2042 4411 Boscium

433 4464 503 4502 ex
532 4445 870 4502 difﬁcultate
897 4443 1195 4515 scripturm
1243 4461 1363 4499 non
1412 4460 1619 4516 parum
1671 4443 1895 4499 detrita:
1944 4447 2044 4501 aut

430 4533 635 4590 vitiosa
652 4534 839 4600 erant,
863 4534 963 4586 aut
986 4548 1181 4587 vacua.

501 4627 555 4681 2.
588 4623 806 4680 Prmter
826 4619 1190 4687 Aimoinum,
1229 4618 1374 4676 varii
1426 4623 1686 4676 auctores
1735 4620 2040 4677 Abbonem

428 4710 695 4769 laudibus
747 4711 1097 4777 extulerunt,
1128 4709 1243 4765 sive
1277 4709 1588 4778 viventem,
1628 4712 1691 4764 ut
1737 4710 2040 4766 Fulbertus

2139 3552 2380 3608 licenter
2404 3568 2627 3620 curare,
2647 3569 2721 3606 ne
2745 3552 2841 3608 illo
2864 3553 3018 3608 bono
3040 3553 3343 3610 fraudaret
3354 3552 3590 3627 patriam
3610 3548 3715 3605 sine

2142 3660 2255 3714 quo
2287 3644 2493 3697 caetera
2526 3643 2683 3698 bona
2711 3658 2862 3713 pene
2884 3642 3025 3697 mihi
3057 3640 3551 3699 videnturinania.
3589 3639 3715 3705 Quo-

2140 3747 2272 3787 rum
2298 3749 2444 3786 unus
2471 3731 2579 3786 fuit
2620 3731 2804 3798 Abbo,
2846 3731 3224 3788 Floriacensis
3279 3731 3601 3795 monachus,
3630 3725 3713 3799 qui

2140 3822 2383 3876 multam
2403 3820 2655 3877 scientiae
2670 3820 2899 3893 frugem
2913 3822 3139 3894 Anglia:
3155 3822 3391 3892 invexit,
3415 3820 3509 3895 qui
3526 3816 3714 3893 passio-

2142 3925 2275 3963 nem
2300 3909 3140 3981 Edmundimartyris,jubente
3157 3914 3453 3968 Dunstano
3463 3903 3714 3975 archiepi-

2142 4014 2335 4070 scopo,
2367 3998 2712 4069 plenitudini
2728 3998 3051 4054 litterarum
3064 4001 3296 4073 adjecit.
3315 4002 3385 4068 Is,
3410 3999 3632 4054 domum
3647 4009 3719 4047 re-

2140 4102 2333 4141 versus
2360 4090 2559 4157 postea
2584 4089 2641 4141 et
2656 4086 2874 4143 ibidem
2888 4089 3066 4144 abbas
3082 4090 3449 4156 constitutus,
3462 4078 3717 4142 severitati

2141 4174 2435 4247 religionis
2462 4175 2702 4232 sedulus
2733 4176 2965 4244 exstitit,
2999 4178 3184 4243 Quem
3241 4195 3468 4235 morem
3508 4189 3628 4230 cum
3669 4170 3718 4225 in

2143 4264 2286 4317 cella
2316 4264 2567 4336 quadam
2598 4265 2845 4320 ccenobii
2874 4267 3405 4340 Floriacensis,quae
3434 4267 3491 4321 in
3521 4264 3718 4316 Wasco-

2144 4352 2242 4407 nia
2268 4352 2454 4426 posita
2489 4354 2777 4426 hodieque
2808 4356 2884 4410 ad
2903 4356 3184 4427 Regulam
3232 4357 3462 4423 dicitur,
3483 4364 3720 4410 exercere

2143 4442 2555 4511 contenderet;
2590 4461 2707 4499 non
2736 4444 2864 4498 tulit
2892 4445 3213 4514 Wasconia,
3245 4446 3348 4501 sed
3396 4447 3590 4501 lancea
3615 4453 3722 4494 exa-

2143 4528 2430 4585 nimatum
2480 4532 2701 4605 superis
2748 4533 3140 4589 transmisere.
3174 4556 3203 4584 »
3254 4535 3387 4589 Haec
3431 4533 3500 4588 de
3548 4525 3722 4585 studiis

2141 4617 2488 4675 Willelmus:
2518 4623 2579 4674 at
2607 4621 2678 4676 de
2710 4622 3031 4677 monastica
3076 4623 3380 4696 disciplina
3408 4623 3486 4678 ita
3526 4615 3723 4687 scripsit

2143 4708 2447 4765 0rdericus
2475 4709 2677 4781 Vitalis
2697 4711 2755 4765 in
2775 4711 2875 4767 lib.
2901 4716 3268 4784 1v,pag.517:
3300 4736 3330 4762 «
3359 4712 3568 4767 Horum
3615 4720 3724 4777 pre-

428 4804 560 4875 post
576 4801 879 4874 episcopus
900 4798 1289 4866 Carnutensis,
1319 4797 1435 4852 sive
1472 4802 1791 4867 mortuum,
1813 4802 1873 4854 ut
1901 4799 2035 4853 Wil-
2059 4797 2111 4855 D
2136 4799 2316 4868 cibus,
2352 4820 2380 4848 »
2399 4815 2610 4871 nempe
2658 4800 2954 4864 Dunstani,
3000 4800 3339 4865 Adelwoldi,
3386 4803 3444 4855 et
3486 4792 3721 4857 Oswaldi.

425 4886 1163 4946 lelmusMalmesburiensis
1184 4887 1523 4955 monachus,
1557 4887 1857 4943 0rdericus
1878 4887 2033 4943 Vita-

424 4976 514 5047 lis,
542 4978 806 5033 auctores
826 4976 898 5032 de
927 4976 1112 5031 Gestis
1154 4975 1339 5032 sancti
1366 4975 1607 5032 Oswaldi
1648 4976 1900 5050 episcOpi
1923 4976 2033 5031 Wi-

423 5065 770 5140 gorniensis,
802 5065 1063 5137 superius
1079 5064 1267 5133 relati,
1288 5081 1357 5120 ac
1385 5064 1622 5139 plurimi
1656 5065 2029 5123 recentiores.

421 5156 737 5211 Willelmus
761 5159 820 5211 et
840 5154 1139 5211 0rdericus
1156 5142 1406 5209 maxime
1422 5153 1814 5228 depraadicant
1836 5154 2028 5209 Abbo-

422 5245 513 5301 nis
540 5244 877 5300 missionem
890 5242 950 5298 in
975 5243 1403 5316 Angliam,qua3
1420 5260 1558 5299 sane
1580 5244 1774 5298 missio
1795 5243 2028 5298 illustris

419 5334 552 5401 fuit,
583 5348 716 5388 cum
748 5333 822 5389 ob
850 5331 1177 5389 restitutam
1200 5331 1581 5388 monasticam
1640 5331 2022 5403 disciplinam,

418 5425 546 5480 tum
577 5422 651 5478 ob
678 5420 1203 5478 studialitterarum
1223 5421 1284 5479 in
1298 5420 1632 5494 Anglicanis
1656 5419 2025 5475 monasteriis

419 5511 612 5567 denuo
635 5509 898 5567 excitata.
930 5509 1316 5566 Willelmusin
1343 5509 1440 5566 lib.
1478 5528 1537 5565 ιιι
1556 5511 1637 5565 De
1659 5508 2024 5581 pontificibus

414 5598 965 5673 Anglorum,ubide
995 5599 1251 5656 Oswaldo
1273 5616 1288 5654 :
1313 5621 1341 5650 ‹‹
1375 5600 1681 5664 Praeterea,
1714 5597 2018 5670 iuquit,lit-

2137 4911 2164 4939 «
2201 4888 2571 4945 Floriacensis
2583 4888 2769 4956 Abba,
2791 4889 3022 4962 sapiens
3038 4906 3101 4945 ac
3115 4890 3423 4962 religiosus
3439 4882 3721 4947 coenobiis,

2135 4975 2344 5032 missus
2370 4979 2456 5031 est
2486 4979 2646 5031 trans
2673 4982 2921 5045 mare,et
2941 4979 3335 5034 monasticum
3357 4992 3522 5033 usum
3554 4968 3725 5028 docuit

2131 5065 2414 5121 Ramcsiae
2444 5072 2503 5121 et
2523 5066 2647 5121 aliis
2677 5066 3042 5123 monasteriis
3058 5068 3303 5139 Angliae,
3326 5064 3499 5121 sicuti
3517 5058 3727 5118 teneba.

2131 5158 2225 5208 tur
2251 5155 2311 5209 in
2328 5155 2507 5211 Gallia
2525 5156 2733 5211 eodem
2760 5160 3045 5228 tempore.
3073 5178 3102 5205 »
3134 5155 3225 5212 Sic
3254 5156 3455 5223 Gallia,
3474 5168 3596 5226 quae
3622 5151 3725 5203 stu-

2130 5243 2360 5299 diorum
2378 5244 2701 5299 doctrinam
2715 5245 3016 5317 abAnglis,
3031 5244 3295 5312 Alcuino,
3315 5243 3549 5315 aliisque
3559 5251 3723 5311 quon-

2131 5332 2267 5388 dam
2299 5337 2625 5406 acceperat,
2656 5334 2847 5405 primo
2879 5334 3111 5406 quidem
3141 5350 3248 5406 per
3272 5329 3659 5388 Grimbaldum
3678 5327 3726 5377 et

2129 5422 2458 5476 Johannem
2489 5423 2808 5477 monachos
2846 5422 2901 5477 in
2929 5422 3230 5477 Gallicanis
3263 5417 3537 5477 coenobiis
3581 5411 3724 5469 insli-

2130 5513 2304 5574 tutos,
2334 5511 2544 5567 deinde
2572 5512 2677 5567 hac
2694 5512 2946 5567 secunda
2976 5512 3095 5567 vice
3126 5524 3232 5585 per
3260 5511 3561 5566 Ahbonem
3585 5520 3725 5560 eam-

2124 5599 2257 5657 dem
2284 5599 2539 5655 scientise
2570 5601 2758 5656 lucem
2791 5600 2849 5655 in
2866 5601 3133 5672 Angliam
3166 5599 3407 5666 refudit,
3457 5595 3622 5651 tertio
3671 5589 3723 5644 id
