3922 6168
401 328 506 395 379

1506 323 1565 387 S.
1616 328 1798 387 ABBO
1836 327 2334 390 FLORIACENSIS
2371 326 2615 390 ABBAS.

3618 334 3736 395 380

398 455 607 515 lelmus
634 449 800 510 miles
823 449 996 509 beato
1028 448 1338 507 Benedicto
1373 448 1634 522 insignem
1685 465 1894 508 eurcem
1920 468 2007 504 ar-
2021 453 2078 516 Α
2094 467 2311 507 werum
2334 451 2911 525 reperiatur.Scripta
2938 454 3132 509 autem
3166 457 3254 509 est
3291 450 3542 527 epistola
3566 472 3742 514 anno

399 550 665 617 genteam,
688 543 836 597 vultu
863 541 1035 596 nostri
1049 538 2004 611 Saluatorisz'nscumtam,concessit,

403 650 534 690 cum
566 631 817 705 quodam
840 629 1061 703 pradio
1082 628 1217 701 pagi
1238 627 1775 694 Senonici,nomine
1794 627 2005 695 Villari,

402 737 507 794 pro
538 719 796 775 remedio
839 719 1037 777 anima
1060 718 1277 772 senioris
1331 716 1416 772 sui
1453 716 1631 771 incliti
1673 715 2008 771 Francorum

400 808 554 865 ducis
571 807 843 878 Hugonis,
856 824 960 879 pro
986 808 1222 877 genitore
1249 822 1342 859 suo
1381 804 1632 860 Rotberto
1661 809 1711 860 et
1755 806 2010 876 genitriee

399 913 501 953 sua
521 896 711 952 Berta:
740 900 901 970 atque
929 894 1220 951 Buehardo
1251 894 1583 960 consobrino,
1616 893 1853 965 aliisque
1880 909 2012 965 pro-

402 984 634 1057 pinquis
663 985 778 1040 suis
835 987 894 1040 et
922 982 1140 1039 amicis.
1198 981 1425 1036 Litteris
1469 981 1832 1037 subscribunt
1881 984 2011 1054 post

402 1073 797 1129 Adaltelmum
827 1076 887 1128 et
919 1069 1489 1138 BurchardumHugo
1515 1069 1627 1124 dux
1649 1069 2005 1136 Francorum,

403 1160 515 1216 Ode
567 1178 757 1228 comes,
814 1160 1119 1225 Albericus,
1170 1157 1387 1224 Emmo,
1440 1157 1640 1225 Draco,
1696 1157 2004 1225 Anselinus,

398 1247 731 1317 Gualterius,
781 1247 1009 1303 Erveus.
1070 1247 1377 1303 Gualterius
1426 1252 1476 1301 et
1518 1246 1652 1300 alter
1694 1245 2004 1313 Walterius,

398 1335 789 1408 Hugo,Corbo,
822 1336 1172 1402 Gausbertus,
1231 1334 1513 1403 Botrocus,
1544 1334 1719 1389 Adela
1776 1336 2004 1389 comitis-

398 1441 481 1492 δα,
511 1424 650 1480 Milo
666 1440 836 1480 comes
863 1425 1007 1494 ﬁlius
1034 1423 1169 1494 ejus.
1203 1423 1407 1479 Actum
1435 1423 1642 1478 Parisii
1671 1425 1727 1475 in
1750 1423 2008 1477 nobilium

398 1518 657 1567 conventu
676 1513 912 1583 publico,
940 1530 994 1566 γι
1034 1510 1165 1566 Idus
1203 1509 1471 1582 Septemb.
1508 1527 1648 1564 anno
1679 1514 1739 1566 2t
1792 1511 2012 1580 gloriosi

399 1602 536 1670 regis
555 1600 826 1663 Lotharii,
868 1601 1054 1656 indici.
1088 1617 1171 1666 ιιι,
1206 1600 1264 1655 id
1305 1601 1396 1654 est
1433 1615 1588 1653 anno
1636 1598 1842 1653 Christi
1880 1600 2004 1654 975.

397 1686 668 1742 Richardo
696 1688 907 1745 Abbati
937 1687 1214 1760 (Aimoini
1240 1688 1415 1744 verba
1463 1686 1617 1760 sunt)
1673 1687 2009 1743 Amalbertus

2106 542 2229 605 996,
2259 543 2321 597 ut
2350 558 2401 595 v.
2427 559 2474 596 c.
2501 540 2824 611 Stephanus
2845 541 3220 614 Baluzius,qui
3251 559 3384 599 eam
3416 543 3477 599 in
3494 544 3730 599 Miscel-

2104 627 2407 684 laneorum
2434 631 2596 685 torno
2628 630 2650 684 Ι
2682 629 2890 699 publici
2904 630 3053 700 juris
3085 630 3240 695 fecit,
3268 634 3425 687 recte
3467 633 3736 689 adnota-

2106 714 2205 783 vit,
2229 733 2440 788 nempe
2470 716 2597 790 ipso
2620 732 2773 772 anno
2791 733 2903 788 quo
2921 717 3225 789 Gregorius
3252 719 3748 786 Joanni,Bonifa-

2108 803 2195 857 cio
2221 805 2591 878 pseudopapa
2622 804 2921 872 exstincto,
2952 805 3216 864 suffectus
3238 810 3343 862 est.
3379 807 3472 863 Sic
3525 811 3745 863 autem

2107 891 2328 963 incipit:

2184 1004 2211 1030 α
2239 982 2540 1038 Facundia
2595 982 2976 1055 prarogativa
3004 999 3136 1038 cum
3158 983 3284 1038 vita
3304 984 3519 1041 merito
3556 989 3619 1041 et
3642 1004 3744 1042 sa-

2108 1068 2342 1142 pientia
2365 1070 2628 1125 doctrina
2654 1070 2992 1126 mirabiliter
3035 1071 3329 1126 intonanti
3366 1072 3592 1129 domno
3664 1075 3736 1129 L.

2105 1158 2288 1213 sancti
2326 1158 2603 1214 Bonifacii
2632 1159 3103 1215 charissimorum
3130 1160 3469 1215 charissimo
3503 1162 3744 1230 abbati,

2107 1246 2482 1301 Floriacensis
2495 1248 2740 1302 canobii
2760 1248 2992 1303 humilis
3013 1248 3189 1303 abbas
3228 1249 3417 1316 Abbo,
3441 1248 3745 1321 Spiritum

2106 1333 2463 1407 Domini,qui
2488 1335 2723 1406 replevit
2753 1336 2956 1391 orbem
2983 1338 3288 1404 terrarum,
3320 1337 3555 1409 replere
3572 1337 3745 1393 illius

2106 1422 2280 1494 ipsius
2308 1423 2610 1479 scientiam
2639 1428 2696 1478 et
2744 1424 3122 1479 intellectum.
3158 1424 3440 1493 Charitas,
3476 1444 3611 1498 qua
3645 1431 3747 1482 est

2107 1511 2397 1566 vinculum
2431 1512 2824 1584 perfectionis,
2845 1513 2984 1567 dum
3000 1530 3106 1567 nos
3123 1513 3325 1568 ambos
3343 1514 3539 1568 Remis
3568 1515 3745 1586 posi-

2108 1601 2196 1653 tos
2225 1600 2652 1671 conglutinaret
2697 1600 2861 1654 labiis
2910 1600 3147 1672 privata
3187 1601 3609 1669 collocationis,
3648 1606 3751 1658 tot

2108 1687 2390 1743 oratorios
2413 1689 2586 1751 rivos,
2599 1690 2793 1743 tantos
2816 1693 3026 1743 sancta
3059 1688 3368 1759 Scriptura
3386 1689 3548 1745 favos
3568 1691 3745 1746 bono

395 1779 759 1850 successit,qui
779 1777 1033 1847 benignus
1062 1783 1281 1842 natura,
1319 1775 1593 1846 benignior
1622 1776 1787 1830 etiam
1811 1776 2011 1829 exstitit
2032 1771 2085 1831 B
2108 1777 2226 1831 zelo
2253 1776 2539 1830 fulminea
2562 1776 2764 1847 lingua
2787 1778 2977 1831 vestra
3006 1776 3281 1831 eructavit
3311 1793 3510 1832 coram
3543 1781 3606 1832 et
3638 1795 3744 1834 se—

398 1863 716 1919 Iiumilitatis
744 1866 847 1919 sibi
875 1867 1046 1920 insita
1071 1864 1458 1936 magnitudine.
1491 1864 1577 1919 Ab
1611 1880 1679 1918 eo
1713 1862 2007 1918 Aimoinus

396 1951 664 2008 habitum
683 1953 982 2024 religionis
996 1955 1053 2008 in
1068 1957 1269 2008 tenera
1281 1955 1453 2008 atate
1469 1970 1530 2007 se
1548 1952 1830 2025 accepisse
1844 1954 2009 2006 testa-

392 2042 517 2096 tur:
548 2043 953 2098 Amalbertum
968 2041 1190 2114 excepit
1221 2041 1538 2110 Oilboldus,
1563 2041 1724 2112 cujus
1746 2045 2008 2111 tempore

377 2128 758 2198 ,Arnulfus,eo
783 2129 1024 2185 nomine
1036 2128 1766 2184 secundusAurelianorum
1788 2129 2006 2199 episco-

390 2232 517 2287 pus,
550 2217 963 2283 Floriacenses,
1017 2218 1091 2272 ob
1143 2217 1565 2285 subiectionem
1619 2232 1796 2286 quam
1824 2216 1894 2269 ab
1927 2214 2007 2268 eis

393 2303 681 2374 exigebat,
735 2304 1054 2374 plurimum
1086 2304 1326 2370 vexavit,
1352 2308 1415 2358 ut
1463 2320 1597 2358 mox
1630 2319 2004 2375 exponemus,

394 2391 657 2463 Denique
702 2391 999 2447 Oilboldus
1030 2408 1185 2449 anno
1242 2395 1345 2447 988
1373 2407 1763 2446 successorem
1806 2389 2009 2444 habuit

393 2477 907 2550 Abbonem,quem
940 2494 1062 2549 prce
1087 2477 1357 2532 manibus
1386 2478 1689 2532 habemus.
1721 2479 1801 2532 De
1830 2496 1898 2534 eo
1930 2479 2009 2534 ita

395 2565 696 2622 Aimoinus
724 2567 793 2630 in,
813 2566 910 2621 lib.
942 2582 979 2620 ιι
1023 2566 1105 2620 De
1158 2565 1451 2620 miraculis
1477 2565 1662 2620 sancti
1693 2566 2005 2635 Benedicti,

397 2652 584 2726 cap.l:
605 2653 822 2726 «Igitur
839 2653 1104 2708 Oilboldo
1118 2653 1326 2707 abbate
1348 2652 1636 2709 inChristo
1653 2654 2005 2726 quiescente,

388 2742 551 2798 Abbo
579 2744 694 2798 Deo
750 2746 807 2797 et
836 2740 1170 2798 hominibus
1206 2741 1292 2795 vir
1320 2741 1606 2809 amabilis,
1636 2759 1670 2797 a
1713 2742 2006 2810 fratribus,

394 2830 634 2901 Hugone
653 2832 949 2886 annuente
967 2830 1364 2902 rege,electus,
1388 2829 1449 2885 in
1461 2831 1712 2901 gradum
1743 2830 2010 2887 successit

390 2917 693 2973 monastici
722 2917 846 2990 regi
856 2918 1044 2974 minis.
1064 2917 1170 2982 Qui
1190 2919 1552 2990 praecedente
1573 2919 1726 2973 hunc
1753 2936 1867 2991 quo
1883 2919 2006 2974 hac

392 3004 696 3062 scribimus
727 3023 904 3075 anno,
957 3007 1053 3078 qui
1084 3007 1195 3061 fuit
1226 3007 1298 3062 ab
1346 3007 1748 3063 incarnatione
1773 3006 2006 3062 Domini

390 3092 731 3149 millesimus
760 3098 1018 3166 quartus,
1043 3094 1103 3149 in
1126 3095 1418 3150 Vasconia
1432 3094 1691 3165 partibus
1717 3112 1751 3148 a
1771 3094 2008 3166 perﬁdis

388 3178 539 3238 illius
568 3182 822 3238 nationis
844 3182 1384 3250 bominibus,nobis
1408 3183 1809 3253 prasentibus,
1840 3182 2005 3238 inno-

387 3272 586 3327 center
598 3271 1106 3343 occisus,martyrii
1125 3288 1225 3326 san
1232 3270 1729 3342 guinelaureatus,
1738 3270 1810 3325 ad
1824 3287 2006 3342 regna

389 3362 476 3414 est
490 3362 711 3415 aterna
740 3377 775 3414 a
830 3359 1055 3415 Christo
1087 3365 1341 3415 vocatus.
1387 3360 1448 3414 In
1480 3359 1640 3430 cujus
1662 3358 1864 3414 diebus
1914 3375 2006 3413 res

387 3446 686 3502 mirabiles
702 3464 807 3520 per
816 3447 1469 3519 praeminentissimum
1490 3450 1717 3518 patrem
1738 3450 2005 3503 nostrum

388 3534 766 3590 Benedictum
790 3535 863 3589 ab
879 3534 1284 3605 omnipotente
1312 3535 1563 3590 Domino
1580 3537 1902 3606 patratas...
1919 3535 2003 3589 di-

384 3621 643 3692 gerimus
670 3624 877 3695 stylo.»
911 3625 1045 3677 Post
1062 3623 1365 3677 Abbonem
1397 3639 1530 3678 vero
1556 3622 2007 3679 Floriacensibus

384 3709 692 3782 prafectus
736 3713 822 3765 est
877 3711 1201 3778 Gauzlinus,
1261 3710 1602 3766 nobilissimi
1652 3712 2004 3767 Francorum

385 3797 663 3870 principis
693 3798 841 3854 ﬁlius
890 3816 1147 3868 manzer,
1182 3803 1244 3854 ut
1296 3800 1547 3871 lequitur
1594 3800 1917 3855 Ademarus
1947 3800 2005 3854 in

389 3886 683 3943 ChroAico
696 3904 831 3960 pag.
863 3891 987 3954 472,
1008 3888 1068 3943 id
1094 3888 1425 3959 estspurius,
1445 3909 1473 3937 »
1497 3904 1723 3959 apuero
1743 3888 1804 3943 in
1826 3889 2006 3943 sancti

387 3975 677 4031 Benedicti
709 3975 968 4032 canobio
983 3977 1325 4042 enutritus,»
1348 3993 1524 4048 quem
1547 3976 2007 4048 repugnantibus

385 4066 460 4121 ob
485 4066 706 4121 natales
736 4066 1039 4121 monachis
1059 4067 1419 4133 abbatem,et
1436 4065 2004 4138 posteaBituricensi-

384 4153 491 4208 bus
516 4153 658 4208 item
682 4154 1141 4210 reclamantibus
1167 4154 1665 4226 archiepiscopum
1698 4154 2006 4210 Rotbertus

384 4257 484 4296 rex
515 4241 806 4313 imposuit.
826 4244 908 4299 De
922 4260 989 4299 eo
1012 4243 1460 4316 intelligendum
1483 4246 1569 4298 est
1590 4242 1820 4298 initium
1844 4259 2006 4315 supe-

2109 1868 2290 1930 creto,
2326 1867 2387 1917 ut
2417 1865 2745 1919 exclamans
2776 1865 3095 1934 compellar
3147 1864 3368 1920 dicere:
3399 1865 3625 1937 Βέθηλα
3663 1873 3752 1920 est

2104 1954 2285 2023 gratia
2310 1955 2367 2008 in
2388 1952 2546 2008 labiis
2581 1957 2703 2019 tuis,
2734 1957 2843 2007 etc.
2877 1955 3032 2008 Inter
3078 1953 3387 2008 familiaria
3414 1956 3749 2010 verborum

2108 2043 2441 2095 nostrorum
2473 2056 2686 2095 arcana
2713 2040 3005 2095 distillavit
3033 2042 3263 2096 auribus
3294 2041 3504 2097 nostris
3537 2059 3737 2098 unum

2108 2129 2403 2200 quoddam
2428 2129 2725 2200 eloquium
2739 2132 2925 2183 vestra
2946 2128 3404 2201 magnificentia,
3424 2129 3584 2201 quod
3610 2147 3745 2186 non

2106 2217 2297 2271 minus
2318 2216 2716 2288 adimplere,si
2739 2218 2887 2272 Deus
2907 2217 3170 2284 voluerit,
3201 2220 3422 2288 satago,
3441 2234 3627 2288 quam
3652 2218 3746 2274 vi-

2108 2307 2227 2359 tam
2260 2309 2600 2377 perpetuam
2628 2305 2874 2359 mercari
2904 2322 2973 2360 ex
3003 2310 3157 2361 voto.
3184 2304 3576 2360 Pretiosarum
3602 2307 3721 2361 reli

2108 2393 2375 2464 quiarum
2406 2393 2585 2449 sancti
2619 2392 3096 2448 PatrisBenedicti
3118 2393 3368 2465 insignia
3396 2395 3748 2465 postulastis

2107 2481 2267 2537 vobis
2287 2482 2478 2553 dirigi,
2500 2499 2568 2537 eo
2590 2482 2745 2553 quod
2769 2482 3159 2537 indubitatum
3176 2482 3402 2554 penitus
3423 2486 3573 2537 esset
3595 2500 3746 2538 san-

2108 2570 2421 2626 ctissimam
2436 2569 2613 2641 ipsius
2630 2570 2887 2641 corporis
2923 2570 3291 2641 prasentiam
3322 2587 3357 2626 a
3385 2570 3553 2625 nobis
3583 2572 3741 2627 reti-

2109 2658 2270 2726 neri;
2305 2659 2549 2730 ideoque
2581 2660 2722 2713 velle
2755 2658 2974 2713 enixius
2999 2659 3057 2714 in
3093 2659 3317 2714 honore
3348 2659 3499 2714 illius
3528 2663 3743 2716 orato-

2108 2747 2257 2802 rium
2287 2747 2562 2813 construi,
2596 2746 2854 2819 itemque
2885 2747 3052 2803 nobis
3081 2748 3154 2803 de
3178 2750 3376 2803 sancto
3400 2747 3741 2816 Bonifacio,

2109 2839 2208 2890 aut
2228 2836 2298 2890 de
2352 2835 2525 2890 sacris
2552 2837 2791 2890 artubus
2818 2840 3163 2891 caterorum
3189 2839 3525 2891 sanctorum
3554 2836 3744 2892 nobis

2105 2923 2312 2978 eadem
2325 2939 2521 2978 recom
2527 2922 2781 2995 pensari.
2797 2922 3023 2994 Adjecit
3043 2923 3280 2994 insuper
3299 2927 3488 2978 vestra
3503 2922 3640 2979 inco
3649 2941 3745 2979 m-

2107 3011 2379 3081 parabilis
2405 3012 2632 3067 bonitas
2661 3012 2838 3084 quod,
2862 3012 2909 3066 si
2940 3030 3045 3067 nos
3066 3016 3301 3083 urgeret
3325 3029 3496 3084 super
3527 3028 3591 3067 re
3630 3012 3744 3069 do-

2107 3100 2822 3172 mesticaaliquavoluntas
2852 3101 3229 3156 corroborare
3246 3104 3443 3156 nostra
3487 3100 3740 3173 privile-

2103 3189 2200 3261 gia
2224 3190 2605 3265 perRomana
2617 3189 2971 3244 auctoritatis
2987 3191 3197 3261 stylum
3215 3189 3741 3260 apostolicum,vos

2102 3275 2163 3331 in
2183 3277 2451 3332 omnibus
2483 3280 2540 3332 et
2571 3293 2675 3348 per
2716 3276 2917 3333 omnia
2948 3277 3129 3332 nostri
3155 3277 3281 3332 fore
3313 3276 3741 3333 fidelissimum

2102 3367 2608 3423 collaboratorem.
2643 3367 2774 3421 Hac
2821 3369 3017 3421 autem
3047 3366 3245 3421 omnia
3290 3366 3575 3437 perlicere
3609 3368 3739 3423 voti

2104 3457 2250 3523 erat,
2268 3455 2501 3528 quando
2513 3454 2826 3526 magnifica
2840 3453 3115 3528 principis
3130 3455 3526 3527 apostolorum
3541 3471 3743 3512 mem-

2104 3544 2212 3599 bra
2238 3544 2479 3616 supplex
2538 3543 2654 3598 adii
2679 3561 2693 3611 ;
2722 3543 2821 3598 sed
2848 3544 3174 3598 Romanam
3204 3542 3512 3598 Ecclesiam
3560 3544 3741 3615 digno

2104 3632 2382 3687 viduatam
2402 3638 2640 3701 pastore,
2678 3632 2793 3686 heu
2824 3631 2970 3702 prob
3003 3630 3206 3687 dolor!
3244 3630 3480 3686 offendi.
3514 3631 3732 3690 Vestra

2106 3722 2301 3775 autem
2344 3720 2624 3788 absentia,
2652 3720 2953 3792 profiteor,
2988 3720 3068 3775 ita
3106 3719 3342 3775 affectus
3394 3737 3524 3775 sum
3570 3721 3735 3776 sicut

2105 3809 2251 3863 solet
2268 3807 2431 3862 affici
2451 3808 2600 3863 fetus
2618 3807 2849 3880 gallina
2880 3824 3241 3880 conquerens
3270 3807 3457 3864 raucis
3488 3809 3738 3866 vocibus

2106 3897 2460 3953 abstractum
2486 3914 2608 3952 esse
2640 3895 2874 3952 unicum
2933 3897 3137 3952 matris
3187 3914 3303 3953 sua
3352 3897 3735 3968 prasidium.

2105 3985 2297 4057 Nuper
2323 3987 2519 4039 autem
2548 3984 2736 4040 audivi
2772 3985 3062 4052 nuntium,
3098 3986 3253 4057 quod
3284 4002 3377 4040 me
3410 3985 3740 4041 latiﬁcavit

2106 4088 2278 4144 super
2303 4089 2509 4127 aurum
2524 4076 2583 4128 et
2598 4072 2905 4143 topazium:
2925 4075 3184 4128 erectum
3203 4090 3325 4128 esse
3337 4073 3736 4146 apostolicum

2106 4161 2276 4216 decus
2306 4177 2411 4232 per
2463 4160 2779 4233 quemdam
2811 4160 3131 4232 imperialis
3178 4161 3474 4234 sanguinis
3502 4161 3729 4228 virum,

2103 4252 2291 4304 totum
2322 4248 2627 4304 virtutibus
2652 4251 2709 4303 et
2734 4248 3020 4319 sapientia
3066 4249 3470 4322 compositum.
3522 4250 3737 4307 Vester

384 4328 553 4384 rioris
583 4330 872 4386 sermonis
914 4332 986 4387 de
1039 4332 1302 4388 Abbone.
1349 4330 1601 4387 Gauzlini
1653 4348 2005 4387 successores
2023 4339 2076 4398 D
2102 4353 2239 4393 vero
2251 4336 2735 4393 reditusintonuit
2748 4337 3336 4406 mentinostra,velut
3348 4338 3735 4411 paradisiaca

384 4416 623 4473 abbates
648 4423 955 4475 enumerat
982 4420 1276 4477 Tortarius
1303 4420 1622 4476 monachus
1651 4419 1709 4474 in
1742 4419 1889 4475 libro
1920 4422 2002 4476 De

380 4503 675 4561 miraculis
707 4508 890 4564 sancti
923 4509 1241 4566 Benedicti.

454 4596 487 4648 5
513 4594 814 4668 Duplicem
836 4597 1095 4653 Abbonis
1126 4598 1375 4651 Romam
1404 4596 1826 4668 profectionem
1840 4612 1998 4652 com-

384 4684 988 4741 memoratAimoinus
1008 4686 1068 4740 in
1090 4685 1218 4740 libri
1240 4684 1531 4757 sequentis
1552 4689 1746 4757 cap.“
1775 4701 1788 4739 :
1822 4702 2000 4741 unam

383 4771 459 4827 ad
481 4772 768 4830 Joannem
784 4790 1000 4846 papam
1031 4773 1140 4841 XV,
1170 4773 1415 4828 alteram
1451 4773 1525 4829 ad
1568 4774 1907 4846 Gregorium
1932 4775 1995 4829 V.

380 4861 670 4919 Joannem
696 4862 1043 4917 Simoniaca
1084 4861 1228 4916 labis
1255 4864 1420 4917 notat
1436 4861 1754 4919 Aimoinus.
1788 4863 1999 4919 Verum

382 4949 682 5017 Baronius,
712 4948 772 5003 in
821 4948 1104 5005 addendis
1133 4948 1206 5004 ad
1238 4965 1458 5005 annum
1490 4948 1595 5009 992
1622 4954 1753 5024 post
1772 4954 1999 5007 tomum

375 5036 487 5103 XII,
512 5054 630 5092 non
651 5035 711 5090 in
722 5037 1009 5092 Joannem
1022 5036 1381 5108 pontiﬁcem,
1398 5038 1571 5094 sedin
1600 5040 1994 5096 Crescentium

383 5123 491 5196 ipsi
513 5140 678 5197 papa
696 5124 1105 5180 dominantem
1126 5125 1185 5180 in
1209 5127 1360 5182 Urbe
1374 5130 1687 5200 tyrannum
1713 5128 1773 5184 id
1800 5129 1997 5184 crimi-

384 5212 474 5266 nis
485 5213 943 5267 convertendum
960 5230 1082 5269 esse
1104 5214 1423 5271 contendit.
1441 5215 1729 5288 Quidquid
1740 5216 2000 5284 sit,Abbo

382 5298 504 5372 ipse
530 5299 589 5355 in
620 5300 950 5372 epistolaad
970 5302 1030 5357 L.
1054 5303 1323 5358 abbatem
1346 5303 1791 5373 Fuldensem,de
1811 5305 2004 5376 prima

389 5405 493 5444 sua
522 5388 882 5462 profectione
894 5390 1169 5447 Aimoino
1207 5393 1677 5458 attestatur.Quis
1700 5393 1773 5448 sit
1801 5395 1907 5450 iste
1940 5396 1999 5452 L.

387 5477 684 5534 Fuldensis
711 5479 909 5548 abbas,
936 5480 1197 5536 nondum
1211 5481 1507 5537 addiscere
1533 5482 1861 5555 potui,cum
1878 5485 2006 5539 nul-

393 5566 483 5623 lus
512 5567 584 5623 ab
617 5568 677 5622 L.
703 5567 897 5625 littera
916 5569 1200 5642 incipiens
1221 5588 1326 5645 per
1343 5570 1401 5626 id
1414 5572 1690 5646 temporis
1712 5574 1863 5645 apud
1886 5575 2018 5629 Bro-

2100 4424 2445 4480 reversionis
2470 4424 2777 4480 ineﬂ'abilis
2799 4428 3132 4481 concentus.
3165 4427 3326 4481 Nunc
3348 4426 3544 4498 igitur,
3573 4426 3738 4483 sicut

2098 4514 2275 4568 locuti
2305 4531 2501 4570 sumus
2536 4516 2609 4570 ad
2665 4513 2934 4583 invicem,
2968 4517 3026 4583 et
3051 4515 3174 4570 hac
3217 4515 3464 4585 epistola
3519 4514 3737 4570 vestris

2099 4601 2420 4674 aspectibus
2440 4619 2499 4657 se
2521 4604 2855 4674 prasentat,
2879 4619 2985 4675 per
3007 4604 3113 4658 hos
3127 4601 3309 4658 sancti
3333 4602 3511 4673 patris
3539 4602 3738 4657 nostri

2100 4690 2396 4746 Benedicti
2422 4692 2739 4746 monachos
2758 4690 2959 4746 audire
2981 4691 3227 4763 placeat,
3246 4694 3304 4746 et
3323 4690 3517 4745 audita
3546 4690 3735 4761 perfi-

2100 4795 2229 4835 cere
2239 4779 2419 4847 ,velut
2431 4778 2935 4850 promisistis,cum
2955 4795 3185 4833 summa
3196 4778 3309 4833 ﬁde
3322 4780 3380 4833 et
3394 4777 3734 4833 devotione.

2100 4868 2225 4940 Ipse
2257 4870 2456 4923 autem
2479 4867 2636 4923 idem
2661 4866 2916 4939 spiritus,
2947 4867 3045 4939 qui
3064 4866 3362 4939 inspiravit
3389 4865 3580 4922 omnis
3607 4867 3739 4921 elo-

2101 4956 2350 5029 quentia
2366 4956 2575 5011 ﬂorem
2600 4954 2967 5027 Gregorium,
2987 4955 3230 5027 inspiret
3246 4955 3414 5027 hujus
3442 4971 3557 5010 sua
3589 4972 3736 5011 san-

2099 5048 2205 5100 cta
2226 5046 2507 5100 Romana
2533 5044 2794 5100 Ecclesia
2813 5043 3204 5099 venerabilem
3223 5042 3741 5116 apostolicum,vo-

2099 5133 2302 5207 bisque
2326 5133 2606 5189 concedat
2622 5136 2683 5188 ut
2705 5131 2824 5188 sitis
2859 5132 3053 5188 eidem
3070 5132 3176 5204 ipsi
3202 5131 3561 5188 dulcissimus
3581 5148 3619 5187 a
3638 5150 3741 5188 se-

2105 5222 2295 5289 cretis,
2323 5221 2397 5278 ad
2444 5220 2919 5277 consolidandam
2962 5220 3349 5293 dejectionem
3391 5219 3737 5291 apostolica

2109 5311 2487 5366 auctoritatis.
2510 5311 2724 5366 Valete.
2747 5330 2776 5358 ι)

2183 5399 2373 5455 6.Tria
2393 5399 2449 5453 in
2467 5398 2555 5454 his
2582 5398 2788 5455 litteris
2804 5398 3164 5457 observanda
3175 5399 3437 5454 veniunt:
3461 5397 3737 5455 Primum

2114 5486 2500 5559 est,reliquias
2527 5487 2706 5542 sancti
2749 5486 3041 5541 Benedicti
3090 5487 3294 5557 petitas
3339 5486 3508 5541 fuisse
3534 5503 3569 5540 a
3598 5486 3735 5543 Flo-

2119 5576 2298 5642 riaco,
2331 5576 2429 5631 ubi
2473 5593 2682 5648 corpus
2735 5576 2856 5646 ejus
2912 5576 3162 5631 residere
3190 5576 3366 5631 etiam
3425 5576 3737 5631 Germanis
