3922 6168
466 312 571 376 383
1573 307 1629 364 S.
1673 310 1856 366 ABBO
1905 307 2402 367 FLORIACENSIS
2440 309 2684 367 ABBAS.
3665 316 3752 370 384

474 447 714 521 patetex
747 444 1331 520 diplomatellngonis
1355 445 1531 513 ducis,
1557 445 2071 517 cognomentoMa-
2101 447 2329 518 Aapud
2365 447 2704 515 Labbeum,
2745 449 2852 502 col.
2883 452 3006 514 77l,
3042 446 3140 501 ubi
3189 445 3350 502 Abbo
3422 468 3449 496 ‹‹
3479 448 3761 503 monachos

478 535 856 607 gni,ecclesias
870 535 1273 590 Aurelianensi
1293 534 1589 590 abbatiam
1617 533 1798 589 sancti
1839 532 2076 588 Joannis
2178 536 2357 590 sancti
2391 536 2642 607 Dionysii
2672 539 2730 591 et
2749 539 2986 591 caeteros
3006 533 3566 590 familiaresillorum
3587 539 3765 591 contra

468 624 859 679 suburbanam
889 623 1246 679 restituentis
1287 640 1429 678 anno
1460 623 1686 676 Domini
1710 625 1835 688 975,
1885 623 2071 676 z’ndict.

475 712 1243 786 1n,episcopoArnulfo,anno
1258 715 1526 784 suipraesu
1537 713 1675 766 latus
1687 711 2082 782 xn.Diploma-

478 803 521 855 ti
548 802 1078 873 subscribuntHugo
1094 803 1202 856 dux
1220 809 1270 856 et
1292 802 1574 856 Rotbertus
1591 801 1733 870 ﬁlius
1758 801 2085 871 ejus,Gauf-

474 890 658 960 fredus
696 907 866 948 comes
907 899 958 946 et
1006 891 1182 948 Falco
1229 892 1373 960 ﬁlius
1403 892 1535 961 ejus,
1590 891 1858 947 Henricus
1895 906 2082 957 comes,

489 976 800 1036 Wauterius
836 997 1023 1047 comes,
1084 978 1376 1033 Walterius
1405 983 1452 1033 et
1482 978 1752 1047 Radul/us
1780 977 1921 1046 ﬁlius
1949 978 2082 1048 ejus,

478 1072 634 1138 atgue
685 1066 1036 1122 Eure/tardus
1081 1082 1270 1133 comes,
1307 1083 1428 1120 cum
1457 1066 1777 1122 Burchardo
1806 1065 1964 1136 hujus
2001 1065 2087 1120 rei

477 1154 1057 1210 amanuensz'.Ernulfo
1090 1171 1188 1208 seu
1219 1154 1460 1208 Arnulfo
1489 1154 1754 1208 successit
1784 1154 2085 1215 Manasses,

480 1243 578 1314 qui
595 1244 815 1314 synodo
833 1241 1152 1297 Senonensi
1181 1259 1336 1296 anno
1359 1245 1454 1296 981
1484 1242 1543 1297 in
1562 1241 1987 1296 interfuit.[luic
2002 1245 2087 1294 at-

480 1329 1260 1402 terumArnolfumSausseyo
1274 1329 1511 1401 aliisque
1528 1330 1858 1402 ignoratum
1878 1328 2087 1383 admit-

481 1420 606 1474 tere
639 1435 868 1474 necesse
899 1421 1006 1484 est,
1038 1435 1172 1474 eum
1216 1436 1427 1491 nempe
1458 1420 1529 1473 de
1575 1435 1687 1490 quo
1719 1418 1778 1472 in
1811 1416 2090 1489 superiori

484 1505 802 1580 diplomate
824 1506 1042 1562 mentio
1066 1508 1215 1561 facta
1232 1508 1423 1562 est.De
1446 1508 1554 1562 hoc
1575 1507 1828 1561 secundo
1849 1504 2090 1560 Arnnlfo

484 1591 785 1650 Aimoinus
810 1593 931 1664 agit
951 1593 1008 1648 in
1065 1594 1179 1650 ﬁne
1210 1593 1338 1648 libri
1374 1610 1413 1661 1,
1453 1595 1534 1647 De
1580 1592 1870 1647 miraculis
1911 1590 2092 1646 sancti

485 1681 1095 1754 Benedicti,refertque
1123 1682 1471 1738 miraculum
1491 1681 1666 1754 ipsius
1693 1681 1914 1736 Arnulfi
1931 1697 2092 1734 occa-

2179 625 2477 696 episcopos
2503 625 2816 680 concitasse
2839 646 2867 675 »
2904 624 3209 680 dicitur.ld
3237 624 3392 678 enim
3419 625 3623 678 factum
3649 641 3764 680 con-

2179 717 2344 768 stata
2369 713 2526 768 laicis
2547 714 2951 786 praesentibus,
2973 730 3228 786 quorum
3252 712 3500 767 maxime
3522 713 3769 768 intererat

2185 801 2438 856 decimas
2464 801 2570 856 sibi
2603 817 2880 856 asserere.
2916 803 3029 856 Hoc
3075 800 3336 855 Abbonis
3365 801 3769 872 Apologeticum

2185 907 2317 945 cum
2341 890 2468 944 aliis
2487 890 2609 960 eius
2634 889 2895 962 epistolis
2914 889 3064 961 typis
3078 889 3258 961 regiis
3280 905 3464 964 nuper
3479 889 3680 942 editum
3701 893 3773 945 est

2187 994 2324 1032 cura
2347 977 2944 1032 illustrissimiClaudii
2967 977 3260 1044 Peleterii,
3282 975 3771 1048 regniadministri.

2191 1067 2307 1121 Huc
2337 1070 2593 1139 spectare
2640 1065 2867 1121 videtur
2893 1066 3163 1120 Gerberti
3189 1065 3463 1135 (Cassam,
3494 1069 3532 1119 t.
3559 1064 3630 1132 II,
3658 1081 3773 1136 pag.

2193 1155 2318 1225 836)
2347 1156 2616 1227 quaedam
2645 1155 2890 1226 epistola
2912 1155 2984 1208 ad
3004 1153 3316 1209 Arnulfum
3338 1154 3777 1208 Aurelianensem

2192 1244 2548 1314 episcopum,
2574 1244 2671 1298 ubi
2698 1245 3016 1298 monachos
3039 1243 3225 1296 sancti
3253 1242 3502 1313 Dionysii
3524 1241 3682 1296 sacris
3708 1243 3778 1296 in-

2195 1331 2469 1385 terdictos
2501 1331 2655 1397 dicit,
2684 1331 2878 1386 forsan
2908 1333 2982 1386 ob
3007 1331 3133 1386 illas
3159 1332 3383 1386 turbas.

2269 1419 2352 1475 l2.
2384 1420 2496 1474 Sed
2519 1421 2753 1475 tandem
2787 1421 2861 1474 ad
2882 1421 3139 1475 Abbonis
3182 1423 3437 1474 mortem
3464 1417 3777 1472 veniendum

2196 1509 2300 1573 est,
2345 1525 2472 1579 qum
2498 1507 2720 1574 accidit,
2755 1511 2899 1562 teste
2928 1508 3226 1575 Aimoino,
3251 1532 3277 1556 «
3315 1524 3470 1562 anno
3504 1505 3780 1560 millesimo

2199 1600 2428 1667 quarto,
2453 1596 2766 1653 indictione
2789 1599 3062 1664 secunda,
3098 1597 3192 1651 die
3231 1596 3450 1651 mensis
3479 1593 3783 1649 Novembris

2199 1684 2424 1739 decimo
2456 1686 2648 1740 tertio.
2675 1686 3102 1757 Martyrizatum
3123 1705 3155 1737 ››
3191 1685 3333 1739 dicit
3362 1683 3670 1749 Aimoinus,
3700 1681 3780 1752 qui

486 1767 649 1827 sione
674 1771 1190 1840 factum,tempore
1206 1768 1693 1825 Oilboldiabbatis
1715 1769 1812 1841 qui
1830 1767 2094 1840 regimen
2118 1773 2172 1832 B
2201 1790 2235 1826 a
2266 1774 2496 1845 Regulae
2529 1775 2723 1847 oppidi
2755 1775 2954 1829 incolis
2991 1774 3480 1829 tumultuantibus
3505 1789 3668 1826 cassus
3691 1773 3779 1836 est,

485 1857 730 1916 omnobii
761 1858 1132 1914 Floriacensis
1148 1858 1375 1914 Abboni
1409 1860 1598 1914 morte
1619 1857 1951 1929 resignavit,
1992 1855 2094 1911 sub

485 1963 705 2004 annum
726 1950 844 2003 988-
874 1946 1130 2002 Aimoini
1160 1947 1335 2004 verba
1353 1935 1502 2002 ‘hazc
1553 1949 1687 2001 sunt
1719 1963 1782 2000 ex
1816 1963 1942 2017 cap.
1987 1947 2052 2000 19
2079 1960 2091 1998 :

490 2057 518 2086 ‹‹
547 2035 1263 2092 ArnulfusAurelianorum
1285 2034 1752 2108 episcopus,alias
1763 2051 1899 2089 sane
1913 2035 2100 2088 bonus

486 2125 545 2179 et
574 2123 980 2180 ecclesiasticas
1030 2126 1257 2195 regulas
1293 2123 1533 2178 scientia
1561 2126 1620 2178 et
1664 2139 1838 2194 opere
1880 2121 2098 2192 optime

491 2227 747 2277 servans,
780 2228 1081 2282 nunquam
1097 2212 1170 2266 ad
1198 2227 1406 2281 purum
1421 2212 1689 2282 praelatos
1705 2210 1874 2280 hujus
1892 2209 2102 2264 Floria-

489 2299 672 2354 censis
696 2298 806 2353 loci
830 2298 1047 2366 dilexit,
1091 2299 1219 2354 ideo
1265 2315 1441 2370 quam
1491 2297 1743 2353 maxime
1800 2298 1956 2370 quod
1995 2297 2099 2364 illi,

490 2386 694 2442 ditioni
726 2388 913 2444 solum
944 2387 1122 2442 modo
1152 2389 1422 2458 parentes
1437 2387 1635 2457 regite,
1657 2386 2098 2457 subjectionem,

420 2528 422 2531 .
492 2491 607 2548 qua
631 2475 751 2547 ipse
782 2477 934 2531 ultra
949 2475 1192 2530 modum
1213 2475 1627 2543 delectabatur,
1660 2492 2029 2546 nequaquam
2050 2474 2103 2531 ei

493 2562 568 2618 ad
598 2561 773 2634 ipsius
793 2561 1100 2616 voluntatis
1128 2561 1527 2632 dependerent
1557 2563 1784 2616 nutum.
1812 2561 1936 2625 Qua
1957 2561 2026 2616 de
2040 2577 2102 2616 re

491 2649 689 2712 vineas
704 2650 882 2706 sancti
915 2648 1294 2715 Benedicti,in
1315 2649 1646 2706 suburbano
1675 2649 2104 2705 Aurelianensis

492 2737 675 2809 urbis,
706 2737 764 2793 in
795 2739 921 2793 looo
943 2737 1041 2810 qui
1068 2737 1274 2793 Boaria
1321 2736 1549 2805 dicitur,
1596 2736 1752 2800 sitas,
1802 2738 1865 2790 ut
1894 2735 1980 2792 sui
2011 2753 2104 2791 eas

492 2827 876 2900 pervaderent
916 2827 1189 2882 satellites
1243 2842 1538 2881 assensum
1587 2825 1852 2898 praebuit,
1905 2845 1938 2878 »
1992 2827 2101 2879 etc.

494 2915 817 2972 Laudabilis
840 2917 951 2972 hoc
996 2917 1123 2972 loco
1155 2915 1408 2970 Aimoini
1439 2915 1723 2970 modestia
1754 2918 1811 2968 et
1843 2913 2102 2985 aaquitas,

2202 1878 2320 1916 non
2345 1880 2377 1916 a
2397 1864 2714 1931 monachis,
2739 1866 2802 1917 ut
2827 1864 3064 1936 quidam
3079 1864 3458 1930 fabulantur;
3487 1858 3783 1929 martyriza-

2201 1953 2348 2018 tum,
2384 1951 2645 2023 inquam,
2675 1952 2813 2007 dicit
2839 1969 2942 2023 pro
2970 1969 3134 2007 more
3154 1952 3414 2006 illlorum
3444 1954 3779 2022 temporum;

2201 2039 2428 2110 quibus:
2454 2041 2812 2112 temporibus
2865 2041 2909 2094 si
2964 2041 3090 2114 quis
3119 2040 3283 2112 piam
3333 2057 3398 2094 ac
3447 2039 3782 2092 innocentem

2203 2129 2382 2183 vitam
2406 2129 2621 2183 ducens
2647 2133 2972 2191 necaretur,
3005 2147 3110 2202 pro
3158 2133 3422 2200 martyre
3474 2125 3780 2188 habebatur,

2204 2220 2266 2272 ut
2295 2217 2436 2272 alias
2466 2234 2582 2272 non
2616 2220 2793 2272 semel
2821 2219 3274 2273 observavimus.
3295 2217 3515 2272 Eodem
3537 2213 3697 2268 modo
3720 2212 3786 2265 lo-

2205 2310 2460 2378 quuntur
2509 2310 2772 2362 auctores
2819 2307 3075 2362 Aimoini
3127 2308 3384 2379 mquales
3415 2308 3472 2359 et
3512 2314 3782 2375 suppares:

2203 2395 2407 2450 Glaber
2427 2395 2484 2448 in
2521 2395 2620 2452 lib.
2654 2413 2732 2462 ιιι,
2763 2413 2887 2468 cap.
2908 2398 2970 2452 :4
2991 2396 3132 2450 «His
3153 2395 3236 2450 ita
3267 2394 3464 2467 gestis,
3492 2388 3713 2461 contigit
3734 2389 3787 2440 ut

2203 2485 2545 2540 venerabilis
2601 2486 2785 2553 Abbo,
2825 2489 2992 2558 pater
3044 2483 3390 2541 monasterii
3422 2480 3596 2538 sancti
3637 2479 3787 2532 Bene-

2205 2573 2740 2640 dicti,Floriacensis
2753 2573 3172 2645 cognominati,
3181 2573 3372 2647 gratia
3383 2565 3786 2645 propugnandaa

2203 2661 2501 2734 religionis
2525 2662 2858 2718 monasticae
2878 2662 2933 2717 in
2958 2663 3325 2738 provinciam
3343 2659 3611 2717 transiret
3638 2653 3788 2710 meri-

2207 2751 2514 2826 dianorum
2548 2753 2912 2806 Wasconum.
2948 2753 3206 2826 Cumque
3226 2753 3377 2826 illuc
3430 2745 3714 2826 deveniens
3740 2740 3788 2793 in

2207 2823 2462 2894 quodam
2499 2828 2828 2878 moraretur
2841 2818 3133 2890 coenobio,
3161 2825 3239 2878 ibi
3253 2840 3366 2896 que
3385 2836 3546 2877 more
3567 2818 3716 2871 solito
3733 2827 3789 2865 ea

2207 2927 2334 2982 quae
2364 2912 2461 2966 Dei
2493 2915 2628 2966 sunt
2649 2912 2848 2967 sedulo
2881 2916 3194 2975 exerceret,
3214 2911 3407 2967 nimio
3439 2927 3473 2965 a
3501 2903 3702 2962 cunctis
3715 2917 3790 2956 ve-

493 3005 589 3078 qui
614 3005 829 3077 absque
858 3005 992 3059 felle
1023 3003 1316 3076 scripserit
1344 3004 1416 3058 de
1445 3003 1688 3058 Arnulfo
1743 3002 2035 3074 episcopo,
2068 3019 2104 3056 a
2131 3053 2177 3078 η
2207 3000 2523 3054 nerabatur
2547 2999 2771 3054 affectu.
2791 2999 3197 3071 Acciditigitur
3212 3000 3312 3054 die
3339 2997 3606 3072 quadam,
3636 2994 3710 3056 ut,
3737 2988 3787 3042 in

495 3110 608 3166 quo
637 3093 805 3150 sciret
831 3093 1138 3149 Abbonem
1155 3092 1398 3164 indigna
1411 3091 1858 3163 pertulisse,imo
1879 3092 1952 3146 ab
1985 3091 2108 3162 ejus
2129 3079 2178 3114 υ
2207 3087 2354 3142 atrio
2367 3089 2624 3160 ejusdem
2639 3089 3418 3158 coenobii,exardescentibus
3430 3079 3787 3160 quorumdam

493 3181 830 3238 satellitibus
854 3180 1236 3237 contumelias
1255 3183 1313 3234 et
1343 3179 1602 3250 injurias.
2207 3176 2590 3250 litigiosorum
2610 3177 2828 3233 irarum
2856 3177 3119 3245 stimulis,
3145 3179 3400 3233 nimium
3427 3190 3555 3231 acer
3571 3169 3790 3225 oriretur

572 3273 658 3326 10.
679 3270 788 3326 Sed
817 3288 947 3342 quas
975 3269 1226 3341 qualisve
1253 3268 1432 3323 fuerit
1460 3267 1568 3322 ista
1597 3267 1878 3340 subjectio
1933 3284 2108 3338 quam
2210 3251 3790 3339 tumultus;dumquevirreverentissimus,prtedietusvi-

498 3359 770 3422 Arnulfus
809 3376 844 3413 a
867 3357 1320 3413 Floriacensibus
1351 3355 1636 3427 exigebat,
1691 3355 2109 3428 dispiciendum
2212 3354 2422 3409 delicet
2435 3355 3092 3428 Abbo,comperiens,ad
3111 3357 3392 3410 eumdem
3411 3343 3706 3407 tumultum
3719 3357 3791 3395 se-

500 3447 606 3499 est.
637 3445 937 3517 Duplicem
992 3444 1484 3500 monasteriorum
1514 3447 1787 3500 adversus
1816 3444 2112 3517 episcopos
2211 3444 2533 3499 sedandum
2548 3445 2856 3516 pugillares
2870 3439 3792 3515 gerensinmanibustabellascum

502 3533 918 3604 subjectionem
935 3534 1008 3588 ab
1034 3533 1315 3604 episcopis
1340 3532 1491 3603 exigi
1525 3533 1664 3588 olim
1695 3533 1922 3588 solitam
1954 3533 2112 3588 inve-
2214 3534 2360 3603 stylo
2412 3533 2813 3603 processisset;
2861 3550 3007 3586 unus
3034 3550 3066 3586 e
3113 3533 3307 3605 vulgo,
3358 3531 3581 3586 afﬂatus
3619 3519 3793 3595 spiritu

502 3620 602 3675 uio
627 3637 640 3675 :
672 3638 983 3692 unam,qua
1001 3622 1180 3675 abbas
1197 3637 1396 3675 recens
1418 3621 1716 3676 ordinatus
1728 3621 1997 3694 episcopo
2011 3639 2112 3677 suo
2217 3621 2525 3689 diabolico,
2552 3622 2778 3676 irruens
2805 3622 2861 3676 in
2881 3638 3036 3689 eum,
3056 3622 3298 3693 ejusque
3316 3620 3667 3676 latuslancea
3683 3622 3794 3680 per-

505 3709 826 3764 solemnem
851 3709 912 3762 in
935 3709 1107 3764 rebus
1125 3707 1479 3780 spiritalibus
1495 3709 1916 3780 subjectionem
1937 3711 2114 3782 proﬁ-
2215 3708 2438 3777 forans,
2466 3710 2676 3764 Christi
2709 3714 3029 3780 martyrem
3065 3711 3221 3776 fecit,
3257 3711 3360 3782 qui
3395 3709 3591 3771 etiam,
3619 3705 3677 3755 ut
3702 3697 3799 3751 fer-

504 3797 761 3865 tehatur;
786 3799 1052 3865 alteram,
1078 3814 1193 3869 qua
1217 3797 1574 3853 monasteria
1603 3797 1662 3853 in
1688 3799 1859 3853 rebus
1889 3803 2114 3872 tempo-
2217 3800 2333 3866 tur,
2372 3800 2544 3870 paulo
2576 3802 2706 3870 post
2739 3802 3004 3871 arreptus
3028 3816 3062 3853 a
3101 3800 3396 3867 dmmone,
3430 3787 3801 3872 miserabiliter

504 3887 720 3942 ralibus
749 3904 866 3942 non
888 3887 1086 3959 regite,
1120 3887 1221 3942 sed
1253 3887 1505 3960 epis-capi
1538 3887 1844 3943 dioecesani
1867 3887 2116 3944 auctori-
2218 3885 2396 3940 vitam
2430 3886 2632 3940 finivit.
2672 3868 2889 3960 Corpus
2923 3904 3058 3942 vero
3084 3887 3347 3958 praedicti
3379 3883 3574 3959 patris,
3599 3882 3711 3933 tam
3728 3868 3799 3927 sui

505 3977 611 4032 tati
632 3979 687 4031 et
713 3976 918 4032 ditioni
944 3974 1193 4032 obnoxia
1223 3979 1407 4030 erant.
1444 3978 1524 4031 De
1548 3977 1654 4032 hac
1686 3977 1897 4049 duplici
1927 3978 2117 4048 subje-
2221 3991 2396 4045 quam
2428 3977 2620 4030 caeteri
2648 3975 2865 4048 quique
2896 3977 3096 4031 ﬁdeles
3125 3977 3388 4047 ejusdem
3408 3966 3700 4046 provinciae
3715 3963 3798 4049 ho:

503 4065 696 4122 ctione
729 4065 922 4137 aptior
953 4065 1103 4120 visus
1129 4067 1218 4120 est
1275 4065 1592 4120 disserendi
1622 4068 1780 4121 locus
1810 4065 1869 4119 in
1911 4066 2118 4137 prmfa-
2221 4061 2455 4116 noriﬁce
2487 4062 2562 4117 ibi
2599 4045 2984 4135 sepelierunt;
3037 4065 3134 4118 ubi
3155 4045 3330 4118 etiam
3365 4045 3441 4118 ad
3486 4056 3705 4114 laudem
3726 4045 3798 4137 sui

504 4153 664 4216 tione
684 4135 941 4210 adhunc
955 4153 1307 4221 tomum,ubi
1328 4154 1438 4208 hoc
1453 4153 1706 4210 Abbonis
1727 4170 1858 4209 cum
1880 4135 2120 4209 Arnulfo
2221 4150 2474 4204 nominis
2499 4153 2773 4223 perplura
2790 4153 3162 4223 postmodum
3176 4151 3458 4206 Dominus
3473 4144 3698 4217 largitus
3725 4135 3797 4230 est

506 4243 807 4314 negotium
834 4242 1230 4312 expendimus.
2222 4239 2556 4296 hominibus
2573 4242 2914 4297 beneficia.»
2951 4244 3018 4297 Et
3045 4242 3103 4296 in
3132 4241 3416 4298 Chronico
3429 4237 3794 4306 Andegavensl

585 4333 670 4386 ll.
705 4329 814 4385 Sed
848 4329 1002 4384 aliud
1024 4348 1141 4385 non
1161 4329 1403 4385 minoris
1432 4329 1660 4384 invidiae
1695 4331 1993 4401 negotium
2007 4333 2120 4386 Ab-
2143 4335 2196 4394 D
2223 4330 2376 4400 apud
2400 4331 2714 4397 Labbeum,
2749 4330 2806 4384 in
2835 4336 2996 4386 tomo
3020 4335 3038 4385 l
3075 4331 3462 4395 Bibliotheca),
3519 4341 3644 4398 pag.
3669 4317 3790 4371 286:

507 4419 723 4472 bouem
774 4416 1115 4486 sollicitavit,
1171 4435 1383 4491 nempe
1433 4417 1823 4472 controversia
1862 4418 2118 4486 decimis,
2226 4438 2253 4466 ‹‹
2298 4420 2464 4473 Anno
2513 4422 2648 4474 1004
2683 4420 2932 4474 domnus
2968 4422 3130 4475 Abbo
3191 4419 3588 4489 martyrizatus
3636 4408 3712 4462 est
3747 4401 3794 4454 ίιι

509 4505 727 4577 agitata
755 4506 815 4561 in
847 4509 1069 4579 synodo
1105 4507 1459 4578 Dionysiana
1489 4522 1671 4577 prope
1703 4507 1968 4562 Parisios.
2012 4509 2122 4564 Has
2221 4505 2548 4577 Aquitania,
2577 4507 2634 4561 in
2668 4507 3021 4563 monasterio
3055 4509 3128 4562 ad
3162 4508 3464 4578 Regulam,
3496 4513 3666 4576 prope
3691 4493 3797 4546 (335°

511 4594 760 4668 episcopi
791 4613 908 4653 non
943 4598 1130 4652 solum
1163 4595 1343 4661 laicis,
1367 4595 1468 4648 sed
1498 4594 1675 4648 etiam
1704 4595 2004 4651 monachis
2020 4613 2120 4651 au-
2223 4594 2538 4666 sinogilum
2570 4597 2850 4667 palatium
2877 4598 3173 4669 quondam
3229 4596 3480 4666 regium,
3514 4589 3606 4663 qui
3637 4579 3795 4653 εΥί⁵¹⁰⁵

508 4685 661 4748 ferre
698 4686 990 4741 volebant.
1015 4684 1241 4740 Restitit
1282 4699 1388 4754 pro
1449 4683 1748 4738 monachis
1785 4685 1986 4755 Abbo;
2023 4685 2124 4741 sed

510 4773 639 4830 laici
665 4775 724 4829 in
757 4774 1066 4845 episcopos
1095 4772 1320 4845 impetu
1351 4771 1524 4840 facto,
1555 4772 1645 4826 vix
1673 4791 1739 4828 ac
1779 4792 1851 4830 ne
1885 4774 1974 4830 vix
2005 4775 2126 4848 qui-

511 4863 645 4918 dem
672 4863 746 4917 ab
778 4878 982 4917 eorum
1019 4861 1384 4934 percussione
1411 4863 1972 4934 temperarunt.Ejus
1990 4865 2126 4920 facti

510 4949 725 5006 invidia
749 4950 942 5004 refusa
971 4953 1056 5004 est
1084 4949 1144 5003 in
1174 4949 1477 5004 Abbonem
1494 4967 1597 5022 per
1611 4951 1916 5006 Arnulfum
1944 4956 2124 5008 Aure-

509 5039 832 5096 lianensem
865 5037 970 5109 ipsi
1000 5037 1270 5091 infestum
1298 5055 1311 5105 ;
1336 5038 1410 5092 ub
1435 5039 1599 5093 Abbo
1616 5037 1738 5110 ipse
1751 5039 2124 5113 Apologetico

511 5145 571 5182 se
603 5142 854 5200 purgare
876 5129 1104 5180 coactus
1127 5126 1320 5181 fuerit
1361 5128 1515 5199 apud
1547 5145 1713 5200 reges
1738 5130 2038 5202 Hugonem
2069 5137 2127 5188 et

511 5215 874 5280 Botbertum,
921 5230 1169 5284 quorum
1210 5215 1558 5287 principatu,
1603 5217 1662 5272 id
1708 5223 1794 5273 est
1840 5223 1974 5275 ante
2021 5238 2123 5276 an-

508 5318 648 5356 num
671 5303 794 5369 998,
827 5302 947 5357 htBC
969 5303 1218 5375 synodus
1276 5305 1471 5359 habita
1525 5310 1629 5372 est,
1673 5310 1734 5361 ut
1761 5308 1883 5362 fuse
1914 5309 2126 5365 descri-

511 5389 599 5446 bit
623 5391 926 5446 Aimoinus
947 5392 1007 5446 in
1039 5393 1332 5464 sequentis
1361 5393 1497 5448 Vitae
1528 5412 1652 5467 cap.
1675 5399 1727 5463 9,
1769 5415 1834 5452 ex
1862 5415 1975 5470 quo
2008 5417 2122 5456 uno

512 5477 681 5534 istius
704 5481 908 5552 synodi
941 5481 1209 5536 notitiam
1238 5483 1583 5555 accepimus.
1618 5486 1853 5542 Fallitur
1869 5489 2121 5561 quisquis

510 5571 598 5624 est
626 5572 825 5624 auctor
853 5570 1285 5627 schediasmatis
1315 5572 1372 5627 in
1407 5576 1567 5628 tomo
1613 5575 1678 5629 lX
1729 5576 2114 5632 Conciliorum

2225 4699 2318 4737 xxx
2346 4683 2572 4756 scripsit
2605 4702 2618 4740 :
2661 4704 2692 4737 »
2725 4685 2986 4741 Odolrico
3033 4686 3228 4740 abbati
3258 4685 3316 4738 in
3357 4679 3596 4739 concilio
3618 4675 3794 4728 Lemo-

2224 4772 2434 4828 vicensi
2453 4774 2581 4845 jam
2612 4775 2865 4841 laudato,
2900 4775 3177 4846 martyrio
3227 4776 3578 4829 coronatus»
3608 4764 3661 4818 in
3687 4756 3794 4848 W3:

2227 4862 2424 4918 sconia
2454 4863 2681 4930 dicitur,
2714 4879 2923 4934 nempe
2953 4862 3012 4916 in
3045 4880 3193 4935 pago
3238 4851 3661 4932 Burdegalensi,
3713 4856 3794 4914 qm

2226 4955 2360 5007 tunc
2392 4953 2465 5008 ad
2497 4953 2769 5008 ducatum
2795 4954 3105 5008 Wasconiae
3132 4953 3479 5026 pertinebat.
3506 4945 3796 5002 Ademarus

2227 5042 2285 5096 in
2327 5042 2644 5098 Chronico:
2685 5043 2848 5098 Abbo
2900 5042 3133 5098 veniens
3168 5043 3242 5097 ad
3298 5045 3558 5096 sanctum
3588 5031 3795 5087 Petrum

2227 5130 2623 5203 Regulatensis
2651 5131 2921 5198 ecclesias,
2954 5148 3083 5202 quae
3107 5135 3191 5186 est
3211 5130 3487 5202 possessio
3519 5115 3687 5180 sancti
3707 5113 3793 5166 Be-

2228 5221 2443 5275 nedicti
2497 5221 2845 5275 Francorum
2899 5220 3166 5288 cmnobii,
3209 5219 3286 5273 ibi
3334 5218 3582 5273 tumultu
3614 5208 3796 5260 Vasco'

2229 5309 2357 5363 nico
2387 5310 2604 5365 occisus
2644 5313 2746 5375 est,
2789 5309 2981 5380 ibique
3017 5310 3270 5380 sepultus
3317 5303 3599 5361 miraculis
3633 5296 3794 5350 clara-

2225 5415 2384 5452 scere
2409 5399 2599 5469 caapit.
2636 5397 2802 5469 Virga
2828 5398 2950 5468 ejus
2978 5397 3282 5467 pastoralis
3298 5396 3532 5452 remissa
3547 5385 3791 5476 estFrfill‘

2223 5489 2394 5542 ciam.
2427 5486 2752 5542 Bernardus
2768 5487 3078 5541 Wasconiaa
3096 5487 3204 5541 dux
3236 5502 3437 5540 necem
3469 5478 3605 5537 tanti
3631 5463 3792 5525 viride

2221 5577 2688 5634 interfectoribus
2719 5577 2958 5648 punivit,
2975 5577 3114 5631 alios
3141 5577 3466 5649 suspendio,
3489 5571 3626 5629 alios
3647 5564 3794 5620 flam-
