3876 6172
177 399 250 453 385

789 389 1152 451 ΡΒΟαΞΜΙΑ.
1197 420 1253 434 -—
1290 393 1446 449 VITA
1473 392 1535 449 S.
1567 388 1696 448 ABE

1801 397 1883 454 IS.
1917 425 1984 435 —
2023 393 2308 452 OBSERV.
2347 390 2665 454 PREVLE.

3285 401 3390 464 386

177 526 255 581 mis
280 523 486 590 tradens,
515 526 568 577 et
599 540 836 579 omnem
864 524 1011 579 illius
1041 525 1460 597 possessionem
1493 529 1679 602 Regu-
1723 535 1778 592 Α
1805 527 1989 584 censis
2014 546 2028 595 ;
2063 550 2089 576 ››
2122 531 2179 582 et
2208 526 2266 582 in
2294 527 2404 583 alio
2431 545 2444 582 :
2475 552 2502 577 ‹‹
2531 527 2614 583 Id.
2646 529 2902 584 Abbonis
2925 531 3147 588 abbatis
3176 538 3235 589 et
3249 553 3401 592 mar-

172 617 404 677 lateusem,
427 630 540 683 qua:
570 616 704 666 ante
736 612 794 666 in
823 614 922 667 lite
955 614 1345 670 invadentium
1387 622 1531 679 erat,
1565 619 1686 673 sine

175 703 243 756 lite
255 702 423 755 dehinc
440 701 728 755 monachis
756 701 988 756 Francis
1012 703 1192 758 sancti
1218 705 1507 759 Benedicti
1533 723 1692 777 para-

173 791 225 842 vit
251 789 621 842 vindicandam.
646 810 673 835 ››
698 790 760 842 In
792 789 1130 861 Necrologio
1163 792 1556 848 Silviniacensi
1589 813 1691 849 no-

173 881 283 930 tatur
304 900 325 925 ‹‹
353 877 476 930 ldib.
509 877 780 932 Novemb.
805 877 1088 948 depositio
1111 879 1312 934 domui
1341 881 1566 936 Abboni
1598 883 1695 937 ab-

173 965 292 1018 batis.
321 988 343 1012 υ

221 1057 286 1109 13.
313 1055 478 1107 Exstat
505 1054 562 1107 in
589 1059 748 1108 tomo
786 1055 975 1126 primo
1004 1056 1497 1113 Miscellaneorum
1530 1061 1697 1113 Baln-

169 1141 398 1195 zianorum
427 1141 707 1212 encyclica
753 1143 994 1212 epistola
1023 1145 1448 1201 monachorum
1482 1145 1695 1201 Floria-

167 1229 361 1282 censium
375 1229 436 1283 de
455 1230 608 1284 caede
621 1230 879 1299 ejusdem
894 1231 1172 1298 Abbonis,
1190 1250 1368 1306 quam
1390 1235 1694 1306 epistolam

167 1319 244 1372 huc
269 1318 615 1372 transcribere
649 1334 764 1372 non
799 1318 1038 1390 pigebit.

213 1427 238 1457 ς
255 1406 496 1460 Universis
521 1407 821 1462 abbatibus
838 1408 1157 1480 Christique
1173 1410 1694 1484 fidelibus,quoquo

163 1494 362 1548 locorum
376 1494 775 1561 habitantibus,
799 1496 1170 1552 Floriacensis
1185 1499 1449 1554 conciola
1475 1500 1698 1570 dejecta

160 1588 200 1636 et
220 1586 350 1652 patre
365 1584 605 1638 viduata.
621 1585 779 1638 Fletu
805 1599 952 1655 pene
975 1587 1258 1658 absorptis
1277 1629 1292 1654 ,
1329 1588 1527 1642 dolore
1559 1605 1696 1644 con-

160 1670 284 1737 tritis,
329 1689 551 1726 manum
602 1674 880 1744 porrigite
935 1674 1206 1743 spiritalis
1251 1676 1466 1741 auxilii,
1500 1680 1694 1748 patres

161 1760 453 1828 sanctissimi,
476 1777 582 1832 per
607 1761 873 1815 affectum
894 1763 1166 1818 fraterna:
1193 1764 1506 1818 charitatis.
1541 1767 1695 1820 Pane

159 1849 362 1901 mmroris
388 1852 637 1920 potuque
677 1850 1081 1904 amaritudinis
1109 1851 1302 1919 cibati,
1334 1852 1538 1906 vestris
1570 1870 1696 1908 ora-
1723 1853 1773 1912 B

159 1935 349 1989 tionibus
363 1953 686 1991 mereamur
709 1939 1235 2010 recreari,quorum
1281 1941 1520 2009 cythara
1549 1941 1690 1994 laeti-

158 2022 222 2075 tia:
237 2039 371 2078 versa
393 2025 546 2079 estin
575 2025 789 2080 luctum
809 2027 1115 2094 mestitiae,
1140 2044 1387 2099 quorum
1406 2045 1690 2099 organum

156 2112 347 2166 luctuose
373 2119 533 2168 sonat
555 2115 895 2181 lamentum,
919 2116 1311 2185 etjocunditas
1340 2133 1538 2171 vocem
1563 2120 1690 2170 tan-

157 2202 395 2255 tummodo
415 2203 702 2256 ﬂentium.
739 2203 1002 2257 Pervenit
1031 2204 1253 2273 gladius
1284 2204 1500 2258 doloris
1516 2222 1691 2276 usque

153 2289 203 2340 ad
226 2289 624 2355 animam,dum
646 2291 1016 2363 deploramus
1035 2308 1140 2362 pro
1153 2296 1363 2346 sanctm
1396 2294 1693 2365 religionis

151 2379 574 2436 studiodomnum
589 2385 644 2435 ct
679 2382 946 2435 abbatem
965 2386 1225 2437 nostrum
1259 2383 1562 2438 Abbonem
1603 2401 1694 2437 cx-

150 2467 322 2522 cessisse
343 2487 372 2522 a
401 2471 633 2536 saeculo,
652 2475 994 2525 coronatum
1028 2471 1324 2542 martyrio,
1350 2472 1446 2542 qui
1471 2473 1690 2525 Wasco-

148 2569 250 2608 num
269 2559 449 2627 gladiis
473 2559 613 2612 felix
634 2559 954 2630 promeruit
972 2559 1214 2613 feliciter
1227 2561 1530 2614 beatorum
1546 2577 1694 2614 mar-

149 2646 290 2713 tyrum
302 2647 468 2701 socius
479 2647 608 2701 fleri
619 2689 631 2700 .
665 2648 838 2717 Cujus
853 2648 1065 2702 animae
1079 2648 1350 2718 contagia
1361 2653 1547 2703 vestra
1562 2665 1691 2703 ora-

146 2733 203 2785 tio
217 2735 602 2807 abstergat,qui
633 2735 802 2788 vestri
820 2739 1067 2802 amator,
1099 2735 1692 2808 omniumqueChristi

147 2821 452 2878 servientium
481 2839 655 2878 verus
680 2839 910 2896 semper
955 2825 1172 2878 exstitit
1211 2825 1472 2879 dilector.
1525 2825 1694 2878 Nobis

148 2925 341 2981 quoque,
372 2930 508 2984 quos
545 2913 840 2984 orphanos
882 2913 1134 2986 reliquit,
1169 2913 1437 2967 fraternis
1467 2929 1693 2968 succur-

148 2997 222 3052 rite
246 3001 365 3054 votis
392 3005 445 3055 et
474 3003 666 3056 Deum
698 3002 1162 3074 omnipotentem
1208 3003 1431 3074 placate
1483 3002 1696 3058 oratio-

147 3103 248 3181 num
273 3089 476 3152 hostiis,
506 3093 578 3144 ut
597 3088 868 3160 dignetur
895 3107 998 3145 sua
1047 3090 1233 3162 gratia
1257 3107 1495 3162 gregem
1528 3092 1695 3146 deca-
1721 3139 1768 3198 C

146 3173 335 3241 pitatum
361 3181 415 3231 et
438 3178 534 3249 pio
575 3182 736 3250 patre
764 3179 1034 3233 orbatum
1061 3179 1368 3234 consolari.
1411 3179 1564 3234 Obiit
1583 3181 1696 3234 ldi-

145 3259 218 3315 bus
238 3263 578 3333 Novembris,
613 3265 707 3320 die
739 3266 946 3321 natalis
986 3268 1168 3322 sancti
1201 3267 1368 3322 Brici.
1405 3290 1432 3317 »

193 3359 262 3415 1t.
289 3366 505 3419 Annum
531 3365 662 3435 ejus
712 3365 916 3419 mortis
946 3365 1139 3437 signat
1168 3383 1234 3420 ex
1266 3365 1568 3439 Sigeberto
1593 3368 1694 3423 Ba-

144 3449 292 3504 ronius
317 3457 526 3508 tertium
553 3456 685 3524 post
712 3453 1107 3521 millesimum,
1149 3472 1279 3512 cum
1335 3456 1593 3510 libellum
1627 3457 1696 3511 dc

144 3537 342 3593 Abbonis
368 3543 480 3596 vita
509 3558 622 3614 per
650 3541 983 3596 Aimoinum
1006 3543 1270 3598 nondum
1301 3544 1551 3598 vidisset.
1585 3543 1698 3599 Sed

144 3629 293 3694 postea
311 3630 457 3685 edito
478 3647 592 3704 per
609 3631 894 3685 Joannem
915 3648 948 3685 a
963 3631 1135 3686 Bosco
1163 3632 1270 3686 isto
1288 3631 1566 3700 libello,in
1585 3649 1697 3705 quo

145 3711 499 3774 incarnationis
558 3735 747 3774 annus
780 3727 1002 3792 quartus
1043 3723 1104 3775 et
1159 3719 1396 3776 indictio
1448 3722 1700 3777 secunda

145 3800 303 3862 diserte
325 3810 749 3880 exprimuntur,
774 3809 856 3864 ita
888 3827 1012 3864 rem
1034 3827 1390 3882 componere
1412 3811 1519 3867 sibi
1552 3812 1702 3866 visus

145 3895 205 3945 est
228 3900 276 3948 ut
309 3898 517 3953 diceret
550 3915 774 3952 annum
807 3898 878 3953 ab
931 3899 1336 3954 Incarnatione
1369 3917 1700 3955 numerasse

143 3981 418 4043 Aimoinum
449 3994 508 4044 et
538 3988 922 4044 indictionem
938 3987 1252 4043 secundam
1285 4005 1318 4042 a
1349 3988 1698 4060 Septembri,

145 4085 241 4127 cum
258 4075 579 4147 Sigebertus
620 4095 842 4132 annum
875 4095 907 4131 a
933 4077 1261 4145 Nativitate,
1314 4095 1441 4149 qua:
1492 4094 1700 4133 novem

145 4163 382 4221 mensibus
419 4167 828 4222 lncarnatione
853 4167 1140 4240 posterior
1169 4171 1273 4234 est,
1295 4170 1699 4240 computasset.

144 4250 196 4299 At
215 4268 327 4320 pace
355 4258 493 4311 tanti
516 4256 625 4310 viri
649 4255 1200 4322 dixerim,Aimoino
1222 4273 1406 4310 annos
1432 4257 1700 4310 [ncarna-

145 4334 274 4394 tionis
295 4361 398 4398 non
427 4345 575 4400 alios
595 4361 715 4400 esse
747 4361 922 4417 quam
966 4344 1225 4415 vulgatos
1279 4360 1313 4397 a
1357 4343 1700 4413 Nativitate;

146 4431 616 4507 corrigendumque
645 4435 924 4488 calculum
959 4431 1266 4504 Sigeberti,
1310 4431 1428 4487 imo
1458 4432 1583 4502 ejus
1615 4432 1699 4486 in-

146 4517 450 4589 terpolatoris
487 4526 653 4594 (nam
706 4523 859 4592 apud
912 4521 1168 4576 Mirmum
1200 4520 1310 4575 alio
1364 4521 1700 4575 charactere

144 4621 354 4675 expressa
376 4616 478 4678 est,
506 4610 764 4665 Abbonis
789 4611 989 4681 caedes)
1047 4609 1144 4681 qui
1191 4625 1408 4663 annum
1459 4609 1699 4662 tertium

144 4705 222 4760 pro
243 4704 424 4768 quarto
455 4699 674 4771 posuit.

199 4796 265 4847 15.
292 4797 482 4851 Mirum
506 4801 595 4855 est
619 4814 795 4869 quam
819 4797 929 4850 cito
950 4795 1208 4850 Abbonis
1232 4797 1415 4850 cultus
1433 4799 1700 4867 receptus

146 4877 198 4930 sit
218 4880 264 4935 in
291 4886 447 4940 rebus
465 4887 662 4953 sacris,
691 4887 834 4940 adeo
887 4889 947 4939 ut
980 4890 1241 4956 tempore
1284 4885 1701 4939 Lemovicensis

146 4972 341 5038 Concilii,
374 4975 424 5028 id
458 4980 546 5029 est
575 4991 728 5029 anno
760 4977 915 5040 lO3l,
947 4975 1069 5044 ejus
1092 4996 1118 5021 «
1148 4973 1491 5044 martyrium
1525 4975 1700 5028 etiam

150 5051 190 5105 in
213 5059 438 5128 pluribus
475 5063 727 5118 ecclesiis
775 5078 937 5116 more
983 5065 1317 5116 sanctorum
1371 5065 1696 5134 martyrum

148 5147 425 5207 solemniter
448 5153 864 5218 celebraretur,
900 5171 932 5202 »
960 5154 1267 5205 utconstat
1313 5167 1381 5204 ex
1429 5167 1702 5205 sermone

149 5231 248 5287 tunc
265 5237 466 5306 habito,
502 5242 664 5311 cujus
692 5241 1089 5310 fragmentum
1121 5255 1314 5311 supra,
1339 5256 1500 5292 num.
1537 5243 1589 5306 3,
1612 5257 1702 5294 re-

148 5320 350 5382 tulimus.
385 5330 550 5384 Unde
595 5330 653 5384 in
707 5328 1052 5383 Kalendario
1097 5327 1442 5382 Floriacensi
1501 5344 1702 5400 perve-

152 5411 267 5468 tusto
291 5417 402 5471 haec
429 5418 685 5472 secunda
715 5434 894 5472 manu
944 5417 1156 5486 scripta
1184 5418 1459 5488 leguntur
1493 5434 1505 5471 :
1538 5436 1567 5469 ιι
1619 5416 1699 5470 Id.

153 5495 362 5568 Novem”
383 5507 442 5562 in
473 5507 767 5576 Vasconia,
795 5506 948 5580 apud
991 5505 1412 5561 monasterium
1435 5506 1592 5577 quod
1622 5505 1704 5560 di-

155 5587 264 5644 citur
287 5593 495 5666 Squirs,
523 5595 708 5667 passio
733 5595 887 5651 beati
939 5593 1199 5650 Abbonis
1227 5593 1453 5649 abbatis
1487 5593 1700 5650 Floria-

1794 616 1934 688 tyris
1960 633 2012 670 1v
2041 616 2419 670 lectionum.»
2455 617 2738 672 Hactenus
2773 618 2895 688 ejus
2925 620 3181 676 ofﬁcium
3207 625 3400 696 agitur

1794 705 1854 759 in
1898 704 2159 760 camobio
2197 705 2540 760 Floriacensi
2573 708 2630 759 et
2673 705 2731 760 in
2776 708 3100 779 Regulensi,
3141 711 3240 765 ubi
3271 713 3395 783 ejus

1795 809 2002 864 corpus
2032 795 2376 847 asservatur.

1870 891 1956 952 l6.
1985 898 2148 961 Quod
2170 897 2378 953 attinet
2403 899 2474 953 ad
2506 900 2739 971 Regula:
2769 901 3031 966 [laRéole]
3051 904 3396 975 prioratum,

1796 989 2093 1042 auctorem
2125 986 2302 1041 habet
2330 987 2718 1041 Gumbaldum
2756 991 3241 1062 Burdegalensem
3273 995 3397 1064 epi-

1795 1092 2036 1146 scopum
2081 1078 2138 1128 et
2189 1074 2547 1128 Willelmum
2588 1077 2779 1131 Sancii
2809 1078 3017 1133 ducem
3045 1081 3392 1138 Wasconum

1796 1164 1917 1233 ejus
1948 1163 2228 1230 fratrem;
2263 1179 2513 1234 quorum
2562 1165 2669 1218 hac
2712 1165 2782 1219 de
2840 1183 2902 1220 re
2950 1167 3399 1226 instrumentum

1793 1250 1945 1324 typis
1981 1250 2202 1306 editum
2235 1255 2319 1306 est
2341 1250 2400 1306 in
2430 1255 2589 1307 tomo
2624 1253 2667 1306 ll
2689 1253 3052 1310 Bibliothecm
3077 1274 3238 1312 nova:
3262 1259 3402 1315 Lab-

1796 1339 2018 1407 beanse,
2049 1356 2184 1411 pag.
2211 1341 2335 1394 543.
2371 1339 2559 1394 Situm
2591 1341 2800 1395 dicitur
2829 1361 2861 1394 α
2892 1341 2952 1396 in
2984 1345 3240 1413 partibus
3264 1347 3398 1402 Vas-

1797 1427 1998 1495 coniac,
2032 1427 2089 1481 in
2120 1444 2268 1499 pago
2299 1427 2642 1494 Aliardensi,
2684 1445 2857 1500 supra
2900 1430 3088 1501 ripam
3116 1432 3398 1488 Garonnm

1797 1515 2074 1583 fluminis,
2133 1538 2160 1564 »
2213 1531 2425 1588 nempe
2466 1515 2669 1570 decem
2702 1517 2876 1571 lcucis
2905 1534 3080 1588 supra
3110 1520 3399 1592 Burdega-

1795 1603 1933 1658 lam.
1962 1605 2170 1658 Datum
2201 1607 2286 1658 est
2317 1605 2768 1659 instrumentum
2806 1624 2831 1657 α
2859 1623 3012 1661 anno
3049 1609 3172 1674 977,
3198 1607 3396 1664 indict.

1796 1705 1848 1759 ν,
1887 1711 1918 1743 »
1950 1691 2009 1746 in
2049 1692 2296 1762 gratiam
2344 1691 2609 1746 Richardi
2646 1692 2867 1747 abbatis
2914 1695 3251 1750 monasterii
3276 1696 3401 1751 Flo-

1795 1780 2087 1847 riacensis,
2122 1781 2208 1834 cui
2263 1780 2366 1835 iste
2412 1781 2570 1836 locus
2600 1781 2725 1852 jam
2757 1781 2894 1836 inde
2939 1782 3200 1838 addictus
3229 1787 3314 1839 est
3345 1808 3397 1854 ››,

1795 1868 2114 1940 antiquitus
2171 1867 2353 1923 dictus
2406 1867 2622 1940 Squirs,
2675 1868 2972 1924 modernis
3040 1871 3400 1944 temporibus

1793 1955 2033 2027 Regula.
2088 1979 2116 2006 ››
2148 1956 2288 2011 Huic
2317 1957 2531 2012 charta:
2582 1955 2736 2028 apud
2780 1957 3072 2012 Labbeum
3129 1961 3398 2030 subjectae

1793 2048 1927 2099 sunt
1953 2068 1980 2095 «
2014 2045 2459 2100 consuetudines
2504 2045 2755 2100 ecclesias
2799 2044 2870 2099 de
2918 2045 3155 2116 Regula,
3199 2068 3226 2094 η
3257 2064 3398 2118 quas

1794 2132 1945 2187 inter
1959 2137 2236 2188 statutum
2258 2138 2342 2187 est
2365 2137 2425 2186 ut
2446 2157 2472 2181 ‹‹
2501 2149 2675 2187 nemo
2701 2134 3017 2201 cultellum,
3043 2136 3393 2201 ensem,lan-

1793 2237 1979 2290 ceam,
1997 2221 2912 2292 spiculum,securim,besogiuin,
2929 2238 3116 2293 neque
3135 2223 3395 2294 gladium

1794 2309 1849 2362 in
1872 2311 2243 2364 contentione
2269 2310 2478 2363 trahat.
2500 2329 2530 2359 ›>
2551 2308 2714 2372 Quod
2741 2313 3021 2364 statutum
3047 2311 3270 2364 videtur
3301 2327 3394 2364 oc-

1795 2397 2022 2451 casione
2039 2398 2212 2451 caedis
2232 2397 2485 2451 Abbonis
2508 2397 2604 2468 qui
2638 2397 2837 2450 lancea
2867 2397 3162 2453 confossus
3187 2399 3245 2452 in
3266 2415 3398 2452 con-

1797 2485 2053 2539 tentione
2098 2489 2202 2540 est.
2261 2483 2530 2539 Subsistit
2582 2485 2869 2555 prioratus
2916 2486 3168 2556 chulze,
3217 2487 3395 2541 etiam

1795 2591 1947 2628 nunc
1973 2575 2367 2627 conventualis
2395 2573 2500 2628 sub
2523 2574 2976 2643 congregatione
3003 2573 3183 2628 sancti
3199 2574 3396 2629 Mauri.

1868 2666 1950 2716 17.
1981 2664 2174 2716 Restat
2201 2662 2399 2734 paucis
2427 2663 2720 2733 agendum
2757 2663 2827 2716 de
2861 2664 3118 2718 Abbonis
3150 2665 3396 2736 scriptis,

1794 2765 1921 2821 qua:
1953 2766 2230 2820 magnam
2262 2753 2496 2820 partem
2528 2748 2884 2805 exciderunt.
2905 2750 3072 2805 Varia
3093 2756 3400 2807 enumerat

1793 2838 2092 2892 Aimoinus
2112 2839 2169 2892 in
2191 2838 2449 2908 sequenti
2468 2837 2684 2904 libello,
2705 2855 2918 2910 nempe
2940 2840 3009 2892 dc
3032 2839 3397 2911 syllogismis,

1797 2926 1868 2981 de
1899 2930 2191 2998 compoto,
2227 2926 2297 2980 de
2329 2927 2482 2993 solis,
2515 2927 2665 2980 luna:
2698 2943 2763 2980 ac
2809 2928 3175 2997 planetarum
3207 2945 3394 2998 cursu,

1798 3014 1857 3069 in
1877 3032 2001 3088 cap.
2031 3019 2083 3083 3,
2108 3016 2527 3070 collectaneum
2559 3031 2624 3070 ex
2646 3015 2933 3082 Patribus,
2953 3015 3108 3086 quod
3131 3019 3397 3089 tempore

1798 3121 1898 3160 suo
1921 3104 2159 3160 Floriaci
2192 3103 2437 3176 reperiri
2466 3119 2583 3158 non
2615 3104 2886 3174 potuisse,
2920 3107 3117 3175 utpote
3140 3105 3212 3160 ab
3243 3108 3398 3160 exte-

1798 3193 1874 3248 ris
1898 3194 2257 3266 subreptum,
2290 3193 2372 3247 ait
2388 3191 2690 3249 Aimoinns
2719 3192 2776 3246 in
2796 3208 2923 3262 cap.
2957 3199 3010 3248 '7.
3044 3194 3112 3248 Et
3131 3193 3241 3248 hoc
3257 3197 3396 3265 puto

1800 3299 1920 3337 esse
1969 3283 2388 3337 collectaneum
2426 3298 2744 3347 canonum,
2779 3281 2935 3352 quod
2964 3297 3031 3336 ex
3062 3281 3256 3336 codice
3288 3297 3395 3336 ms.

1800 3372 1980 3425 sancti
1999 3369 2264 3425 Martialis
2301 3369 2453 3440 apud
2483 3368 3043 3424 Lemovicasanobis
3071 3369 3290 3423 editum
3317 3372 3402 3424 est

1799 3459 1858 3512 in
1889 3463 2048 3514 torno
2086 3459 2132 3512 Π
2178 3459 2607 3513 Analectorum.
2653 3457 2740 3511 Ad
2793 3457 2915 3512 haec
2955 3457 3397 3529 Apologeticum

1799 3546 2022 3618 scripsit
2066 3547 2228 3601 Abbo
2279 3546 2352 3600 ad
2401 3545 2708 3617 Hugonem
2750 3549 2808 3599 et
2847 3545 3209 3613 Rotbertum,
3243 3547 3404 3618 cujus

1801 3635 1990 3705 operis
2045 3633 2375 3706 fragmenta
2404 3633 2582 3688 refert
2617 3632 2919 3687 Aimoinus
2949 3632 3008 3687 in
3045 3650 3170 3704 cap.
3202 3637 3233 3689 8
3261 3638 3318 3689 et
3347 3638 3400 3688 9.

1799 3723 1996 3777 Varias
2040 3721 2181 3777 item
2241 3723 2363 3793 ejus
2423 3721 2692 3792 epistolas
2713 3724 3160 3788 commemorat,
3194 3737 3406 3794 nempe

1802 3811 1942 3866 duas
1990 3811 2062 3866 ad
2119 3810 2479 3866 Bernardum
2530 3809 2801 3863 abbatem
2859 3810 3292 3864 Bellilocensem
3343 3811 3404 3864 in

1801 3916 1928 3971 cap.
1964 3903 2067 3969 lO;
2099 3915 2276 3954 unam
2313 3898 2386 3952 ad
2417 3897 2759 3969 Gregorium
2791 3896 2836 3949 V
2867 3896 2926 3951 in
2953 3913 3079 3969 cap.
3111 3901 3196 3965 l2,
3230 3897 3406 3954 aliam

1803 3987 1876 4042 ad
1898 3987 2202 4043 0dilonem
2235 3987 2506 4042 abbatem
2530 3984 2986 4050 Cluniacensem,
3013 4001 3138 4056 cap.
3169 3989 3251 4052 l3,
3286 3987 3405 4055 ubi,

1802 4078 2016 4147 praeter
2067 4074 2432 4147 acrostychos
2479 4089 2672 4128 versus
2727 4071 2801 4126 ad
2849 4071 3120 4126 Ottonem
3170 4073 3406 4129 tertium

1803 4165 2238 4237 imperatorem,
2275 4165 2637 4217 memoratur
2677 4159 2936 4232 ejusdem
2981 4159 3236 4215 Abbonis
3266 4176 3408 4233 opus

1801 4255 1884 4310 De
1906 4254 2268 4326 paschalibus
2294 4251 2485 4324 cyclis,
2536 4250 2996 4306 Floriacensibus
3025 4251 3140 4305 suis
3187 4267 3408 4306 nuncu-

1805 4349 2026 4416 patum,
2054 4341 2210 4415 quod
2253 4359 2390 4396 sane
2418 4340 2606 4413 ipsum
2663 4339 2819 4412 apud
2856 4338 3074 4394 Bedam
3115 4339 3410 4411 vulgatum

1805 4437 1890 4488 est
1921 4436 2054 4488 ante
2094 4431 2350 4502 Dionysii
2410 4431 2596 4501 cyclos
2651 4446 2784 4483 cum
2816 4428 3178 4500 praefatione,
3209 4428 3268 4482 in
3299 4444 3414 4500 qua

1805 4522 2164 4576 mentionem
2200 4519 2339 4574 facit
2381 4541 2408 4567 «
2444 4518 2514 4572 de
2558 4517 2807 4572 transitu
2860 4517 3201 4571 sanctissimi
3234 4517 3414 4590 patris

1801 4609 2114 4673 Benedicti,
2174 4630 2202 4657 »
2249 4590 2405 4679 quod
2443 4606 2745 4661 Aimoinus
2783 4605 3001 4660 ibidem
3059 4609 3240 4660 notat.
3273 4606 3412 4660 Alia:

1801 4700 1929 4754 duae
1955 4699 2002 4769 ej
2014 4698 2214 4753 usdem
2229 4695 2564 4768 argumenti
2589 4695 2844 4767 epistolas
2863 4695 2935 4748 ab
2954 4695 3201 4764 ipsemet
3225 4694 3412 4749 Abbo-

1803 4805 1876 4843 ne
1897 4787 2124 4858 scriptas
2153 4788 2378 4840 exstant
2401 4784 2457 4838 in
2474 4788 2633 4838 tomo
2655 4784 2724 4836 lll
2742 4784 3170 4838 Analectorum.
3205 4782 3297 4835 His
3317 4781 3415 4836 ad-

1792 4877 2096 4949 jungenda
2119 4878 2204 4929 est
2218 4873 2474 4944 ejusdem
2499 4872 2741 4944 epistola
2779 4872 2852 4925 ad
2883 4871 2944 4928 L.
2973 4871 3242 4925 abbatem
3284 4869 3412 4924 Ful-

1803 4967 2064 5031 densem,
2100 4962 2471 5018 aclarissimo
2499 4961 2727 5014 Baluzio
2775 4959 3054 5031 impressa
3092 4959 3152 5012 in
3185 4963 3346 5014 tomo
3371 4961 3414 5013 ll

1800 5055 2314 5119 Miscellaneorum,
2344 5051 2503 5120 cujus
2549 5049 2805 5119 epistolas
2847 5048 3241 5118 fragmentum
3273 5050 3417 5102 rela-

1804 5146 1928 5198 tum
1959 5146 2045 5198 est
2064 5159 2257 5213 supra,
2289 5155 2450 5194 num.
2476 5142 2526 5191 5.
2546 5136 2820 5208 Papyrius
2839 5137 3128 5191 Massonus
3157 5135 3415 5191 codicem

1805 5233 2026 5287 viderat
2064 5229 2319 5284 Abbonis
2354 5227 2625 5298 epistolas
2659 5224 3078 5290 continentem,
3104 5223 3200 5294 qui
3232 5224 3412 5280 codex

1806 5321 1852 5375 is
1882 5322 2002 5392 ipse
2027 5322 2112 5374 est
2143 5335 2208 5373 ex
2240 5333 2356 5389 quo
2390 5315 2688 5371 nonnullae
2720 5313 2971 5367 Abbonis
2997 5312 3257 5382 epistolae
3280 5329 3413 5368 cum

1807 5411 1927 5481 ejus
1957 5405 2324 5480 Apologetico
2345 5421 2550 5475 nuper,
2585 5402 2666 5458 uti
2689 5403 2813 5473 jam
2837 5400 3411 5468 observavimus,edi-

1803 5503 1877 5554 ta:
1903 5499 2056 5552 sunt.
2087 5497 2214 5550 Jam
2240 5493 2477 5548 tandem
2506 5489 2762 5546 Aimoini
2784 5489 2854 5543 de
2885 5488 3128 5544 Abbone
3150 5488 3410 5544 libellum

1802 5588 2118 5654 videamus,
2149 5583 2308 5657 cujus
2337 5582 2432 5638 hic
2461 5581 2660 5637 titulus
2689 5581 2775 5635 est
2805 5578 2865 5633 in
2889 5577 3087 5634 codice
3115 5592 3203 5631 ms
3235 5593 3250 5633 :
