3876 6172
201 380 281 447 393

1242 374 1610 445 PROCEMIA.
1636 411 1707 428 --
1732 379 1887 442 VITA
1927 376 1993 446 S.
2028 379 2347 446 ABBONIS.

3346 384 3454 448 395

203 498 747 580 tisimmolatus,quod
765 519 869 579 per
882 505 1007 562 tuas
1019 504 1242 562 litteras
1259 522 1358 563 cor
1377 511 1639 564 nostrum
1653 506 1748 564 lie-
1765 508 1822 571 Α
1846 522 1973 579 quae
1987 508 2220 580 proprio
2236 507 2535 581 indigeant
2546 503 2976 566 volumine.Nos
2988 503 3225 566 interim
3237 504 3452 584 aliqua,

202 598 425 657 tiﬁcatum
436 599 600 663 est,et
613 596 768 669 quod
790 595 860 652 de
875 599 928 652 te
943 596 1196 651 maxime
1208 595 1560 652 timebamus
1580 614 1612 652 a
1630 614 1748 652 me-

200 688 347 743 moria
368 690 417 741 et
436 689 628 741 mente
644 688 841 740 nostra
858 684 1094 756 expulit.
1125 685 1265 739 Vere
1286 685 1446 740 favus
1468 686 1749 740 distillans

200 782 301 832 sunt
317 775 447 830 labia
462 780 581 842 tua,
603 791 731 846 quae
753 774 1488 829 distillaveruntverborum
1508 775 1746 842 ﬂuenta,

197 883 332 939 super
349 864 723 919 meletfavum
748 863 965 934 gutturi
984 866 1182 918 nostro
1208 863 1413 931 dulcia,
1439 881 1566 936 quae
1579 881 1751 936 super

198 971 363 1009 aurum
385 956 437 1007 et
452 956 763 1024 argentum
783 951 1412 1025 recipimus,penesque
1438 970 1541 1006 nos
1565 969 1751 1008 serva-

195 1044 487 1113 mus.Atque
505 1044 635 1113 post
661 1057 860 1112 pauca:
888 1040 1152 1105 Quandiu
1181 1044 1259 1106 tu,
1286 1042 1520 1096 lucerna
1542 1042 1751 1096 ardens

195 1136 238 1186 et
253 1134 439 1196 lucens,
473 1134 532 1184 et
561 1129 753 1184 caeteri
785 1146 1012 1200 quoque
1036 1130 1202 1195 soles,
1236 1129 1477 1184 domum
1520 1130 1753 1184 Domini

190 1219 491 1293 prudentiae,
519 1218 759 1289 justitiae
791 1221 847 1272 et
893 1218 1295 1288 temperantiae
1344 1219 1575 1290 speculo
1608 1219 1751 1274 irra-

192 1306 368 1373 diastis,
405 1306 739 1377 gaudebant
764 1308 954 1378 patres
984 1305 1039 1359 in
1068 1304 1215 1371 ﬁliis,
1253 1306 1560 1360 laetabatur
1588 1310 1754 1379 pater

190 1399 349 1451 noster
369 1394 705 1449 Benedictus
730 1393 788 1447 in
838 1393 951 1447 suis
995 1393 1263 1455 alumnis,
1300 1411 1442 1466 quos
1490 1396 1563 1449 ab
1621 1394 1755 1466 ipsis

189 1486 505 1540 incunabulis
521 1484 1247 1556 educaveratphilosOpliiae
1261 1484 1758 1539 alimentis.»Tan-

187 1574 293 1629 dem
316 1575 426 1646 ipse
456 1574 543 1627 vir
574 1572 807 1628 Domini
830 1572 1012 1638 Abba,
1036 1572 1199 1642 juxta
1230 1573 1752 1628 commonitionem

184 1662 502 1719 honorabilis
528 1661 709 1733 patris
742 1660 825 1715 sui
858 1660 1141 1732 Oylboldi,
1176 1662 1383 1715 nativm
1406 1660 1614 1716 faciem
1642 1664 1755 1717 sta-

187 1755 321 1806 tuens
347 1751 591 1805 revisere
642 1749 880 1818 telluris,
914 1767 947 1803 a
1000 1750 1342 1804 memoratis
1390 1751 1757 1821 pontiﬁcibus

1852 596 2059 651 futuris
2085 597 2387 669 profutura
2416 598 2654 665 saeculis,
2688 598 3019 653 succinctim
3062 600 3272 654 nostris
3301 601 3453 655 inse-

1853 686 2034 739 rimus
2056 685 2285 740 chartis.
2329 687 2545 758 Nempe
2580 690 2707 758 post
2737 688 3071 751 elucidaios,
3098 691 3158 741 ut
3187 689 3454 759 praeliba-

1852 773 2056 841 vimus,
2092 774 2415 830 dialecticos
2444 775 2822 847 syllogismos,
2851 780 2979 847 post
3009 780 3268 831 exaratas
3296 793 3455 831 eomv

1853 864 1976 934 puti
2004 863 2428 926 calculationes,
2458 868 2587 934 post
2603 864 2735 918 solis
2757 881 2821 919 ac
2851 865 3003 919 lunas
3020 864 3241 919 viarum
3274 865 3461 920 decla~

1855 956 2009 1007 ratas
2040 952 2451 1021 dimensiones,
2477 951 2535 1006 in
2569 952 2790 1007 divinas
2820 971 3049 1025 quoque
3081 954 3341 1009 animum
3368 955 3457 1009 in-

1856 1042 2043 1097 tendit
2098 1041 2456 1113 Scripturas;
2510 1042 2929 1115 assumptisque
2959 1060 3025 1098 ex
3076 1045 3457 1116 plurimorum

1857 1132 2092 1185 Patrum
2107 1129 2874 1197 aueloritalibussenteutiis,
2905 1133 3057 1186 velut
3086 1132 3458 1204 prudentissi-

1860 1236 1956 1273 ma
1978 1219 2119 1290 apis,
2154 1218 2321 1273 variis
2340 1218 2500 1273 favos
2513 1235 2870 1290 componens
2891 1220 3145 1287 ﬁoribus,
3173 1221 3458 1276 mellitum

1858 1308 2161 1362 deﬁoravit
2183 1325 2342 1379 opus.
2378 1307 2543 1371 Quod
2564 1309 2696 1363 licet
2716 1309 2789 1363 ad
2814 1326 3066 1380 praesens
3086 1327 3202 1365 non
3224 1311 3463 1382 (6)repe—

1856 1396 2058 1464 riatur,
2082 1397 2293 1468 partim
2308 1400 2637 1451 nostrorum
2656 1397 3253 1469 negligentia,partim
3282 1401 3464 1453 extra-

1860 1502 2107 1540 neorum
2138 1486 2497 1541 subtractum
2533 1486 2868 1557 cupiditate,
2900 1491 3122 1542 eertum
3147 1490 3345 1541 tamen
3377 1489 3464 1540 est

1861 1575 2072 1629 ideirco
2116 1591 2250 1629 eum
2286 1575 2627 1646 excerpsisse
2678 1592 2790 1647 quo
2835 1576 3076 1630 haberet
3123 1576 3196 1631 ad
3223 1592 3464 1629 manum

1834 1720 1843 1731 η
1864 1663 2228 1718 defensiones
2260 1666 2459 1718 contra
2482 1662 2815 1735 pontificem
2832 1663 3082 1718 ecclesiae
3098 1663 3468 1718 Aurelianen-

1863 1751 1957 1820 sis,
1992 1768 2108 1806 non
2140 1756 2296 1806 recta
2327 1752 2595 1824 quaedam
2628 1752 2698 1806 ab
2729 1768 2797 1807 eo
2831 1752 3179 1822 exigentem.

184 1840 719 1912 optimishonoratur
748 1838 1101 1893 muneribus.
1138 1839 1206 1892 Et
1245 1856 1279 1893 a
1306 1838 1756 1911 venerabiliqui-
1788 1838 1839 1897 B
1936 1840 2190 1894 CAP.Vll.
2223 1839 2495 1909 Arnul/‘us
2534 1842 2804 1910 episcopus
2848 1842 2949 1910 ipsi
2984 1842 3226 1911 infestus.
3284 1840 3470 1896 Abba--

186 1928 290 1982 dem
302 1929 598 1983 Dunstano
618 1927 929 1998 magniﬁca
946 1929 1168 1998 excepit
1198 1928 1399 1983 munia
1413 1928 1471 1982 in
1490 1932 1756 1999 argento,

182 2021 343 2071 saneto
371 2014 521 2087 patri
552 2014 900 2087 perferenda
930 2014 1263 2083 Benedicto;
1293 2032 1326 2069 a
1367 2016 1590 2071 domno
1622 2030 1758 2070 vero

185 2104 424 2172 Oswaldo,
454 2121 592 2158 cum
624 2103 812 2174 gratia
852 2104 1300 2174 presbyteratus,
1337 2104 1514 2159 etiam
1554 2108 1761 2159 cuncta

180 2193 338 2248 eidem
358 2193 569 2265 gradui
584 2210 844 2263 congrua
874 2192 1197 2248 ministeria
1227 2196 1313 2248 est
1355 2194 1615 2265 adeptus.
1652 2194 1760 2247 Be-

182 2282 313 2336 diens
323 2282 494 2354 igitur
508 2281 890 2352 multiplicem
905 2298 1034 2335 seeu
1045 2298 1100 2335 In
1115 2281 1341 2336 advexit
1351 2281 1638 2353 gazam,in
1652 2280 1764 2336 suis

176 2371 441 2442 speciebus
461 2370 711 2442 dignam
743 2370 869 2425 vita:
902 2370 1023 2441 ejus
1049 2370 1448 2425 continentem
1486 2370 1767 2442 signiﬁca-

178 2459 386 2514 tionem.
407 2460 561 2513 Nam
593 2458 835 2513 armilla:
852 2461 1200 2531 torquesque
1225 2476 1412 2514 aurea!
1445 2476 1765 2531 congruam

176 2546 593 2603 benefactorum
617 2546 971 2601 dictorumve
1002 2547 1124 2617 ejus
1146 2546 1549 2618 signiﬁcavere
1573 2564 1767 2602 remu-

176 2637 513 2692 nerationem
547 2654 564 2703 ;
608 2639 790 2690 vestes
822 2653 953 2691 vero
970 2637 1356 2692 sacerdotales
1378 2637 1771 2709 prmsentisfu-

175 2727 358 2779 turazve
372 2725 586 2797 gloria:
601 2724 1028 2796 portendebant
1041 2726 1392 2781 nitorem.At
1405 2742 1609 2781 aureus
1628 2726 1772 2781 calix

175 2817 222 2865 et
246 2829 625 2869 numerosum
656 2813 881 2884 argenti
903 2814 1197 2869 numisma
1224 2814 1550 2869 innocentis
1563 2816 1774 2886 purita-

174 2903 272 2956 tem
301 2903 424 2957 vitaa
456 2918 527 2957 ac
560 2901 852 2957 rutilantis
879 2902 1301 2973 praesagiebant
1333 2903 1545 2976 eloquii
1575 2903 1770 2974 jubar.

176 2988 366 3052 Quibus
395 2991 700 3056 omnibus,
721 2992 849 3062 post
879 3007 1042 3045 suam
1080 2992 1151 3045 ad
1182 2991 1373 3046 ﬂoridi
1407 2992 1777 3047 uominiscua-

176 3078 394 3134 nobium
424 3078 857 3142 reversionem,
905 3079 986 3133 ita
1026 3079 1267 3134 mirifice
1298 3081 1553 3152 pollebat
1598 3083 1659 3135 ut
1714 3080 1774 3134 in

1864 1930 1947 1982 nis
1974 1927 2103 1981 liber
2136 1927 2491 1999 apologelicus
2508 1928 2579 1981 ad
2597 1945 2761 1995 reges.
2779 1960 2846 1967 —
2876 1929 3132 1999 Denique
3164 1928 3468 1984 cumidem

1865 2016 1952 2071 vir
1979 2016 2210 2070 Domini
2229 2020 2462 2088 paratus
2476 2017 2806 2087 esset,juxta
2825 2018 3065 2087 apostoli
3090 2021 3467 2090 prmeeptum,

1866 2104 2030 2159 subdi
2061 2104 2237 2159 etiam
2255 2105 2414 2160 omni
2442 2105 2713 2159 humanae
2730 2109 3006 2160 creaturae
3034 2110 3271 2177 propter
3288 2107 3469 2160 Deum

1868 2190 1921 2263 (Ι
1950 2190 2100 2246 Petr.
2130 2208 2191 2256 ιι,
2220 2192 2328 2264 13),
2362 2190 2693 2263 intelligens
2728 2195 2921 2246 tamen
2953 2193 3079 2247 loco
3111 2210 3285 2264 quem
3311 2210 3474 2265 rege-

1866 2279 1965 2333 bat
1989 2278 2366 2349 postmodum
2393 2295 2558 2350 posse
2601 2278 2853 2345 ofﬁcere,
2885 2279 2930 2333 si
2963 2279 3013 2333 ei
3048 2281 3251 2335 modos
3281 2280 3470 2350 subje-

1868 2366 2074 2421 ctionis
2097 2368 2328 2439 (7)quos
2343 2367 2672 2439 requirebat
2705 2368 2777 2421 ad
2806 2367 2979 2438 ipsius
3009 2368 3237 2423 libitum
3261 2370 3475 2440 depen-

1871 2456 2052 2522 deret,
2078 2453 2134 2509 id
2174 2456 2362 2510 facere
2390 2456 2448 2510 in
2479 2456 2640 2510 omni
2684 2473 2784 2511 sua
2812 2457 3091 2512 recusavit
3142 2457 3276 2514 vita.
3311 2458 3475 2512 Unde

1870 2543 2026 2598 idem
2057 2544 2615 2614 pontifex,Arnulfus
2632 2541 3477 2612 nomine,animadvertensnec

1873 2631 2099 2686 ratione
2115 2648 2218 2685 nec
2232 2631 2557 2686 divinarum
2577 2632 3148 2704 legum[verbis]eum
3168 2651 3331 2707 posse
3346 2650 3479 2690 eon-

1874 2710 2431 2797 vinci,altereatioue
2458 2720 2831 2775 manifestum
2867 2738 2925 2776 se
2945 2722 2998 2776 ei
3014 2723 3266 2777 ostendit
3284 2722 3478 2777 inimi-

1876 2824 2029 2863 cum.
2050 2808 2172 2872 Qua
2192 2808 2261 2862 de
2276 2825 2336 2862 re
2356 2811 2546 2863 actum
2563 2812 2649 2863 est
2674 2812 2736 2862 ut
2755 2810 3024 2864 satellites
3043 2816 3331 2866 memorat
3343 2828 3485 2882 pon-

1876 2896 2044 2951 tiﬁcis
2072 2896 2346 2950 eumdem
2384 2896 2573 2950 virum
2601 2896 2724 2963 Dei,
2747 2898 2990 2952 Turonis
3021 2900 3094 2953 ad
3118 2900 3484 2955 festivitatem

1877 2984 2055 3039 sancti
2073 2984 2296 3039 Martini
2315 2988 2750 3056 properantem,
2769 2989 3075 3041 noctanter
3086 2988 3338 3059 aggressi
3352 3005 3483 3059 gra-

1876 3073 2038 3127 vibus
2050 3073 2348 3127 afﬁcerent
2371 3073 2756 3139 contumeliis,
2790 3072 3134 3145 quibusdam
3150 3076 3407 3147 obsequii
3425 3076 3488 3131 il-

176 3169 473 3223 ωηιιοιιυηι
490 3171 553 3223 ει
568 3184 713 3239 quos
725 3171 895 3223 antea
909 3169 1156 3223 latuerat
1173 3169 1439 3224 notitiam
1459 3168 1754 3223 deveniret
1804 3132 1850 3191 Ο
1875 3160 2321 3216 liusbominibus
2333 3161 2405 3216 ad
2418 3178 2619 3215 necem
2636 3178 2811 3233 usque
2826 3163 3345 3226 vulneratis.Quam
3362 3180 3486 3219 rem

233 3254 350 3311 CAP.
382 3258 499 3314 VII.
534 3256 728 3311 Abbas
752 3255 989 3310 Floriaci
1015 3266 1242 3313 creatur.
1288 3257 1520 3312 Monitie
1562 3257 1778 3328 optimis

170 3361 272 3398 suos
305 3347 534 3400 ins!ruit
569 3374 588 3413 ;
621 3345 693 3399 ad
720 3345 1037 3399 studendum
1061 3352 1111 3399 et
1134 3346 1473 3400 scribendum
1503 3347 1772 3400 hortatur.

173 3429 366 3503 Scripta
389 3435 531 3505 ejus.
556 3464 632 3473 —-
652 3434 855 3487 Postea
884 3433 1101 3487 factum
1129 3436 1213 3487 est
1245 3438 1325 3501 ut,
1350 3433 1648 3489 vererabili
1677 3433 1780 3488 ad-

170 3519 283 3576 bate
312 3521 608 3593 0ylboldo
635 3520 904 3575 humanis
934 3522 1107 3575 rebus
1158 3525 1426 3592 exempto
1454 3520 1780 3576 communis

174 3609 625 3666 Floriaeensium
658 3610 859 3665 electio
900 3611 1144 3665 fratrum
1192 3628 1372 3682 usque
1403 3611 1777 3682 perferretur,

171 3697 301 3753 hunc
332 3701 439 3755 sibi
470 3702 713 3772 patrem
743 3698 1178 3770 postulantium.
1209 3701 1462 3754 Praeerat
1489 3717 1594 3773 per
1623 3700 1779 3754 idem

175 3789 378 3859 tempus
402 3789 598 3860 regiae
622 3788 906 3842 Francoru
922 3804 978 3841 m
1012 3788 1159 3842 aula:
1181 3788 1469 3860 princeps,
1497 3788 1654 3860 [Iugo
1684 3805 1784 3842 nn-

174 3876 331 3941 miue,
370 3878 475 3949 qui
535 3891 886 3930 consensum
948 3877 1208 3948 praebere
1260 3892 1377 3930 non
1437 3876 1674 3930 distulit.
1716 3876 1784 3929 Et

174 3966 433 4033 quamvis,
463 3970 532 4019 ut
559 3964 621 4018 in
652 3964 861 4018 talibus
890 3964 1016 4018 ﬁeri
1037 3966 1268 4031 assolet,
1303 3965 1478 4036 aliqui
1509 3982 1575 4019 ex
1596 3964 1783 4019 fratri-

172 4049 259 4105 bus
301 4054 436 4108 hulc
479 4052 764 4109 electioni
806 4052 1179 4124 pervicaciter
1216 4054 1297 4124 (5)
1342 4053 1520 4107 renisi
1568 4057 1779 4119 essent,

173 4142 349 4195 tamen
365 4142 769 4213 plurimorum
791 4143 935 4207 et,ut
949 4145 1077 4211 post
1094 4141 1780 4211 patuit,saniorisconsilii

173 4231 452 4299 praevaluit
479 4229 1171 4300 auctoritas.Susceptum
1187 4246 1325 4300 ergo
1343 4230 1426 4284 vir
1440 4232 1555 4285 Deo
1574 4230 1709 4302 dign
1719 4248 1782 4285 us

174 4317 313 4371 Abho
346 4317 941 4390 pastoraleofﬁciuin,
967 4322 1027 4371 ut
1048 4318 1141 4371 ille
1174 4318 1269 4388 qui
1294 4318 1432 4389 quid
1447 4318 1783 4389 suscepisset

1881 3251 2154 3324 przefatus
2196 3252 2592 3318 antistes,eum
2628 3252 2686 3306 in
2714 3251 2948 3324 reliquis
2978 3252 3194 3307 actibus
3240 3253 3355 3308 suis
3382 3254 3487 3309 ho-

1879 3340 2059 3395 nestis
2082 3356 2314 3411 semper
2333 3357 2390 3394 se
2409 3340 2841 3395 demonstraret
2868 3340 3086 3412 pollere
3104 3341 3488 3409 moribus,ne-

1878 3432 2265 3501 quaquam,ut
2293 3445 2399 3501 par
2425 3432 2569 3496 erat,
2602 3428 2843 3499 indigne
2865 3430 3010 3497 tulit;
3026 3433 3493 3502 verum,propter

1878 3519 2029 3589 vulgi
2048 3517 2521 3589 famam,aliquos
2545 3534 2747 3572 eorum
2768 3517 2864 3589 qui
2887 3518 2995 3572 hoc
3019 3522 3495 3590 perpetraverant

1881 3609 2082 3674 scelus,
2117 3609 2278 3678 quasi
2309 3622 2414 3677 pro
2432 3606 2914 3674 satisfactione,ut
2926 3606 3096 3677 virgis
3112 3607 3492 3675 caederentur,

1882 3699 2016 3749 ante
2048 3713 2183 3749 eum
2207 3695 2461 3750 adduxit.
2481 3695 2593 3749 Sed
2613 3695 2712 3749 Dei
2742 3712 2952 3763 servus,
2982 3696 3345 3767 perpendens
3372 3698 3496 3751 hinc

1885 3802 2002 3838 non
2028 3785 2182 3837 recta
2200 3783 2323 3837 ﬁeri
2349 3782 2696 3849 intentione,
2713 3782 2998 3853 simulque
3019 3800 3245 3838 memor
3263 3784 3495 3838 Domini

1883 3889 1987 3943 per
2016 3871 2377 3943 Scriptorum
2403 3871 2680 3925 dicentis:
2714 3870 2862 3924 Mihi
2890 3872 3208 3940 vindictam,
3230 3879 3277 3926 et
3296 3889 3389 3941 ego
3420 3890 3498 3927 re-

1884 3961 2115 4016 tribuam
2153 3960 2312 4015 iliom
2397 3978 2453 4026 ll,
2487 3963 2594 4027 22‘,
2629 3977 2755 4031 qum
2789 3959 3183 4014 offerebantur
3229 3961 3492 4031 accipere

1884 4050 2088 4117 noluit,
2106 4054 2183 4118 et,
2213 4050 2350 4122 quia
2362 4050 2676 4104 vindictam
2692 4064 2920 4102 sumere
2934 4066 3036 4119 per
3056 4052 3239 4103 semet
3256 4049 3493 4117 distulit,

1884 4143 1989 4193 uta
2011 4138 2259 4193 Domino
2281 4137 2668 4192 vindicaretur
2689 4136 2956 4190 emeruit.
2976 4137 3201 4191 Etenim
3214 4138 3496 4209 quosdam

1882 4244 1948 4282 ex
1978 4227 2111 4299 ipsis
2142 4230 2331 4282 morte
2385 4225 2573 4280 subita
2602 4225 2958 4295 interceptos
3008 4224 3065 4279 in
3114 4226 3335 4280 lectulis
3378 4226 3493 4281 suis

1880 4318 2142 4387 repertos
2173 4317 2457 4375 mortuos,
2492 4313 2634 4368 alios
2662 4314 2718 4368 in
2750 4312 2972 4368 rabiem
2986 4331 3107 4369 esse
3128 4332 3318 4370 versos
3339 4315 3497 4371 fama

174 4403 537 4479 intelligeret,
558 4406 1144 4486 irreprehensibiliter
1162 4406 1470 4476 disponere
1493 4424 1597 4478 pro
1618 4423 1782 4480 posse
1810 4396 1858 4453 D
1883 4406 2154 4475 vulgante
2187 4403 2511 4458 didicimus.
2548 4402 2876 4468 Enimvero,
2901 4403 3034 4474 quia
3066 4403 3300 4458 difﬁcile
3329 4404 3493 4459 estin

175 4495 768 4564 satagebat.Monebat
783 4512 922 4567 ergo
936 4495 1493 4561 subditos,vitiorum
1506 4495 1784 4550 abdicatis

172 4582 415 4651 spinis,in
432 4583 658 4638 areolis
676 4583 939 4637 cordium
958 4583 1281 4637 divinarum
1313 4600 1503 4638 serere
1521 4587 1786 4639 aromata

176 4669 608 4727 virtutumJam
633 4687 768 4725 vero
795 4675 998 4726 contra
1015 4672 1150 4726 vitia
1164 4671 1353 4726 carnis
1365 4672 1573 4743 jugem
1597 4673 1788 4727 aiebat

176 4754 369 4814 debere
396 4759 615 4814 haberi
645 4775 927 4831 pugnam,
959 4760 1233 4831 omnique
1253 4759 1535 4814 industria
1556 4760 1784 4815 investi-

176 4848 419 4912 gandum
450 4848 813 4920 quibusnam
843 4847 1017 4903 armis
1047 4848 1172 4920 quis
1191 4848 1312 4919 ejus
1334 4850 1789 4921 repugnetohle-

176 4936 594 4991 ctamentis.Ad
606 4936 761 5007 quod
774 4952 836 4990 ex
846 4937 1142 5007 piendum,
1151 4939 1277 5009 post
1290 4938 1513 4991 oration
1523 4955 1617 4992 um
1633 4942 1782 5006 vota,

176 5025 672 5096 postjejuniorum
698 5024 881 5079 virilia
898 5026 1491 5092 certamina,multum
1513 5027 1784 5096 prodesse

178 5116 435 5169 censebat
476 5114 813 5167 litterarum
861 5113 1067 5180 studia,
1104 5114 1469 5185 maximeque
1528 5114 1785 5170 dictandi

180 5202 731 5266 exercitia.Quarum
750 5201 870 5273 ipse
883 5202 1783 5273 perstudiosusexistens,nullum

182 5304 310 5359 pene
338 5289 782 5344 intermittebat
810 5295 1037 5361 tempus
1069 5290 1205 5362 quin
1238 5292 1475 5363 legeret,
1512 5291 1786 5347 scriberet

182 5375 512 5433 dictaretve.
552 5378 787 5432 Exstant
819 5380 998 5432 multa
1023 5380 1366 5449 scriptorum
1393 5380 1514 5450 ejus
1540 5379 1786 5451 insignia

244 5506 313 5569 {Ii}
344 5504 425 5557 De
443 5502 1032 5571 haccontradictione
1059 5506 1117 5557 et
1144 5502 1324 5557 turbis
1354 5503 1488 5557 inde
1510 5520 1781 5558 consecu-

186 5574 465 5646 tisronfer
494 5574 657 5627 dicta
703 5574 959 5646 superius
1003 5575 1060 5628 in
1096 5575 1292 5646 Elogio
1353 5574 1531 5628 sancti
1598 5575 1783 5629 Maioli

185 5642 414 5719 abbatis,
447 5660 598 5719 pag.
626 5648 724 5699 776
751 5642 891 5699 tomi
922 5642 1247 5719 superioris.

246 5715 317 5786 (6)
344 5715 467 5772 Hoc
494 5715 692 5786 ipsum
726 5733 847 5771 esse
876 5715 1014 5788 puto
1046 5718 1461 5775 collectaneum
1493 5734 1785 5775 canonum

432 5861 683 5916 Parnm.
723 5859 972 5918 CXXXIX.

1883 4493 2174 4566 prosperis
2208 4492 2424 4549 invidia
2452 4509 2671 4559 carere,
2705 4509 2737 4546 a
2768 4492 3112 4563 quibusdam
3140 4493 3263 4548 aliis
3277 4510 3491 4565 praesu-

1885 4583 2054 4649 libus,
2090 4598 2314 4637 necnon
2349 4581 2531 4636 nostri
2554 4580 2775 4635 ordinis
2813 4581 2965 4649 viris,
2998 4581 3259 4636 videlicet
3299 4599 3496 4638 mona-

1887 4671 2025 4736 chis,
2043 4686 2354 4741 quosnunc
2376 4669 2710 4724 nominibus
2723 4668 2968 4740 propriis
2979 4669 3282 4741 designare
3303 4688 3497 4741 super-

1889 4775 2131 4813 vacuum
2158 4758 2282 4813 fore
2321 4758 2631 4825 credimus,
2661 4758 2872 4812 aemulo
2913 4758 3273 4813 lacerabatur
3297 4760 3490 4816 dente.

1889 4847 2253 4919 Quapropter
2301 4846 2375 4901 ad
2425 4846 2695 4902 dominos
2727 4863 2945 4915 rerum,
3003 4847 3242 4918 inclylos
3284 4848 3497 4904 scilicet

1887 4936 2138 4991 Fraucize
2169 4952 2353 5007 reges,
2378 4936 2683 5007 Hugonem
2706 4952 2769 4990 ac
2788 4936 2911 5005 ejus
2934 4935 3115 4990 ﬁlium
3128 4937 3491 5007 Rotbertum,

1884 5044 1918 5079 a
1949 5025 2174 5097 quibus,
2206 5040 2309 5095 pro
2342 5040 2586 5078 summae
2621 5024 2947 5096 eequituatis
2979 5041 3045 5079 ac
3086 5025 3345 5081 veritatis
3377 5030 3492 5081 tra-

1884 5114 2024 5168 mite
2056 5130 2229 5185 quem
2261 5113 2378 5181 ipse
2426 5114 2527 5167 Dei
2559 5114 2811 5167 famulus
2841 5113 3117 5168 inoffense
3147 5114 3390 5185 diligens
3410 5118 3492 5168 te-

1885 5203 2260 5274 nebat,quam
2280 5201 2527 5255 maxime
2542 5202 3309 5273 amabatur.Apologeticuin
3324 5203 3497 5274 scrip-

1884 5290 1954 5345 sit
1983 5291 2218 5357 librum,
2242 5290 2401 5361 cujus
2431 5290 2540 5345 hoc
2570 5290 2758 5345 existit
2786 5290 3091 5345 exordium
3123 5307 3135 5344 :

1960 5402 1986 5429 ‹‹
2019 5379 2181 5451 Saepe
2212 5378 2499 5450 contingit
2532 5382 2611 5447 ut,
2644 5379 2782 5434 dum
2834 5378 3045 5432 nimius
3074 5378 3494 5451 insurgentium

1883 5503 2103 5557 editum
2128 5502 2186 5556 in
2216 5506 2378 5557 tomo
2410 5504 2453 5557 ll
2483 5504 2888 5558 Analectorum
2912 5520 2945 5557 a
2966 5518 3097 5573 pag.
3128 5503 3254 5558 248.

1885 5645 1910 5700 f
1958 5574 2029 5642 (7)
2062 5575 2213 5643 Lege
2245 5576 2671 5631 observationes
2700 5575 2959 5646 prmvias,
2994 5592 3156 5629 num.
3180 5578 3232 5641 9,
3264 5574 3320 5626 et
3349 5588 3495 5643 proe-

1913 5646 2198 5700 ationem.

3118 5859 3182 5911 13
