3876 6172
382 372 485 430 393

1487 365 1544 429 S.
1576 366 1758 425 ΑΒΒΟ
1804 364 2297 424 FLORIACENSIS
2324 360 2564 424 ABBAS.

3544 380 3629 439 396

390 493 785 552 calamitatum
820 490 1033 551 horror
1065 494 1325 552 mentem
1347 490 1572 566 fatigat,
1605 493 1727 568 ipso
1755 493 1995 549 horrore
2019 490 2073 550 A
2097 500 2344 559 haereses
2379 502 2555 559 etiam
2587 500 2657 559 de
2678 499 2940 559 oratione
2960 501 3022 575 [ί.
3048 500 3453 579 desolationem]
3475 506 3633 565 Eccle.

388 604 506 642 non
540 604 609 641 ea
638 604 763 659 quae
783 587 970 641 dicere
990 586 1267 641 debuerat
1287 587 1548 642 turbatus
1572 586 1800 641 animus
1826 603 1994 658 expe-

387 678 544 742 diat;
580 679 985 747 phantasmate
1025 676 1440 746 cogitationum
1474 676 1743 731 aliorsum
1778 680 1993 748 raptus,

387 785 512 838 quze
545 766 788 822 tacenda
818 770 950 820 sunt
982 766 1153 832 dicat,
1188 782 1272 831 ac,
1307 766 1461 838 quod
1493 769 1577 820 est
1617 782 1995 837 consequens,

387 874 512 928 quae
537 855 783 911 dicenda
817 856 1438 929 taceat.Semperenim
1463 874 1705 911 summae
1727 857 1999 927 tranquil-

383 946 562 1001 litatis
581 946 836 1017 quietem
858 945 1045 1016 diligit
1076 946 1172 1016 qui
1195 946 1448 1000 veritatis
1467 962 1741 1000 arcanum
1769 945 1996 1000 ratioci-

387 1035 581 1089 nando
615 1034 921 1105 disponere
956 1034 1146 1105 gestit.
1180 1034 1543 1106 Quapr0pter
1570 1035 1641 1088 ab
1668 1034 1803 1106 ipsis
1832 1034 1996 1088 disci-

384 1124 677 1195 plinarum
713 1123 1058 1177 rudimentis
1088 1140 1100 1177 :
1140 1146 1165 1171 ‹‹
1202 1123 1360 1177 Sicut
1391 1140 1584 1176 cervus
1616 1123 1899 1177 desiderat
1926 1122 1998 1177 ad

386 1215 574 1267 fontes
620 1229 924 1284 aquarum,
959 1211 1040 1265 ita
1084 1212 1370 1266 desiderat
1417 1211 1614 1265 anima
1643 1228 1775 1265 mea
1822 1211 1994 1282 (Psal.

386 1318 494 1365 xu,
527 1301 580 1373 2)
612 1320 643 1353 ›>
666 1301 1027 1355 laboriosum
1056 1299 1368 1372 spiritualis
1384 1300 1759 1371 philosophias
1792 1301 1994 1367 otium,

387 1408 518 1445 cum
545 1392 617 1446 ad
638 1391 959 1444 multorum
979 1388 1285 1443 utilitatem
1299 1392 1585 1444 verterem
1603 1390 1663 1445 in
1688 1391 1998 1445 honestum

387 1479 712 1551 negotium,
747 1495 903 1546 cum,
936 1478 1080 1532 meis
1110 1477 1357 1548 peccatis
1397 1478 1901 1551 praepedientibus,
1930 1496 1997 1534 eo

388 1568 618 1635 relicto,
637 1566 1075 1639 quodammodo
1105 1566 1176 1621 ad
1192 1567 1379 1621 saeculi
1406 1567 1846 1623 sollicitudinem
1873 1584 1998 1622 sum

385 1655 780 1727 reductus,qui
814 1656 916 1709 sub
945 1670 1081 1710 cura
1096 1655 1398 1726 pastoralis
1424 1655 1722 1725 regiminis
1744 1655 2001 1727 quotidie

389 1750 679 1801 sustentor
712 1762 863 1816 aqua
889 1745 1175 1816 angustia:
1207 1748 1261 1799 et
1280 1762 1429 1818 pane
1445 1745 1853 1800 tribulationis.
1872 1745 2006 1800 Cor-

2100 593 2317 648 siarum
2351 593 2404 647 in
2432 592 2517 647 his
2548 591 2767 648 deﬂens
2798 591 3173 667 exsurrexisse
3206 593 3521 665 regionibus,
3549 598 3638 653 hac

2105 682 2287 738 infert
2317 700 2329 736 :
2368 706 2393 732 ‹‹
2427 682 2653 750 Caveat,
2686 682 2975 753 inquiens,
3020 681 3327 753 quicunque
3355 684 3459 737 vult
3485 686 3639 741 salvus

2100 772 2241 839 es’se,
2276 790 2427 839 eam,
2457 772 2611 827 haud
2644 772 2813 828 dubie
2833 771 2971 843 quin
2994 771 3311 838 Ecclesiam,
3333 772 3542 844 alicujus
3571 777 3642 829 al-

2102 863 2279 916 terius
2311 862 2416 916 nisi
2450 862 2623 916 solius
2654 861 2757 916 Dei
2796 859 3215 931 possessionem
3244 860 3477 916 credere.
3507 863 3643 919 Unde

2102 953 2268 1006 Petro
2301 950 2548 1023 principi
2595 951 2991 1021 apostolorum
3024 949 3251 1005 dicitur:
3283 951 3359 1003 Tu
3393 968 3438 1003 es
3466 951 3646 1018 Petrus,

2099 1046 2147 1093 ct
2203 1057 2355 1110 super
2408 1040 2545 1093 hanc
2594 1045 2810 1110 petram
2867 1039 3137 1108 ardi/icabo
3187 1038 3465 1093 Ecclesiam
3504 1054 3647 1094 meam

2101 1127 2321 1197 (Matt/1..
2375 1145 2487 1197 xx},
2552 1128 2660 1199 18).
2709 1129 2914 1196 Meam,
2977 1126 3180 1200 inquit,
3233 1144 3344 1182 non
3386 1131 3548 1181 tuam.
3596 1129 3652 1181 Et

2101 1216 2356 1271 Christus
2380 1216 2517 1272 alibi
2551 1234 2563 1271 :
2598 1216 2805 1271 Domus
2832 1234 2947 1271 mea
2990 1217 3174 1270 domus
3202 1218 3441 1270 orationis
3474 1217 3650 1270 vocabi-

2102 1313 2193 1360 tur
2242 1305 2467 1375 (Matth.
2514 1323 2625 1371 xxx,
2672 1294 2760 1376 {3)
2806 1305 3107 1361 Psalmista
3137 1322 3397 1376 quoque:
3454 1304 3655 1359 Domum

2103 1402 2274 1462 tuom,
2319 1394 2568 1461 Domine,
2601 1396 2745 1449 decet
2795 1395 3098 1449 sanctitudo
3131 1393 3294 1459 (Psal.
3332 1409 3483 1459 xexu,
3520 1397 3584 1458 5).
3608 1392 3655 1447 Si

2102 1500 2240 1556 ergo
2272 1483 2522 1541 Ecclesia
2550 1501 2668 1538 non
2683 1483 2957 1552 estPetri,
2976 1484 3137 1554 cujus
3161 1483 3268 1537 erit
3288 1482 3314 1536 ‘?
3340 1483 3445 1536 Aut
3466 1497 3656 1536 succee-

2101 1589 2259 1628 sores
2270 1574 2422 1628 Petri
2443 1574 2738 1629 audebunt
2750 1578 3095 1645 potestatem
3110 1573 3213 1628 sibi
3230 1573 3498 1627 vindicare
3511 1587 3659 1644 quam

2104 1678 2221 1717 non
2263 1661 2466 1717 habuit
2523 1664 2723 1717 Petrus
2749 1662 3015 1733 princeps
3045 1662 3332 1717 Eeclesiaz‘?
3348 1662 3520 1728 Certe,
3548 1660 3662 1713 cha-

2106 1751 2316 1806 rissimi
2342 1751 2650 1823 principes,
2679 1769 2786 1807 nec
2814 1752 3091 1808 catholice
3113 1752 3348 1807 vivimus
3372 1767 3470 1805 nec
3495 1750 3663 1804 catho-

388 1835 545 1891 rodit
574 1852 665 1889 me
679 1834 891 1889 canino
911 1834 1084 1888 dente
1102 1835 1444 1889 aemulorum
1458 1833 1873 1906 supplantatrix
1893 1834 2004 1888 cal-
2031 1818 2082 1877 Β
2102 1841 2209 1896 lice
2237 1818 2550 1914 ιοτιίιίιῃωιξ
2594 1818 2827 1913 quando
2857 1842 3014 1896 illam
3070 1840 3375 1895 Ecclesiam
3423 1838 3538 1894 dico
3564 1854 3666 1892 esse

390 1926 601 1994 liditas,
652 1925 1041 1980 circumlatrat
1072 1923 1531 1979 adversariorum
1562 1925 1834 1996 frequens
1854 1940 2007 1978 acer-

389 2016 540 2071 bitas
561 2032 574 2083 ;
594 2031 698 2070 nec
730 2014 884 2069 aliud
909 2017 1112 2069 contra
1134 2030 1229 2067 me
1249 2012 2002 2085 immurmurant,nisiquod

393 2106 815 2162 monachorum
849 2108 1119 2159 senatum
1150 2105 1369 2158 salvum
1402 2120 1523 2158 esse
1551 2103 1740 2157 velim.
1784 2103 2002 2157 Nostras

390 2195 720 2266 reipublicae
739 2197 1119 2265 augmentum
1147 2192 1397 2265 quaesivi,
1413 2209 1477 2246 ac
1501 2191 1846 2246 cavillationi
1864 2190 2000 2245 insi-

392 2282 673 2338 diantium
696 2281 1036 2336 auctoritate
1057 2298 1170 2352 qua
1183 2281 1332 2335 valui
1348 2279 1725 2336 contradixi.«
1743 2279 1856 2333 Nec
1873 2280 2001 2333 abs-

391 2372 562 2428 condi
594 2371 834 2426 omnino
860 2369 1315 2424 misericordiam
1338 2374 1394 2424 et
1426 2369 1725 2423 veritatem
1765 2385 1798 2424 a
1823 2367 2003 2422 consi-

394 2463 468 2517 lio
492 2462 674 2515 multo
708 2459 878 2530 (Psal.
913 2476 1096 2525 xxx1x,
1136 2462 1239 2526 tt).
1271 2477 1301 2510 θ
1336 2460 1443 2512 Pro
1465 2457 1801 2528 hujusmodi
1834 2456 2001 2511 malis

392 2566 526 2605 meo
554 2547 901 2603 insidiantur
929 2546 1218 2621 sanguini,
1247 2564 1340 2602 me
1371 2544 1802 2600 succenturiatis
1849 2544 1999 2599 inse-

396 2640 653 2711 quuntur
683 2636 848 2703 odiis,
890 2636 1035 2690 adeo
1098 2639 1158 2689 ut
1212 2652 1318 2690 nec
1368 2635 1529 2705 regia
1586 2634 1858 2705 maiestas
1905 2649 2004 2689 eos

402 2730 691 2783 deterreat
706 2725 842 2798 quin
864 2742 958 2779 me
973 2724 1297 2779 clanculum
1328 2724 1638 2792 trucident,
1672 2723 1715 2777 si
1746 2722 1826 2777 eis
1848 2723 2003 2777 locus

398 2820 695 2887 tempusve
753 2814 1023 2869 arrideat.
1058 2814 1220 2869 Unde
1266 2814 1498 2869 sedulus
1530 2813 1587 2867 in
1645 2811 2001 2867 orationibus

397 2903 867 2959 meisDominum
891 2904 1169 2974 deprecor
1191 2902 1476 2973 utjudicet
1495 2906 1553 2957 et
1574 2901 1863 2957 discernat
1877 2917 2005 2956 cau-

397 3010 520 3048 sam
552 3011 746 3049 meam
779 2993 968 3060 solito,
999 2977 1324 3066 eripiatque
1357 2994 1428 3047 ab
1458 2991 1695 3047 homine
1718 2991 1916 3063 iniquo
1949 2993 2006 3044 et

400 3083 596 3137 doloso
628 3083 944 3150 (Psal.x1.u,
983 3082 1104 3153 1).»
1144 3081 1558 3136 Hrereticorum
1592 3084 1785 3134 autem
1817 3079 1875 3134 in
1897 3080 2006 3133 hoc

400 3172 607 3226 eodem
638 3171 785 3225 libro
800 3169 1550 3239 faciensmentionem,post
1576 3169 1855 3223 nonnulla
1874 3166 2005 3234 alia,

398 3262 523 3315 haec
576 3259 912 3314 interserit:
973 3260 1206 3325 Omnes,
1280 3257 1567 3329 inquiens,
1630 3257 1875 3311 haereses
1932 3256 2010 3310 ita

402 3348 683 3422 persecuti
697 3350 1029 3402 suntPatres
1045 3347 1223 3402 nostri
1240 3351 1319 3413 ut,
1327 3346 1592 3419 primitus
1605 3345 1717 3400 ﬁde
1731 3344 2006 3416 exposita,

405 3438 773 3507 explorarent
803 3436 862 3490 in
885 3436 999 3490 suis
1018 3436 1274 3491 conciliis
1294 3452 1367 3489 ne
1386 3434 1512 3506 quis
1528 3434 1767 3489 sentiret
1788 3438 2012 3489 contra-

404 3525 557 3579 rium
579 3524 712 3596 ipsis
743 3525 1034 3594 apostolis.
1072 3524 1177 3589 Qui
1209 3526 1490 3594 repertus,
1529 3525 1742 3595 absque
1783 3523 1897 3576 ulla
1928 3522 2014 3576 di-

405 3614 619 3669 latione
651 3615 749 3666 aut
774 3612 847 3667 ad
876 3629 1083 3685 corpus
1139 3611 1409 3666 Ecclesiae
1456 3615 1540 3666 est
1594 3611 1884 3677 reductus,
1917 3613 2016 3664 aut

408 3719 584 3775 usque
615 3702 691 3756 ad
722 3701 932 3756 erroris
959 3700 1528 3757 abrenuntiationem
1562 3701 1851 3772 perculsus
1876 3716 2014 3753 ana-

406 3792 660 3847 themate
669 3790 965 3859 ,catholica
977 3791 1229 3862 privatus
1242 3789 1889 3844 estcom‘munioneaVec
1902 3805 2018 3842 ma-

408 3880 495 3951 gis
517 3884 867 3951 serpentem,
890 3883 1129 3951 tangere
1158 3880 1477 3934 vitaverunt
1497 3878 1820 3944 orthodoxi,
1841 3894 2017 3949 quam

410 3970 708 4025 adhaarere
739 3969 1062 4040 hujusmodi
1096 3969 1257 4039 lepra
1293 3966 1718 4022 contaminatis.
1764 3967 1924 4020 Unde
1955 3965 2015 4019 in

411 4059 731 4114 canonibus
750 4059 1198 4131 prohibemur,si
1214 4074 1317 4111 nos
1331 4056 1639 4111 catholicos
1652 4072 1772 4110 esse
1784 4053 2013 4119 scimus,

411 4165 515 4202 nec
532 4165 629 4202 um
665 4149 747 4203 eis
768 4149 971 4202 saltem
999 4164 1249 4203 oremus.
1276 4147 1416 4200 Nam
1441 4144 1839 4200 subMarciano
1862 4142 2016 4215 prin-

416 4237 561 4309 cipe,
594 4236 746 4307 apud
783 4236 1226 4290 Cbalccdoniam
1262 4253 1327 4288 xv
1350 4239 1406 4289 et
1428 4252 1493 4289 eo
1524 4233 1771 4305 amplius
1797 4232 2020 4285 dierum

420 4324 564 4378 actio
584 4324 653 4378 de
684 4324 788 4377 hac
814 4342 874 4379 re
895 4324 1171 4379 ventilata
1200 4329 1306 4389 est,
1340 4323 1727 4377 residentibus
1748 4319 2028 4393 episcopis

419 4429 508 4477 ne,
542 4415 618 4479 et,
677 4413 1098 4483 utquibusdam
1129 4415 1335 4486 placet,
1361 4429 1457 4466 nec
1485 4429 1498 4480 ;
1529 4411 1737 4483 quibus
1762 4408 2030 4463 omnibus
2054 4432 2105 4490 D

424 4502 548 4572 pius
570 4502 834 4573 princeps
848 4518 912 4555 ex
926 4519 1157 4556 suarum
1180 4518 1376 4556 rerum
1400 4500 1557 4572 copia
1579 4502 1842 4571 sumptus
1855 4499 2032 4552 abun-

426 4591 632 4643 danter
663 4590 930 4663 praebuit,
956 4592 1147 4662 quoad
1171 4607 1375 4644 omnes
1401 4589 1699 4643 haereticos
1722 4604 1822 4642 ase
1851 4586 2033 4659 repel-

426 4682 630 4746 lerent,
666 4679 723 4732 id
744 4682 827 4733 est
855 4697 951 4733 eos
973 4680 1066 4752 qui
1094 4679 1150 4733 in
1171 4679 1342 4734 verbo
1366 4680 1449 4733 vel
1478 4695 1651 4750 opere
1670 4678 1836 4731 aliter
1858 4692 2034 4747 quam

426 4769 604 4823 sancti
637 4768 879 4840 apostoli
913 4768 1372 4833 sensissent.Quo
1394 4767 1633 4835 facto,in
1652 4770 1874 4819 tantum
1904 4763 2036 4819 fidei

430 4858 646 4930 puritas
674 4858 891 4930 placuit
912 4859 1005 4931 pio
1038 4857 1305 4929 principi,
1349 4860 1409 4910 ut
1448 4872 1577 4910 eam
1628 4855 1744 4926 ipse
1776 4870 1906 4907 cum
1940 4870 2041 4907 sua

430 4947 674 5018 conjuge
695 4947 797 5000 sub
817 4947 1195 5018 chirographo
1218 4946 1441 5019 publice
1459 4944 1824 5017 profiteretur
1842 4958 2038 4997 coram

432 5036 531 5089 illo
562 5052 775 5106 magno
808 5036 1070 5090 concilio.
1107 5036 1277 5106 Cujus
1306 5035 1461 5105 piam
1486 5032 1828 5105 religionem
1852 5031 2039 5085 imita-

431 5124 597 5195 mini,
627 5124 827 5179 domni
872 5125 1050 5180 nostri
1089 5126 1246 5195 llugo
1280 5127 1335 5178 et
1384 5124 1680 5191 Rotberte,
1727 5119 2040 5175 charissimi

432 5232 627 5286 reges,
660 5214 703 5267 si
764 5214 822 5269 in
878 5218 1032 5268 terra
1060 5215 1375 5269 viventium
1426 5212 1648 5267 Christo
1706 5210 1873 5265 vultis
1925 5227 2045 5263 esse

429 5302 689 5359 lurrcdes
711 5320 774 5357 ac
804 5305 1158 5372 eolia-l'edes;
1186 5308 1243 5358 et
1269 5303 1339 5358 de
1370 5319 1551 5374 regno
1585 5301 1769 5355 vestro
1803 5315 2040 5353 omnem

434 5391 765 5448 lia-reticam
800 5394 1146 5465 pravitatem
1183 5393 1473 5464 depellite,
1504 5393 1567 5445 ut
1584 5391 1734 5446 Deus
1754 5405 1848 5443 vos
1868 5391 2048 5443 custo-

432 5492 549 5547 diat
580 5488 635 5542 in
669 5492 888 5544 aeterna
919 5502 1129 5559 pace.»
1160 5484 1227 5539 Et
1244 5486 1589 5556 postpauca,
1617 5480 1772 5536 inter
1807 5478 2055 5551 reliquas

2106 1929 2436 1995 meam,ille
2467 1932 2709 1985 alteram
2731 1930 2861 1985 dicit
2892 1947 3016 1985 esse
3044 1930 3319 1987 suam.Ac
3348 1927 3509 1982 veluti
3534 1942 3668 1996 quaa-

2107 2010 2242 2064 dam
2283 2010 2575 2080 jumenta,
2621 2011 2943 2081 comparati
2976 2010 3263 2081 jumentis
3290 2006 3667 2079 insipientibus,

2104 2101 2376 2172 utrasque
2409 2099 2721 2171 aliquando
2752 2100 2983 2154 venales
3008 2098 3407 2170 proponimus,
3446 2093 3672 2167 proposi-

2104 2190 2305 2259 tasque
2336 2188 2407 2243 ab
2451 2188 2576 2243 aliis
2591 2205 2785 2243 emere
2821 2206 2938 2243 non
2964 2187 3369 2243 formidamus.
3403 2185 3493 2239 Est
3520 2184 3669 2238 etiam

2103 2277 2247 2331 alius
2277 2293 2440 2331 error
2470 2277 2860 2349 gravissimus,
2875 2294 2987 2349 quo
3020 2277 3206 2332 fertur
3235 2278 3411 2331 altare
3437 2290 3547 2329 esse
3571 2270 3673 2342 epi-

2100 2366 2251 2437 ‘copi,
2268 2368 2325 2420 et
2345 2366 2643 2421 ecclesiam
2671 2367 2903 2421 alterius
2928 2365 3235 2437 cujuslibet
3258 2362 3677 2427 domini;cumex

2102 2456 2276 2510 domo
2295 2461 2629 2510 consecrata
2646 2458 2705 2510 et
2721 2456 2887 2510 altari
2916 2473 3096 2510 unum
3114 2454 3405 2528 quoddam
3436 2451 3529 2505 ﬁat
3548 2447 3674 2522 quod

2103 2544 2309 2599 dicitur
2330 2545 2593 2611 ecclesia,
2620 2545 2766 2599 sicut
2782 2562 2927 2599 unus
2942 2546 3120 2602 homo
3136 2546 3361 2600 constat
3387 2559 3450 2596 ex
3463 2552 3677 2611 corpore

2104 2637 2161 2687 et
2185 2633 2402 2687 anima.
2431 2633 2650 2699 Videte,
2679 2633 2987 2705 {equissimi
3016 2632 3325 2705 principes,
3354 2646 3462 2702 quo
3487 2644 3580 2682 nos
3599 2626 3681 2681 du-

2105 2721 2183 2775 cit
2208 2722 2510 2794 cupiditas,
2549 2722 2689 2777 dum
2723 2721 3045 2793 refrigescit
3070 2720 3339 2776 charitas.
3368 2740 3395 2767 »

2180 2865 2307 2920 CAP.
2336 2865 2399 2919 IX
2432 2864 2733 2920 Concilium
2759 2864 2904 2936 apud
2930 2864 2994 2919 S.
3026 2864 3352 2934 Dionysium
3381 2861 3442 2915 de
3478 2857 3683 2913 decimis.

2106 2952 2266 3009 Abba
2296 2954 2759 3025 apologiamtexit.
2801 2984 2868 2992 —
2894 2955 2954 3007 1n
2989 2952 3099 3007 illis
3126 2969 3266 3007 sane
3289 2948 3563 3014 diebus,iu
3578 2960 3685 3000 mo-

2111 3043 2363 3097 nasterio
2410 3043 2591 3097 sancti
2650 3041 2925 3114 Dionysii,
2959 3042 3114 3096 haud
3148 3041 3349 3112 precul
3385 3056 3418 3094 a
3447 3034 3686 3095 Parisius,

2029 3112 2076 3171 C
2110 3131 2416 3186 concilium
2453 3133 2831 3202 aggregatum
2866 3134 3138 3203 estquam
3160 3128 3473 3201 plurimum
3504 3123 3692 3195 episco-

2110 3236 2340 3291 porum.
2373 3218 2498 3286 Qui,
2533 3236 2664 3273 cum
2692 3220 2763 3274 de
2793 3218 2927 3274 ﬁdei
2955 3217 3231 3289 puritate,
3262 3218 3335 3272 de
3366 3208 3693 3285 corrigendis

2114 3311 2235 3362 tam
2275 3308 2390 3362 suis
2415 3325 2590 3380 quam
2612 3308 2976 3363 subditorum
3000 3307 3192 3379 pravis
3218 3305 3473 3361 moribus
3501 3314 3694 3355 sermo-

2114 3397 2201 3451 cin
2210 3396 2292 3451 ari
2306 3397 3053 3467 debuissent,juxtavulgare
3068 3395 3441 3467 proverbium
3455 3390 3695 3446 cunctum

2115 3502 2283 3540 suum
2313 3502 2644 3541 sermonem
2683 3486 2755 3540 ad
2788 3484 3126 3555 decimas(8l
3151 3484 3453 3539 verterunt
3470 3475 3703 3534 ecclesia-

2116 3593 2427 3647 rum,quas
2458 3576 2614 3630 laicis
2636 3593 2701 3629 ac
2728 3578 2845 3631 Deo
2876 3574 3259 3630 servientibus
3298 3567 3590 3628 monachis
3617 3582 3702 3621 au-

2118 3666 2270 3718 ferre
2300 3664 2506 3732 moliti,
2536 3663 2836 3719 resistente
2858 3662 2942 3718 eis
2971 3662 3029 3717 in
3056 3664 3161 3718 hac
3184 3679 3250 3717 re
3279 3662 3390 3716 hoc
3421 3651 3704 3714 venerabili

2122 3755 2221 3809 Dei
2249 3755 2469 3808 cultore
2488 3751 3157 3822 Abbone,promiscuam
3182 3751 3245 3805 in
3276 3767 3335 3805 se
3374 3746 3522 3820 vulgi
3536 3739 3705 3800 conci-

2120 3846 2313 3897 tavere
2343 3859 2584 3896 manum
2612 3859 2624 3909 ;
2658 3844 2900 3912 ortaque
2932 3840 3119 3895 subito
3134 3839 3446 3900 seditione,
3467 3836 3643 3891 tantus
3658 3830 3705 3883 in

2119 3931 2416 4003 episcopos
2448 3930 2624 3984 timor
2645 3929 2832 3997 irruit,
2866 3931 2948 3995 ut,
2976 3928 3210 3999 publica
3245 3926 3489 3983 statione
3511 3920 3707 3983 relicta,

2118 4020 2330 4090 passim
2363 4019 2602 4090 quisque
2633 4017 2961 4089 diifugeret.
2996 4018 3153 4071 Inter
3175 4033 3325 4088 quos
3356 4014 3603 4069 Sewinus
3630 4008 3714 4062 Se-

2124 4124 2347 4161 nonum
2361 4106 3169 4178 archiepiseopus,primatum
3201 4105 3398 4160 Gallias
3417 4103 3474 4157 in
3492 4118 3555 4157 ea
3566 4112 3711 4171 syno-

2127 4198 2200 4251 do
2232 4197 2335 4260 sibi
2366 4212 2667 4267 usurpans,
2701 4195 3015 4268 primatum
3051 4211 3283 4266 quoque
3301 4194 3455 4264 fugas
3475 4186 3713 4259 arripuit,

2130 4285 2365 4352 et,inter
2389 4284 2945 4356 fugiendum,securi
2974 4283 3127 4337 inter
3151 4282 3417 4355 scapulas
3430 4280 3568 4333 ictus
3584 4277 3713 4329 luto-

2130 4391 2240 4445 que
2263 4392 2297 4428 a
2325 4373 2697 4446 popularibus
2726 4373 3117 4443 oblitus,zegre
3145 4371 3347 4426 evasit.
3385 4368 3491 4425 Uni
3514 4378 3718 4439 quoque

2133 4463 2532 4534 episcoporum
2552 4461 2725 4516 timor
2738 4460 2982 4532 fugienti
3003 4464 3121 4514 tam
3137 4461 3363 4514 veloces
3383 4455 3586 4512 additis
3599 4453 3718 4514 alas,

2133 4550 2662 4619 ut,aftluentissimo
2678 4550 2905 4621 prandii
2920 4552 3201 4621 apparatu
3216 4564 3395 4620 quem
3414 4544 3521 4600 sibi
3537 4544 3726 4598 exstru-

2135 4644 2298 4696 xerat
2328 4639 2547 4701 relicto,
2585 4638 2785 4692 vicinae
2808 4638 2964 4693 urbis
2988 4636 3341 4692 Parisiorum
3367 4631 3577 4689 mcenia
3603 4625 3728 4697 fugi-

2138 4729 2425 4785 tabundus
2446 4730 2760 4799 expeteret.
2781 4727 2986 4782 Totam
3016 4742 3154 4797 ergo
3186 4727 3367 4780 tantm
3398 4717 3729 4777 calumniam

2138 4817 2387 4889 injuriae,
2423 4820 2544 4870 tam
2574 4833 2608 4870 a
2651 4816 2893 4891 prmfato
2938 4815 3178 4869 Arnulfo
3229 4830 3411 4885 quam
3438 4828 3472 4865 a
3521 4803 3733 4877 reliquis

2140 4905 2632 4979 pontiﬁcibus,sub
2659 4908 2845 4959 semet
2871 4902 3097 4958 devolvi
3123 4900 3503 4974 perpendens
3525 4896 3612 4951 hic
3641 4896 3736 4947 Deo

2143 4996 2378 5051 devotus
2407 4995 2592 5061 Abbo,
2611 4993 2668 5047 in
2690 4993 2897 5047 eodem
2928 4990 3304 5064 Apologetieo
3330 5005 3452 5043 non
3483 4987 3660 5041 solum
3677 4980 3737 5033 ab

2143 5085 2272 5151 hoc,
2318 5098 2515 5137 verum
2548 5084 2663 5135 eta
2713 5079 3055 5151 quibusdam
3089 5078 3233 5144 aliis,
3299 5078 3414 5131 hoc
3465 5071 3634 5129 modo
3685 5084 3739 5122 se

2147 5176 2355 5245 purgat
2379 5171 2614 5243 objectis
2643 5189 2654 5226 :
3352 5158 3367 5169 N

2226 5322 2252 5349 (ι
2281 5300 2391 5352 Nec
2424 5314 2516 5351 me
2537 5301 2745 5363 vestro,
2766 5296 2845 5350 ait
2864 5294 3116 5366 regibus,
3146 5292 3518 5361 aliorumque
3541 5281 3745 5355 sapic"-

2153 5392 2277 5442 tum
2309 5385 2556 5441 examini
2589 5385 2866 5451 subduco,
2892 5383 2989 5456 qui
3011 5383 3211 5437 contra
3241 5394 3501 5433 canones
3522 5370 3742 5428 sensisse

2153 5475 2499 5548 suspicor.ln
2513 5474 2808 5546 episcopos
2824 5487 3060 5526 manum
3078 5468 3504 5525 monachorum
3523 5459 3745 5517 movisse

502 5621 569 5686 (ἢ)
596 5616 812 5669 Smculo
846 5632 897 5675 κ,
930 5614 997 5665 de
1033 5610 1267 5666 decimis
1300 5609 1784 5666 monasteriorum
1810 5607 2009 5662 itidem
2043 5603 2443 5661 controversia)
2468 5603 2831 5658 emerserunt
2862 5600 2919 5654 in
2947 5594 3273 5662 Germania,
3311 5611 3379 5648 ex
3421 5588 3745 5649 sa‘culiuml,

430 5695 592 5761 parte
618 5706 672 5755 ιι,
701 5704 831 5760 pag.
859 5685 950 5743 2U.
