3876 6172
217 411 298 475 397

1258 399 1604 464 PBOfEMIA
1632 428 1700 446 -
1734 397 1916 460 VlTA.
1938 397 1997 460 S.
2033 399 2348 460 ABBONIS.

3380 406 3486 470 398

219 547 422 600 accusor,
450 527 694 586 vestram
721 522 1187 584 benevolentiam
1217 522 1451 598 proprio
1490 519 1757 596 episcopo

1886 520 1949 580 ιὰ
1977 520 2365 592 serviendum,
2399 537 2462 580 ac
2484 521 2557 581 ad
2583 519 2941 584 Floriacense
2968 523 3148 585 sancti
3169 525 3346 604 patris
3372 528 3486 588 Be-

216 624 367 681 tulisse
406 619 788 691 blasphemor,
838 615 1184 690 quibusdam
1247 611 1760 670 excommunicatis

215 712 528 788 participasse
550 707 849 763 criminor.
873 705 986 762 Sed
1016 708 1138 760 esto
1167 720 1181 759 :
1226 702 1316 758 cui
1341 700 1640 758 sententiae
1664 717 1756 754 ca-

213 818 392 859 nonum
410 795 744 864 contradixi,
777 795 872 868 qui
902 793 962 849 in
981 794 1078 850 illo
1103 791 1345 848 concilio
1371 790 1464 846 vix
1493 791 1761 862 apertum

212 892 383 948 librum
415 887 602 943 videre
622 884 784 958 potui
803 883 832 938 ?
881 886 979 938 aut
1019 881 1328 937 concilium
1346 880 1488 935 illud
1507 879 1641 945 fuit,
1665 876 1763 933 ubi

208 977 447 1037 conciliati
466 977 750 1031 venerunt
768 976 828 1029 et
845 970 1222 1028 disconciliati
1244 971 1764 1034 recesserunt,cum

209 1069 270 1124 ibi
287 1066 546 1123 discordes
565 1061 927 1120 reconciliari
949 1059 1254 1116 debuerint
1273 1062 1372 1114 aut
1393 1056 1674 1113 canonica
1687 1055 1769 1110 di-

207 1156 450 1214 strictione
471 1152 706 1210 multari
729 1153 758 1208 ?
780 1150 999 1217 Quidin
1023 1167 1118 1204 me
1136 1147 1507 1221 singulariter
1527 1145 1768 1202 commi-

206 1249 364 1302 serunt
381 1242 645 1316 episcOpi,
671 1245 734 1296 ut
751 1243 832 1297 eis
849 1242 1053 1296 saltem
1080 1238 1433 1310 cogitatione
1457 1237 1655 1292 obesse
1671 1251 1770 1290 vo-

208 1334 397 1400 luerim,
425 1330 749 1404 praasertim
779 1346 910 1385 cum
941 1346 1060 1383 non
1091 1327 1418 1394 inimicum,
1445 1325 1545 1380 sed
1567 1325 1680 1380 fide
1706 1327 1766 1380 et

206 1441 348 1496 opere
387 1421 820 1487 amicissimum,
854 1419 1122 1492 graviora
1168 1416 1420 1489 pericula
1464 1413 1770 1487 pertulisse

204 1511 505 1584 contigerit?
528 1511 670 1565 Ecce
697 1525 895 1564 coram
921 1509 1037 1563 Deo
1059 1507 1116 1562 in
1138 1506 1359 1560 Christo
1379 1521 1497 1560 non
1519 1503 1772 1558 mentior

203 1603 330 1675 quia,
379 1601 576 1657 audita
623 1598 1058 1672 insequentium
1105 1594 1590 1661 conclamatione,
1625 1595 1774 1648 ultra

201 1709 343 1765 quam
359 1691 459 1747 dici
487 1689 673 1762 possit
686 1687 928 1755 indolui,
957 1686 1291 1742 recordatus
1309 1685 1561 1758 pristinas
1579 1683 1774 1739 amici-

199 1781 271 1835 tia:
289 1785 340 1836 et
356 1779 771 1836 beneﬁciorum
794 1775 939 1832 tanti
955 1775 1244 1846 viri,cnjns
1266 1775 1360 1830 nix
1381 1773 1773 1828 venerandum

1859 613 2074 670 nedicti
2138 612 2473 671 cmnobium
2518 614 2774 682 miserat,
2828 616 3030 673 litteris
3078 617 3482 681 imbuendum.

1872 703 2056 768 Quem
2078 703 2170 759 hic
2205 703 2378 758 totius
2397 703 2672 760 bonitatis
2697 707 2906 776 plenus
2921 707 3179 778 Abbo,ex
3197 714 3486 782 prurcepto

1867 791 2192 847 abbatis'sui
2212 792 2840 849 honorabilisRichardi
2859 799 3374 869 susceptum,valde
3405 799 3488 856 di-

1863 880 2020 947 lexit,
2039 883 2096 936 et
2124 881 2185 935 in
2213 883 2498 954 quantum
2532 883 2810 955 temporis
2839 880 3241 959 opportunitas
3269 888 3482 958 arrisit,

1863 963 2194 1025 liberalibus
2222 969 2439 1026 artibus
2468 971 2732 1027 erudivit.
2766 972 2881 1029 Sed
2935 975 3092 1030 idem
3127 977 3474 1044 Bernardus,

1868 1077 1986 1116 non
2015 1061 2192 1134 longo
2221 1077 2512 1116 annorum
2536 1061 2840 1135 interjecto
2886 1065 3090 1138 spatio,
3122 1083 3156 1121 a
3180 1070 3344 1138 patre
3374 1085 3478 1123 suo

1869 1153 2156 1216 evocatus,
2215 1149 2668 1207 Solemniacensi
2721 1153 2972 1222 abbatia,
3025 1172 3200 1228 quam
3249 1161 3476 1212 sanctus

1869 1237 2170 1311 quondam
2195 1240 2510 1294 construxit
2534 1240 2767 1314 Eligins,
2798 1245 2885 1297 est
2928 1243 3210 1314 donatus;
3256 1262 3322 1301 ac
3349 1263 3466 1302 non

1869 1329 2051 1383 multo
2078 1331 2228 1399 post,
2250 1329 2683 1385 Bellilocensem
2700 1331 3093 1405 locum,qnem
3111 1333 3232 1405 ejus
3250 1335 3484 1407 genitor

1859 1415 1994 1486 jure
2023 1415 2160 1471 belli
2211 1417 2504 1490 armisque
2552 1418 2948 1491 conquisierat
2983 1422 3328 1489 victricibus,
3391 1428 3478 1479 est

1870 1505 2130 1576 adeptus.
2165 1504 2266 1560 Cui
2297 1523 2430 1562 cum
2457 1507 2774 1563 Willelmus
2802 1525 2998 1566 comes
3023 1512 3338 1568 Tolosanus
3369 1515 3475 1584 Ca:

1873 1597 2198 1650 turcensem
2219 1597 2612 1668 prmsulatnm,
2641 1615 2814 1670 quem
2849 1617 2998 1655 nunc
3023 1601 3193 1673 regit,
3219 1602 3487 1658 commit-

1871 1687 1993 1738 tere
2025 1684 2415 1757 disposuisset,
2447 1689 2505 1740 et
2531 1687 2606 1740 ob
2634 1687 2764 1754 hoc,
2796 1691 2917 1743 tam
2948 1689 3071 1760 ipse
3097 1707 3292 1746 comes
3308 1708 3482 1764 quam

1874 1777 1934 1828 et
1963 1773 2424 1844 archiepiscopus
2481 1775 2944 1845 Bituricensium,
2979 1779 3082 1833 sub
3139 1779 3300 1850 cujus
3347 1779 3485 1836 dia:-

199 1873 338 1940 caput
365 1867 640 1934 ostendit,
675 1868 912 1937 excepta
970 1863 1236 1938 primatis
1277 1861 1665 1936 prterogativa
1719 1863 1778 1916 et
1803 1853 1852 1911 B
1875 1862 1985 1916 cesi
2004 1861 2208 1917 eadem
2228 1862 2464 1918 ecclesia
2483 1863 2884 1934 consistit,non
2908 1866 3210 1922 minimam
3223 1868 3483 1940 pecuniae

197 1957 496 2013 sacerdotali
531 1955 736 2012 infula.
765 1954 890 2020 Qua
931 1952 1300 2026 suggestione
1330 1969 1430 2008 vos
1460 1950 1682 2024 decepi,
1719 1951 1780 2004 ut

197 2051 406 2101 vestram
435 2045 917 2101 benevolentiam
971 2041 1206 2115 optimis
1247 2040 1575 2107 auferretis,
1625 2039 1778 2094 male

195 2135 378 2190 meritis
401 2133 749 2190 conferretis
767 2134 954 2188 ?Num
982 2148 1091 2204 ego
1120 2133 1270 2186 Deus
1295 2147 1444 2196 sum,
1473 2130 1569 2202 qni
1594 2130 1781 2184 mutat

199 2229 409 2291 mentes,
438 2226 635 2279 mutat
663 2223 862 2289 corda,
910 2225 1099 2277 mutat
1128 2237 1314 2292 regna
1343 2224 1402 2275 et
1459 2223 1726 2292 tempera
1751 2217 1780 2272 ?

198 2313 312 2368 Vere
335 2314 524 2370 fateor
547 2329 644 2367 me
668 2311 958 2384 magicam
984 2310 1392 2382 ignorare,nec
1414 2308 1632 2380 aliquid
1654 2325 1778 2362 ma-

194 2416 331 2456 arum
354 2402 572 2457 artium
591 2399 911 2456 didicisse.»
921 2401 1105 2472 Atque
1131 2399 1299 2472 paulo
1318 2400 1447 2469 post
1461 2398 1584 2452 haec
1597 2395 1776 2452 addit!

192 2514 214 2541 α
238 2491 478 2564 Denique
509 2490 673 2563 quod
713 2487 1223 2544 excommunicatis
1251 2503 1345 2542 me
1365 2485 1657 2542 miscuisse
1689 2503 1778 2541 as-

189 2580 319 2648 serit,
374 2581 498 2652 ejus
559 2579 828 2650 exemplo
883 2577 1080 2651 utique
1125 2576 1234 2632 feci
1284 2575 1381 2649 qui
1411 2576 1558 2632 filios
1583 2575 1778 2643 Belial,

189 2673 441 2725 nocturno
498 2667 811 2724 latrocinio
866 2667 924 2721 in
970 2683 1164 2721 meam
1196 2683 1400 2720 necem
1433 2667 1777 2736 grassantes,

192 2759 402 2830 recepit,
433 2761 749 2830 postquam
785 2773 882 2810 eos
915 2754 1503 2810 anathematizaverat
1528 2771 1661 2808 suus
1689 2769 1779 2808 ar-

189 2847 592 2922 chiepiscopus,
651 2845 958 2917 singularis
1013 2843 1204 2900 meriti
1237 2843 1514 2910 Sewinus,
1573 2845 1630 2896 et
1661 2842 1782 2898 Odo

191 2937 614 2992 Carnetensinm
642 2934 1194 3006 episcopus,necnon
1211 2936 1269 2988 et
1289 2931 1383 2986 alii
1411 2948 1639 3004 magna).
1653 2931 1783 2986 vitae

186 3027 232 3078 et
254 3025 548 3097 religionis
583 3023 706 3078 viri.
743 3024 829 3090 Et,
863 3022 1062 3094 iniqua
1115 3021 1448 3094 indignatus
1478 3037 1784 3093 exsurgere

182 3113 394 3184 judicia,
419 3112 781 3170 exsecrantis
803 3113 1334 3203 vocegproclamat;
1385 3111 1434 3203 ΔΟ
1472 3114 1744 3203 tempora
1766 3108 1780 3162 l
1803 3143 1852 3203 Ο

186 3218 213 3255 o
236 3219 415 3258 mores
445 3204 460 3257 l
527 3205 687 3258 certe
736 3201 834 3274 qui
871 3201 1071 3256 volunt
1100 3199 1331 3272 exsequi
1381 3198 1440 3253 in
1471 3197 1787 3253 fabrateria

182 3293 444 3348 mendacii
467 3291 821 3365 cupiditates
837 3307 966 3346 suas
985 3307 1210 3362 pravas,
1233 3289 1340 3362 ipsi
1365 3289 1628 3344 nituntur
1647 3305 1784 3342 con-

184 3381 298 3438 dere
315 3384 467 3456 leges
486 3382 752 3454 iniquas.
777 3402 804 3429 ››
823 3381 907 3435 Ad
927 3380 1220 3447 ultimum,
1247 3395 1352 3433 sua
1370 3395 1488 3433 non
1512 3378 1786 3449 ignorans

181 3472 350 3526 multis
391 3471 704 3546 displicere
752 3469 989 3542 scripta,
1035 3469 1270 3542 regibus
1318 3485 1440 3523 sese
1487 3483 1784 3522 commen-

184 3558 284 3626 dat,
312 3561 609 3633 praecipue
641 3559 860 3613 domno
884 3557 1160 3612 Rotberto
1181 3573 1360 3628 quem
1393 3555 1672 3610 scientem
1692 3553 1786 3608 lit-

181 3651 413 3704 terarum
446 3667 515 3704 ac
551 3647 768 3702 idcirco
801 3646 1138 3718 diligentem
1164 3646 1289 3700 fore
1311 3647 1551 3700 noverat
1571 3641 1786 3698 studio-

183 3735 725 3804 sornm,scribensin
757 3735 880 3789 haec
902 3735 1075 3790 verba
1099 3751 1112 3790 :
1151 3756 1178 3784 «
1202 3735 1491 3788 Praeterea
1519 3731 1790 3788 dominos

181 3842 320 3882 meos
342 3845 478 3883 cum
491 3823 866 3882 familiariter
895 3824 1192 3896 alloquens
1223 3823 1375 3878 bona.
1397 3821 1787 3889 suadeo,mul-

183 3915 354 3970 lorum
374 3916 615 3971 animos
634 3913 749 3968 scio
775 3913 979 3967 contra
1014 3928 1108 3966 me
1145 3910 1420 3980 concitos,
1452 3911 1620 3982 juxta
1642 3909 1790 3964 illud

180 4004 384 4062 comici.

314 4102 631 4167 Obsequium
655 4100 866 4161 amicos,
899 4099 1088 4149 veritas
1113 4099 1260 4163 parit.

1029 4179 1179 4251 (Ten,
1213 4178 1392 4236 Andr.
1421 4179 1463 4245 Ι,
1495 4195 1536 4244 ι,
1567 4177 1684 4249 41.)

185 4271 250 4324 De
272 4289 521 4344 quorum
546 4270 918 4326 animositate
939 4287 1057 4324 non
1081 4271 1328 4323 multum
1353 4283 1608 4334 moveor,
1629 4266 1791 4321 dulce

184 4357 334 4415 decus
353 4379 584 4416 meum.
619 4361 913 4427 Rotherte,
939 4376 1108 4432 quem
1133 4359 1309 4413 atavis
1323 4357 1554 4428 regibus
1567 4355 1788 4409 editum

1879 1967 2166 2005 summam
2194 1951 2266 2006 ab
2297 1968 2365 2007 eo
2387 1952 2703 2024 exigerent,
2722 1955 2796 2010 ad
2813 1955 2964 2011 hunc
2992 1957 3292 2012 alumnum
3315 1975 3480 2013 suum

1877 2043 2142 2094 sanctum
2196 2039 2397 2111 dirigit
2436 2041 2768 2106 Abbonem,
2815 2044 2954 2116 quid
2981 2044 3134 2100 facto
3166 2063 3308 2118 opus
3334 2050 3484 2102 esset

1876 2127 2262 2198 interrogans.
2281 2129 2368 2184 Ad
2397 2147 2572 2202 quem
2599 2131 2694 2186 ille
2720 2132 3114 2189 charitativam
3144 2135 3482 2208 direxitepio

1879 2217 2086 2272 stolam
2135 2216 2216 2272 ita
2262 2234 2322 2272 se
2371 2217 2720 2275 habentem:
2777 2239 2806 2273 α
2837 2220 2981 2285 Quia
2999 2225 3056 2276 te
3083 2221 3274 2278 divina
3302 2223 3487 2297 pietas

1879 2322 2106 2361 servum
2128 2323 2296 2362 suum
2325 2307 2522 2362 multis
2550 2309 2866 2365 honoribus
2912 2311 3231 2367 admodum
3261 2314 3483 2382 extulit,

1879 2411 2022 2466 quos
2053 2395 2328 2450 virtutum
2355 2397 2740 2468 praerogativa
2771 2398 2917 2455 adeo
2947 2401 3156 2456 excolis
3184 2405 3248 2456 ut
3272 2405 3327 2457 te
3353 2402 3484 2458 imi-

1879 2483 2117 2538 tabilem
2139 2485 2397 2556 praebeas
2414 2487 2672 2558 pluribus
2703 2487 2888 2552 bonis,
2903 2488 3104 2544 hortor
3123 2493 3180 2546 et
3195 2491 3484 2548 admoneo

1881 2576 1961 2639 ut,
1992 2577 2104 2628 tua:
2136 2591 2365 2629 memor
2393 2575 2782 2646 professionis,
2813 2577 2942 2634 illos
2965 2580 3178 2651 gradus
3203 2583 3488 2638 excellen-

1881 2661 1974 2716 tiae
2005 2665 2244 2735 appetas
2276 2663 2336 2718 in
2367 2664 2574 2736 quibus
2608 2665 2918 2722 Dominum
2951 2686 3067 2723 non
3100 2671 3489 2727 otl'endas.»Et

1882 2755 2012 2822 post
2033 2751 2322 2824 aliquanta
2333 2770 2452 2820 ,eos
2467 2753 2749 2810 denotans
2760 2756 2856 2827 qui
2871 2757 3119 2827 gratiam
3133 2761 3491 2833 sanctiSpiri-

1883 2843 1972 2894 tus
1999 2841 2084 2894 vel
2115 2839 2376 2910 vendunt
2403 2844 2492 2897 vel
2523 2845 2888 2912 emunt,th
2907 2846 3078 2902 dicit:
3113 2849 3485 2921 «Hujusmodi

1883 2931 2176 3000 emptores
2190 2930 2470 3001 quasdam
2488 2931 2642 2986 velut
2654 2933 2794 2986 telas
2812 2939 3372 2993 aranearnmtexunt
3391 2939 3490 3010 qui

1885 3019 1991 3073 bus
2011 3035 2068 3072 se
2101 3018 2438 3086 defendunt,
2474 3020 2630 3091 quod
2655 3037 2770 3076 non
2787 3022 3383 3093 benedictionem,sed
3398 3044 3491 3082 res

1886 3106 2146 3162 Ecclesiae
2170 3107 2482 3179 possessuri
2504 3113 2726 3168 en‘iunt.
2752 3111 2920 3182 Cujus
2939 3129 3070 3168 vero
3093 3115 3371 3184 possessio
3403 3121 3490 3172 est

1887 3196 2154 3264 Ecclesia,
2166 3196 2273 3251 nisi
2287 3197 2740 3262 soliusDeii’Quis
2756 3200 2880 3272 ejus
2895 3201 3449 3270 dominus,nisiDcns
3463 3207 3491 3262 ?

1886 3284 2030 3350 Quia
2053 3284 2156 3339 etsi
2177 3301 2428 3358 praesens
2448 3287 2694 3342 Ecclesia
2708 3287 3167 3360 indigetdnobns
3179 3292 3490 3360 advocatis,

1887 3391 2002 3429 uno
2033 3373 2090 3428 in
2123 3375 2295 3429 rebus
2320 3375 2770 3446 temporalibus,
2792 3378 2976 3434 altero
2999 3378 3057 3433 in
3083 3379 3492 3451 spiritualibus;

1885 3469 2157 3520 neutrum
2175 3469 2371 3522 tamen
2391 3466 2567 3522 habet
2589 3471 2650 3522 nt
2670 3469 3100 3544 dominum,qui
3115 3489 3244 3526 eam
3263 3474 3348 3528 vel
3366 3490 3500 3529 ven-

1887 3553 2023 3608 dere
2047 3553 2222 3625 possit
2238 3557 2322 3610 vel
2339 3573 2532 3611 emere
2545 3558 2980 3630 quamChristns
2993 3560 3241 3616 redemit
3255 3579 3356 3616 suo
3369 3579 3500 3618 san-
3569 3633 3574 3637 .

1887 3643 2391 3716 guine.»Dansqne
2413 3645 2464 3700 ei
2489 3646 3220 3718 consilium,hujuscemodi
3246 3652 3500 3706 clausula

1886 3733 2064 3786 finem
2098 3733 2346 3804 imponit.
2376 3733 2654 3804 epistolae,
2679 3757 2706 3784 «
2730 3753 3030 3808 nunquam
3058 3753 3220 3810 ergo,
3245 3739 3494 3812 inquins,

1889 3820 2013 3874 fieri
2046 3821 2348 3878 haereticus
2363 3823 2478 3878 ullo
2498 3823 2672 3878 modo
2705 3824 3049 3897 acquiescas,
3078 3827 3212 3899 quia
3243 3827 3498 3884 inaniter

1889 3908 1959 3963 de
1972 3911 2216 3981 peccatis
2237 3911 2637 3983 paenitentiam
2663 3913 2783 3984 agit
2803 3913 2901 3985 qui
2923 3931 3052 3969 eam
3077 3915 3250 3971 fidem
3273 3916 3493 3988 impen-

1891 4002 2036 4070 gnat
2082 4017 2258 4072 qnam
2309 4001 2413 4056 sub
2445 4001 2656 4057 sanctis
2690 4002 2962 4074 apostolis
2991 4003 3272 4059 catholica
3311 4005 3496 4059 tenuit

1893 4089 2158 4144 Ecclesia.
2197 4112 2225 4138 ››

1961 4179 2172 4234 Verum
2205 4180 2548 4248 Bernartius,
2583 4181 2818 4236 tandem
2849 4179 3160 4254 aliquando
3205 4182 3492 4240 bonorum

1890 4267 2061 4338 hujus
2098 4267 2225 4322 vitae
2255 4271 2552 4340 pertaesus,
2598 4269 2799 4325 videns
2839 4271 3160 4326 multorum
3189 4271 3496 4344 frigescere

1890 4357 2234 4412 cbaritatem
2261 4357 2460 4413 etideo
2483 4359 2956 4430 superabundare
2973 4358 3367 4432 iniquitatem,
3393 4363 3494 4418 de-

185 4447 357 4504 divina
383 4451 579 4521 pietas
607 4447 876 4520 perduxit
901 4447 976 4502 ad
1005 4447 1171 4519 regni
1198 4445 1516 4518 fastigium,
1565 4443 1632 4511 si,
1661 4446 1792 4514 post
1815 4438 1866 4497 D
1889 4445 2155 4502 liberavit
2181 4446 2398 4515 animo,
2427 4447 2638 4502 relictis
2690 4448 2959 4504 omnibus
2985 4467 3113 4522 quae
3144 4451 3493 4522 possidebat,

184 4533 481 4593 Dominum
517 4541 579 4592 et
609 4540 834 4590 sanctos
857 4537 1000 4606 ejus,
1018 4539 1203 4590 vestro
1220 4533 1546 4608 specialiter
1573 4535 1790 4587 susten-

183 4627 260 4676 tor
287 4627 498 4682 auxilio
535 4629 594 4680 et
628 4625 896 4691 concilio,
926 4625 1086 4696 cujus
1117 4624 1472 4679 mentionem
1509 4621 1565 4676 in
1597 4621 1786 4694 quoti-

184 4713 348 4769 dianis
373 4715 740 4770 orationibus
773 4714 916 4768 meis
946 4731 1244 4786 nunquam
1277 4716 1578 4786 praetereo.
1617 4733 1642 4759 ››

241 4806 360 4860 (Ἀρ.
401 4807 465 4860 Χ.
499 4805 816 4860 Bernartius
845 4803 1208 4859 Bellcloc‘cnsz‘s
1248 4803 1428 4869 abbas,
1471 4803 1610 4858 clari
1631 4819 1786 4871 gene-

184 4895 264 4958 ris,
302 4895 650 4949 Caturcensis
680 4895 990 4964 cpiscopus;
1045 4891 1356 4946 Bernartius
1407 4890 1786 4957 Belli/occlusis,

180 4981 297 5036 clari
318 4987 556 5053 generis,
589 4981 930 5037 Caturccnsis
978 4985 1242 5053 cpiscopus
1265 5009 1282 5046 ;
1332 4980 1486 5035 Abba
1515 4982 1714 5051 Optima
1741 4982 1792 5034 ei

183 5069 260 5122 dat
303 5075 534 5126 monita.
562 5071 862 5128 Simom'um
905 5073 1204 5142 impugnat.
1237 5071 1439 5125 Prima:
1490 5069 1788 5124 Jerusalem

173 5164 631 5230 peregrinationes.
695 5159 969 5214 Brimo-cli
995 5163 1092 5214 iter
1120 5160 1369 5226 Romam,
1403 5163 1512 5213 etc.
1550 5159 1788 5214 Abbom's

181 5248 270 5298 alia
297 5251 525 5320 εριςιυια
549 5251 618 5302 ad
645 5251 840 5320 ipsum.
896 5248 1054 5319 Leges
1085 5266 1188 5320 pro
1224 5266 1401 5302 rerum
1433 5250 1783 5303 circumst-

183 5338 254 5390 (iis
281 5339 470 5394 debent
503 5339 782 5410 explicari.
817 5369 888 5378 —
915 5339 1206 5392 Bernardo
1241 5339 1413 5392 etiam
1437 5338 1631 5393 abbati
1665 5339 1788 5392 Bel-

183 5424 558 5492 liluccnsinm,
594 5427 748 5481 inter
778 5427 909 5491 alia,
943 5427 1190 5480 duarum
1237 5427 1414 5481 mittit
1449 5429 1632 5481 textus
1663 5427 1790 5498 cpi-
1833 5447 1837 5452 τ

184 5516 732 5586 stolarum,quarum
749 5532 861 5570 non
887 5514 1206 5587 putavimus
1231 5515 1788 5587 pra-terruittendam

190 5604 830 5658 romniemurationem.
882 5605 1039 5658 Hunc
1068 5621 1205 5660 sane
1243 5605 1595 5659 Bcrnardum
1629 5611 1792 5678 pater

194 5691 361 5763 Hugo,
394 5691 559 5747 haud
586 5693 788 5748 infimo
819 5693 969 5748 inter
1008 5710 1271 5764 proceres
1300 5694 1669 5764 Aquitamcos
1699 5713 1791 5750 or-

197 5782 278 5832 tus
305 5781 458 5846 loco,
492 5796 558 5834 ex
584 5782 812 5853 copiosa
833 5781 1086 5838 ﬁliorum
1111 5785 1337 5837 caterva
1366 5783 1484 5838 Deo
1508 5783 1797 5840 obtulerat

1887 4536 2306 4606 Jerosolymam
2338 4539 2556 4608 petere.
2579 4537 2743 4602 Quod
2768 4536 2878 4592 iter
2899 4555 2933 4592 a
2964 4541 3125 4611 patre
3157 4539 3488 4614 ejus,poeni-

1890 4623 2080 4678 tentia:
2108 4627 2259 4691 voto,
2287 4630 2422 4680 ante
2443 4643 2646 4681 omnes
2669 4626 2786 4681 fere
2808 4626 2866 4680 in
2891 4627 2995 4682 hoc
3017 4630 3280 4700 tempore
3298 4631 3490 4686 Galliae

1887 4713 2240 4768 habitatores
2271 4718 2523 4786 emptum
2579 4732 2644 4769 ac
2703 4721 3098 4788 percursatnm
3140 4718 3348 4774 fuerat.
3380 4719 3496 4775 Nec

1891 4805 2085 4856 tamen
2118 4803 2226 4857 hoc
2255 4803 2469 4874 absque
2499 4803 2582 4858 sui
2615 4805 2903 4860 sententia
2933 4804 3208 4861 didascali
3235 4810 3334 4862 aut
3353 4825 3490 4865 cou-

1889 4891 2014 4945 silio
2043 4893 2316 4962 perlicere
2349 4891 2679 4966 disponens,
2713 4895 2784 4948 ad
2824 4893 3146 4950 Floriacum
3176 4896 3332 4951 venit
3361 4916 3489 4954 mo-

1891 4980 2209 5036 nasterium
2239 4985 2457 5037 secreta
2485 4983 2673 5037 cordis
2711 4983 2796 5037 sui
2820 4983 2951 5038 huic
2982 5001 3087 5038 suo
3119 4985 3292 5040 totius
3322 4987 3490 5042 1)οηί-

1889 5070 2018 5124 tatis
2048 5072 2434 5141 patefacturus
2455 5072 2882 5144 magistrodlle,
2897 5073 3380 5145 Jerosolym‘tano
3400 5076 3488 5132 in-

1890 5159 2130 5214 terdicto
2158 5160 2382 5227 itinere,
2407 5179 2480 5216 ne
2509 5161 2748 5217 omnino
2765 5162 2887 5233 ejus
2905 5163 3180 5218 voluntati
3202 5165 3489 5220 contraire

1887 5247 2442 5316 videretur,Romam
2465 5253 2683 5322 petere,
2709 5255 2969 5306 montem
2985 5253 3313 5323 Garganum
3331 5253 3490 5309 adire

1889 5337 2188 5404 concessit,
2237 5341 2598 5412 paternoqne
2653 5340 2861 5394 atl‘ectn
2891 5339 3185 5394 attributis
3211 5341 3490 5396 comitatu

1889 5426 2001 5480 sive
2029 5428 2304 5498 obsequio
2325 5427 2473 5483 illius
2493 5428 2778 5500 aliquibus
2791 5445 3198 5498 suorum,cum
3233 5431 3490 5484 fraterna

1891 5532 1988 5570 eos
2003 5515 2129 5570 sivit
2141 5516 2299 5571 abire
2315 5517 2852 5582 benedictione.Qui
2876 5517 3334 5590 propinquorum
3357 5534 3489 5572 suo-

1891 5625 2020 5662 rum
2053 5624 2214 5678 mquc
2248 5606 2447 5661 limina
2477 5607 2867 5678 apostolorum
2897 5607 3232 5662 adeuntium
3265 5610 3491 5664 coactus

1894 5693 2161 5768 querelis,
2186 5694 2498 5748 dicentium
2527 5694 2649 5764 ejus
2679 5694 2912 5748 abcessu
2941 5693 3299 5748 clandestina
3328 5693 3488 5752 inter

1893 5801 1952 5839 se
1983 5782 2398 5838 consurrexisse
2412 5782 2582 5851 bella,
2606 5781 3048 5838 Constantinum
3060 5781 3491 5859 presbyterum,
