3922 6168
403 408 506 475 399

1492 358 1550 471 ε.
1580 406 1761 470 ABBO
1803 403 2300 470 FLORIACENSIS
2328 404 2570 470 ABBAS.

3582 409 3668 471 400

405 549 578 607 quem
602 530 653 589 ei
683 532 746 589 ut
771 527 1182 605 obsequeretur
1206 530 1335 603 pius
1359 529 1661 603 magisteri
1670 530 1754 604 psi
1777 530 2011 602 delega—
2026 534 2080 593 Α
2114 530 2466 586 declinantes
2497 531 2569 586 ad
2603 530 2897 586 dexteram
2927 526 3015 586 vel
3042 528 3115 586 ad
3143 526 3445 599 sinistram,
3466 528 3673 586 Bethsa-

400 626 652 691 verat,ex
683 621 886 676 itinere
913 621 986 675 ad
1012 637 1144 675 eum
1172 621 1435 689 remittit,
1459 620 1744 675 mandans
1774 636 2008 673 suorum

402 710 819 767 necessitudine
846 727 904 764 se
931 711 1173 775 domum
1211 710 1402 765 redire
1432 710 1798 779 compulsum
1832 724 1846 777 ;
1887 724 2004 762 non

401 806 599 864 tamen
645 799 941 871 quidpiam
1001 815 1061 853 se
1105 799 1228 853 sine
1255 799 1376 870 ejus
1401 801 1687 871 prmcepto
1720 801 2005 863 acturum,

404 890 541 961 quin
575 879 776 959 potius.
794 889 846 942 ei
880 904 983 959 per
1012 887 1237 953 omnia,
1293 887 1375 941 uti
1405 886 1562 958 prius
1591 885 2004 957 spoponderat,

400 977 744 1049 pariturum.
774 976 1069 1047 Simulque
1102 975 1415 1047 quaestione
1446 975 1739 1047 proposita
1767 973 2008 1046 inquirit

400 1072 736 1121 utrumnam
768 1064 974 1119 melius
1004 1068 1151 1120 esset
1181 1067 1385 1118 cuncta
1416 1065 1767 1136 relinquere,
1803 1081 1900 1130 an,
1943 1066 2007 1117 ut

398 1156 513 1210 suis
527 1154 793 1227 praesidio
821 1153 993 1219 foret,
1008 1153 1213 1207 saeculo
1237 1152 1422 1223 specie
1439 1155 1605 1207 tenus
1624 1152 2007 1208 deservireAt

396 1244 653 1299 veritatis
682 1245 909 1297 amator
936 1241 1119 1308 Abbo,
1149 1240 1402 1312 apicibus
1430 1241 1503 1295 ad
1531 1258 1665 1295 eum
1693 1241 2008 1309 directis,et

400 1333 540 1406 quid
561 1331 667 1387 sibi
687 1330 1203 1385 rectiusvideretur
1226 1330 1489 1401 exponit,
1523 1333 1580 1384 et
1609 1329 1747 1402 quid
1776 1330 1895 1402 ipse
1927 1333 2007 1386 te-

399 1438 538 1476 nere
569 1421 768 1476 mallet
798 1419 1040 1474 liberam
1090 1419 1188 1473 dat
1219 1418 1472 1490 eligendi
1503 1418 1752 1490 copiam.
1787 1421 1847 1473 lu
1880 1420 2004 1491 qui-

397 1512 504 1565 bus
530 1526 648 1564 non
681 1509 866 1563 solum
912 1507 1099 1580 ipsum
1153 1507 1511 1562 Bernardum
1565 1507 1856 1575 abbatem,
1906 1508 2007 1563 sed

400 1599 575 1654 etiam
605 1598 896 1652 universos
922 1596 1025 1651 vias
1055 1597 1176 1667 ejus
1204 1600 1624 1667 consortes,aut
1655 1598 1813 1668 gravi
1845 1597 2005 1652 labo-

398 1688 605 1743 ravisse
630 1686 1006 1741 incommodo
1038 1689 1138 1740 aut
1166 1688 1418 1739 mortem
1447 1685 1656 1739 obiisse
1689 1684 2008 1739 condolens

402 1777 597 1833 deﬂet.
628 1777 939 1846 lnterquos
954 1773 1201 1828 domnus
1228 1772 1521 1844 Remigius
1560 1772 2006 1845 monachus,qui

399 1870 529 1939 post
555 1866 713 1920 cellae
745 1864 804 1918 in
855 1880 968 1936 qua
994 1862 1151 1917 idem
1184 1863 1385 1917 beatus
1428 1862 1594 1917 Abbo
1627 1877 1871 1932 corpore
1897 1862 2006 1916 hu-

2110 620 2219 675 mis
2248 621 2610 691 pertulerunt
2632 618 2691 688 (Ι
2714 619 2847 689 Reg.
2880 637 2958 687 γι,
2994 619 3286 691 l2).Cujus
3302 619 3432 674 facti
3453 635 3562 674 non
3580 619 3674 675 im-

2106 726 2355 775 memor,
2388 708 2695 764 recordare
2754 708 2909 779 quod
2952 708 3013 762 in
3046 708 3322 763 sacriﬁcio
3359 708 3577 778 jubctur
3604 707 3676 762 of-

2105 798 2243 852 ferri
2269 798 2451 853 cauda
2476 797 2696 864 hostiae,
2724 814 2831 851 nec
2853 798 2969 852 ulla
2999 797 3083 851 rei
3113 796 3412 852 familiaris
3437 795 3678 868 cogitatio

2106 888 2378 958 subrepat
2406 903 2534 958 quas
2556 889 2612 940 te
2643 904 2677 941 a
2707 888 2864 940 recto
2898 885 3104 940 itinere
3129 885 3582 941 dimoveat.l\'am
3597 901 3679 941 oc-

2106 975 2283 1029 currit
2312 975 2507 1029 animo
2532 974 2687 1047 quod
2718 990 2948 1029 meeum
2979 973 3346 1029 familiariter
3372 975 3578 1029 locutus
3605 989 3680 1042 es,

2106 1063 2244 1117 dum
2260 1064 2507 1117 Romam
2524 1062 2806 1134 proﬁcisci
2821 1062 3488 1130 decrevisses,consulens
3509 1066 3681 1116 utrum

2107 1152 2318 1207 scilicet
2338 1152 2588 1223 relinqui
2608 1152 2846 1207 deberet
2867 1153 3047 1207 semel
3070 1156 3331 1223 suscepta
3359 1168 3491 1206 cura
3515 1155 3685 1223 pasto-

2106 1241 2240 1295 ralis
2275 1241 2601 1312 regiminis,
2626 1244 2683 1295 et
2713 1244 3013 1312 oporteret
3043 1242 3181 1296 dare
3213 1241 3464 1296 libellum
3485 1240 3686 1312 repudii

2104 1330 2380 1384 fratribus
2410 1333 2468 1384 et
2498 1329 2626 1385 filiis
2655 1329 2749 1401 qui
2779 1330 2947 1385 nobis
2976 1330 3353 1385 adversantur
3380 1330 3435 1383 in
3464 1329 3547 1382 via
3573 1329 3680 1383 Dei.

2108 1418 2206 1473 Cui
2228 1434 2360 1473 cum
2375 1435 2482 1490 ego
2503 1417 2935 1490 respondissem
2958 1419 3113 1490 quod
3136 1417 3687 1473 auetoritatePatrum

2108 1510 2330 1561 certum
2366 1524 2664 1575 noveram,
2682 1511 2740 1562 et
2759 1507 2993 1563 creditis
3014 1508 3213 1563 ovibus
3232 1511 3475 1562 mortem
3500 1523 3689 1579 prma-

2105 1594 2225 1648 lere
2283 1596 2787 1666 persentiscerem,
2840 1599 2897 1650 te
2928 1596 3352 1651 infructuosum
3383 1596 3574 1650 saltem
3599 1595 3687 1650 tibi

2107 1682 2453 1752 persuadere
2480 1700 2587 1738 nec
2625 1701 2792 1739 ausus
2845 1701 2972 1739 sum
3014 1700 3120 1738 nec
3159 1684 3353 1749 debui,
3385 1685 3687 1755 exemplum

2106 1785 2441 1842 proponens
2462 1774 2620 1827 Pauli
2645 1775 2988 1829 Damascum
3009 1774 3287 1845 fugientis
3299 1778 3355 1828 et
3369 1773 3514 1828 beati
3532 1773 3688 1845 patris

2109 1860 2399 1915 Benedicti
2415 1862 2839 1917 monachorum
2855 1863 3478 1935 legislatoris.Deuique
3490 1864 3543 1917 in
3557 1864 3684 1918 mul-

400 1955 589 2008 matus
613 1952 851 2024 quiescit
879 1951 1129 2021 praefuit,
1158 1952 1229 2007 ab
1261 1951 1468 2006 eodem
1518 1950 1617 2006 Dei
1648 1950 1769 2006 viro
1799 1951 1874 2005 ad
1900 1951 2003 2006 ob-
2028 1964 2081 2023 Β
2106 1947 2179 2002 tis
2209 1949 2395 2003 causis
2424 1951 2647 2005 occasio
2693 1968 2752 2006 se
2802 1951 3124 2023 immergit,
3158 1969 3287 2024 quso
3314 1951 3686 2006 difﬁcultatem

400 2040 663 2113 sequium
690 2040 999 2096 memorati
1027 2040 1428 2107 abbatis,nunc
1451 2039 2002 2112 episcopi,directus,

403 2146 617 2202 magna
632 2130 683 2184 vi
714 2129 966 2185 febrium
992 2133 1224 2184 vexatus
1268 2128 1493 2185 est.Sed
1520 2145 1624 2183 nos
1648 2132 2005 2184 memoratos

398 2219 588 2289 apices
617 2219 691 2273 ad
721 2218 1243 2273 demonstrandum
1266 2218 1437 2288 hujus
1452 2217 1821 2273 hominisDei
1847 2218 2006 2273 beni-

399 2307 634 2379 gnitatis
660 2306 929 2362 affectum
949 2309 1257 2378 exintegro
1288 2306 1420 2361 huic
1445 2305 1725 2361 volumini
1752 2305 2005 2362 inserere

401 2395 642 2467 dignum
675 2395 958 2462 duximus,
991 2394 1050 2449 in
1080 2393 1318 2464 reliquis
1349 2396 1473 2463 ejus
1522 2393 1776 2463 epistolis
1804 2394 2008 2450 abbre~

396 2475 632 2531 viationi
664 2491 903 2547 operam
934 2475 1139 2530 daturi.
1176 2475 1272 2528 Est
1299 2472 1460 2528 enim
1484 2473 1819 2544 hujusmodi
1854 2491 1866 2528 :

467 2584 501 2617 4:
531 2566 759 2621 Domno
800 2580 955 2631 meo,
1007 2563 1282 2618 abbatum
1325 2562 1663 2617 charissima
1688 2563 2001 2630 Baumuoo,

391 2669 589 2711 servus
618 2669 917 2708 servorum
943 2651 1043 2707 Dei
1069 2653 1242 2706 Auno.
1278 2650 1534 2723 Suscepi,
1565 2650 1912 2706 venerabilis
1942 2650 2003 2705 in

392 2740 642 2810 Ghristo,
674 2741 825 2796 vivas
873 2743 985 2795 tuae
1041 2738 1524 2811 peregrinationis
1572 2738 1814 2807 litteras,
1848 2742 1905 2793 et
1936 2755 2003 2793 ex

392 2845 544 2900 pene
574 2832 805 2886 mortuo
835 2829 1169 2902 presbytero
1192 2826 1440 2882 addidici
1462 2826 1602 2899 quid
1625 2826 1776 2882 inter
1800 2828 2003 2883 ﬂuctus

392 2918 810 2990 cogitationum
837 2917 1366 2988 semivivuslugeas,
1391 2932 1565 2988 quem
1595 2917 1855 2987 concepti
1887 2916 2003 2971 voti

392 3006 675 3079 impotem
690 3007 889 3078 patriae
903 3005 1719 3077 calamitasinpraesentiarum
1744 3004 1933 3059 reddit
1945 3009 2003 3059 et

388 3096 651 3151 innatam
687 3095 1078 3162 devotionem,
1112 3097 1177 3148 ut
1196 3094 1426 3165 opinor,
1458 3094 1699 3160 distulit,
1730 3110 1846 3148 non
1867 3094 1998 3148 fun-

2106 2038 2411 2093 contrarim
2435 2040 2577 2110 legis
2604 2041 2758 2095 bono
2790 2041 2946 2096 exitu
2989 2042 3294 2097 meliorem
3331 2040 3533 2096 reddit.
3565 2038 3685 2103 Quis

2106 2125 2264 2179 enim
2295 2143 2411 2182 non
2441 2128 2637 2184 laudet
2684 2146 2884 2185 curam
2926 2131 3233 2202 pastoralis
3282 2129 3593 2202 regimiuis,
3645 2126 3683 2181 si

2107 2214 2290 2284 prosit
2319 2216 2346 2270 ?
2371 2216 2505 2280 Quis
2516 2234 2710 2272 rursus
2732 2234 2848 2273 non
2867 2218 3132 2273 laudetin
3154 2237 3211 2274 se
3232 2217 3679 2275 benevolentiam

2107 2295 2372 2364 pastoris,
2405 2296 2450 2352 si
2481 2297 2607 2351 aliis
2636 2315 2754 2353 non
2790 2299 3012 2371 prosit?
3041 2299 3199 2355 Solet
3248 2316 3458 2371 nempe
3502 2314 3613 2352 esse
3635 2296 3685 2351 in

2108 2384 2407 2455 prazceptis
2433 2385 2637 2442 divinis
2664 2388 2818 2459 quod
2843 2390 2901 2442 et
2925 2389 2983 2443 in
3010 2388 3262 2461 antiquis
3284 2388 3560 2460 reperitur
3582 2385 3686 2441 edi-

2112 2470 2234 2525 ctis.
2253 2472 2361 2527 Lex
2380 2477 2491 2528 est:
2509 2475 2564 2530 Si
2582 2476 2707 2547 quis
2730 2479 3013 2531 masculus
3040 2479 3327 2549 templum
3350 2475 3687 2532 Venerisfue-

2107 2558 2184 2613 rit
2201 2558 2507 2631 ingressus,
2524 2563 2712 2634 capite
2729 2564 3019 2634 puniatur.
3047 2564 3296 2629 Quidam
3307 2565 3545 2637 juvenis,
3565 2579 3686 2635 prte-

2108 2648 2322 2703 terieus
2354 2652 2633 2723 templum
2657 2653 2914 2718 Veneris,
2942 2654 3095 2709 intus
3126 2660 3378 2712 matrem
3405 2655 3541 2710 caedi
3565 2672 3685 2709 cou-

2106 2738 2312 2806 spexit,
2341 2743 2398 2793 et
2430 2740 2810 2814 introgressus
2835 2760 2965 2798 eam
2997 2744 3229 2816 eripuit.
3248 2749 3551 2800 Accusatur
3566 2760 3686 2799 cou-

2106 2829 2194 2880 tra
2218 2827 2408 2896 legem
2436 2829 2654 2884 fecisse.
2687 2832 2957 2886 Defendit
2980 2850 3039 2887 se
3060 2834 3153 2888 ille
3174 2834 3292 2906 legi
3326 2833 3587 2906 paruisse,
3617 2836 3685 2900 et,

2105 2913 2262 2970 inter
2291 2916 2651 2987 dissidentes,
2671 2920 2714 2975 si
2740 2923 3055 2993 percussori
3083 2924 3418 2995 ignorantia
3447 2940 3557 2978 non
3572 2938 3686 2994 pro-

2103 3002 2194 3067 sit,
2202 3003 2367 3073 juvat
2394 3022 2457 3059 ex
2485 3007 2907 3065 circumstantis
2929 3011 3149 3066 occasio
3168 3011 3420 3082 pietatis.
3443 3012 3591 3065 Idem
3613 3013 3687 3064 est

2103 3091 2395 3147 innostris
2422 3096 2761 3168 Evangeliis,
2807 3099 2901 3154 ubi
2955 3100 3328 3172 praecipimur
3372 3118 3486 3156 non
3516 3100 3685 3154 solum

390 3184 542 3240 ditus
571 3184 857 3239 exstinxit.
889 3183 1054 3248 Quod
1080 3182 1340 3249 audiens,
1361 3181 1568 3247 fateor,
1591 3180 1999 3237 nimisindolui
2030 3175 2077 3235 C
2103 3197 2343 3236 uxorem
2400 3185 2745 3257 relinquere,
2793 3188 2893 3242 sed
2931 3189 3108 3242 etiam
3148 3189 3362 3257 odisse,
3415 3187 3685 3262 proposito

389 3276 448 3326 et
480 3271 850 3343 lacrymando
882 3270 1067 3325 dolori
1087 3268 1376 3337 satisfeci;
1411 3268 1887 3340 quandoquidem
1919 3269 2000 3324 tui

389 3360 674 3415 desiderio
720 3360 997 3431 gemebat
1022 3357 1402 3411 circumstans
1436 3356 1686 3411 fratrum
1740 3357 1997 3413 maxima

388 3447 721 3516 multitudo,
753 3451 830 3515 et,
865 3445 1133 3501 omnibus
1164 3446 1221 3499 in
1279 3460 1569 3499 comnuue
1602 3445 1992 3517 gementibus,

387 3536 613 3592 redibat
642 3535 716 3590 ad
748 3533 1095 3589 memoriam
1133 3533 1290 3604 quod
1320 3533 1406 3586 vir
1438 3548 1665 3602 magnae
1697 3534 1995 3604 gravitatis

386 3626 571 3697 Ilugo,
598 3624 680 3679 tui
708 3640 902 3679 comes
929 3622 1152 3676 itineris
1184 3625 1241 3676 et
1289 3620 1473 3677 socius
1522 3621 1756 3692 laboris,
1802 3625 1996 3682 multis

387 3715 553 3770 bonis
581 3713 787 3769 flebilis
818 3711 1047 3780 occidit,
1080 3709 1223 3765 nulli
1256 3710 1507 3765 nebilior
1534 3727 1711 3782 quam
1742 3710 1866 3778 tibi,
1888 3730 1992 3785 pro

384 3803 543 3875 cujus
573 3818 792 3871 amore,
826 3804 954 3874 post
985 3799 1321 3862 Dominum,
1369 3799 1642 3871 patriam,
1696 3805 1992 3871 parentes-

384 3910 495 3964 que
521 3892 875 3964 relinquens,
919 3890 1074 3944 exsul
1110 3889 1289 3943 vitam
1321 3888 1529 3942 finivit.
1565 3888 1828 3961 Cumque
1858 3892 1992 3946 satis

382 3981 629 4055 egissem
656 3979 940 4046 mceroris,
968 3979 1209 4034 tandem
1243 3977 1384 4032 mihi
1417 3977 1697 4046 consului,
1727 3978 1861 4050 quia
1891 3980 1991 4035 tibi

381 4071 605 4128 absenti
636 4088 752 4127 non
784 4069 966 4143 potui,
1002 4085 1177 4141 quem
1217 4068 1278 4122 in
1329 4066 1686 4123 orationibus
1735 4068 1991 4125 interdiu

386 4161 574 4216 videre
604 4159 819 4229 videor,
864 4160 1003 4213 dum
1051 4156 1440 4228 omnipotenti
1493 4157 1612 4211 Deo
1645 4157 1986 4213 sacriﬁcium

380 4250 611 4323 spiritus
639 4247 1007 4302 contribulati
1036 4247 1242 4301 offerre
1276 4263 1393 4300 non
1434 4244 1663 4301 desisto.
1690 4245 1987 4318 Siquidem

380 4339 438 4394 id
476 4336 723 4392 nimium
749 4335 1007 4402 extimui,
1042 4336 1197 4406 quod
1225 4335 1450 4404 bajulus
1480 4335 1784 4404 legationis
1816 4336 1986 4391 inno-

379 4426 509 4494 tuit;
542 4427 763 4480 vultum
807 4425 1071 4479 videlicet
1127 4426 1383 4477 vestrum
1438 4422 1517 4476 ita
1547 4423 1893 4477 emarcuisse
1925 4430 1988 4479 ut

378 4515 465 4570 vix
522 4513 742 4586 queatis
798 4512 1124 4577 subsistere,
1175 4527 1291 4565 non
1343 4512 1530 4565 solum
1564 4511 1866 4566 destitutus
1895 4530 1985 4567 so-

379 4603 623 4658 brietate
655 4605 712 4657 et
743 4600 1001 4656 amicitia
1031 4599 1307 4665 defuncti,
1340 4614 1539 4652 verum
1572 4599 1747 4653 etiam
1778 4601 1986 4656 robore

377 4691 596 4765 proprii
628 4690 903 4762 corporis.
939 4689 1152 4743 Vereor
1182 4687 1377 4758 itaque
1410 4705 1481 4741 ne
1505 4687 1726 4742 insidia:
1748 4689 1983 4757 diaboli,

376 4799 503 4853 quze
534 4782 731 4836 multa:
770 4783 904 4833 sunt
933 4781 992 4832 et
1021 4777 1136 4831 vias
1188 4792 1484 4830 servorum
1529 4776 1629 4831 Dci
1657 4776 1835 4847 spinis
1870 4777 1981 4831 cir-

373 4869 757 4941 cumsepiunt,
789 4871 846 4921 te
879 4884 913 4921 a
943 4865 1032 4920 via
1054 4865 1466 4919 mandatorum
1495 4864 1595 4918 Dei
1626 4868 1890 4919 avertant
1920 4869 1979 4921 et

370 4960 529 5013 retro
575 4957 858 5030 respicere
905 4953 1281 5026 compellant,
1333 4952 1671 5025 priusquam
1699 4953 1771 5007 ad
1802 4954 1985 5024 Segor

370 5040 669 5119 parvulam
695 5046 987 5100 civitatem
1015 5042 1305 5105 devenias,
1332 5042 1389 5096 in
1409 5058 1524 5114 qua
1541 5044 1700 5096 tuam
1723 5042 1983 5098 animam

371 5138 597 5191 salvaus
648 5137 865 5190 salvare
916 5150 1092 5206 queas
1125 5132 1340 5204 (Gcncs.
1374 5130 1532 5203 χχιι),
1583 5130 1710 5185 Scio
1763 5131 1981 5187 etenim

372 5226 528 5297 quod
589 5241 744 5280 nunc
799 5223 903 5278 tibi
959 5222 1448 5292 circumstrepunt
1512 5219 1978 5292 propinquorum

371 5333 602 5389 greges,
630 5315 881 5369 militum
911 5312 1248 5385 phalanges,
1301 5310 1623 5366 amicorum
1651 5309 1975 5364 multitudi-

372 5424 513 5473 nes;
575 5409 633 5461 et
695 5401 1099 5459 succenturiati
1156 5401 1567 5456 declamatorie
1626 5401 1977 5472 persuadent

369 5494 524 5566 quod
551 5493 679 5560 sibi,
714 5509 831 5548 non
866 5491 969 5547 tibi
1001 5490 1134 5546 utile
1168 5489 1506 5561 dijudicant.
1550 5488 1683 5556 Sed,
1709 5488 1866 5543 domi
1900 5489 1973 5545 vi-

370 5583 504 5637 tulis
528 5582 803 5655 religatis,
834 5580 982 5635 nosti
1016 5580 1155 5653 quid
1193 5596 1376 5634 vacca:
1408 5578 1653 5634 fecerint
1683 5596 1808 5651 quae
1841 5596 1967 5634 mu-

377 5672 558 5730 ieutes
605 5689 799 5729 aream
844 5669 1181 5728 testamenti
1231 5670 1633 5741 portaverant,
1684 5672 1760 5738 et,
1825 5686 1943 5727 non

2108 3270 2369 3339 praemio,
2388 3273 2543 3344 quod
2571 3274 2665 3345 qui
2686 3276 2793 3330 hoc
2814 3277 3371 3348 l‘eceritceutuplum
3392 3277 3619 3350 accipiet
3637 3277 3688 3329 et

2101 3356 2275 3412 vitam
2307 3363 2588 3415 mternam
2617 3364 2948 3433 possidebit.
2980 3366 3192 3420 Rursus
3217 3368 3320 3438 qui
3353 3383 3581 3421 uxorem
3611 3364 3684 3418 di-

2099 3445 2343 3514 miserit,
2376 3464 2495 3503 non
2527 3450 2761 3520 quidem
2795 3470 3058 3524 praemio,
3090 3454 3187 3508 sed
3223 3472 3293 3511 eo
3328 3454 3593 3528 supplicio
3617 3450 3688 3506 di-

2098 3549 2245 3603 guus
2275 3535 2540 3591 scribitur
2570 3556 2683 3609 quo
2718 3542 2925 3595 moechi
2958 3541 3228 3597 damnari
3270 3543 3680 3616 praecipiuntur.

2097 3622 2276 3677 Porro
2304 3628 2360 3678 et
2377 3625 2473 3696 qui
2500 3632 2746 3682 matrem
2761 3630 2992 3700 eripuit,
3011 3634 3068 3685 et
3087 3632 3183 3703 qui
3201 3648 3442 3687 uxorem
3461 3629 3680 3695 dimisit,

2098 3713 2339 3783 uterque
2368 3715 2767 3785 przejudicium
2792 3718 3026 3788 patitur,
3056 3719 3101 3773 si
3131 3720 3413 3792 supplicio
3444 3719 3681 3791 punitur;

2096 3801 2375 3870 quoniam
2409 3802 2543 3857 inde
2576 3806 2795 3860 auctori
2817 3806 2958 3878 legis
2988 3823 3047 3860 se
3079 3809 3311 3878 placere
3329 3811 3509 3879 putat,
3542 3804 3682 3861 unde

2097 3888 2400 3945 offendisse
2414 3893 2860 3963 .prasjudicatur.
2892 3894 3276 3967 Quapropter,
3313 3895 3682 3958 dilectissime,

2095 3992 2209 4029 non
2254 3978 2470 4033 bonum
2509 3983 2663 4036 malo
2721 3982 2930 4037 melius
2983 3984 3297 4051 existimes,
3350 3986 3449 4040 sed
3478 3986 3683 4039 bonum

2093 4064 2247 4119 bono
2282 4067 2484 4121 melius
2516 4070 2754 4125 credas:
2812 4076 2871 4125 et
2924 4088 2991 4125 ex
3044 4072 3352 4128 contrariis
3402 4067 3684 4127 sententiis

2091 4168 2222 4206 eam
2249 4155 2427 4226 eligas
2446 4172 2560 4227 qua
2578 4159 2724 4213 vitiis
2751 4160 3143 4227 abrenunties,
3168 4165 3223 4215 et
3251 4161 3566 4216 moralibus
3586 4157 3681 4211 vir-

2091 4243 2279 4295 tutum
2312 4244 2594 4299 exercitiis
2650 4238 2890 4304 crescas.
2935 4250 3214 4321 Denique,
3256 4250 3422 4317 dum,
3477 4243 3682 4303 abbatis

2091 4345 2234 4384 onus
2254 4335 2487 4403 portare
2501 4333 2807 4404 debeas,au
2825 4336 3036 4391 debeas
3048 4336 3676 4408 deponere,addubitas,

2090 4417 2515 4487 discretionem,
2539 4439 2653 4494 qua
2670 4425 2923 4479 maxime
2956 4442 3098 4497 opus
3113 4426 3566 4493 habes,matrem
3581 4422 3677 4475 vir-

2089 4510 2279 4562 tutum
2297 4517 2655 4579 assumas;et,
2678 4513 3119 4569 conscendeudo
3134 4514 3389 4569 tribunal
3409 4513 3681 4569 conscien-

2090 4594 2206 4664 tite,
2229 4598 2447 4668 judicio
2480 4600 2696 4658 discute
2720 4602 2857 4674 quid
2886 4603 3078 4657 utilius
3098 4604 3459 4658 honestiusve
3486 4602 3555 4656 sit
3574 4596 3682 4653 ani-

2088 4702 2199 4740 mm
2233 4692 2365 4742 tua}.
2396 4690 2538 4743 Nam
2563 4691 2816 4746 officium
2850 4692 3073 4747 abbatis
3098 4693 3362 4764 implere,
3392 4695 3448 4748 et
3470 4693 3678 4746 lucrum

2089 4775 2418 4831 animarum
2443 4796 2701 4849 quaerere
2744 4780 3212 4837 honestissimum
3237 4781 3435 4849 ρει,ουὶ
3453 4797 3565 4835 non
3586 4778 3678 4830 im-

2087 4865 2355 4935 possibile
2389 4871 2504 4934 est;
2529 4868 2617 4921 cui
2651 4885 2786 4922 vero
2820 4870 3041 4924 malitia
3071 4870 3458 4941 subjeclorum
3482 4869 3679 4937 impos-

2085 4953 2249 5009 sibile
2282 4958 2386 5023 est,
2420 4957 2560 5027 quid
2610 4961 2888 5027 superest,
2940 4958 3046 5011 nisi
3078 4963 3140 5012 ut
3182 4959 3478 5013 honestius
3529 4957 3679 5028 putet

2087 5043 2280 5099 divino
2312 5062 2515 5116 parcre
2544 5048 2797 5113 oraculo,
2835 5062 2946 5118 quo
2977 5048 3253 5118 scriptum
3273 5051 3392 5102 est:
3423 5046 3557 5112 Fili,
3588 5044 3678 5096 mi-

2082 5151 2247 5189 serere
2278 5137 2473 5188 am'ma:
2500 5142 2604 5189 tua:
2614 5136 2831 5205 placens
2860 5136 2971 5189 Deo
2999 5137 3026 5191 ?
3061 5137 3255 5209 (Eccli.
3287 5154 3414 5204 xxx,
3445 5133 3560 5206 24.)
3578 5134 3672 5188 Sa-

2083 5239 2155 5277 ne
2183 5226 2239 5276 et
2269 5223 2421 5296 apud
2454 5224 2806 5279 Ezechielem
2832 5226 3176 5295 speculator,
3209 5226 3464 5281 clamans
3489 5228 3543 5278 et
3564 5236 3673 5275 non

2082 5311 2327 5379 auditus,
2362 5312 2623 5368 animam
2655 5330 2815 5368 suam
2842 5313 3087 5382 liberat;
3150 5318 3226 5382 et,
3259 5314 3409 5385 apud
3441 5308 3671 5366 Benedi-

2082 5403 2236 5453 ctum
2289 5405 2536 5471 patrem,
2591 5406 2786 5473 pastor
2832 5408 3057 5473 spretus
3087 5407 3144 5457 et
3186 5404 3546 5473 contemptus
3574 5397 3671 5451 ab-

2081 5490 2335 5558 solvitur,
2361 5491 2456 5562 qui
2499 5509 2736 5546 omnem
2771 5508 2968 5545 curam
3002 5491 3261 5546 exhibuit
3306 5488 3534 5545 creditis
3559 5483 3671 5541 ovi-

2075 5578 2198 5633 bus.
2230 5580 2533 5647 Czeterum,
2586 5580 2927 5635 venerabilis
2988 5584 3174 5651 pater,
3208 5581 3412 5635 saltem
3444 5577 3497 5631 in
3529 5571 3672 5629 festi-
