3876 6172
385 340 492 398 403

1505 335 1563 399 S.
1602 337 1783 396 ABBO
1823 333 2318 400 FLORIACENSIS
2355 341 2598 400 ABBAS.

3543 351 3629 411 404

311 451 320 456 ’
401 459 746 527 subsidium,
780 475 975 516 verum
1011 459 1189 516 etiam
1221 459 1280 514 in
1307 461 1417 516 hoc
1449 461 1802 518 monasterio
1830 463 2016 519 missae
2091 461 2262 520 faciat
2289 465 2345 520 in
2375 465 2581 538 quibus
2599 465 3017 538 quadrangulis
3041 470 3274 538 quatuor
3297 469 3514 525 nomina
3529 487 3634 528 ere-

393 550 779 622 probibentur
805 547 1102 615 celebrari,
1136 549 1362 621 sepeliri
1392 550 1567 605 etiam
1599 551 1814 606 ibidem
1849 569 2003 606 mor-
2029 541 2076 599 Α
2107 555 2243 609 etim
2290 555 2475 626 posita
2515 556 2783 626 leguntur
2805 573 2822 608 :
2856 554 2912 609 in
2958 555 3173 610 duobus
3199 555 3414 628 quidem
3451 558 3565 613 Otto
3593 565 3640 614 et

399 643 524 694 tuos
569 637 880 693 interdicis.
917 637 1080 701 Quod
1105 637 1149 691 si
1195 637 1274 692 ita
1313 643 1418 705 cst,
1452 656 1486 694 a
1523 640 1621 693 tali
1670 657 1768 694 vos
1808 641 2004 695 horta-

401 743 530 781 mur
583 726 1005 780 inhumanitate
1055 727 1346 798 suspendi,
1393 731 1453 782 et
1509 729 1736 800 sepeliri
1791 729 2004 785 ibidem

335 885 355 895 Α
403 818 664 870 mortuos
688 816 777 868 vel
804 815 1086 870 celebrari
1113 815 1312 870 missas
1339 817 1496 871 nulla
1527 817 1764 872 ulterius
1811 818 2008 873 habita

397 904 855 960 contradictione
885 905 1206 975 permittas,
1235 923 1308 983 ne
1362 907 1552 961 denuo
1597 908 1890 979 querelam
1937 909 2005 962 de

401 993 489 1048 bis
520 1010 648 1066 qua:
673 993 824 1048 dicta
855 997 988 1048 sunt
1013 995 1320 1064 praedictus
1349 996 1434 1050 vir
1457 996 1800 1050 venerabilis
1837 997 2009 1066 depo-

405 1099 543 1138 nere
575 1084 976 1154 compellatur.
1007 1105 1036 1133 »
1069 1084 1280 1138 Verum
1313 1083 1383 1139 de
1428 1085 1516 1139 his
1563 1085 1698 1139 satis
1754 1085 2003 1154 dictum;

403 1172 558 1226 nunc
583 1175 784 1244 coeptas
813 1171 1162 1227 narrationis
1191 1173 1335 1228 ordo
1363 1177 1677 1245 repetatur.

470 1261 777 1332 Regressus
809 1260 1000 1332 itaque
1023 1262 1378 1317 honorabilis
1405 1264 1568 1319 Abbo
1620 1264 1692 1319 ad
1744 1280 1944 1336 regem
1975 1281 2010 1316 a

401 1366 513 1421 quo
543 1349 746 1403 missus
774 1349 1202 1416 fuerat,cuncta
1223 1368 1326 1422 pro
1360 1352 1565 1424 quibus
1595 1352 1740 1407 ierat
1755 1353 2007 1426 perfecta

404 1437 652 1491 nuntiat.
689 1438 993 1492 Arnull‘um
1038 1439 1384 1494 Remensem
1434 1441 1690 1496 custodia
1717 1441 1790 1514 (9)
1811 1457 2014 1502 exem;

405 1529 564 1596 ptum
583 1525 938 1596 pontiﬁcatui
957 1527 1467 1600 restituit;pallium
1482 1529 1837 1585 illiadomno
1857 1547 2006 1602 papa

400 1612 682 1668 directum
702 1615 972 1671 reddidit.
1000 1617 1134 1670 Post
1163 1617 1426 1689 liaec,per
1454 1617 1864 1686 internuntios,
1897 1618 2003 1690 ipsi

398 1704 713 1758 venerabili
743 1705 1056 1776 apostolico
1083 1705 1301 1761 domno
1349 1706 1625 1777 Gregorio
1671 1707 2004 1762 amicabiles

399 1792 715 1864 plenasque
728 1793 1064 1868 reverentiae.
1079 1793 1590 1865 dirigitlitteras,in
1609 1796 1817 1868 quibus
1834 1795 2002 1852 inno-

399 1880 562 1935 tescit
603 1899 664 1936 se
705 1885 911 1937 cuncta
955 1882 1036 1936 uti
1073 1883 1326 1953 jusserat
1369 1883 1693 1956 perfecisse.
1746 1883 2002 1949 Quarum

398 1969 552 2024 istud
581 1973 666 2024 est
691 1971 993 2026 exordium
1027 1988 1041 2026 :
1075 1994 1100 2022 ‹‹
1127 1973 1378 2028 1)οωίηο
1420 1989 1652 2046 semper
1691 1973 1748 2028 in
1780 1973 2001 2029 Christo

398 2059 950 2128 venerabili,sanctm
965 2061 1240 2116 Romanze
1254 2063 1650 2133 etapostolica:
1676 2062 1828 2118 sedis
1854 2078 2000 2133 prte-

394 2147 523 2214 suli,
546 2165 611 2202 ac
635 2147 764 2202 ideo
793 2149 1125 2204 universalis
1141 2151 1404 2204 Ecclesiae
1447 2150 1691 2218 doctori,
1725 2167 1858 2205 suus
1883 2151 2000 2219 ille,

395 2235 556 2289 Abbo
617 2235 1061 2292 Floriacensium
1101 2240 1310 2306 rector,
1344 2237 1404 2292 in
1452 2238 1675 2293 Christo
1733 2239 1998 2296 salutem.

398 2322 616 2394 Saepius
637 2323 1224 2396 contingitutpuritas
1241 2325 1480 2397 integra:
1502 2325 1755 2381 veritatis
1779 2327 2003 2380 vacillet

393 2411 681 2466 sententia
698 2413 952 2467 maleﬁdi
971 2413 1028 2466 in
1038 2414 1494 2484 terpretis.Quod
1522 2413 2002 2484 ego,venerabilis

393 2502 814 2572 pater,eavens,
846 2501 1013 2556 vestri
1041 2502 1220 2556 animi
1257 2519 1424 2558 sensa
1449 2502 1698 2558 ﬁdeliter
1723 2503 1998 2576 simplici-

391 2591 687 2659 terque,ut
715 2588 1554 2664 prazcepistis,deprompsi,nec
1569 2591 1999 2646 animositatem

394 2693 462 2731 ex
490 2694 611 2732 asse
654 2677 889 2747 servavi,
911 2679 1388 2752 quandoquidem
1419 2681 1559 2735 nihil
1607 2680 1824 2748 addidi,
1855 2680 1996 2735 nihil

394 2765 749 2838 minui,nihil
772 2765 1094 2835 immutavi,
1109 2767 1712 2841 nihilreliqui.Horum
1732 2769 1995 2826 omnium

394 2855 514 2924 ipse
563 2854 856 2925 Arnull‘us,
889 2873 920 2909 e
971 2857 1228 2912 custodia
1278 2857 1552 2912 liberatus
1594 2862 1653 2912 et
1677 2859 1994 2925 absolutus,

2029 1847 2079 1907 Β

2107 645 2313 711 Caesar,
2344 643 2400 698 in
2431 643 2552 698 aliis
2579 661 2708 699 vero
2735 644 2896 698 Abbo
2929 647 2986 698 et
3010 643 3174 712 abba,
3206 661 3324 716 qum
3354 645 3513 700 minio
3531 649 3642 702 scri-

2105 737 2224 804 pta,
2257 731 2390 788 licet
2428 731 2736 804 separatim
2777 733 2884 786 hoc
2915 735 3140 798 sonent,
3173 735 3354 787 tamen
3388 751 3506 788 cum
3539 736 3644 790 aliis

2106 839 2373 878 versuum
2411 821 2618 876 litteris
2649 821 2705 875 in
2738 821 2941 876 ordine
2972 820 3303 892 rediguntur
3325 823 3452 894 (vide
3480 824 3642 896 infra).

2164 911 2276 966 Sed
2289 912 2347 964 et
2363 909 2518 964 idem
2535 909 2878 964 venerabilis
2895 909 3058 963 Abbo
3075 908 3145 963 ad
3160 909 3442 964 0dilonem
3459 909 3648 964 Clunia-

2108 999 2368 1055 censium
2392 998 2665 1052 abbatem
2696 997 3110 1064 venerabilem,
3137 1013 3285 1052 sana:
3313 999 3367 1050 et
3404 997 3649 1068 religiosa:

2108 1089 2239 1144 vitae
2271 1089 2479 1155 virum,
2525 1085 2802 1152 scribens,
2837 1085 2973 1158 quid
3007 1085 3252 1157 capitula
3289 1101 3395 1139 era:
3429 1084 3530 1156 (ll)
3555 1085 3650 1139 sive

2110 1177 2407 1244 adnotata,
2457 1192 2587 1247 quas
2642 1175 2700 1230 in
2741 1173 3060 1246 Evangeliis
3105 1174 3399 1242 habentur,
3431 1173 3564 1228 inter
3607 1191 3654 1228 se

2110 1265 2466 1337 discrepent;
2499 1263 2706 1336 quidve
2735 1263 2804 1317 de
2932 1265 3130 1334 aperta
3173 1261 3304 1316 satis
3349 1259 3654 1316 enodatioae

2107 1355 2379 1409 declarat.
2407 1352 2664 1407 Existunt
2695 1357 2751 1406 et
2782 1351 2893 1406 alia
2923 1351 2993 1406 ad
3026 1350 3168 1406 alios
3195 1350 3358 1420 hujus
3387 1349 3550 1404 sancti
3575 1365 3660 1420 pa-

2107 1443 2209 1497 tris
2230 1441 2700 1514 scripta,quae,ne
2718 1439 2918 1494 lectori
2938 1438 3230 1494 fastidium
3245 1439 3660 1508 generent,nnnc

2105 1531 2341 1587 interim
2370 1533 2644 1602 tegantur
2691 1545 2794 1600 per
2843 1528 3158 1583 silentium.
3192 1527 3377 1581 Unum
3409 1526 3540 1580 illud
3565 1542 3662 1580 non

2106 1619 2517 1686 omittendum,
2549 1619 2706 1690 quod
2735 1617 2924 1689 cyclos
2964 1632 3254 1670 annorum
3297 1613 3668 1670 incarnationis

2105 1708 2440 1776 Dominicae,
2473 1707 2544 1762 ab
2577 1705 2860 1761 incarnati
2891 1705 3061 1760 Verbi
3095 1703 3269 1759 initio
3297 1703 3370 1757 ad
3398 1720 3494 1758 sua
3516 1717 3671 1772 usque

2105 1796 2408 1868 tempora,j
2419 1799 2553 1851 uxta
2562 1811 2814 1850 veracem
2825 1792 3262 1864 Evangeliorum
3276 1791 3442 1847 ﬁdem
3457 1789 3673 1846 correxit

2105 1887 2277 1958 atque
2303 1884 2378 1938 ad
2420 1899 2604 1938 annos
2640 1885 2844 1954 postea
2885 1881 3113 1935 circiter
3168 1880 3326 1935 mille
3359 1879 3674 1952 quingentos

2105 1973 2427 2044 nonaginta
2457 1971 2728 2042 quinque
2752 1968 3032 2025 dilatavit.
3069 1969 3241 2040 Cujus
3278 1966 3462 2040 operis
3493 1964 3674 2036 prasta-

2105 2061 2420 2115 tiunculam
2445 2059 2572 2130 (l2),
2598 2057 2870 2113 fratribus
2889 2074 2954 2112 ac
2985 2057 3114 2112 filiis
3149 2055 3286 2124 suis,
3311 2054 3471 2111 nobis
3490 2052 3678 2110 scilicet

2114 2147 2564 2205 Floriacensibus
2591 2147 2940 2218 consignans
2985 2144 3310 2211 monachis,
3351 2141 3678 2198 mentionem

2102 2236 2241 2291 facit
2271 2236 2410 2290 anni
2444 2236 2714 2290 transitus
2737 2233 3081 2289 sanctissimi
3109 2234 3296 2304 patris
3327 2229 3621 2286 Benedicti.

2174 2325 2302 2381 CAP.
2337 2324 2467 2381 XIV.
2503 2323 2760 2394 Leprosus
2787 2323 2853 2376 ab
2883 2339 2940 2376 eo
2960 2329 3202 2376 sanatus.
3231 2351 3291 2362 -
3315 2317 3684 2388 Sufﬁciatjam

2101 2430 2257 2468 nunc
2289 2413 2518 2467 laudem
2549 2411 2733 2466 ﬁdelis
2770 2410 2986 2482 linguas
3046 2411 3195 2482 ejus,
3227 2409 3468 2482 stylique
3524 2405 3686 2479 politi,

2101 2504 2383 2572 quantum
2411 2499 2676 2572 possibile
2706 2499 2834 2566 fuit,
2871 2499 3299 2571 deprompsissc
3331 2497 3689 2570 elegantiam;

2101 2589 2237 2644 illud
2252 2588 2464 2644 celebri
2480 2587 2708 2642 famain
2727 2588 2972 2660 populos
2983 2589 3298 2659 propalare
3311 2585 3688 2657 dignissimum

2101 2694 2467 2750 nequaquam
2501 2677 2656 2732 hunc
2693 2677 2927 2732 beatum
2959 2676 3151 2731 virum
3194 2694 3230 2732 a
3271 2678 3390 2732 Deo
3422 2676 3692 2748 expertem

2099 2767 2511 2822 miraculorum
2539 2765 2828 2833 relictum,
2861 2765 3000 2820 dum
3031 2766 3226 2840 adhuc
3249 2780 3426 2821 carne
3455 2777 3690 2836 praesens

2097 2855 2680 2912 incoleretszeculum.
2697 2852 2843 2918 Quin
2867 2855 3055 2926 potius
3076 2855 3208 2926 ejus
3232 2854 3345 2910 sibi
3371 2849 3694 2909 monstravit

395 2943 554 2998 testis
570 2957 655 2998 est.
674 2961 688 3012 ;
712 2943 802 2998 cui
823 2948 1073 3000 vestrum
1101 2945 1336 3018 pallium
1361 2963 1429 3001 eo
1457 2949 1659 3002 tenore
1679 2947 1787 3020 (10)
1812 2947 1994 3003 obtuli
2093 2945 2370 3018 placuisse
2387 2944 2563 2999 vitam
2577 2960 2752 3016 quam
2766 2943 3054 2998 miraculis
3067 2943 3256 2999 voluit
3276 2961 3399 2998 esse
3411 2941 3697 3013 insignem.

393 3033 688 3104 quomodo
718 3033 860 3088 illud
889 3051 1224 3105 acceperam
1253 3052 1320 3090 ex
1361 3035 1570 3090 sanctis
1602 3037 1870 3092 manibus
1899 3052 1994 3091 ve-

2097 3034 2310 3089 Eadem
2339 3037 2531 3088 autem
2559 3035 2902 3104 tempestate
2932 3031 3043 3086 fuit
3073 3032 3324 3104 quidam
3349 3033 3530 3088 homo
3547 3044 3702 3101 quem

395 3121 546 3175 stris.
587 3143 615 3170 n
647 3121 904 3176 Meminit
930 3125 988 3176 et
1018 3123 1076 3178 in
1103 3123 1218 3178 ﬁne
1249 3141 1448 3180 earum
1482 3127 1727 3197 planetu:
1758 3125 1830 3179 ab
1871 3124 1994 3196 ipso
2018 3128 2068 3190 C
2098 3123 2223 3180 dira
2241 3124 2416 3194 lepra:
2454 3120 2790 3193 perfuderat
2829 3121 3086 3176 macula.
3124 3121 3233 3177 Hic
3277 3119 3606 3176 admonitus
3632 3121 3705 3172 est

395 3209 501 3264 sibi
531 3210 700 3278 data,
723 3211 1089 3284 itainquiens
1121 3229 1134 3267 :
1171 3234 1200 3264 «
1231 3213 1396 3280 Nam,
1417 3213 1778 3268 liberalitatis
1795 3217 1997 3268 vestrae

401 3316 650 3366 memor,
669 3303 732 3354 ut
759 3317 952 3356 servus
973 3301 1221 3357 Domino
1253 3303 1466 3372 gratias
1494 3301 1818 3374 refero,qui
1847 3302 2000 3356 inter

399 3387 705 3443 missarum
736 3391 1041 3458 solemnia,
1072 3405 1313 3445 munere
1362 3394 1548 3446 vestro
1581 3408 1712 3445 usus
1745 3391 1995 3462 planeta,

398 3477 568 3532 vestri
600 3479 756 3534 nullo
791 3480 966 3534 modo
999 3479 1246 3534 oblivisci
1279 3480 1438 3534 valeo
1477 3479 1534 3533 in
1573 3479 1718 3534 meis
1763 3479 1999 3534 oblatio-

400 3565 584 3622 nibus.
620 3567 905 3622 Caeterum
938 3567 1094 3622 vobis
1125 3583 1355 3639 semper
1397 3583 1601 3638 parere
1633 3567 1878 3634 decrevi,
1901 3584 1998 3622 cu-

392 3655 487 3727 jus
516 3657 903 3728 apostolatum
934 3656 1084 3710 Deus
1117 3655 1402 3710 custodiat
1431 3657 1489 3710 in
1525 3658 1744 3711 (eterna
1773 3673 1930 3727 pace.
1969 3677 1996 3705 ››

472 3745 601 3800 CAP.
632 3745 766 3798 XIII.
798 3745 1038 3799 Abbom's
1059 3744 1290 3816 cpistola:
1319 3752 1369 3799 ct
1395 3747 1594 3816 scripta
1639 3746 1902 3818 quantum.
1931 3776 2001 3786 —

404 3833 597 3889 Ottoni
627 3851 855 3906 quoque
887 3833 1223 3906 imperatori
1254 3834 1558 3906 epistolam
1590 3835 1846 3890 versibus
1871 3852 2004 3891 con-

403 3923 627 3995 scripsit
654 3923 1200 3990 hexametris,nullis
1221 3923 1568 3994 sapientium
1601 3925 1759 3979 istius
1779 3929 2004 3998 tenipo-

407 4013 486 4068 ris
515 4012 970 4084 comparandam
1009 4012 1380 4085 carminibus,
1407 4031 1436 4068 e
1469 4013 1862 4085 Porphyriano
1895 4014 2000 4070 uti-

407 4120 519 4174 que
550 4103 655 4158 sibi
697 4101 894 4157 codice
935 4102 1230 4173 exemplar
1283 4105 1711 4170 sumens,hunc
1759 4120 2008 4174 versum,

415 4191 724 4246 materiam
751 4195 809 4245 et
839 4191 999 4262 quasi
1039 4191 1485 4248 fundamentum
1516 4192 1690 4248 totius
1719 4193 2013 4248 constituit

405 4280 614 4354 operis.

565 4407 694 4466 Otto,
725 4403 900 4455 valens
933 4407 1114 4467 Caesar,
1141 4413 1308 4455 nostro
1331 4417 1382 4454 lu
1410 4407 1530 4456 cede
1558 4409 1812 4457 cothurno.

411 4541 461 4594 ls
489 4556 702 4611 nempe
729 4555 920 4594 versus
951 4539 1008 4594 in
1035 4539 1242 4594 eadem
1257 4539 1465 4594 desinit
1487 4541 1679 4596 littera
1699 4559 1813 4614 qua
1833 4541 2010 4598 etiam

413 4628 634 4702 incipit;
656 4629 851 4701 sicque
869 4628 933 4684 ﬁt
949 4633 1010 4684 ut
1026 4629 1144 4701 ipse
1171 4628 1450 4700 principia
1463 4647 1727 4686 versuum
1746 4632 2009 4687 omnium

415 4719 708 4792 ﬁnemque
742 4722 1074 4791 tenens,per
1091 4717 1347 4773 medium
1373 4736 1600 4791 quoque
1615 4719 1868 4792 epistolae
1891 4738 2012 4778 ere-

411 4813 554 4876 ctus,
595 4811 853 4880 itemque
904 4809 961 4862 in
1003 4811 1391 4863 transversum
1443 4807 1501 4862 in
1547 4810 1786 4866 modum
1830 4813 2012 4867 crucis

411 4899 664 4960 incedat,
697 4898 816 4970 ipse
849 4895 1225 4951 nihilominus
1254 4897 1507 4952 clausula
1531 4899 1806 4953 carminis
1827 4901 2008 4956 ﬁeret.

409 4989 596 5058 Atque
614 4987 722 5041 hoc
745 4985 920 5040 modo
951 4985 1237 5056 contingit
1267 4989 1328 5039 ut
1357 4991 1414 5040 et
1441 4985 1558 5057 ipse
1580 4987 1759 5042 sexies
1780 4989 2014 5044 diversis

411 5076 604 5132 modis
633 5076 877 5146 legatur,
903 5077 960 5128 et
979 5079 1227 5146 quatuor
1239 5075 1668 5147 quadrangulos
1692 5077 1751 5132 in
1773 5079 2013 5149 epistola

483 5219 563 5292 (9)
595 5217 736 5274 Hinc
758 5221 913 5272 recte
936 5217 1172 5292 colligit
1187 5217 1503 5292 Cossarlius
1545 5220 1852 5276 Arnulfum
1890 5239 2007 5277 non

413 5289 603 5345 statim
628 5307 663 5344 a
681 5289 948 5344 Remensi
975 5290 1215 5343 concilio
1234 5307 1304 5344 an
1317 5291 1370 5344 ni
1395 5295 1518 5354 99-3,
1537 5293 1640 5346 sub
1660 5293 1882 5346 Joanne
1902 5294 2008 5356 XV,

412 5363 740 5417 restitutum
768 5362 959 5427 fuisse,
993 5361 1349 5434 seditantumr
1372 5363 1475 5416 sub
1505 5363 1781 5434 Gregorio
1814 5365 1878 5428 V,
1904 5366 2008 5419 sub

407 5435 674 5526 quentiae
715 5435 926 5506 legatio
962 5433 1225 5506 contigit.
1271 5433 1379 5488 Adi
1419 5433 1638 5502 totum,
1660 5435 1724 5488 IX
1762 5436 1869 5490 col.
1901 5440 2004 5494 757

399 5509 459 5566 et
473 5506 708 5660 ((1508).Sic
737 5575 1125 5639 restituendus
1146 5576 1238 5637 hic
1259 5577 1416 5644 locus
1442 5595 1511 5639 ex
1541 5593 1650 5641 ms.
1671 5577 1868 5640 codice
1890 5579 1999 5641 dif.

2099 3228 2203 3283 per
2227 3209 2520 3266 somnium
2547 3209 2627 3265 uti
2659 3209 2730 3264 ab
2761 3210 2873 3264 hoc
2905 3209 3005 3265 Dei
3035 3209 3288 3266 homine
3321 3226 3442 3266 sua:
3470 3205 3709 3264 sanitatis

2101 3303 2386 3373 quaereret
2410 3298 2704 3354 auxilium.
2727 3297 2856 3366 Qui,
2877 3297 3092 3354 veritus
3121 3316 3236 3371 per
3282 3299 3542 3374 seipsum
3572 3311 3714 3352 acce-

2101 3391 2236 3446 dere
2250 3389 2322 3444 ad
2342 3387 2820 3460 eum,quemdam
2847 3387 2983 3442 boni
3005 3387 3357 3444 testimonii
3382 3386 3718 3460 optimusque

2099 3476 2557 3534 conversationis
2589 3475 2732 3530 adiit
2749 3474 3719 3543 monachum,nomineElisiernum

2103 3567 2313 3636 [Roscio
2329 3566 2485 3631 male,
2517 3564 2865 3632 Elizerium],
2891 3564 3024 3619 huic
3058 3565 3266 3620 eidem
3315 3567 3518 3620 sancto
3565 3559 3722 3617 fami-

2100 3655 2492 3711 liarissimum.
2515 3653 2597 3708 Illi
2627 3669 2766 3724 ergo
2785 3669 2902 3707 sua;
2926 3653 3302 3708 necessitatis
3332 3652 3571 3726 exponit
3599 3667 3726 3706 cau-

2101 3763 2246 3813 sam,
2278 3743 2778 3814 manifestatacque
2808 3741 3048 3798 visionis
3083 3743 3366 3799 modum.
3399 3741 3726 3798 Revelatum

2103 3836 2314 3908 quippe
2356 3832 2462 3886 sibi
2493 3831 2664 3886 fuisse
2718 3830 2911 3886 aiebat
2951 3831 3168 3886 debere
3198 3833 3496 3888 eumdem
3528 3829 3723 3886 Christi

2105 3926 2387 3980 famulum
2419 3938 2569 3993 aqua
2599 3919 2923 3975 exorcizata
2939 3936 3151 3976 manus
3173 3921 3452 3990 abluere,
3467 3936 3643 3994 quam
3665 3917 3734 3973 vi-

2109 4012 2312 4068 delicet
2329 4027 2537 4084 aquam
2561 4009 2681 4080 ipse
2699 4025 2856 4081 aeger
2867 4009 3160 4082 suscipere
3179 4011 3736 4081 deberet,langnen-

2109 4102 2304 4173 tiaque
2319 4099 2589 4154 membra
2601 4098 2959 4171 perfundere
2971 4097 3258 4154 .Audiens
3274 4099 3408 4155 haec
3426 4097 3736 4154 monachus

2112 4190 2302 4262 primo
2326 4187 2854 4255 detrectavitﬁdem
2873 4187 2996 4258 ejus
3011 4187 3307 4244 adhibere
3329 4189 3526 4256 dictis,
3557 4187 3739 4242 simul-

2115 4296 2224 4352 que
2243 4293 2376 4332 eum
2394 4275 2482 4330 his
2497 4275 2668 4347 coepit
2689 4275 3000 4347 objurgare
3015 4276 3208 4332 verbis
3229 4295 3287 4332 τι(
3309 4275 3736 4349 Cur,inquiens,

2116 4367 2362 4433 ohomo,
2391 4383 2494 4420 nos
2513 4368 2798 4420 tentatum
2822 4363 3074 4432 advenis,
3099 4367 3494 4422 somniorum
3518 4370 3740 4421 tuorum

2115 4455 2496 4510 deliramenta
2527 4470 2632 4525 pro
2675 4453 2823 4508 veris
2853 4453 3202 4509 inferendo?
3247 4455 3408 4523 Noli,
3445 4456 3567 4510 noli
3599 4451 3743 4508 falsis

2111 4544 2224 4599 tuis
2241 4543 2666 4599 adulationibus
2687 4545 2913 4598 nostras
2937 4545 3166 4598 mentes
3192 4545 3495 4601 seducere
3530 4545 3692 4600 velle.
3723 4564 3745 4588 ››

2109 4635 2252 4689 Tum
2277 4636 2526 4704 aegrotus
2557 4636 2860 4704 persancte
2883 4632 3106 4703 dejerat
3131 4650 3194 4688 se
3234 4637 3480 4690 nullam
3511 4631 3746 4689 fallacia:

2112 4723 2386 4778 nebulam
2415 4721 2804 4795 praetendere,
2844 4721 2983 4794 quin
3031 4721 3231 4792 potius
3273 4741 3427 4780 vera
3477 4725 3750 4795 allegare.

2110 4812 2265 4868 Abiit
2288 4828 2425 4882 ergo
2452 4812 2631 4866 frater
2661 4811 2756 4865 ille
2777 4811 2852 4866 ad
2879 4812 3033 4866 hunc
3052 4811 3122 4866 de
3139 4829 3267 4884 quo
3293 4831 3503 4870 sermo
3518 4813 3755 4868 vertitur

2113 4904 2202 4957 ter
2229 4903 2551 4967 beatum,et
2567 4899 3012 4971 divinum,quod
3030 4917 3064 4956 a
3089 4902 3438 4974 languente
3471 4903 3758 4966 audierat,

2114 4990 2165 5046 ei
2195 4990 2397 5062 pandit
2428 4990 2750 5046 oraculum.
2780 4991 2854 5043 At
2903 4989 2997 5044 ille
3045 4991 3223 5062 paulo
3269 4992 3650 5048 commotior
3705 4991 3758 5041 et

2112 5079 2470 5152 indignantis
2496 5079 2656 5133 vultu
2691 5095 2978 5150 expresso,
3012 5095 3292 5152 peneque
3321 5083 3718 5155 illacrymans
3746 5093 3763 5134 :

2111 5222 2271 5290 ﬁcili,
2306 5221 2696 5296 cumVossius
2723 5221 2950 5294 legerit.
2977 5221 3218 5296 pallium
3242 5232 3600 5296 coopertum.

2183 5297 2300 5370 (ll)
2333 5295 2452 5370 Erae
2481 5311 2580 5370 seu
2623 5293 3104 5370 herieginterdum
3139 5293 3462 5353 sectiohes
3495 5296 3765 5370 capitum

2109 5364 2443 5441 signiﬁcant
2471 5381 2538 5419 ex
2565 5369 2725 5421 tomo
2757 5367 2802 5441 II
2831 5367 3279 5441 Analectorum,
3302 5385 3454 5441 pag.
3488 5364 3764 5441 458.459.

2180 5439 2295 5507 (1'2)
2320 5437 2540 5514 De__hoc
2567 5437 2838 5514 opusculo
2869 5441 3061 5494 actum
3093 5440 3178 5494 est
3205 5438 3276 5494 in
3302 5436 3769 5498 'observatioui-

2102 5505 2210 5563 bus
2239 5505 2489 5584 praeviis.
