3876 6172
231 374 313 427 ,ωδ
1277 365 1638 423 PROCEMIA.
1664 394 1738 407 --
1762 365 1918 422 VlTA
1946 366 2006 421 S.
2038 367 2357 425 ABBONIS.

3388 377 3489 429 tot;

231 518 253 543 α
277 493 398 559 Non,
424 488 626 561 inquit,
658 464 934 543 hactenus
960 504 1030 542 ea
1062 487 1220 543 vobis
1249 486 1462 541 contuli
1493 487 1776 557 exempla,
1804 493 1857 551 Α
1878 487 2090 542 Jacobi.
2111 488 2297 542 Sedet
2320 487 2507 559 paries
2532 488 2775 559 ligneus,
2800 490 2953 545 circa
2976 492 3266 545 tumulum
3286 490 3485 563 inclyti

232 585 279 635 ut
299 596 376 635 me
392 576 725 633 adulationis
739 575 865 648 quis
876 576 1123 630 mstimet
1140 576 1465 630 desiderare
1481 574 1771 647 obsequia.

229 670 543 742 QuaprOpter
559 666 602 721 si
627 683 821 721 meum
850 669 904 720 te
936 666 1015 719 vis
1038 665 1225 721 vocari
1256 668 1309 719 et
1333 682 1451 719 esse
1484 664 1778 732 dilectum,

226 776 332 813 cave
359 775 417 811 ex
455 759 552 810 tuo
587 772 686 810 ore
724 754 872 809 istud
922 753 1193 827 deinceps
1238 754 1468 809 audiam
1518 754 1780 819 verbum,

224 847 467 919 praecipue
499 862 627 900 cum
661 844 733 899 ad
779 844 887 898 ista
936 861 1029 899 me
1075 844 1403 899 nullatenus
1448 843 1623 898 sciam
1660 843 1782 899 fore

224 937 361 1008 [esse]
382 934 670 1000 idoneum,
704 936 762 987 et
790 935 1121 988 sanctorum
1161 932 1297 987 talia
1324 931 1438 987 sint
1467 932 1782 1004 gestaviro-

220 1042 344 1079 rum.
375 1023 466 1079 Cui
496 1039 625 1076 cum
669 1039 702 1076 a
750 1022 926 1076 fratre
985 1021 1333 1091 objiceretur
1366 1038 1481 1075 non
1514 1023 1780 1092 oportere

218 1113 351 1167 illum
369 1112 609 1183 gratiam
623 1110 728 1165 sibi
747 1109 1016 1165 divinitus
1038 1111 1304 1164 collatam
1334 1110 1613 1175 occulere,
1653 1126 1780 1180 quae

216 1200 352 1255 saluti
370 1199 687 1271 petentium
703 1198 1030 1252 crederetur
1053 1214 1215 1269 posse
1234 1197 1524 1269 prodesse,
1540 1213 1779 1269 praeser-

216 1288 299 1342 tim
325 1304 444 1342 cum
474 1287 533 1341 id
556 1288 648 1341 ille
680 1289 838 1345 recta
868 1290 924 1339 et
948 1285 1193 1357 simplici
1228 1285 1360 1352 fide,
1395 1302 1513 1339 non
1546 1285 1782 1339 adulan-

214 1377 332 1432 tium
354 1378 719 1449 persuaderet
733 1380 897 1444 voto;
936 1376 1172 1430 tandem
1201 1392 1259 1430 se
1291 1374 1438 1429 vinci
1459 1392 1656 1445 passus
1673 1377 1776 1440 est,

213 1468 460 1537 allataque
499 1465 806 1519 benedicta
839 1482 1009 1536 aqua,
1043 1481 1250 1518 manus
1280 1463 1432 1529 lavit,
1455 1467 1777 1518 memorato

212 1554 462 1610 monacho
486 1553 709 1618 tribuit,
736 1555 797 1607 ut
823 1570 948 1607 eam
976 1551 1236 1624 poscenti
1254 1552 1484 1607 infirmo
1500 1552 1782 1623 perferret

209 1642 496 1714 imperavit.
554 1645 860 1712 Aceeptam
903 1642 995 1696 ille
1028 1658 1238 1713 aquam
1273 1642 1498 1711 leproso
1541 1641 1779 1714 perfert,

209 1732 347 1804 eique
370 1732 494 1786 inﬁt
529 1749 541 1785 :
570 1752 599 1783 «
628 1733 808 1797 Nunc,
832 1731 1118 1802 inquiens,
1145 1735 1242 1786 tua
1270 1730 1781 1802 infirmitaspalam

1882 576 2219 630 confessoris
2281 576 2485 631 Christi
2536 578 2826 633 Benedicti
2876 580 3113 647 locatus,
3174 580 3351 635 simili
3404 585 3485 635 est

1882 669 2144 747 cojnplus
2159 666 2344 738 specie
2363 667 2603 733 metalli,
2636 670 2807 740 atque
2836 668 2893 723 in
2920 686 2987 724 eo
3023 670 3288 740 quaedam
3310 669 3485 725 mira-

1881 756 2141 810 culorum
2186 755 2446 825 ejusdem
2505 755 2695 811 dilecti
2747 757 2978 813 Domini
3032 759 3323 813 caelatoria
3364 764 3484 813 arte

1882 844 2309 916 perspiciuntur
2343 862 2630 917 expressa.
2688 846 2817 900 llaec
2875 846 3067 919 itaque
3099 851 3156 902 et
3195 848 3307 902 alia
3337 866 3485 903 non-

1882 934 2036 987 nulla
2065 933 2168 988 sub
2200 933 2433 1005 egregio
2466 936 2626 1006 patre
2650 935 2889 990 Abbone
2926 935 2982 988 in
3006 936 3349 991 Floriacensi
3374 955 3481 992 em-

1882 1022 2053 1077 nobio
2092 1023 2345 1093 perfecta
2373 1027 2524 1089 sunt,
2546 1023 2820 1078 instantia
2846 1028 2902 1078 et
2930 1026 3337 1096 procuratione
3371 1028 3473 1082 ho-

1881 1111 2151 1165 norabilis
2194 1112 2463 1165 monachi
2514 1113 2830 1179 Gauzfredi,
2890 1113 2977 1167 cui
3030 1115 3149 1185 ipse
3188 1132 3483 1170 sacrorum

1881 1198 2244 1253 commiserat
2274 1200 2592 1254 custodiam
2639 1201 3067 1265 thesaurorum,
3111 1204 3271 1273 cujus
3307 1204 3479 1258 etiam

1878 1287 2171 1342 Gauzfredi
2195 1288 2578 1342 sollicitudme
2592 1289 3375 1362 gazophylaciumlapideum
3397 1296 3481 1345 est

1878 1377 2378 1441 constructum,ad
2411 1377 2799 1447 repellendam
2835 1377 3002 1447 ignis,
3026 1379 3069 1432 si
3093 1380 3265 1450 (quod
3289 1380 3487 1448 absit!)

1880 1463 2197 1535 ingrueret,
2229 1464 2563 1519 violentiam
2580 1466 2712 1520 satis
2733 1466 3032 1533 idoneum,
3056 1469 3263 1522 eodem
3280 1468 3350 1523 de
3366 1486 3478 1539 quo

1880 1554 2173 1625 loquimur
2197 1554 2508 1609 venerabili
2529 1559 2690 1626 patre
2712 1556 2951 1610 Abbone
2986 1560 3247 1626 sumptus
3270 1558 3483 1611 submi-

1882 1643 2184 1709 nistrante,
2204 1644 2273 1697 de
2292 1643 2375 1713 cuj
2389 1660 2450 1697 us
2462 1642 2589 1697 vita:
2606 1644 2864 1698 moribus
2878 1649 2935 1699 et
2948 1645 3168 1716 scriptis
3185 1644 3322 1717 quia
3339 1647 3488 1700 mul-

1883 1735 1939 1785 ta
1955 1731 2643 1799 retulimus,nefastidiosi
2664 1732 2720 1785 in
2740 1733 3105 1805 multiloquio
3127 1734 3304 1788 simus
3320 1735 3489 1789 lecto-

207 1820 392 1875 cunctis
417 1824 524 1875 est.
553 1819 613 1873 Si
638 1836 776 1891 ergo
794 1819 900 1873 tuis
916 1837 1019 1875 nos
1036 1821 1116 1875 vis
1132 1820 1308 1875 ﬁdem
1338 1820 1780 1875 accommodare
1808 1812 1859 1871 B
1880 1820 1950 1888 ri,
1975 1822 2181 1892 stylum
2202 1821 2275 1875 ad
2296 1821 2416 1891 ejus
2430 1821 2825 1875 enarrandum
2840 1826 3132 1878 vertamus
3153 1824 3481 1880 transitum.

206 1910 563 1968 sermonibus.
588 1912 896 1980 postquam
932 1911 988 1962 te
1017 1909 1107 1962 his
1137 1908 1456 1981 perfuderis
1486 1907 1666 1980 aquis,
1689 1907 1780 1962 die

208 1999 348 2053 tertia
368 1998 583 2054 nostris
628 2001 812 2052 temet
837 1998 1139 2052 visendum
1185 2000 1535 2070 repraesenta
1568 1995 1779 2051 obtuti-

205 2087 352 2144 bus.»
374 2087 530 2141 Fecit
551 2103 710 2157 aeger
731 2088 792 2140 ut
818 2085 923 2140 sibi
956 2085 1370 2158 imperabatur,
1404 2089 1461 2141 et
1485 2101 1615 2140 ecce
1646 2087 1779 2139 ante

205 2179 494 2231 transactos
539 2175 769 2247 praefati
812 2174 1047 2229 termini
1081 2176 1246 2243 soles,
1283 2175 1501 2230 dudum
1533 2174 1779 2229 discolor

204 2264 389 2319 cunctis
419 2264 677 2319 naturali
712 2264 1001 2320 visebatur
1048 2265 1315 2320 reinduta
1362 2265 1422 2337 [Ι.
1456 2263 1777 2323 reindutus]

198 2353 378 2424 specie.
409 2352 583 2417 Quod
620 2353 714 2407 ubi
755 2352 915 2407 fratri
964 2353 1042 2407 illi
1076 2352 1480 2426 perspicaciter
1507 2351 1776 2407 credibile

202 2442 455 2511 apparuit,
475 2458 615 2496 mox
635 2441 859 2495 homini
876 2440 975 2496 Dei
994 2458 1122 2513 quae
1135 2441 1365 2496 fuerant
1384 2443 1510 2495 acta
1524 2440 1779 2495 indicare

198 2531 415 2598 curavit;
450 2547 485 2584 a
516 2546 638 2601 quo
658 2530 761 2583 sub
791 2530 1029 2584 terribili
1063 2529 1779 2585 Christinominisinvoca-

198 2616 329 2672 tione
366 2619 746 2674 interdictum
790 2620 1037 2692 suscepit
1082 2637 1155 2674 ne
1186 2620 1295 2676 hoc
1342 2619 1440 2675 ulli
1471 2618 1778 2674 hominum

196 2704 294 2777 ipse
310 2708 389 2761 vel
406 2708 450 2762 is
479 2708 587 2780 qui
608 2710 840 2762 sanatus
854 2708 1041 2763 fuerat
1055 2708 1503 2776 innotescerent,
1524 2708 1780 2780 quandiu

198 2793 294 2863 ipse
317 2801 546 2851 sanctus
570 2797 628 2850 in
659 2813 900 2868 corpore
931 2801 1215 2853 maneret.
1244 2800 1305 2853 In
1337 2815 1451 2870 qua
1471 2816 1533 2852 re
1548 2796 1779 2853 Domini

197 2880 373 2939 Christi
416 2890 475 2940 et
520 2885 928 2956 Redemptoris
964 2886 1145 2941 nostri
1167 2887 1425 2942 imitatus
1450 2886 1779 2959 exemplum

197 2975 283 3037 est,
308 2975 421 3045 qui,
453 2979 730 3030 sanatum
762 2992 795 3029 a
825 2992 885 3029 se
915 2976 1214 3047 alloquens
1272 2978 1585 3048 leprosum,
1626 2976 1779 3042 Vide,

1951 1909 2078 1963 CAP.
2098 1910 2228 1963 XVI.
2252 1909 2474 1979 Regich
2496 1912 2872 1963 monasterium
2918 1912 3308 1981 rcformaturus
3348 1914 3482 1968 adit.

1877 1996 2017 2052 Suos
2048 1998 2123 2051 ibi
2146 1998 2420 2069 relinquit.
2449 2030 2519 2038 —
2545 1998 2722 2068 Igitur
2748 2015 2878 2053 cum
2921 1999 3011 2052 hic
3064 2002 3177 2055 Deo
3218 2001 3485 2055 amabilis

1878 2085 2323 2158 hominibusque
2341 2086 2683 2142 venerabilis
2698 2087 2860 2141 Abbo
2876 2105 2977 2159 per
2989 2087 3274 2142 sexdecim
3298 2106 3485 2144 annos

1878 2174 2254 2230 continuosin
2276 2192 2310 2229 a
2335 2176 2453 2229 Deo
2486 2174 2590 2230 sibi
2613 2174 2922 2230 commisso
2953 2175 3222 2247 pastorali
3245 2180 3478 2231 strenue

1877 2262 2208 2318 desudasset
2227 2263 2436 2318 officio.
2474 2263 2831 2318 Wasconiam
2862 2263 3258 2334 proficiscitur.
3288 2266 3383 2318 Est
3424 2266 3480 2319 in

1878 2349 1986 2405 illis
2008 2350 2265 2422 partibus
2296 2351 2715 2406 monasterium
2733 2352 3026 2423 quoddam
3062 2351 3349 2423 Squirs,ut
3369 2353 3483 2408 fer-

1877 2442 1992 2507 tur,
2024 2439 2343 2512 antiquitus
2374 2439 2740 2495 nominatum
2764 2458 2778 2507 ;
2798 2458 2833 2494 a
2853 2439 3171 2507 modernis,
3190 2442 3481 2497 contrario

1880 2546 2032 2584 nunc
2064 2529 2365 2595 vocabulo,
2420 2529 2638 2600 Regula
2684 2528 3017 2584 vocitatum.
3066 2530 3231 2585 Nulla
3269 2530 3482 2603 quippe

1877 2618 2174 2689 religionis
2191 2618 2584 2685 norma,nulla
2597 2620 2695 2671 aut
2707 2634 2838 2672 rara
2852 2618 3021 2673 bona:
3035 2618 3487 2674 conversationis

1879 2708 2083 2761 saltem
2106 2706 2345 2778 vestigia
2372 2724 2547 2779 usque
2586 2707 2658 2761 ad
2688 2706 2810 2761 haec
2836 2706 2896 2761 in
2927 2708 3277 2763 eodemloco
3306 2723 3485 2778 appa-

1880 2812 2047 2851 ruere
2072 2799 2354 2867 tempora.
2374 2796 2433 2850 Id
2455 2795 2789 2849 Guillelmus
2801 2795 3129 2850 Sanctionis
3152 2796 3319 2863 ﬁlius,
3356 2798 3487 2850 Bur-

1882 2883 2277 2955 degalcnsium
2292 2900 2487 2938 comes
2499 2900 2564 2937 ac
2581 2883 2753 2938 totius
2770 2884 3103 2938 Guasconize
3128 2884 3260 2951 dux,
3292 2884 3487 2939 audita

1880 2973 2037 3027 fama
2067 2972 2347 3044 religiosa:
2378 2972 2506 3026 vitae
2524 2972 3006 3027 domniRichardi
3040 2973 3484 3030 Floriacensium

195 3061 276 3127 ait,
305 3066 504 3118 nemini
525 3064 729 3118 dixeris
763 3062 988 3133 (Matt/1.
1023 3082 1137 3133 vni,
1171 3067 1246 3137 4).
1279 3066 1405 3120 tlzec
1437 3066 1621 3133 nobis,
1654 3068 1783 3137 post
1813 3100 1859 3159 Ο
1882 3061 2123 3129 abbatis,
2171 3061 2278 3131 ipsi
2326 3061 2862 3134 successoribusque
2895 3062 3017 3133 ejus
3056 3064 3130 3117 ad
3159 3064 3484 3136 regendum

194 3147 336 3219 huius
363 3151 718 3207 sanctissimi
744 3152 848 3206 viri
874 3154 1205 3222 transitum,
1239 3154 1511 3226 praefatus
1534 3154 1781 3208 domnus

195 3234 474 3295 Elisiernus
501 3240 616 3295 sub
647 3241 1013 3296 attestatione
1070 3241 1268 3297 retulit
1307 3242 1593 3309 veritatis;
1652 3258 1777 3314 qua:

193 3340 297 3391 nos,
325 3328 548 3402 absque
581 3328 931 3385 detrimento
950 3328 1064 3384 veri
1084 3335 1470 3401 augmentove
1494 3329 1775 3396 falsitatis,

192 3412 503 3486 simpliciter
527 3417 751 3472 referre
784 3418 1130 3473 studuimus.
1166 3420 1263 3473 llle
1292 3419 1634 3473 venerabilis
1676 3419 1780 3472 Eli-

191 3500 402 3573 siernus,
464 3509 609 3561 ante
664 3509 963 3578 peractum
992 3523 1059 3561 ex
1091 3524 1204 3579 quo
1251 3508 1358 3562 ista
1398 3506 1560 3561 nobis
1586 3506 1781 3561 retulit

194 3604 405 3662 annum,
433 3594 747 3650 laudabilis
770 3595 899 3650 vita:
930 3595 1087 3650 diem
1117 3595 1319 3650 clausit
1345 3596 1634 3653 ultimum.

249 3682 365 3737 Car.
396 3685 507 3741 XV.
543 3682 874 3738 Ornamenta
906 3684 1133 3740 ecclesiae
1164 3684 1231 3738 ab
1269 3702 1326 3738 eo
1349 3685 1521 3754 facta.
1557 3715 1621 3726 -—
1654 3684 1776 3739 Non

192 3770 477 3829 abhorrere
504 3792 541 3829 a
576 3776 734 3828 recto
753 3773 938 3828 laudis
953 3773 1209 3829 creditur
1241 3773 1537 3846 genere,si
1563 3791 1629 3829 ea
1651 3790 1778 3846 quas

191 3860 401 3932 subipso
424 3864 513 3917 vel
542 3862 849 3934 peripsum
869 3862 941 3917 ad
979 3865 1249 3918 ornatum
1270 3863 1475 3917 domus
1494 3862 1615 3931 Dei,
1650 3879 1776 3934 quin

192 3952 523 4019 estecclesia,
542 3954 709 4024 gesta
720 3954 875 4019 sunt,
900 3956 1096 4007 noster
1116 3952 1359 4025 explicet
1376 3952 1774 4018 sermo,maxi-

190 4054 268 4092 me
295 4057 420 4096 cum
454 4042 616 4095 inter
629 4040 1035 4095 Salomoniaca
1060 4042 1352 4113 prmconia
1370 4042 1477 4095 hoc
1492 4040 1775 4111 praecipue

191 4125 427 4184 laudetur
442 4129 607 4203 quod
626 4130 1143 4201 templumDomini
1162 4130 1479 4202 magnificis
1496 4132 1778 4184 exstruxe-

193 4214 253 4269 rit
273 4218 571 4290 impensis.
590 4220 657 4273 Et
683 4219 944 4290 quamvis
975 4220 1097 4291 ejus
1128 4221 1330 4275 tenues
1360 4219 1540 4291 copiae
1567 4218 1778 4273 divitiis

194 4312 459 4377 nequeant
475 4307 1109 4379 locupletisSalomonis
1121 4308 1407 4382 adaequari
1418 4311 1635 4376 ,tamen
1650 4323 1778 4379 quia

1881 3150 2097 3204 dudum
2117 3149 2508 3217 commiserat,
2540 3154 2602 3206 ut
2636 3150 2692 3204 in
2723 3150 2870 3205 libro
2901 3152 3017 3221 (l3)
3053 3168 3227 3223 quem
3276 3152 3346 3207 de
3371 3151 3486 3206 vita

1878 3240 1966 3292 vel
1994 3238 2210 3293 actibus
2231 3239 2504 3293 abbatum
2536 3239 2715 3294 nostri
2740 3240 2848 3294 loci
2879 3239 3230 3311 scripsimus,
3260 3240 3486 3311 plenius

1880 3329 2249 3400 explanatum
2276 3331 2379 3382 est.
2406 3330 2468 3381 ln
2489 3345 2603 3400 quo
2623 3330 2770 3396 loco,
2795 3333 2915 3384 tam
2937 3328 3006 3383 ab
3027 3329 3148 3400 ipso
3169 3330 3485 3385 venerabili

1880 3416 2165 3471 Richardo
2206 3434 2497 3489 quamque
2546 3434 2579 3471 a
2618 3417 2839 3472 duobus
2870 3418 2992 3488 ejus
3037 3418 3481 3483 successoribus,

1877 3505 2211 3561 Amalberto
2227 3523 2290 3560 ac
2311 3506 2718 3577 Oylboldo,diu
2734 3507 3096 3579 multumque
3119 3508 3482 3563 elaboratum

1880 3599 1984 3663 est,
2006 3612 2118 3667 quo
2138 3612 2268 3651 vere
2292 3596 2336 3649 is
2354 3598 2528 3662 locus,
2555 3613 2657 3668 per
2679 3596 3070 3651 habitatorum
3096 3596 3481 3651 conversatio-

1880 3702 2037 3752 nem,
2058 3687 2331 3740 vocabulo
2348 3689 2606 3739 uteretur
2620 3703 2745 3749 suo;
2766 3703 2867 3741 nec
2882 3685 3205 3757 quidquam
3222 3685 3483 3740 utilitatis

1879 3777 2089 3828 actum.
2122 3775 2255 3829 Post
2281 3791 2423 3845 quos
2454 3774 2593 3828 dum
2626 3775 2717 3829 hic
2748 3775 2831 3829 vir
2846 3775 3222 3829 beatusAbbo
3242 3773 3480 3845 regimi-

1877 3862 1966 3916 nis
1992 3862 2232 3934 adeptus
2264 3866 2411 3917 esset
2428 3862 2701 3933 gradum,
2733 3864 3079 3935 quibusdam
3110 3862 3217 3917 sibi
3243 3878 3479 3934 persua-

1876 3950 2144 4006 dentibus
2164 3955 2447 4023 quatenus
2480 3969 2547 4006 eo
2580 3952 3062 4023 proficisceretur,
3090 3952 3485 4022 respondebat

1876 4057 2005 4095 cum
2028 4040 2166 4111 joco
2187 4058 2245 4094 se
2267 4040 2397 4095 illuc
2420 4041 2633 4094 iturum
2661 4041 2890 4111 quando
2911 4057 3043 4093 eum
3059 4040 3289 4093 satietas
3308 4038 3485 4108 cepis-

1875 4132 1962 4183 set
1985 4130 2132 4183 vita}.
2160 4130 2225 4182 Et
2243 4145 2576 4200 quanquam
2603 4127 2658 4181 id
2679 4128 2797 4198 ipse
2817 4128 3019 4181 ludens
3042 4126 3481 4193 diceret,tamen

1878 4218 1959 4273 ita
1978 4236 2035 4273 se
2056 4221 2183 4289 post
2204 4217 2712 4273 reihabuitexitus.
2744 4216 3323 4288 Ferebaturdenique
3344 4216 3485 4271 nulli

1880 4307 2368 4379 prazdecessorum
2394 4306 2514 4377 ejus
2540 4310 2668 4377 post
2689 4305 2796 4360 iter
2814 4305 3149 4360 Guasconiae
3170 4305 3267 4359 diu
3296 4305 3483 4360 vivere

192 4400 339 4463 prout
359 4414 589 4471 pauper
620 4414 793 4469 quem
817 4399 1057 4470 regebat
1082 4399 1240 4453 locus
1253 4401 1594 4470 tempusque
1617 4396 1782 4451 mali-
1806 4393 1857 4451 D
1879 4395 2384 4451 licuisse.Tandem
2407 4396 2526 4466 ipse
2544 4395 2614 4449 ad
2626 4395 2753 4466 jam
2773 4395 2985 4450 dictam
3006 4394 3484 4467 pergitpatriam,

194 4498 347 4551 gnum
372 4504 737 4559 persuasere,
756 4491 881 4541 acta
899 4490 1048 4553 sunt,
1073 4487 1297 4542 silentio
1318 4504 1434 4541 non
1454 4489 1587 4541 sunt
1606 4486 1782 4556 digna

194 4571 518 4631 obnubilari.
578 4577 836 4648 Namque
888 4576 1241 4631 anteriorem
1295 4575 1554 4630 tabulam
1588 4573 1782 4629 altaris

193 4667 378 4718 sanctae
408 4665 513 4721 Dei
567 4665 865 4737 genitricis
893 4666 1103 4734 Mariae,
1156 4666 1227 4721 ab
1260 4667 1620 4720 antecessore
1661 4663 1782 4734 ejus

195 4748 386 4809 domno
418 4754 707 4828 Oylboldo
747 4773 886 4810 auro
934 4755 1186 4810 construi
1229 4758 1498 4826 coeptam,
1546 4754 1619 4808 ad
1650 4770 1780 4826 per-

195 4837 383 4897 fectum
399 4862 583 4916 usque
596 4844 1030 4916 perduxit,duas
1045 4844 1516 4915 circumjacentes
1536 4846 1781 4913 argento

196 4934 400 4997 opertas
418 4933 960 5005 augmentarifccit,
977 4937 1052 5001 et,
1083 4938 1145 4988 ut
1175 4933 1425 4988 breviter
1449 4934 1631 4987 multa
1653 4949 1781 5004 per-

198 5019 651 5091 stringamus,sex
665 5022 1016 5090 altaria,tam
1032 5023 1079 5093 ej
1093 5040 1157 5077 us
1170 5038 1345 5094 quam
1362 5040 1416 5076 m
1427 5023 1784 5077 onachorum

196 5107 283 5161 sub
298 5109 469 5181 ipsius
481 5112 774 5184 regimine
802 5112 1259 5177 consistentium,
1276 5112 1482 5166 devota
1512 5110 1785 5166 intentio-

199 5209 278 5261 ne,
305 5201 599 5271 argenteis
617 5198 724 5255 sibi
748 5201 930 5255 afﬁxis
944 5201 1292 5274 priefulgent
1314 5201 1575 5256 laminis:
1607 5217 1788 5255 unum

200 5281 576 5357 videlicet,sub
599 5289 837 5344 nomine
853 5289 1039 5345 Patris
1066 5290 1358 5345 Benedicti
1386 5291 1502 5345 Deo
1534 5290 1787 5345 dicatum

203 5372 355 5441 aliud,
388 5380 496 5431 sub
531 5378 767 5432 nomine
786 5396 1031 5433 summa:
1057 5395 1121 5433 ac
1141 5378 1446 5433 individua:
1474 5378 1788 5445 Trinitatis,

202 5466 359 5519 sancti
395 5482 628 5538 quoque
663 5466 941 5539 Stephani
972 5471 1029 5522 et
1065 5468 1246 5523 sancti
1306 5467 1530 5535 Aniani,
1563 5484 1788 5521 necnon

204 5556 360 5609 sancti
389 5556 633 5613 Joannis
685 5557 1055 5629 evangelista).
1108 5556 1414 5630 fratrisque
1466 5555 1595 5627 ejus
1637 5555 1787 5610 beati

1882 4485 2002 4557 ejus
2016 4484 2267 4553 regionis
2281 4484 2401 4537 adit
2416 4483 2997 4549 comites,memorati
3014 4483 3158 4538 filios
3177 4483 3459 4539 Guillelmi
3472 4524 3484 4548 ,

1884 4573 2240 4629 Bernardum
2266 4576 2323 4626 et
2340 4573 3013 4639 Sanctionem,eumdem
3042 4574 3230 4627 locum
3247 4589 3363 4627 non
3385 4588 3487 4642 pro

1882 4679 2006 4728 suo,
2045 4662 2146 4716 sed
2196 4661 2452 4733 ipsorum
2487 4661 2740 4734 disponit
2777 4662 2960 4716 libitu.
2995 4663 3060 4716 Et
3085 4664 3221 4715 tunc
3252 4661 3488 4732 quidem

1883 4769 2155 4824 prospere
2170 4752 2242 4805 ad
2271 4767 2373 4805 sua
2406 4751 2945 4823 rediil,quibusdain
2976 4748 3489 4821 suorum,quasioli

1884 4842 2125 4895 tutelam
2156 4840 2284 4906 loci,
2318 4839 2552 4894 relictis.
2582 4841 2789 4893 Verum
2838 4840 2895 4893 lii
2934 4857 3076 4911 quos
3104 4839 3489 4910 relinquebat,

1884 4930 2189 5003 perfidiam
2222 4930 2584 4983 Guasconum
2614 4929 2801 4995 veriti,
2824 4933 2882 4983 et
2917 4932 3053 4983 tunc
3074 4928 3232 4983 inviti
3260 4945 3491 4981 reman-

1886 5022 2103 5085 serunt,
2138 5036 2201 5073 ac
2233 5018 2626 5089 postmodum,
2664 5018 2858 5072 multis
2888 5035 2921 5072 a
2946 5017 3337 5073 Guasconibus
3361 5033 3490 5087 per-

1888 5109 2063 5181 pessis
2095 5106 2341 5179 injuriis,
2374 5124 2502 5161 cum
2532 5106 2617 5161 liis
2646 5124 2788 5178 quos
2821 5107 2926 5161 illis
2974 5108 3145 5161 veluti
3199 5106 3495 5175 adjutores

1891 5198 2147 5263 miserat,
2186 5197 2259 5251 ad
2290 5213 2421 5251 eum
2454 5199 2837 5250 revertuntur.
2863 5195 2992 5260 Qui,
3033 5212 3237 5250 eorum
3268 5192 3492 5247 inertia:

1890 5289 2118 5359 culpam
2150 5287 2271 5341 fore
2303 5284 2520 5353 [fuisse]
2553 5288 2771 5351 nactus,
2805 5284 2945 5340 alios
2993 5284 3169 5338 mittit
3199 5282 3295 5354 qui
3339 5280 3494 5353 quod

1893 5376 2115 5449 priores
2141 5377 2515 5446 neglexerant
2545 5375 2836 5446 corrigere
2876 5376 3165 5428 curarent.
3200 5372 3305 5441 llli,
3336 5368 3493 5425 simi-

1894 5465 1971 5520 lia
2000 5463 2168 5537 passi,
2203 5466 2423 5535 legatos
2456 5464 2528 5518 ad
2560 5480 2693 5519 eum
2738 5462 3018 5534 dirigunt,
3060 5461 3198 5534 quid
3227 5462 3495 5532 pateren-

1898 5558 1991 5609 tur
2021 5554 2317 5622 intimant,
2352 5570 2437 5620 ac,
2472 5552 2529 5607 ni
2554 5555 2845 5610 maturato
2866 5550 2971 5607 sibi
3000 5548 3391 5613 subveniatur,
3414 5545 3506 5599 lo-

264 5651 366 5728 (13)
399 5655 566 5713 Hunc
590 5654 799 5715 librum
826 5655 1119 5726 excidisse,
1147 5658 1246 5712 aut
1277 5659 1428 5712 certe
1456 5655 1791 5711 etiamnunc
1823 5653 2157 5711 delitescere
2191 5652 2509 5710 dolendum
2541 5656 2642 5708 est.
