3876 6172
405 382 509 439 407

409 518 540 558 cum
584 502 908 562 deserturos
954 508 1125 580 atque
1170 504 1242 561 ad
1298 501 1534 577 propria
1564 500 1907 559 minitantur
1944 516 2003 555 se

410 608 786 664 regressuros.
825 595 1014 650 Unum
1044 597 1153 650 hoc
1181 593 1289 649 sibi
1321 609 1389 647 ex
1419 590 1704 646 sententia
1730 590 2010 644 comitum

410 685 613 736 notum
646 683 769 738 fore
795 684 964 745 [esse]
992 684 1274 739 mandant
1306 700 1318 736 :
1354 681 1689 736 liberiorem
1715 678 1819 733 sibi
1838 694 2014 749 quam

411 770 564 839 prius
594 770 902 826 affuturam
950 772 1057 826 loci
1103 772 1472 844 potestatem,
1513 767 1558 821 si
1607 766 1785 820 semel
1815 765 1887 818 ad
1916 781 2014 818 eos

417 858 597 927 adeat,
625 863 683 914 et
711 863 832 915 tam
851 860 1158 915 comitibus
1185 875 1475 932 quamque
1498 854 1846 926 Amalguino
1865 854 2011 907 vice-

408 948 629 1015 comiti,
663 966 839 1021 quem
869 949 989 1021 ipse
1028 949 1112 1003 eis
1163 948 1506 1002 advocatum
1566 944 1825 1009 dederat,
1875 941 2013 1013 quid

407 1036 527 1107 ipse
557 1038 689 1092 velit
732 1039 906 1093 verbo
948 1043 1116 1093 tenus
1147 1037 1401 1091 declaret
1432 1054 1444 1089 :
1482 1049 1625 1106 quos
1650 1048 1889 1086 manere
1922 1030 2015 1084 de-

410 1126 671 1194 creverit,
730 1145 1062 1196 mansuros;
1118 1144 1262 1199 quos
1317 1124 1470 1180 exire
1495 1120 1858 1194 judicaverit,
1890 1135 2013 1173 me-

409 1219 670 1270 moratos
701 1217 958 1289 polliceri
990 1216 1277 1288 principes
1308 1214 1361 1268 vi
1392 1230 1451 1267 se
1482 1212 1837 1282 expulsuros,

482 1308 609 1361 CAP.
639 1307 793 1360 XVII.
813 1306 1063 1360 Alterum
1088 1306 1202 1374 eius
1227 1307 1325 1357 iter
1343 1301 1609 1372 Regulam
1617 1316 1722 1371 per
1743 1299 2018 1362 Pz'cta‘vos,

413 1399 597 1449 etc.-—-
614 1394 874 1453 Tandem
890 1395 1097 1467 talibus
1114 1394 1397 1463 impulsus
1417 1387 1885 1461 allegationibus,
1911 1385 2020 1438 im-

410 1484 837 1554 pendentejam
854 1483 1057 1537 ultimo
1077 1481 1390 1536 vocationis
1403 1474 1895 1543 sutedie,secundo
1916 1474 2025 1527 iter

414 1571 748 1642 arripit,hos
767 1589 834 1625 ex
862 1571 1166 1626 monachis
1192 1569 1417 1624 itineris
1440 1566 1683 1622 comites
1706 1578 2022 1618 assumens:

416 1677 589 1732 supra
603 1661 968 1715 nominatum
990 1659 1342 1730 Remigium,
1366 1673 1576 1728 meque
1591 1655 1687 1727 qui
1703 1655 1822 1708 haec
1840 1652 2024 1706 scribo

415 1748 774 1808 Aimoinum.
803 1766 935 1803 cum
952 1748 1279 1815 Guillelmo,
1314 1764 1431 1803 sum
1457 1742 1830 1808 venerantice,
1862 1740 2028 1810 juxta

1508 378 1566 438 s.
1600 378 1782 436 ABBO
1813 364 2308 435 FLORIACENSIS
2360 370 2604 435 ABBAS.

3545 383 3630 448 tos

2034 532 2088 591 Α
2113 513 2286 571 quam
2335 515 2393 554 se
2419 498 2665 556 oblitum
2698 498 2861 555 illum
2903 501 3163 557 sanctum
3192 500 3391 560 habere
3415 506 3578 564 virum
3603 509 3653 565 in

2118 588 2276 658 cujus
2307 591 2581 663 obsequio
2614 589 2723 645 iter
2748 589 2887 644 illud
2928 589 3373 649 conﬁciebamus.

2186 677 2315 733 CAP.
2349 680 2528 734 XVlll.
2560 679 2725 734 Domi
2750 695 2785 732 a
2827 676 3044 732 (ἴτ’ναίᾰο
3076 687 3307 751 exceptus
3357 688 3402 735 et
3445 702 3475 736 a
3514 693 3658 740 matre

2115 768 2384 822 Aimoim'.
2418 799 2484 809 —
2516 770 2682 835 Nam,
2717 768 2855 822 dum
2882 768 2955 822 ad
2985 771 3251 837 castrum,
3286 770 3373 824 cui
3399 773 3661 830 Albalerra

2115 854 2448 927 [Aubcterre]
2491 875 2706 913 nomen
2756 862 2860 924 est,
2917 857 3155 912 tendere
3208 858 3661 923 deliberassemus,

2115 950 2354 1017 repente
2385 948 2658 1003 dominus
2688 947 2858 1019 ipsius
2905 949 3075 1002 castri
3107 946 3308 1003 nobilis
3332 949 3428 1017 vir,
3460 953 3664 1007 nomine

2114 1034 2391 1104 Giraldus,
2415 1041 2543 1109 post
2562 1042 2787 1108 tergum
2809 1041 3068 1091 nostrum
3092 1037 3380 1092 celerrime
3397 1039 3668 1093 adveniens

2117 1124 2400 1194 apparuit.
2437 1125 2543 1190 Qui
2573 1126 2711 1180 dum
2744 1125 3065 1197 inquireret
3090 1125 3322 1196 quinam
3353 1142 3600 1192 essemus,
3627 1131 3675 1181 et

2118 1211 2348 1266 beatum
2366 1216 2588 1284 patrem
2612 1216 2870 1267 nostrum
2897 1213 3199 1267 Abbonem
3221 1213 3408 1268 adesse
3424 1214 3679 1284 cognovis-

2125 1303 2499 1373 set,gaudens
2514 1304 2585 1358 ob
2600 1303 2722 1373 ejus
2733 1319 2955 1374 praesen
2966 1302 3214 1371 tiam,ait
3235 1302 3303 1357 ad
3328 1302 3681 1357 eum:«Domi-

2126 1408 2289 1457 num,
2324 1392 2608 1463 inquiens,
2643 1392 2876 1463 fidemq.
2910 1408 3146 1445 emeam
3192 1394 3481 1458 testor,me
3510 1391 3683 1447 admo-

2130 1482 2267 1535 dum
2296 1482 2548 1551 gaudere
2571 1481 2727 1552 quod
2754 1484 2830 1547 te,
2860 1481 3123 1547 domine,
3156 1480 3345 1535 videre
3376 1480 3686 1547 merui;nam

2129 1569 2358 1624 bonitas
2384 1573 2441 1623 et
2469 1568 2750 1640 sapientia
2776 1571 2875 1622 tua
2900 1569 3168 1623 universo
3202 1572 3393 1623 nostro
3425 1568 3690 1638 pervulga-

2131 1661 2189 1712 ta
2218 1662 2350 1712 sunt
2370 1659 2514 1713 orbi.
2551 1657 2733 1724 Unde,
2767 1657 2810 1710 si
2845 1660 2955 1710 tua:
2988 1658 3179 1728 placet
3210 1655 3560 1726 benignitati,
3587 1655 3693 1707 hos-

2129 1763 2232 1817 pes
2259 1747 2360 1801 tibi
2393 1764 2491 1802 ero
2523 1747 2579 1800 in
2614 1747 2719 1801 hac
2743 1749 2911 1801 nocte
2943 1746 3323 1817 perliberalis,
3348 1747 3539 1799 cuncta
3554 1742 3697 1796 victui

419 1838 694 1891 abbalum
725 1854 971 1905 morem,
1009 1841 1133 1891 tum
1168 1836 1362 1907 bajlﬂo
1394 1836 1535 1907 (14).
1567 1834 1810 1903 Jamque
1852 1829 1909 1883 in
1938 1827 2028 1881 Via
2057 1847 2106 1905 B
2131 1837 2452 1891 necessaria
2474 1837 2747 1892 tribuens.
2778 1858 2805 1885 »
2841 1837 2996 1891 Fecit
3024 1840 3085 1891 ut
3115 1836 3354 1902 dixerat,
3380 1838 3433 1889 et
3456 1850 3613 1904 usque
3637 1831 3697 1884 ad

420 1926 782 1993 constitutus,
813 1925 1017 1998 legatis
1041 1925 1138 1997 qui
1170 1942 1274 1998 pro
1303 1941 1362 1979 se
1395 1924 1674 1978 venerant
1698 1920 1946 1990 imperat
1967 1933 2025 1970 se

427 2015 788 2081 antecedere,
822 2015 1061 2069 comites
1096 2014 1554 2082 advocatumque
1595 2013 1780 2064 certos
1823 2007 1892 2061 de
1924 2022 2026 2060 suo

418 2103 669 2158 adventu
700 2104 969 2167 reddere,
992 2120 1063 2157 ne
1083 2120 1311 2158 moram
1340 2098 1610 2171 colloquii
1641 2095 2026 2163 faciant,dum

428 2192 547 2264 Ipse
576 2192 646 2246 ad
666 2209 763 2247 eos
778 2193 1017 2259 venerit,
1039 2208 1366 2263 procurare.
1390 2193 1533 2260 Ipse,
1560 2188 1620 2241 in
1650 2187 1805 2240 nullo
1846 2182 2029 2253 negli-

424 2296 564 2351 gens
593 2281 855 2334 utilitatis
887 2279 1131 2335 coenobii
1164 2280 1318 2351 quod
1338 2278 1599 2349 regebat,
1622 2274 1881 2328 Pictavos
1900 2287 2030 2342 per-

424 2368 530 2439 git,
548 2368 916 2422 Guillelmum
938 2368 1084 2422 illius
1103 2367 1257 2421 urbis
1288 2363 1854 2432 adiitcomitem,pro
1872 2360 2033 2430 juva-

430 2456 586 2510 mine
612 2456 984 2526 possessionis
1007 2454 1340 2509 monasterii
1359 2453 1465 2519 sui,
1486 2468 1614 2523 quae
1634 2451 1765 2505 Salx
1803 2448 2030 2514 dicitur,

428 2544 734 2599 calumniis
751 2544 1159 2598 advocatorum
1179 2542 1342 2596 valde
1376 2556 1684 2612 oppressae,
1710 2554 1841 2593 eum
1873 2552 2039 2606 roga-

437 2634 667 2687 turus.A
688 2648 800 2703 quo
817 2632 908 2686 die
940 2632 1110 2699 dicta,
1131 2631 1187 2685 in
1213 2648 1327 2702 qua
1347 2629 1451 2683 sibi
1476 2633 1604 2699 post
1622 2644 1784 2682 suam
1813 2640 2037 2696 regres-

434 2720 659 2776 sionem
673 2722 744 2775 ab
759 2717 964 2775 eodem
980 2719 1356 2789 comitejusta
1378 2718 1702 2772 deferretur
1723 2713 2038 2779 audientia,

436 2826 541 2881 pro
570 2826 633 2863 re
665 2809 776 2863 alia
813 2809 1238 2881 aliquantusper
1270 2807 1409 2861 inibi
1440 2822 1630 2860 moras
1663 2802 2042 2858 nectit.Forte

440 2898 619 2952 abbas
642 2898 972 2951 monasterii
991 2897 1184 2951 Sancti
1211 2894 1479 2967 Cypriani
1496 2895 1552 2947 in
1569 2892 1844 2947 suburbio
1865 2891 2048 2945 Picta-

438 3002 645 3040 vorum
658 2985 966 3053 siti,eidem
983 2982 1689 3053 sanctoconsanguinitate
1706 2980 2048 3049 conjunctus

440 3076 715 3129 vocabulo
741 3075 1106 3139 Gislebertus,
1135 3073 1377 3127 crimine
1399 3073 1540 3126 falso
1566 3069 1977 3141 impetebatur.
2000 3068 2051 3121 Is

2134 1929 2363 1980 noctem
2387 1942 2758 1998 permanens,
2792 1924 2971 1979 etiam
3004 1924 3061 1978 in
3097 1922 3485 1995 obsequendo,
3528 1917 3700 1974 famuli

2133 2013 2484 2086 fungebatur
2514 2014 2729 2069 ofﬁcio.
2790 2014 3051 2084 Cumque
3101 2013 3268 2084 juxta
3309 2009 3604 2083 quamdam
3631 2007 3699 2061 sui

2128 2102 2275 2173 juris
2317 2103 2613 2158 ecclesiam
2674 2102 2840 2157 nobis
2903 2101 3223 2173 hospitium
3285 2099 3616 2173 praebuisset,
3644 2094 3704 2150 ad

2135 2195 2527 2246 memoratum
2561 2194 2815 2246 castrum
2851 2190 3137 2245 incibatus
3169 2189 3328 2244 abiit.
3361 2189 3578 2243 Postero
3608 2183 3702 2249 die,

2136 2279 2195 2333 in
2225 2283 2375 2334 statu
2391 2297 2761 2351 perseverans
2773 2281 3057 2334 hesternae
3074 2279 3348 2333 benevole
3357 2272 3707 2338 ntim,obviam

2138 2369 2191 2423 ei
2231 2369 2530 2440 processit,
2568 2369 2932 2441 praemittens
2958 2384 3063 2441 per
3093 2366 3479 2422 internuntios
3504 2362 3708 2436 piscium

2140 2457 2331 2524 xenia,
2360 2474 2610 2529 eumque
2626 2459 2848 2529 aliquot
2873 2457 3170 2511 deducens
3204 2447 3711 2521 milliaria,tamipsi

2141 2545 2364 2600 homini
2399 2546 2497 2600 Dei
2531 2563 2703 2618 quam
2720 2546 2809 2599 his
2834 2545 2932 2617 qui
2947 2539 3711 2617 hospitiigratiacomitaban-

2142 2637 2256 2701 tur,
2286 2634 2823 2706 ducesvimlargitus
2844 2638 2946 2689 est.
2977 2634 3068 2689 Sic
3095 2635 3335 2688 demum
3348 2627 3713 2686 benedictione

2145 2723 2434 2795 postulata
2479 2727 2653 2794 atque
2701 2727 2994 2794 percepta,
3028 2722 3292 2794 gaudens
3320 2718 3626 2790 regreditur
3654 2713 3715 2767 ad

2148 2830 2273 2868 sua.
2338 2814 2464 2867 Hmc
2514 2812 2644 2867 ideo
2700 2812 3025 2874 retulimus,
3067 2815 3129 2865 ut
3158 2814 3361 2882 aperte
3390 2802 3717 2862 clareathuic

2149 2906 2345 2956 sancto
2382 2902 2502 2955 viro
2535 2918 2833 2972 nunquam
2869 2900 3113 2955 defuisse
3128 2899 3412 2964 divinum,
3437 2886 3719 2950 ubihuma-

2152 3008 2291 3045 num
2322 2991 2634 3061 putabatur
2659 2989 2857 3045 defore
2890 2989 3192 3044 auxilium.
3231 2988 3345 3041 Nec
3378 2990 3509 3041 tunc
3537 2983 3724 3038 solum-

2154 3080 2563 3146 modo,verum
2586 3079 2644 3132 in
2668 3080 2939 3134 omnibus
2964 3078 3270 3133 itineribus
3296 3076 3437 3147 ejus,
3466 3090 3526 3128 ac
3555 3068 3728 3144 praeci-

446 3180 579 3217 eum
593 3163 916 3216 humillima
935 3162 1181 3216 detinuit
1199 3178 1390 3232 prece,
1416 3160 1495 3214 uti
1514 3177 1629 3213 suae
1648 3173 1852 3224 causa},
1872 3172 2048 3228 quam
2075 3139 2122 3196 C
2150 3187 2262 3242 pne
2283 3187 2388 3242 per
2411 3168 2734 3224 universum
2750 3186 2924 3240 quam
2938 3186 3005 3223 ea
3020 3169 3369 3239 tempestate
3395 3160 3724 3222 ιεηηίινίαω,

445 3252 505 3306 in
527 3251 787 3322 proximo
801 3251 1196 3305 ventilandam
1216 3247 1859 3309 autumabat,interesse
1875 3245 2052 3315 digna

447 3339 747 3394 retur.Sed
766 3356 894 3393 cum
911 3339 1212 3410 improbus
1232 3337 1575 3392 subsedisset
1595 3337 1909 3401 accusator,
1936 3350 2056 3388 ma-

452 3427 805 3497 nifestusque
835 3426 958 3481 fieri
992 3431 1306 3493 vereretur,
1340 3425 1424 3479 vir
1464 3424 1699 3479 Domini
1739 3423 1924 3490 Abbo,
1957 3421 2054 3494 qui

455 3514 967 3585 cunctisinjuriam
1005 3515 1376 3585 patientibus,
1407 3516 1688 3584 quantum
1737 3512 1794 3565 in
1822 3527 1880 3566 se
1911 3514 2055 3577 erat,

457 3620 627 3675 opem
661 3603 813 3658 ferre
831 3604 1117 3676 cupiebat,
1134 3603 1351 3657 litteras
1368 3603 1554 3657 eidem
1587 3602 1912 3674 propinquo
1933 3616 2057 3665 suo,

461 3709 526 3746 ex
541 3709 641 3746 sua
656 3695 817 3763 parte
839 3692 1034 3746 abbati
1054 3691 1517 3747 Cluniacensium
1539 3689 1885 3755 Odiloni,cui
1904 3688 2058 3743 idem

460 3781 881 3836 monasterium
913 3782 1233 3852 subjectum
1267 3785 1410 3847 erat,
1444 3779 1820 3851 perferendas
1854 3776 2060 3844 tradit;

462 3887 589 3943 quae
623 3869 884 3924 videlicet
931 3871 1138 3925 litterae
1170 3874 1227 3924 et
1271 3870 1489 3924 ultimm
1540 3868 1913 3940 epistolarum
1945 3866 2068 3937 ejus

462 3959 731 4026 existunt,
749 3964 806 4014 et
837 3959 987 4030 apud
1024 3976 1126 4014 nos
1157 3976 1283 4012 cum
1315 3958 1549 4030 reliquis
1582 3960 1696 4024 (15)
1727 3972 2067 4011 conservan-

458 4048 830 4119 tur.lpseiter
842 4048 995 4119 quod
1017 4051 1268 4119 cmperat
1300 4051 1593 4102 maturare
1618 4044 1933 4101 contendit.
1955 4044 2066 4098 Nos

464 4153 602 4207 ergo
625 4138 833 4208 quinta
843 4142 1149 4210 postquam
1167 4138 1243 4192 ibi
1259 4137 1678 4191 adveneramus
1700 4133 2068 4200 die,celebra—

464 4227 526 4278 ta
546 4226 813 4279 omnium
836 4231 1167 4280 sanctorum
1185 4225 1578 4287 solemnitate,
1598 4225 1969 4296 quintamque
1983 4222 2066 4276 fe-

466 4312 553 4367 ria
570 4313 703 4367 inde
719 4315 1026 4385 progressi,
1051 4331 1154 4387 per
1168 4316 1510 4369 Karrol‘cnse
1530 4311 1853 4382 [Charroux]
1870 4328 2069 4366 mona—

2154 3262 2296 3331 sicut
2321 3259 2543 3315 domini
2575 3276 2608 3314 a
2637 3259 2831 3326 servis,
2859 3258 2941 3313 ita
2961 3275 2995 3312 a
3024 3257 3246 3312 cunctis
3278 3273 3383 3330 per
3412 3270 3551 3327 quos
3579 3254 3732 3304 trans-

2156 3354 2270 3407 itus
2300 3349 2426 3417 fuit,
2450 3348 2739 3420 jucundus
2768 3347 2939 3419 ipsius
2988 3347 3436 3418 praestolabatur
3465 3339 3731 3397 adventus.

2158 3442 2338 3495 Porro
2366 3456 2471 3494 nos
2500 3438 2705 3493 eadem
2756 3437 2847 3491 die
2900 3453 3012 3507 qua
3042 3435 3113 3489 de
3155 3435 3457 3490 Albaterra
3482 3422 3739 3502 promovi-

2161 3546 2309 3598 mus,
2338 3530 2692 3582 transmeato
2725 3525 2847 3579 Ella
2877 3523 2995 3587 [Ile]
3027 3523 3567 3590 ﬂumine,unacum
3591 3514 3737 3569 beato

2160 3618 2422 3681 Abbone,
2454 3616 2511 3670 in
2544 3615 2694 3680 villa,
2725 3630 2851 3685 quae
2876 3612 3242 3666 Ad-Francos
3273 3599 3744 3676 dicitur,hospitati

2163 3722 2379 3761 sumus.
2414 3703 2675 3774 Suscepit
2707 3720 2811 3757 nos
2840 3700 2978 3756 inibi
3008 3699 3264 3772 genitrix
3298 3716 3450 3766 mea,
3468 3688 3744 3750 memorati

2166 3794 2585 3850 militisGiraldi
2617 3790 3362 3862 consanguinea,vocabulo
3392 3778 3747 3842 Aunenrudis,

2167 3901 2298 3939 cum
2341 3887 2558 3955 quanta
2588 3880 2775 3953 potuit
2804 3879 3186 3934 humanitatis
3241 3875 3609 3932 exhibitione.
3641 3869 3749 3955 Haec

2169 3971 2490 4028 devotionis
2543 3974 2600 4025 et
2652 3968 2906 4040 obsequii
2938 3968 3162 4023 fervore
3194 3967 3351 4022 circa
3375 3962 3639 4020 eumdem
3665 3954 3753 4011 Dei

2168 4064 2424 4134 ﬂagrans
2481 4057 2806 4126 hominem,
2859 4056 3065 4112 obnixe
3092 4057 3305 4112 orabat
3333 4057 3395 4109 ut
3422 4052 3591 4108 biduo
3620 4043 3751 4117 apud

2168 4169 2297 4208 eam
2330 4150 2567 4205 manere
2594 4149 2949 4220 dignaretur.
2967 4145 3132 4210 Quod
3162 4145 3262 4200 ille
3290 4135 3751 4199 vehementerab-

2149 4242 2315 4309 nuit,
2349 4243 2426 4307 et,
2462 4239 2553 4294 die
2587 4238 2740 4305 data,
2775 4236 2889 4291 suis
2926 4238 2987 4289 ut
3038 4233 3190 4289 viam
3226 4234 3522 4288 maturato
3552 4224 3755 4298 capiant

2171 4330 2443 4402 imperat,
2460 4332 2697 4398 tumque
2713 4326 2965 4398 primum
2981 4324 3137 4396 quasi
3153 4339 3456 4394 praesagus
3480 4313 3755 4374 brachium

467 4401 806 4470 stcrium,ad
825 4403 1222 4457 Nantoliacum
1240 4402 1575 4458 devenimus
1595 4399 2067 4467 ccenobiolum,in
2097 4434 2149 4494 Ι)
2173 4421 2230 4475 in
2258 4399 2377 4492 'quo
2409 4421 2538 4490 post
2566 4432 2864 4487 percussus
2897 4418 3001 4481 est,
3034 4413 3232 4468 dolere
3265 4413 3375 4467 sibi
3408 4406 3680 4482 prmdixiL

467 4491 690 4546 honore
707 4491 1050 4546 sanctissimi
1078 4492 1255 4564 patris
1273 4491 1565 4546 Benedicti
1580 4489 2071 4556 fundatum;unde

467 4579 860 4652 digredientes
877 4580 1261 4635 Sabbatorum
1285 4581 1397 4647 die,
1421 4580 1810 4650 Engolismam
1829 4579 1940 4651 (16)
1968 4578 2067 4633 ad-

467 4669 765 4739 venimus;
795 4687 827 4725 a
853 4688 967 4743 qua
1009 4672 1153 4727 urbe
1183 4671 1276 4725 die
1308 4670 1613 4726 Dominica
1666 4670 1899 4742 egressi,
1928 4670 2067 4724 dum

476 4759 677 4815 incerti
707 4776 812 4832 pro
845 4760 1202 4816 advenientis
1246 4761 1427 4815 noctis
1456 4760 1727 4831 hospitio,
1759 4776 1825 4814 ac
1855 4759 2066 4815 idcirco

464 4850 654 4905 llIOBSti
672 4850 1359 4917 inccderemus,ostendit
1377 4848 1659 4904 Dominus
1680 4848 1844 4903 nobis
1857 4865 2070 4920 nequa-

539 4994 649 5065 (lli)
670 4996 845 5067 Bajuli
866 4995 1088 5050 abbatis
1108 4998 1273 5050 erant
1306 4994 1428 5065 ejus
1449 4993 1720 5049 officiales
1744 4993 2064 5067 domestici,

467 5069 664 5146 quales
696 5065 861 5146 erant
892 5069 1241 5146 repellamus,
1274 5069 1615 5146 procurator
1638 5069 1711 5146 et
1742 5065 1911 5146 sigilli
1941 5084 2063 5146 cus-

464 5136 572 5191 tos.
628 5140 733 5193 Adi
763 5136 1108 5194 Glossarium
1151 5139 1223 5192 ad
1274 5136 1603 5192 Matthznum
1638 5136 1938 5192 Parisium.
1968 5138 2064 5191 llic

468 5209 678 5275 baiulus
706 5212 1028 5266 venerantz'ze
1070 5210 1270 5264 abbatis
1319 5209 1542 5263 videtur
1572 5225 1692 5263 esse
1725 5210 1956 5278 gerulus
1990 5209 2061 5263 si-

465 5281 606 5350 gilli,
642 5281 699 5334 in
726 5299 838 5353 quo
867 5298 1131 5353 expressa
1161 5283 1285 5334 erat
1317 5281 1508 5350 imago
1528 5280 1770 5343 abbatis,
1801 5284 2062 5334 autcerte

463 5353 814 5423 capellanus,
844 5354 935 5423 qui
961 5353 1167 5423 pedum
1197 5355 1481 5423 pastorale
1510 5355 1643 5406 ante
1671 5368 1805 5423 cum
1833 5355 2061 5422 gestare

463 5422 704 5477 solebat.
734 5425 805 5495 Et
832 5422 1065 5495 quidem
1096 5422 1274 5494 ferula
1305 5423 1561 5477 Abbonis
1593 5426 1719 5493 post
1759 5422 1882 5491 ejus
1908 5440 2060 5477 mor-

463 5498 578 5548 tem
614 5496 672 5550 in
703 5494 1015 5563 Fra'icz'um,
1070 5495 1128 5549 id
1173 5499 1259 5549 est
1303 5495 1646 5560 Floriacum,
1692 5496 1931 5548 remissa
1951 5497 2055 5561 est,

459 5568 705 5622 testante
734 5566 1024 5621 Ademaro
1056 5565 1342 5622 monacho
1374 5565 1432 5620 in
1467 5564 1773 5621 Chronico.

521 5639 635 5715 (15)
658 5639 908 5696 Joannes
938 5654 974 5695 a
1000 5639 1176 5694 Bosco
1206 5636 1298 5693 hic
1313 5639 1477 5694 notat
1505 5634 1814 5710 Papyrium
1841 5636 2048 5694 Masso-

2244 4489 2370 4564 ϐίη).
2404 4489 2530 4563 XIX.
2581 4505 2845 4576 Regulam
2897 4502 3107 4558 tandem
3165 4502 3415 4573 appellit.
3448 4531 3516 4540 -—
3540 4495 3671 4552 Inde
3696 4489 3759 4546 ad

2170 4599 2454 4656 Dordonm
2474 4596 2550 4664 [la
2581 4594 2888 4666 Dordogne]
2911 4593 3130 4647 fluenta
3158 4595 3439 4657 ventum;
3466 4604 3579 4661 quo
3594 4580 3761 4639 enavi-

2169 4694 2303 4763 gato
2335 4704 2530 4755 amne,
2552 4683 2885 4741 Guasconize
2916 4684 3061 4738 ﬁnes
3090 4681 3531 4753 ingrediuntur.
3574 4676 3761 4730 Trans-

2170 4777 2495 4835 meantibus
2541 4773 2920 4842 Dornoniam,
2968 4773 3289 4843 antequam
3345 4769 3423 4823 ad
3476 4764 3761 4840 prtefatum

2166 4868 2428 4924 veniatur
2458 4864 2688 4935 Regulae
2742 4860 3090 4926 coenobium,
3150 4859 3336 4914 Droth
3394 4858 3511 4927 (l7)
3559 4856 3765 4909 torrens

2168 5010 2329 5057 num,
2360 4990 2455 5063 qui
2478 4988 2735 5063 Abbonis
2753 4986 3020 5063 epistolas
3041 5000 3228 5063 penes
3258 5001 3321 5038 se
3348 4981 3763 5063 habebatteas-

2168 5083 2278 5139 que
2310 5053 2525 5132 magno
2557 5053 2885 5139 reippblicge
2908 5053 3263 5139 detrimento
3280 5053 3762 5139 occultasurctine-

2170 5125 2350 5203 5at;at
2365 5125 2516 5188 nunc
2529 5149 2623 5186 eas
2637 5125 2820 5184 editas
2838 5130 3204 5203 habemus”
3224 5126 3433 5203 codice
3457 5125 3762 5203 Pithgaano.

2238 5191 2364 5281 (ἱϐ)Δ
2384 5205 2450 5258 In
2477 5204 2805 5281 ηῖοῃιιςεθτίίοΔ
2826 5201 2887 5255 S.
2928 5199 3216 5281 Εῃανςὴιξ,
3251 5199 3431 5281 vulgo
3477 5194 3540 5249 S,
3575 5191 3762 5281 συρΕῇ

2238 5215 2351 5281 (16)
2384 5215 2450 5258 1n
2477 5215 2795 5258 monasterzo
2826 5215 2887 5255 δ.
2928 5215 3216 5270 Aspare/ut,
3251 5215 3431 5323 vulgo
3477 5215 3540 5249 ι).
3575 5215 3762 5271 υῃυειι,

2166 5278 2512 5346 Engolismte
2566 5274 2882 5346 hospitatus
2933 5275 3038 5339 est,
3085 5273 3236 5325 texte
3305 5271 3355 5323 A
3401 5281 3603 5323 emaro
3657 5275 3767 5333 ejus

2163 5348 2270 5405 loci
2306 5346 2611 5403 monacho.

2232 5422 2341 5492 (t7)
2377 5418 2466 5473 Sic
2498 5417 2707 5489 legitur
2737 5416 2933 5492 i_u_m_s.
2967 5414 3162 5492 codice
3184 5428 3306 5492 quo
3342 5428 3479 5492 usus
3494 5408 3765 5492 estdoan-

2164 5475 2264 5546 nes
2303 5475 2338 5547 a'
2366 5475 2584 5557 Bosco:
2590 5487 2821 5543 tametsi
2850 5486 3029 5541 Aroth
3056 5502 3145 5540 seu
3183 5475 3402 5539 Codrot
3440 5480 3641 5547 edidit,
3672 5475 3769 5532 du-

2161 5564 2287 5620 bius
2316 5562 2530 5621 scilicet
2552 5556 2755 5616 utrum
2794 5556 3110 5632 legendum
3144 5558 3319 5613 esset.
3486 5582 3501 5589 ν
