3922 6168
172 409 247 465 409

1229 370 1622 436 PROOEMIA.
1657 342 1729 414 ——'
1751 368 1922 426 vna
1943 368 2005 427 s.
2038 366 2369 424 ancoras.

3388 370 3494 428 410

168 525 377 590 occurrit,
413 535 572 595 quem
619 512 750 572 dum
797 509 1040 569 transire
1106 507 1277 562 esset
1338 518 1614 567 necesse,
1649 498 1743 554 vir
1768 500 1826 559 Α
1859 494 1911 550 ei
1946 493 2246 565 adjaceret
2279 494 2570 565 planities,
2602 494 2691 550 cui
2734 495 3000 551 conditor
3048 493 3347 567 municipii
3381 492 3495 551 vel’

170 618 242 673 Dei
258 590 474 675 lintrem,
499 624 615 678 quze
639 600 1050 677 perexiguaillo
1076 595 1349 651 habetur
1371 592 1435 645 in
1462 590 1746 652 fluviolo,

168 707 268 762 dum
284 698 528 764 ascendit,
543 713 607 750 ea
622 695 885 749 introrsus
898 709 930 746 a
943 691 1132 744 latoso
1156 684 1364 737 littore
1386 679 1752 764 relabente,

168 759 343 862 cingulo
371 759 524 842 tenus
540 799 684 855 pene
710 783 763 837 in
783 796 982 853 aquam
1003 772 1256 862 decidit.
1542 759 1750 817 dictu!

167 854 364 951 vestigiis
378 854 660 947 paululum
684 867 1026 933 madefactis,
1048 866 1109 919 in
1129 856 1382 951 reliquis
1400 854 1758 951 indumen-

166 970 219 1024 tis
234 938 303 1021 vi;
323 938 490 1019 tenuis
511 958 769 1033 apparuit
786 958 1006 1011 humor.
1021 945 1421 1008 Transmeato
1447 954 1630 991 sane
1651 938 1759 992 hoc

166 1053 348 1128 pessimi
367 1066 619 1106 occursus
641 1045 1159 1115 torrente,postero
1196 1035 1292 1128 die
1312 1030 1384 1084 ad
1416 1031 1757 1128 IIl-Onaste-

166 1112 277 1199 rium
303 1140 514 1211 Regulae
545 1139 796 1192 ventum.
828 1134 893 1187 Et
921 1112 1116 1203 primo
1151 1122 1394 1198 quidem
1433 1112 1587 1211 die,
1624 1132 1754 1211 cum

168 1233 311 1305 quiete
329 1228 690 1293 manserunt;
723 1222 963 1277 secundo
1008 1234 1181 1283 sane,
1210 1214 1369 1268 inter
1399 1207 1670 1259 nostros
1698 1210 1754 1305 et

163 1296 422 1376 tiuascones
460 1315 721 1387 jurgium
758 1315 991 1383 propter
1047 1303 1285 1362 cibaria
1331 1308 1643 1387 equorum
1679 1296 1751 1349 ad

165 1424 408 1481 vesperum
450 1385 645 1461 ortum
676 1402 868 1472 vixque
895 1417 928 1453 a
958 1394 1299 1467 majoribus
1322 1385 1605 1481 sedatum
1640 1389 1743 1438 est.

164 1473 289 1561 Quod
300 1494 383 1549 ubi
408 1494 465 1547 in
483 1490 800 1547 crastinum
820 1484 1177 1541 venerabilis
1197 1484 1370 1551 pater
1389 1473 1566 1529 Abbo
1589 1490 1746 1529 eom-

164 1585 291 1658 perit,
313 1599 430 1637 suos
460 1581 833 1635 vehementer
872 1571 1190 1644 redarguit
1230 1585 1337 1624 cur
1387 1565 1654 1619 inermes
1686 1565 1744 1617 et

162 1652 563 1728 interinfensam
581 1667 686 1721 sibi
711 1668 942 1737 gentem
970 1663 1127 1717 bella
1148 1658 1405 1721 cierent,
1435 1652 1742 1708 monebat-

162 1777 242 1833 que
266 1758 590 1831 patientiam
612 1770 852 1819 servare,
875 1754 1059 1807 donec
1089 1750 1221 1821 ipse
1258 1761 1394 1800 cum
1427 1742 1641 1797 comite
1672 1756 1739 1794 ac

1857 586 1919 636 ut
1941 582 2177 653 quidam
2216 583 2443 649 volunt,
2478 583 2743 649 civitatis,
2770 584 2977 637 turrim
3010 583 3243 653 quadris
3275 583 3480 655 lapidi-

1859 671 1967 724 bus
2026 673 2383 724 exstructam
2441 672 2728 743 opp‘osuit,
2784 688 2911 742 quae
2974 688 3125 724 nunc
3184 670 3485 726 ruinarum

1860 759 2277 813 tantummodo
2294 776 2532 814 suarum
2553 759 2764 813 indicia
2785 759 3224 830 praeferthitur
3243 763 3360 813 tam
3378 761 3486 813 hu-

1852 846 1948 917 jus
1961 864 2134 918 quam
2154 852 2509 903 cmterorum
2524 848 2899 902 aediﬁciorum
2914 847 3132 901 dirutos
3150 848 3486 917 parietes,et

1858 953 1962 1008 per
1986 937 2199 991 devexa
2244 938 2429 991 totius
2462 937 2678 991 montis
2724 938 2906 990 latera
2959 939 3195 1007 propter
3243 936 3481 991 ﬁrmam

1859 1025 2124 1080 ammenti
2157 1025 2544 1079 tenacitatem
2586 1024 2997 1095 dependentes,
3026 1024 3200 1079 homo
3222 1024 3323 1078 Dei
3346 1042 3486 1079 con-

1857 1115 2102 1185 spicatus
2133 1115 2582 1185 admiransque,
2613 1115 2743 1167 laeto
2798 1113 2960 1167 nobis
3000 1113 3261 1168 arridens
3290 1114 3476 1180 vultu,

1855 1204 2030 1257 inﬁt:
2087 1227 2113 1253 «
2152 1205 2477 1262 Potentior.
2514 1202 2805 1273 inquiens,
2841 1220 2991 1256 nunc
3046 1220 3173 1257 sum
3231 1203 3477 1257 domino

1855 1296 2051 1346 nostro
2072 1309 2214 1363 rege
2248 1294 2610 1346 Francorum
2645 1289 2796 1343 intra
2824 1291 2929 1344 hos
2955 1292 3116 1357 ﬁnes,
3155 1291 3246 1344 ubi
3280 1292 3478 1345 nullus

1850 1381 1972 1451 ejus
1999 1385 2231 1435 veretur
2258 1379 2615 1445 dominium,
2654 1379 2827 1431 talem
2880 1379 3174 1449 possidens
3206 1378 3475 1432 domum.

1849 1469 1960 1525 Sed
1987 1471 2100 1523 heu
2134 1470 2286 1540 proh
2310 1467 2520 1524 dolor!
2559 1467 2729 1521 aliter
2755 1484 2929 1539 quam
2958 1468 3007 1521 ei
3032 1484 3094 1521 ac
3127 1466 3292 1521 nobis
3331 1466 3473 1519 utile

1848 1561 1975 1624 fuit,
1998 1560 2170 1630 hujus
2203 1560 2315 1614 loci
2346 1559 2666 1631 parabatur
2689 1557 2989 1627 possessio.

1916 1649 2179 1718 Denique
2215 1647 2614 1718 malignorum
2646 1644 2819 1699 factio
2865 1645 2963 1716 qui
3018 1643 3128 1699 illis
3159 1658 3303 1714 quos
3346 1641 3475 1712 ipse

1846 1740 2076 1791 sanctus
2108 1739 2280 1806 pater
2301 1736 2375 1790 ad
2395 1735 2671 1789 eumdem
2701 1733 2938 1788 miserat
2966 1734 3157 1787 locum
3186 1731 3479 1801 irrogave-

159 1818 237 1905 loci
262 1818 517 1904 advocato
552 1845 979 1915 colloqueretur
1007 1818 1283 1913 quivjam
1313 1834 1560 1905 jamque
1592 1828 1736 1883 aﬁ'u-
1770 1863 1824 1920 B
1846 1828 1980 1879 rant
2002 1824 2269 1894 injurias,
2296 1823 2355 1878 in
2383 1824 2441 1878 id
2467 1824 2595 1894 jam
2630 1822 3057 1893 conspiraverat
3088 1823 3169 1886 ut,
3189 1836 3256 1873 ex
3288 1818 3474 1889 quali-

160 1938 241 1993 turi
264 1936 651 1992 credebantur.
681 1933 826 1986 Tum
883 1931 1127 1985 demum
1184 1941 1324 1979 suas
1355 1933 1737 1988 suorumque,

160 2042 265 2098 quos
275 2022 526 2098 primitus
540 2020 757 2074 ibidem
774 2017 1109 2089 reliquerat,
1136 2010 1393 2083 injurias
1412 2007 1485 2062 ad
1497 2006 1741 2098 libitum

161 2095 381 2169 ultumiri
413 2109 812 2184 pollicebatur.
852 2106 940 2160 His
966 2122 1029 2160 ac
1058 2100 1360 2158 similibus
1392 2095 1583 2150 verbis
1606 2111 1743 2150 suo-

162 2219 257 2258 rum
274 2201 601 2257 furibundos
616 2197 819 2252 sedare
843 2195 1106 2250 tentabat
1119 2190 1375 2247 animos.
1400 2186 1534 2239 Erat
1556 2202 1625 2239 ea
1648 2184 1746 2238 die

160 2292 350 2347 celebris
372 2290 633 2345 universo
655 2285 784 2341 orbi
810 2284 960 2339 beati
981 2278 1288 2355 pontiﬁcis
1318 2273 1548 2330 Martini
1563 2273 1750 2328 Turo-

163 2378 613 2442 nicisolemnitas,
646 2378 703 2431 et
755 2375 981 2429 sanctus
1035 2370 1125 2424 vir
1182 2380 1409 2436 magna
1456 2361 1647 2415 cordis
1683 2377 1751 2416 ac

164 2469 370 2543 corporis
396 2466 691 2522 alacritate
714 2461 1021 2518 missarum
1057 2456 1274 2513 festiva
1306 2449 1618 2505 celebravit
1652 2465 1750 2503 so-

167 2537 359 2613 lemnia.
391 2557 512 2621 Qua
540 2555 631 2610 die
679 2557 735 2609 et
767 2548 1048 2622 sequenti,
1084 2563 1219 2618 quae
1254 2537 1561 2597 Dominica
1613 2538 1751 2601 fuit,

167 2646 290 2702 idem
318 2647 410 2702 Dei
438 2646 696 2701 famulus
722 2640 909 2701 Abbo,
939 2642 1067 2710 post
1106 2631 1300 2690 sancti
1352 2626 1613 2683 sacriﬁcii
1647 2644 1756 2699 per

170 2737 376 2808 seipsum
403 2735 764 2791 oblationem
793 2745 858 2784 ac
870 2725 1127 2798 corporis
1149 2719 1561 2780 refectionem,
1587 2732 1755 2770 mon-

172 2806 265 2880 tem
287 2825 339 2880 in
361 2842 471 2897 quo
494 2818 919 2879 monasterium
944 2817 1124 2871 situm
1149 2813 1242 2867 est
1269 2806 1529 2876 undique
1555 2806 1752 2875 perlu-

173 2919 343 2981 strans,
370 2893 610 2969 laudare
663 2908 837 2966 simul
881 2922 943 2960 ac
974 2901 1179 2959 mirari
1227 2915 1348 2953 non
1403 2894 1589 2949 solum
1644 2893 1755 2947 loci

173 3002 492 3070 firmitatem,
520 3015 726 3055 verum
779 2994 952 3050 etiam
1000 2991 1401 3046 maximorum
1456 2998 1583 3054 quae
1614 2981 1759 3037 inibi

172 3090 367 3145 fuerant
384 3090 766 3146 aediﬁciorum
782 3082 1168 3138 fundamenta
1196 3075 1393 3146 coepit.
1420 3072 1637 3125 Horum
1657 3070 1763 3125 ita-

1848 1915 1949 1968 bet
1998 1912 2307 1966 occasione
2354 1914 2651 1967 commoto
2704 1911 2976 1976 tumultu,
3011 1912 3176 1962 tanta
3222 1905 3479 1959 famulos

1849 2001 2025 2072 ipsius
2042 2000 2217 2054 credis
2233 2001 2597 2056 contumelia
2614 1998 2891 2065 afﬁceret,
2907 2000 3190 2069 quatenus
3204 2010 3310 2047 nec
3326 1993 3473 2063 ipse,

1852 2107 1959 2145 nec
1981 2088 2229 2161 quilibet
2255 2091 2419 2157 alter,
2438 2106 2536 2144 eos
2559 2088 2799 2143 ulterius
2821 2087 2980 2141 adire
3013 2084 3270 2138 auderet.
3306 2080 3478 2144 Quod

1854 2195 1989 2235 vero
2032 2181 2281 2233 mortem
2309 2179 2458 2233 illius
2506 2179 2662 2233 inter
2693 2177 2855 2232 dolos
2886 2173 3217 2229 machinata
3255 2170 3326 2224 sit
3350 2185 3473 2224 non

1854 2283 1989 2322 vere
2016 2268 2219 2333 scitur,
2255 2268 2363 2322 nisi
2394 2267 2530 2339 quia
2560 2267 2607 2321 is
2635 2266 2733 2337 qui
2773 2282 2906 2321 eum
2952 2261 3293 2334 percussisse
3326 2258 3472 2314 dici-

1859 2361 1953 2412 tur
1982 2355 2039 2407 in
2071 2354 2271 2426 jurgio
2311 2356 2521 2411 nostris
2553 2354 2758 2409 dixisse
2815 2354 3002 2408 fertur
3049 2366 3154 2422 pro
3194 2347 3371 2403 nihilo
3416 2364 3477 2404 se

1860 2446 2069 2500 ducere
2090 2444 2135 2498 si
2158 2444 2363 2499 lancea
2384 2449 2650 2499 ventrem
2671 2444 2718 2514 ej
2729 2461 2793 2498 us
2812 2438 3483 2497 transforaret.Seeunda

1862 2534 2038 2605 igitur
2067 2533 2236 2600 feria,
2268 2552 2383 2606 qua
2405 2533 2591 2588 sancti
2625 2529 2973 2588 confessoris
3004 2527 3168 2584 Bricii
3199 2528 3482 2600 agebatur

1863 2621 2159 2688 festivitas,
2186 2624 2568 2689 monachum,
2596 2621 2691 2693 qui
2723 2622 2838 2678 hos
2872 2637 2991 2675 esse
3032 2619 3328 2674 dicebatur
3356 2635 3482 2674 ma-

1864 2710 2126 2765 chinatus
2149 2710 2335 2779 dolos,
2351 2715 2581 2766 sanctus
2603 2714 2769 2781 pater
2792 2713 2991 2765 noster
3007 2708 3165 2763 Abbo
3183 2708 3482 2779 increpare

1865 2799 2058 2869 coepit,
2079 2799 2261 2869 quod,
2280 2800 2403 2854 sine
2427 2799 2474 2869 ej
2486 2816 2548 2853 us
2565 2798 2809 2853 licentia
2831 2799 2901 2853 de
2928 2797 3274 2855 monasterio
3293 2815 3481 2869 egres-

1867 2906 1978 2955 sus,
2011 2888 2167 2942 foras
2219 2889 2572 2943 manducare
2608 2888 3086 2960 praesumpsisset.
3122 2888 3218 2942 Hic
3248 2890 3481 2943 Auezan

1869 2977 2108 3032 nomine
2135 2976 2436 3031 dicebatur
2457 2974 2712 3047 proprio,
2735 2979 2913 3045 gente
2936 2977 3214 3032 barbarus
3234 2994 3299 3032 ac
3326 2994 3489 3032 voca-

1869 3066 2025 3120 bulo.
2044 3064 2150 3127 Qui
2176 3065 2318 3120 dum
2349 3064 2529 3119 sancti
2559 3062 2663 3116 viri
2692 3063 3153 3135 increpationem
3183 3082 3243 3120 se
3268 3065 3491 3137 patien-

179 3195 265 3251 que
293 3182 551 3235 locorum
579 3177 773 3241 situm,
802 3190 835 3227 a
882 3173 1080 3226 sancto
1111 3167 1241 3221 viro
1272 3160 1596 3226 laudatum,
1633 3177 1763 3214 suc-
1786 3156 1836 3217 C
1872 3158 1961 3208 ter
1980 3153 2134 3207 ferre
2165 3154 2425 3220 simulat,
2452 3152 2553 3207 sed
2579 3151 3084 3208 circumstantibus
3106 3154 3489 3209 contumacia:

181 3248 378 3324 cinctim
392 3266 603 3323 litteris
617 3261 1297 3333 mandareopportunum
1314 3252 1441 3306 fore
1455 3248 1764 3304 credimus.

238 3356 469 3411 Car.XX.
499 3352 891 3423 Regulaesitus.
927 3344 1354 3415 Cassinogz'lum.
1387 3337 1770 3408 Regulensium

181 3444 317 3511 {actio
345 3449 395 3499 in
443 3444 749 3500 Abbonem.
796 3438 1037 3494 Abbonis
1086 3435 1279 3507 plaga.
1309 3429 1585 3483 Interitus.
1619 3425 1771 3481 Sedi-

184 3536 399 3591 tiasorum
426 3536 615 3604 furor.
648 3530 886 3585 Abbonis
912 3528 1100 3597 funus.
1130 3521 1426 3593 Sepultum
1454 3534 1576 3573 cum
1604 3516 1770 3572 solitis

182 3625 466 3679 πεπάρθαι-
481 3619 891 3678 Monasterium
908 3616 1169 3687 Regulm,
1184 3614 1241 3667 in
1256 3612 1482 3665 honore
1494 3606 1769 3679 principis

183 3713 552 3782 apostolorum
589 3710 703 3763 Deo
736 3706 1013 3766 dicatum,
1045 3703 1104 3757 in
1138 3702 1341 3756 monte
1375 3700 1459 3751 est
1493 3695 1764 3767 positum.

184 3800 268 3865 Qui
311 3801 581 3857 videlicet
610 3814 780 3853 mons
825 3811 859 3849 a
916 3793 1104 3849 tribus
1144 3789 1442 3854 lateribus,
1476 3783 1765 3849 orientaii,

186 3890 467 3960 aquilonali
500 3891 566 3944 et
595 3884 955 3951 occidentali,
987 3882 1109 3937 aliis
1141 3878 1397 3951 cingitur
1439 3874 1765 3941 montibus;

184 3996 208 4033 a
231 3980 457 4035 meridie
486 3980 761 4033 Garunna
789 3973 1035 4028 valletur
1063 3970 1307 4026 ﬂumine
1338 3965 1769 4039 periculosaque

183 4069 321 4122 vallis
345 4066 650 4139 voragine.
673 4065 756 4118 Ab
789 4062 1013 4119 oriente
1034 4060 1191 4115 inter
1219 4057 1410 4130 ipsum
1441 4058 1499 4109 et
1520 4054 1767 4108 alterum

186 4161 419 4212 montem
450 4154 619 4211 vallis
650 4152 837 4208 existit
890 4151 1264 4223 perangusta,
1298 4161 1402 4217 per
1431 4158 1605 4216 quam
1638 4139 1768 4193 fons

188 4250 336 4311 meat,
368 4261 554 4317 quam
611 4243 812 4297 incolae
840 4240 1132 4295 Mosellam
1187 4235 1560 4305 nuncupant;
1594 4228 1767 4283 simili

186 4334 335 4388 modo
364 4336 434 4389 ab
467 4332 771 4389 occidente
801 4328 1035 4384 alterius
1064 4324 1242 4381 fontis
1299 4321 1500 4393 rapido
1534 4317 1768 4374 alluitur

1874 3242 2049 3296 verba
2079 3243 2416 3315 respondet,
2434 3240 2621 3296 subito
2654 3240 2887 3295 auditur
2902 3243 3124 3296 clamor
3151 3241 3486 3310 mulierum,

1865 3330 2033 3402 juxta
2063 3348 2291 3386 morem
2324 3332 2431 3403 (l8)
2458 3329 2647 3403 gentis
2676 3329 2847 3397 illius,
2884 3331 2979 3384 ubi
3039 3330 3245 3385 seditio
3300 3331 3487 3386 oritur

1876 3425 1974 3476 aut
1994 3437 2151 3475 mors
2176 3420 2431 3476 hominis
2456 3419 2784 3489 intervenit,
2799 3420 3143 3474 conclaman
3154 3418 3319 3474 tium.
3335 3420 3487 3476 Tum

1874 3510 1969 3565 ille
1994 3510 2403 3580 perﬁdus,solo
2432 3509 2672 3565 nomine
2704 3508 3047 3575 monachus,
3073 3508 3145 3563 ad
3167 3524 3266 3562 eos
3297 3508 3394 3581 qui
3426 3525 3488 3564 se

1874 3598 2326 3654 circumstabant
2374 3599 2502 3654 inﬁt
2545 3616 2557 3653 :
2615 3621 2642 3648 «
2675 3599 2855 3664 Nunc,
2916 3596 3205 3668 inquiens,
3266 3597 3490 3651 dicetur

1874 3703 2006 3741 meo
2031 3687 2259 3743 monitu
2286 3688 2395 3742 hoc
2426 3705 2546 3743 esse
2574 3689 2764 3741 ortum
2789 3686 3147 3740 scandalum.
3175 3707 3202 3734 »
3239 3684 3341 3739 Cui
3357 3684 3485 3756 qui-

1874 3776 2008 3830 dam
2032 3793 2096 3830 ex
2119 3776 2205 3829 his
2237 3775 2331 3847 qui
2364 3777 2637 3831 aderant:
2676 3798 2703 3826 ‹‹
2736 3774 2816 3841 Si,
2837 3773 2937 3853 ait,
2967 3774 3026 3828 id
3044 3772 3483 3840 metuis,nobis—

1873 3881 2004 3919 cum
2027 3864 2099 3918 ad
2120 3865 2224 3919 hos
2251 3864 2537 3920 sedandos
2558 3863 2911 3935 progredere
2939 3867 3149 3917 motus.
3172 3862 3383 3915 Verum
3413 3877 3482 3916 eo

1873 3953 2201 4021 diﬂ'erente,
2234 3952 2307 4007 ad
2337 3955 2564 4008 nostros
2618 3950 3025 4022 reprimendos
3054 3952 3100 4005 is
3128 3950 3225 4022 qui
3257 3949 3483 4005 monita

1873 4042 2114 4097 dederat
2161 4042 2373 4096 cursim
2427 4040 2818 4113 progreditur.
2852 4039 3034 4093 Causa
3084 4041 3281 4093 autem
3337 4040 3481 4092 ortae

1870 4130 2168 4185 seditionis
2188 4132 2308 4184 haec
2328 4131 2618 4185 erat.Tam
2645 4126 2879 4183 Francis
2894 4143 3070 4198 quam
3089 4125 3481 4182 Guasconibus

1869 4238 1929 4275 se
1955 4221 2262 4274 alterutros
2289 4218 2560 4273 conviciis
2589 4216 3018 4283 lacessentibus,
3052 4232 3198 4271 unus
3230 4215 3480 4269 Franco-

1868 4326 2021 4377 rum,
2047 4308 2296 4363 nimium
2322 4308 2633 4379 impatiens
2653 4305 2891 4362 convicii
2915 4304 3155 4361 domino
3188 4320 3288 4359 suo
3312 4303 3478 4372 illati,

184 4437 346 4485 cursu,
376 4424 464 4477 cui
490 4422 647 4477 Mosa
671 4435 885 4473 nomen
916 4421 1019 4471 est.
1055 4415 1184 4468 Haec
1217 4410 1456 4466 nomina
1482 4427 1515 4464 a
1535 4406 1768 4462 Francis
1789 4407 1842 4466 D
1870 4399 2317 4455 conviciatorem
2349 4398 2553 4453 baculo
2606 4395 2757 4451 inter
2786 4393 3067 4450 ee‘rvicem
3116 4396 3174 4449 et
3218 4393 3482 4467 scapulas

185 4509 277 4564 illis
297 4512 572 4585 imposita
600 4508 987 4568 aestimantur,
1019 4503 1115 4576 qui
1159 4520 1192 4557 a
1218 4501 1422 4572 Magno
1454 4498 1658 4553 Carolo
1694 4496 1767 4551 ad

183 4600 464 4655 tuitionem
530 4596 839 4670 provincim
886 4594 963 4650 ibi
1018 4590 1202 4647 relicti
1239 4592 1390 4644 sunt.
1419 4588 1544 4643 Non
1592 4586 1768 4657 longe

187 4689 374 4761 quippe
428 4689 510 4744 ibi
547 4688 707 4742 abest
754 4684 1034 4758 palatium
1066 4681 1242 4755 ipsius
1268 4679 1465 4749 magni
1496 4675 1769 4749 principis

186 4776 615 4850 Cassinogilum,
644 4775 745 4830 sed
773 4772 935 4846 quasi
988 4770 1169 4825 tribus
1221 4765 1523 4832 milliariis,
1554 4766 1613 4820 in
1655 4780 1766 4835 quo

188 4864 318 4921 idem
332 4868 655 4941 imperator
670 4880 902 4919 uxorem
922 4878 1080 4916 suam
1094 4855 1379 4928 ,Ludovici
1399 4856 1479 4911 Pii
1496 4858 1764 4920 matrem,

188 4957 467 5024 gravidam
491 4955 752 5026 reliquit,
780 4953 917 5008 dum
948 4951 1148 5005 contra
1169 4947 1516 5001 Sarracenos
1546 4960 1608 4997 ex
1621 4942 1771 5014 pedi-

189 5044 386 5100 tionem
408 5047 471 5099 in
486 5043 768 5115 Hispaniis
797 5043 1011 5113 ageret.
1030 5037 1191 5103 Quod
1219 5038 1278 5089 et
1298 5032 1617 5088 Heinardus
1640 5031 1768 5085 vitae

195 5130 325 5188 illius
353 5136 573 5189 relator
618 5131 833 5193 scribit,
864 5132 918 5183 et
950 5145 1052 5182 nus
1088 5125 1147 5179 in
1176 5124 1324 5179 libro
1355 5121 1767 5177 miraculorum

197 5223 357 5278 sancti
380 5222 562 5296 patris
576 5219 868 5276 Benedicti
891 5216 1137 5271 breviter
1165 5211 1567 5285 expressimus.
1592 5210 1770 5264 Locus

194 5325 316 5367 sane
344 5312 574 5384 Regula
596 5311 667 5365 ob
693 5324 863 5380 supra
887 5305 1099 5361 dictam
1116 5301 1463 5375 positionem
1488 5314 1605 5353 non
1631 5297 1767 5352 faci-

194 5397 241 5452 le
260 5400 507 5456 hostium
528 5399 798 5471 patuisset
818 5393 1082 5462 accessui,
1099 5391 1205 5446 nisi
1223 5388 1575 5462 abaquilone
1592 5403 1768 5461 parva

1867 4489 2047 4543 ictum
2061 4488 2223 4542 humi
2234 4485 2646 4559 prostravit.Eo
2659 4486 3094 4557 prostrato,tam
3108 4481 3289 4538 nostri
3305 4498 3482 4554 quam

1871 4577 2123 4633 seditiosi
2152 4580 2343 4632 semet
2368 4579 2571 4631 mutuo
2620 4575 2879 4648 lapidare
2912 4575 3225 4645 cceperunt.
3251 4573 3480 4628 Interea

1871 4667 1955 4722 vir
1976 4667 2206 4723 Domini
2240 4667 2423 4734 Abbo,
2452 4666 2608 4720 intra
2632 4666 2946 4720 claustrum
2977 4662 3316 4719 monasterii
3347 4662 3484 4717 resi-

1871 4758 2015 4813 dens
2070 4760 2129 4811 et
2162 4755 2442 4829 quasdam
2501 4755 2763 4826 computi
2793 4753 3147 4808 ratiunculas
3184 4750 3476 4819 dictitans,

1869 4845 2348 4901 tumultuantium
2371 4846 2623 4899 clamore
2641 4842 2928 4910 exaudito,
2953 4842 3106 4896 foras
3126 4842 3196 4895 ab
3218 4839 3481 4896 inferiori

1869 4935 2087 4990 montis
2107 4938 2268 5008 parte
2299 4933 2689 5005 progreditur,
2716 4936 2772 4985 et.
2802 4931 2875 4986 ad
2896 4929 3299 5002 reprimendos
3324 4945 3476 4995 suos,

1872 5023 2284 5096 quisuperiora
2314 5024 2737 5093 occupaverant
2757 5022 2900 5086 loca,
2927 5018 3228 5086 festinans,
3253 5018 3325 5073 ab
3360 5034 3478 5071 uno

1874 5114 2121 5168 adversm
2136 5113 2313 5184 partis
2335 5110 2576 5165 satellite
2594 5111 2795 5164 lancea
2814 5112 2932 5162 tam
2948 5107 3132 5162 valide
3146 5108 3443 5161 vulnerata
3454 5123 3482 5160 r

1871 5204 1933 5259 in
1958 5204 2099 5258 itero
2124 5204 2339 5257 lacerto
2362 5205 2424 5255 ut
2452 5199 2730 5254 interiora
2759 5200 3048 5253 costarum
3079 5196 3349 5251 adactum
3373 5212 3473 5268 pe-

1873 5296 2129 5348 netraret
2151 5292 2390 5346 ferrum.
2426 5289 2531 5353 Qui
2558 5305 2859 5360 purcussus
2890 5303 3009 5341 non
3035 5285 3324 5354 clamavit,
3359 5302 3476 5340 non

1875 5382 2153 5449 titubavit,
2199 5384 2298 5437 aut
2345 5378 2675 5435 cadentium
2734 5393 2899 5432 more
2947 5376 3072 5429 loco
3123 5376 3313 5429 motus
3362 5377 3470 5444 est,

259 5598 353 5670 (l8)
380 5599 541 5654 Hanc
581 5610 781 5653 vocem
809 5608 928 5653 esse
957 5589 1190 5647 Biahore
1234 5604 1302 5647 ex
1328 5585 1549 5647 Pithoeo
1576 5583 1842 5642 observat
1883 5579 2117 5636 illustris
2148 5581 2348 5636 Petrus
2379 5577 2449 5635 de
2477 5575 2664 5633 Marca
2718 5574 2780 5631 in
2810 5572 3089 5632 Historiae
3130 5568 3496 5645 Bearneusis‘

198 5667 284 5727 lib.
305 5667 386 5736 ui,
415 5686 543 5745 cap.
575 5673 663 5727 11.
