3922 6168
481 334 579 392 411

1505 337 1557 393 S.
1587 334 1769 391 ABBO
1800 334 2291 391 FLORIACENSIS
2315 336 2558 391 ABBAS.

3691 338 3784 394 412

489 461 1020 528 vcrumtamen,hoc
1037 464 1260 517 tantum
1279 462 1490 517 dicens:
1509 486 1534 511 ‹‹
1557 462 2082 530 Iste,ait,seri0h£ec
2107 465 2162 524 Α
2190 461 2442 528 videndi,
2475 462 2681 516 eadem
2711 460 2801 516 die
2854 477 2983 515 cum
3049 458 3409 531 quibusdam
3440 458 3563 514 aliis
3589 459 3783 515 ibidem

490 548 644 615 fecit,
659 568 683 594 τι
702 549 773 603 ad
792 549 1030 604 domum
1044 551 1136 605 ubi
1152 551 1447 606 suifamuli
1470 550 1780 621 hospitium
1792 551 2087 605 habebant

490 636 795 691 ascendere
844 639 1032 708 cmpit.
1066 640 1437 695 Sustentabat
1480 643 1675 695 autem
1715 656 1849 693 eum
1906 640 2087 693 frater

486 724 716 795 quidam
728 727 988 792 ,nomine
1001 728 1442 801 Guillelmus,cuj
1453 747 1514 783 us
1526 745 1699 800 supra
1711 727 2086 783 meminimus

489 813 628 883 Ego,
644 815 880 886 vestigia
896 816 1018 886 ejus
1047 821 1397 889 persecutus,
1418 818 1707 889 conspicio
1726 817 2087 889 superlimen

488 902 893 975 domus,quam
916 905 1002 959 vir
1020 910 1247 961 sanctus
1268 907 1558 979 ingressus
1571 906 1696 977 jam
1712 911 2088 978 erat,partem

488 992 773 1061 coagulati
803 994 1118 1065 sanguinis.
1152 997 1636 1067 Interrogansque
1668 996 1739 1050 de
1770 1013 1881 1067 quo
1917 996 2087 1063 foret,

486 1077 593 1133 hoc
623 1096 656 1133 a
686 1080 786 1135 Dei
817 1082 1056 1137 homine
1087 1099 1432 1153 responsum
1466 1084 1656 1155 accepi
1716 1101 1729 1138 :
1791 1108 1819 1135 «
1861 1087 1939 1140 De
1972 1102 2087 1152 me,

490 1165 697 1238 inquit,
712 1172 1011 1237 est,testor
1026 1172 1407 1240 Dominum;»
1433 1172 1705 1228 continuo
1720 1174 1860 1229 mihi
1880 1178 2089 1229 stetere

492 1259 1028 1330 conm;horrorque
1058 1260 1279 1315 infusus
1305 1262 1535 1332 corpori
1572 1262 1942 1318 raucisonam
1966 1265 2090 1319 red-

493 1345 636 1399 didit
660 1363 881 1401 vocem.
910 1349 1177 1404 Nondum
1208 1350 1367 1404 enim
1398 1350 1686 1422 quispiam
1720 1352 2087 1408 animadver-

496 1436 643 1487 terat
690 1451 822 1490 eum
851 1435 906 1489 in
938 1453 1110 1493 carne
1139 1455 1261 1492 esse
1312 1440 1706 1509 vulneratum;
1739 1440 1837 1494 sed
1863 1444 2089 1498 tantum

495 1520 837 1578 indumenta
865 1525 1293 1581 mstimabamus
1330 1526 1500 1582 fuisse
1550 1530 1860 1599 perforata.
1890 1533 2089 1603 Itaque

497 1609 588 1663 aio
619 1611 691 1665 ad
721 1628 853 1666 eum
880 1629 892 1666 :
929 1614 1191 1677 Quanam
1228 1614 1286 1669 in
1327 1619 1513 1686 parte,
1543 1616 1804 1689 inquam,
1851 1618 1952 1673 tibi
1984 1622 2087 1675 do-

495 1698 654 1754 mino
686 1716 817 1755 meo
867 1702 1092 1757 illatum
1133 1704 1333 1758 vulnus
1381 1705 1503 1760 est?
1530 1707 1697 1768 Tum.
1730 1724 1797 1762 eo
1831 1709 2087 1765 elcvante

2189 550 2519 612 advenerat,
2553 566 2734 622 coque
2788 550 2927 617 viso,
2960 549 3035 603 ad
3098 550 3394 603 metatum
3433 564 3617 615 suum,
3649 549 3787 619 quasi

2191 639 2458 694 milliario
2488 656 2552 693 ac
2580 639 2750 694 semis
2776 638 2991 693 distans
3014 655 3051 693 a
3074 636 3467 703 monasterio,
3486 642 3785 692 secesserat.

2188 730 2257 795 Is,
2283 729 2376 782 ubi
2400 732 2610 783 nostra!
2630 727 2873 782 miseriae
2890 728 3172 781 nuntium
3199 725 3445 796 accepit,
3467 725 3536 779 ad
3555 728 3789 781 nostrum

2190 816 2463 872 auxilium
2495 834 2626 871 cum
2654 816 2767 871 suis
2796 816 3069 872 velociter
3099 815 3384 870 accurrit.

2264 906 2327 959 Hi
2354 923 2493 977 ergo
2526 923 2733 978 corpus
2761 904 3205 977 beatum,quod
3230 904 3423 959 adhuc
3453 902 3512 957 in
3535 903 3718 970 domo,
3742 903 3791 957 in

2191 1011 2303 1061 qua
2320 994 2579 1049 animam
2599 995 2854 1050 Creatori
2868 995 3239 1055 reddiderat,
3256 1009 3431 1064 super
3444 992 3651 1046 nudam
3667 1009 3793 1064 pene

2189 1083 2435 1137 humum
2462 1084 2710 1154 jaeebat,
2743 1083 2921 1157 tapeti
2974 1082 3357 1154 impositum,
3386 1082 3459 1136 ad
3492 1098 3594 1136 nos
3638 1097 3792 1151 usque

2192 1173 2792 1243 pertulerunt,nostris
2804 1176 3040 1244 propter
3052 1171 3387 1243 caliginem
3406 1169 3628 1224 noctise
3643 1169 3796 1223 claus-

2192 1263 2280 1315 tro
2304 1262 2636 1317 monasterii
2655 1262 2896 1318 minime
2913 1263 3066 1317 exire
3085 1259 3471 1316 audentibus.
3490 1258 3792 1313 Dubitatum

2191 1349 2523 1421 aliquandiu
2542 1354 2627 1405 est
2642 1368 2899 1423 quonam
2920 1351 2977 1405 in
3001 1353 3133 1406 loco
3159 1349 3305 1421 poni
3327 1347 3728 1404 deberet.Tunc
3746 1346 3792 1399 in

2192 1455 2503 1494 commune
2536 1440 2750 1511 placuit
2797 1444 2879 1507 ut,
2912 1440 3153 1512 quando
3220 1439 3570 1493 innocenter
3598 1452 3657 1489 ac
3706 1451 3792 1505 pro

2194 1528 2428 1582 veritate
2480 1545 2607 1600 quae
2668 1528 2921 1583 Christus
2980 1532 3067 1583 est
3126 1528 3528 1596 interemptus
3584 1526 3719 1590 erat,
3744 1522 3793 1575 in

2195 1616 2430 1671 ecclesia
2460 1621 2796 1687 poneretur,
2823 1617 2919 1672 ubi
2973 1633 3160 1689 usque
3201 1616 3279 1670 ad
3315 1614 3630 1669 diluculum
3659 1611 3794 1665 feria:

2192 1709 2434 1777 quartae,
2451 1706 2671 1761 duabus
2694 1707 2956 1761 videlicet
2974 1706 3251 1761 noctibus
3271 1720 3507 1776 unaque
3534 1702 3642 1769 die,
3659 1718 3792 1766 eum,

494 1786 791 1844 brachium
822 1794 883 1845 ut
905 1793 1137 1863 plagam
1169 1793 1483 1865 detegeret,
1507 1798 1747 1868 repente
1774 1797 1844 1851 ab
1872 1797 2089 1853 intimis
2111 1795 2162 1853 B
2192 1810 2322 1848 cum
2354 1798 2571 1866 quanta
2601 1795 2892 1866 potuimus
2920 1796 3297 1868 psalmorum
3329 1795 3390 1847 et
3428 1793 3787 1863 lacrymarum

494 1879 781 1932 costarum
811 1881 1125 1935 recessibus
1154 1883 1310 1937 unda
1339 1884 1635 1955 sanguinis
1679 1901 2086 1958 prorumpens,

493 1966 1221 2041 manicalaxiorispelliceae
1240 1971 1754 2044 excipitur.Verum
1769 1974 1889 2047 ipse
1910 1976 2087 2032 nibilo

492 2053 728 2122 tristior,
760 2074 866 2112 nec
894 2059 1079 2113 vultus
1110 2061 1300 2115 colore
1326 2065 1570 2130 mutato,
1605 2079 1737 2117 cum
1788 2081 1882 2119 me
1912 2066 2091 2136 trepi-

490 2143 627 2199 dare
643 2146 829 2217 magis
850 2148 1148 2220 magisque
1165 2150 1559 2206 sensissettam
1584 2169 1652 2206 ex
1674 2153 1837 2208 faciei
1863 2172 2091 2225 permu-

489 2233 709 2288 tatione
733 2252 906 2306 quam
931 2254 995 2291 ex
1018 2238 1207 2293 verbis
1230 2240 1629 2311 querimonim,
1651 2242 1821 2297 alacri
1847 2245 2001 2298 vultu
2033 2248 2090 2298 et

490 2335 641 2391 pene
697 2322 909 2378 ridenti
948 2325 1169 2393 similis,
1224 2329 1347 2382 ait:
1391 2348 1421 2380 «
1465 2328 1611 2393 Quid
1670 2333 1753 2401 tu,
1802 2331 2085 2404 inquiens,

492 2423 715 2479 ageres,
748 2411 794 2465 si
825 2412 944 2484 ipse
975 2416 1305 2470 vulneratus
1322 2434 1471 2470 esses
1491 2418 1518 2471 ?
1548 2421 1805 2473 attamen
1827 2420 1942 2473 noli
1968 2437 2087 2475 me-

490 2498 679 2565 tuere;
714 2498 853 2576 quin
900 2501 1089 2572 potius
1136 2502 1290 2558 foras
1338 2505 1412 2559 ad
1451 2508 1676 2560 nostros
1715 2509 2086 2579 progredere,

491 2600 704 2657 eosque
718 2587 790 2641 ad
804 2604 897 2643 me
915 2590 1110 2645 venire
1123 2591 1317 2660 facito,
1333 2597 1394 2647 ut
1415 2593 1536 2648 haec
1556 2594 1829 2650 sedentur
1848 2597 2086 2653 turbae.»

492 2672 657 2737 Quod
680 2691 811 2730 cum
833 2676 1117 2747 fecissem,
1135 2680 1330 2753 illique
1353 2682 1822 2754 obtemperantes
1848 2686 2089 2758 ingressi

488 2766 697 2831 essent,
757 2764 897 2838 ipse,
923 2767 1049 2838 jam
1097 2770 1399 2842 exsanguis
1456 2772 1652 2839 tactus,
1692 2772 1846 2829 inter
1884 2792 2091 2830 manus

489 2849 898 2923 discipulorum
966 2857 1433 2932 famulorumque
1491 2879 1550 2915 se
1617 2865 2085 2934 sustentantinm,

488 2939 678 2995 Idibus
694 2943 1029 3000 Novembris
1050 2948 1314 3018 spiritum
1340 2951 1609 3006 reddidit.
1638 2952 1978 3009 Retulerunt
1995 2971 2091 3009 au-

2193 1882 2517 1950 devotione,
2546 1883 2897 1955 insepultum
2951 1883 3337 1938 servavimus.
3369 1876 3588 1933 Referri
3618 1873 3793 1945 nequit

2192 1972 2290 2043 qui
2310 1974 2494 2027 luctus
2512 1972 2943 2045 quiveIgemitus
2959 1973 3029 2027 ab
3041 1972 3131 2026 his
3150 1971 3252 2043 qui
3274 1970 3352 2025 ad
3372 1985 3509 2024 eum
3522 1964 3787 2021 visendum

2193 2077 2223 2115 c
2250 2061 2588 2134 propinquis
2616 2064 2894 2117 venerant
2950 2060 3090 2116 locis
3140 2060 3341 2114 editus
3374 2057 3468 2124 sit,
3502 2071 3629 2109 cum
3656 2069 3787 2115 eum,

2193 2166 2366 2221 quem
2401 2151 2688 2207 viventem
2740 2168 2978 2206 cernere
3035 2148 3494 2222 concupierant,
3528 2147 3786 2199 mortuum

2193 2238 2644 2309 conspiciebant.
2675 2240 3245 2311 Contemplabantur
3277 2253 3423 2293 sane
3452 2236 3663 2289 vultum
3688 2230 3788 2300 ejus

2193 2327 2380 2382 adhuc
2400 2328 2627 2384 sudario
2652 2345 3021 2401 nequaquam
3037 2332 3341 2401 opertum,
3361 2324 3463 2398 qui
3483 2315 3789 2378 dormientis

2192 2417 2382 2488 potius
2404 2434 2578 2489 quam
2606 2419 2817 2473 mortui
2845 2418 3097 2490 speciem
3124 2435 3195 2472 ex
3213 2416 3437 2471 rubore
3452 2407 3784 2484 praeferebat,

2193 2509 2253 2559 et
2323 2506 2589 2577 lacrymis
2659 2507 3078 2579 opplebantur;
3142 2503 3627 2572 incredibileque,
3677 2509 3784 2549 cum

2195 2594 2807 2663 adviveret,videbatur
2820 2612 2952 2651 eum
2969 2599 3088 2650 tam
3102 2595 3418 2667 ingentem
3433 2593 3559 2663 post
3571 2585 3783 2645 obitum,

2202 2700 2323 2738 non
2368 2686 2552 2740 solum
2588 2702 2621 2739 a
2670 2686 2802 2752 suis,
2832 2701 3031 2739 verum
3083 2684 3273 2739 etiam
3320 2683 3693 2766 lacrymosum
3728 2669 3786 2766 ait

2195 2773 2478 2827 extraneis
2490 2774 2820 2829 habiturum
2838 2774 3133 2845 planctum
3144 2818 3155 2831 .
3166 2773 3322 2826 Nam
3336 2768 3581 2843 quiliber
3591 2763 3787 2819 adveni-

2171 2863 2455 2928 ret,notus
2467 2880 2564 2916 seu
2578 2862 2880 2935 ignotus,ej
2892 2863 3075 2918 usviso
3087 2859 3485 2935 corpore,sivc
3497 2855 3787 2929 posttumu-

2192 2951 2471 3006 lationem
2486 2952 3051 3023 sepulcro,continuo
3070 2952 3129 3007 in
3159 2952 3460 3023 lacrymas
3474 2952 3787 3019 prorumpe“

489 3033 607 3084 tem
634 3033 729 3104 qui
755 3034 876 3105 ejus
890 3040 1151 3092 sanctum
1181 3038 1357 3094 finem
1374 3040 1565 3097 videre
1582 3044 2087 3109 meruerunt(nam
2122 3073 2169 3132 ρ
2194 3038 2294 3093 bat
2310 3040 2585 3095 Matutino
2613 3058 2749 3095 sane
2774 3043 3035 3112 tempore
3065 3039 3232 3095 feria!
3262 3040 3509 3112 quartae.
3527 3046 3649 3087 cum

490 3136 598 3192 ego
626 3122 699 3176 ob
716 3125 1001 3180 sedandos
1022 3130 1443 3184 tumultuantes
1468 3131 1781 3187 forinsecus
1798 3151 2092 3189 remanse-

491 3213 637 3280 ram)
664 3211 814 3266 hunc
845 3212 1021 3284 ipsius
1051 3215 1322 3270 ultimum
1348 3216 1520 3272 fuisse
1541 3236 1908 3276 sermonem:
1936 3244 1965 3272 α
1998 3222 2097 3277 Μὶ-

491 3315 705 3371 serere,
737 3300 1024 3373 inquiens,
1068 3306 1215 3359 Deus
1264 3307 1653 3377 omnipotens,
1685 3309 1896 3364 animae
1927 3325 2095 3377 mem,

489 3386 731 3461 locoque
785 3407 851 3445 ac
903 3394 1365 3464 congregationi,
1398 3412 1572 3467 quam
1624 3414 1777 3452 nunc
1833 3416 2011 3470 usque
2043 3402 2097 3453 te

493 3479 849 3535 concedente
875 3480 1015 3535 rexi.
1049 3502 1077 3531 »
1126 3483 1194 3535 Et
1223 3483 1317 3537 ille
1349 3483 1584 3555 quidem
1628 3486 1751 3541 haec
1778 3488 2002 3556 effatus,
2037 3490 2099 3541 ut

493 3568 833 3637 przedictum
862 3573 971 3638 est,
1000 3570 1257 3626 animam
1289 3572 1523 3627 efﬂavit.

564 3657 899 3714 Atseditiosi
913 3659 1237 3723 domum,in
1255 3677 1368 3732 qua
1379 3662 1582 3718 beatus
1592 3667 1757 3735 pater
1760 3665 1886 3736 jam
1901 3664 2102 3719 defun-

493 3748 616 3801 ctus
639 3763 671 3801 a
698 3748 809 3803 suis
854 3749 1301 3817 lamentabatur,
1330 3751 1775 3819 circumdantes,
1804 3755 2101 3809 obseratos

493 3837 859 3893 succiderunt
874 3837 1138 3894 cardines
1150 3839 1426 3896 ostiorum
1437 3841 1661 3914 .Sicque
1676 3842 1731 3897 fu
1740 3861 1873 3898 rens
1886 3844 2102 3914 ingres-

493 3942 554 3981 sa
568 3927 753 3995 turba,
769 3927 1053 4000 aliquibus
1064 3929 1395 3999 vulneratis,
1412 3931 1827 4015 cubicularium
1849 3932 1953 3986 viri
1977 3932 2097 3999 Dei,

492 4017 769 4071 vocabulo
797 4017 1172 4087 Adelardum,
1193 4018 1474 4092 quieaput
1494 4020 1718 4075 domini
1742 4020 1826 4074 sui
1854 4020 2099 4093 propriis

493 4106 737 4177 genibus
775 4107 1136 4180 suppositum
1189 4110 1455 4181 lacrymis
1508 4109 1764 4182 rigabat,
1792 4111 1865 4165 ad
1895 4126 2097 4164 necem

496 4211 671 4265 usque
689 4195 929 4251 fustibus
948 4197 1249 4269 prmacutis
1276 4215 1341 4253 ac
1359 4198 1571 4253 lanceis
1585 4197 1981 4266 conciderunt;
2000 4198 2099 4270 qui

494 4299 718 4353 {egrum
740 4301 916 4355 usque
939 4286 1012 4353 ad
1036 4285 1217 4340 tertia}
1237 4287 1394 4342 feriae
1414 4288 1728 4343 diluculum
1752 4288 2097 4358 protrahens

2198 3128 2401 3199 quibus
2417 3129 2651 3184 indutus
2672 3134 2796 3185 erat
2812 3129 3190 3196 vestimentis,
3219 3128 3307 3184 uti
3341 3142 3470 3183 mos
3486 3124 3568 3178 est
3586 3113 3782 3189 sepeliri

2197 3216 2600 3291 interemptos,
2634 3219 2823 3273 illotus
2855 3218 3055 3286 etiam,
3087 3217 3323 3290 lapideo
3360 3211 3665 3270 tumulatus
3683 3216 3781 3298 sar-

2200 3307 2547 3378 cophago,m
2571 3307 2937 3362 interioribus
2959 3310 3195 3378 cryptaz,
3218 3308 3360 3361 ante
3388 3304 3566 3357 altare
3584 3293 3784 3390 sanctis-

2200 3394 2329 3449 simi
2359 3396 2537 3465 patris
2557 3396 2867 3450 Benedicti.
2893 3397 2958 3449 Et
2974 3394 3212 3466 quidem
3235 3393 3375 3448 satis
3397 3384 3780 3466 decentissime,

2202 3485 2247 3539 si
2274 3463 2390 3538 non
2418 3484 2468 3538 ei
2499 3487 2619 3539 tam
2646 3484 2968 3555 insperatus
2997 3483 3345 3555 contigisset
3374 3479 3502 3534 finis
3530 3474 3666 3530 vitae.
3690 3463 3784 3521 Sed

2204 3571 2498 3645 Scriptura
2518 3576 2661 3629 teste
2684 3575 2949 3628 novimus
2971 3573 3109 3645 quia
3119 3573 3330 3642 justus,
3352 3577 3654 3642 quacunque
3670 3570 3782 3645 mor-

2203 3641 2657 3733 Zeprinoccupatus
2679 3664 2866 3733 fuerit,
2899 3664 2953 3716 in
2987 3641 3280 3731 refrigerio
3321 3641 3421 3714 erit
3455 3654 3600 3722 (Βίῳ.
3630 3663 3695 3711 1v,

2276 3730 2546 3821 Caelii—1.
2578 3730 2860 3806 Socz'oru-m
2886 3751 3001 3821 ejus
3037 3730 3237 3805 reditus
3272 3748 3599 3804 Floriacum.
3624 3730 3782 3789 Abbo-

2202 3844 2286 3895 ηιέ
2313 3820 2452 3895 iners
2477 3842 2732 3896 luctuosa.
2765 3840 2827 3896 S.
2847 3839 3125 3895 Benedicti
3146 3839 3347 3895 celebre
3373 3826 3781 3916 festumjDeceni-

2203 3931 2493 3987 Mcl—Nos
2506 3930 2681 4002 igitur
2694 3935 2897 4002 quarto
2912 3948 2945 3984 a
2961 3929 3349 3984 tumulatione
3368 3921 3545 3981 sancti
3564 3922 3783 4007 corpol‘Is

2204 4018 2296 4073 die
2309 4019 2442 4075 inde
2462 4020 2724 4091 digressi,
2744 4037 2846 4091 per
2861 4018 3102 4073 biduum
3118 4013 3501 4073 avicecomitc
3514 4003 3779 4064 Amaluino

2204 4108 2253 4178 ej
2264 4109 2628 4181 usquefuxorc
2641 4109 3033 4180 Rosemberga
3045 4100 3601 4162 detenticharitativo
3615 4100 3779 4148 sumus

2204 4197 2432 4253 affectu.
2459 4199 2628 4269 Cujus
2654 4198 2911 4252 mulieris
2924 4197 3410 4270 benignissimam
3432 4205 3566 4260 erga
3586 4182 3777 4277 nostra?

2204 4287 2689 4358 compassionem,
2722 4287 2889 4342 nobis
2920 4288 2993 4341 ad
3044 4286 3479 4341 conclusionem
3508 4275 3776 4358 νοιιιιηιυιε

493 4371 779 4443 spiritum,
818 4372 1028 4428 defecit
1056 4390 1122 4429 ac
1174 4379 1439 4431 mortuus
1488 4379 1595 4444 est,
1640 4378 2007 4449 sepultusque
2038 4376 2095 4430 in
2122 4350 2175 4408 D
2201 4377 2592 4444 tendentibus,
2614 4376 2865 4432 breviter
2887 4392 3213 4430 memorare
3233 4366 3655 4446 congruitﬁam
3676 4366 3775 4424 1P5al

494 4461 740 4514 claustro
793 4463 1149 4531 monasterii,
1176 4465 1341 4535 juxta
1399 4483 1571 4537 quem
1626 4483 1854 4538 quoque
1910 4469 2099 4520 custos

494 4566 777 4621 equorum
824 4550 998 4623 ipsius
1028 4553 1205 4607 sancti
1240 4558 1439 4626 postea
1475 4556 1790 4610 tumulatus
1829 4558 1931 4611 est.
1968 4553 2096 4622 Qui,

494 4643 633 4694 tunc
658 4640 894 4711 quidem
921 4642 1271 4709 vulneratus,
1301 4660 1478 4715 usque
1501 4644 1573 4699 ad
1600 4644 1754 4699 diem
1782 4642 2100 4698 festivitatis

495 4729 676 4783 sancti
698 4730 944 4785 Andreas
973 4730 1216 4802 languit,
1230 4732 1422 4803 sicque
1440 4734 1602 4787 obiit.
1623 4725 1906 4787 Caeterum
1924 4735 2100 4787 tanta:

493 4819 671 4873 cladis
690 4819 1117 4891 compilatores,
1133 4821 1447 4875 certissime
1461 4825 1840 4891 agnoscentes
1866 4823 2101 4875 beatum

493 4906 1298 4975 obiisseAbbonem,certatim
1313 4911 1498 4963 cuncti
1518 4910 1575 4963 in
1591 4910 1786 4981 fugam
1802 4913 2105 4965 vertuntur

494 4995 667 5063 itaut,
689 4997 858 5052 terris
877 4998 1103 5053 reddito
1123 4999 1236 5065 die,
1266 5016 1337 5053 ne
1363 4999 1631 5054 mulieres
1648 5000 1883 5071 quidem
1900 5000 1958 5053 in
1979 5000 2106 5054 uni-

2202 4465 2323 4521 viro
2340 4483 2440 4521 suo
2465 4470 2528 4521 ut
2547 4467 2876 4521 vulneratos
2894 4465 3071 4519 etiam
3097 4465 3362 4519 nolentes
3383 4453 3649 4515 retineret
3668 4456 3774 4538 sua-

2203 4554 2292 4609 sit.
2321 4554 2577 4610 Rctentis
2602 4558 2798 4610 autem
2828 4556 2949 4625 ipsa
2980 4557 3188 4608 cuncta
3235 4550 3440 4606 tribuit
3460 4544 3771 4600 necessaria,

2205 4662 2320 4699 non
2353 4646 2539 4699 solum
2566 4642 2996 4715 languentibus,
3028 4659 3227 4697 verum
3260 4641 3437 4695 etiam
3468 4642 3654 4724 eorum

2202 4733 2508 4801 vientibus,
2542 4736 2714 4805 atque
2770 4733 2949 4805 equis,
3004 4732 3099 4804 qui
3136 4748 3344 4786 omnes
3388 4717 3653 4782 sexdecim
3683 4708 3770 4780 U9}

2206 4828 2374 4879 erant
2406 4840 2668 4878 numero.
2696 4823 2976 4877 Medicum
3022 4821 3144 4892 ipsa
3190 4817 3466 4891 quaesivit,
3500 4810 3654 4880 ciun
3688 4808 3771 4870 P"0

2206 4912 2478 4968 sanandis
2497 4911 2665 4984 aegris
2680 4911 2804 4983 ipsa
2826 4909 3078 4982 pretium
3101 4908 3366 4979 praebuit.
3381 4908 3427 4960 Α
3449 4917 3538 4957 me
3555 4898 3768 4968 quoqucv

2208 5006 2270 5056 ut
2288 5020 2421 5057 cum
2439 5001 2521 5057 eis
2544 5016 2935 5066 remanerem,
2953 5015 3068 5052 non
3088 4998 3275 5052 solum
3300 4990 3592 5050 mansueta
3609 4987 3769 5066 ρνθεςς

490 5085 664 5139 versis
682 5086 1009 5143 forensibus
1038 5087 1212 5159 ipsius
1236 5087 1380 5143 villae
1412 5088 1808 5143 invenirentur
1834 5089 2103 5144 domibus
2205 5109 2407 5147 verum
2454 5090 2704 5163 quadam
2734 5089 3049 5162 imperiosa
3078 5076 3585 5157 consanguinitatis
3613 5060 3772 5163 θιοβιί

490 5172 808 5238 Quatriduo
848 5179 978 5250 post
1008 5178 1232 5233 obitum
1264 5178 1446 5233 sancti
1496 5178 1597 5232 viri
1630 5177 1842 5232 morati
1873 5195 2096 5240 sumus,

486 5271 887 5323 commorante
909 5284 1139 5338 semper
1162 5267 1541 5323 nobiscumob
1563 5266 1885 5323 custodiam
1912 5268 2092 5324 nostri

484 5356 740 5427 quodam
758 5356 1083 5413 honorabili
1114 5356 1255 5424 viro,
1290 5357 1527 5413 nomine
1552 5356 1876 5421 Guillelmo,
1909 5356 2087 5413 Orioli

482 5444 622 5502 ﬁlio.
649 5445 754 5511 Qui
777 5446 1039 5502 videlicet
1057 5446 1407 5517 Guillelmus,
1432 5447 1618 5520 gratia
1638 5448 1873 5503 beatum
1899 5448 2083 5504 virum

2204 5182 2566 5237 auctoritate.
2587 5180 2653 5234 Hi
2674 5197 2807 5235 vero
2850 5178 2947 5251 qui
2977 5176 3103 5232 sani
3126 5192 3384 5242 evasere,
3418 5190 3450 5227 a
3472 5156 3771 5264 procurati)-

2196 5270 2352 5325 ribus
2378 5273 2519 5343 ejus,
2538 5269 2661 5341 ipsa
2687 5268 3081 5341 praecipiente,
3108 5282 3211 5337 per
3243 5280 3446 5321 omnes
3472 5256 3633 5329 ipsius
3655 5256 3765 5343 Pof‘

2196 5360 2476 5415 sessiones
2506 5377 2633 5431 qua:
2659 5359 2717 5413 in
2746 5358 2950 5412 itinere
2973 5358 3162 5423 erant,
3193 5351 3506 5410 honoriﬁce
3534 5331 3764 5431 suscepit?

2196 5449 2424 5504 tristem
2441 5421 2588 5505 tanti
2608 5446 2820 5504 doloris
2838 5445 3107 5502 nuntium
3146 5460 3249 5515 per
3271 5457 3441 5499 omne
3468 5421 3767 5508 θρανεοιιίθδ

548 5628 657 5702 (l9)
686 5626 784 5686 Hic
814 5629 938 5686 erat
960 5626 1067 5685 illis
1096 5629 1457 5704 temporibus
1482 5629 1756 5688 abbatum
1776 5628 2104 5702 comitatus,
2138 5628 2236 5706 qui
2267 5629 2442 5688 etiam
2473 5627 2715 5687 subinde
2744 5605 3163 5684 ultra‘modum
3194 5626 3391 5682 auctus
3420 5623 3518 5678 est.
