3876 6172
504 331 607 393 415

1548 338 1604 395 S.
1637 338 1931 398 ABBONIS
1955 341 2445 403 FLORlACENSlS
2475 338 2761 401 ABBATlS
3643 352 3727 408 416

3264 466 3713 489 ‘—

1079 565 1541 654 NOTITIA
1575 570 2261 659 LITTERABIA
2303 573 2425 659 IN
2486 572 2570 669 S.
2614 567 3196 669 ABBONEM.

1275 782 1285 791 ,
1316 723 1507 798 (Apud
1536 726 1875 797 Oudinum.,
1904 728 2114 800 Script.
2145 729 2348 798 eccles.,
2396 732 2538 785 tom.
2575 729 2640 796 ΙΙ,
2691 744 2823 799 pag.
2860 726 3011 799 509.)

577 964 635 1021 S.
668 968 831 1024 Abbo
857 969 1207 1024 Floriaccnis
1238 970 1413 1025 abbas
1433 975 1492 1025 et
1516 975 1755 1044 martyr,
1784 971 1897 1026 sive
1917 972 2109 1027 Sancti
2131 977 2187 1035 Α
2216 971 2721 1027 Benedictinorum
2740 969 2933 1025 Sancti
2955 969 3223 1024 Germani
3252 968 3557 1024 Parisiensis
3574 969 3739 1025 biblio-

504 1056 795 1111 Benedicti
828 1057 902 1112 ad
934 1058 1202 1129 Ligerim,
1236 1060 1293 1113 in
1325 1059 1657 1131 episcopatu
1692 1061 2109 1129 Aurelianensi,

500 1142 588 1196 vir
616 1144 814 1199 doctus
845 1161 908 1199 ac
931 1149 1179 1213 sanctus,
1206 1147 1365 1217 cujus
1387 1149 1711 1203 doctrinam
1732 1149 1890 1204 varia
1913 1150 1984 1205 ab
2016 1151 2111 1204 illo

503 1231 713 1303 scripta
743 1250 919 1303 opera
943 1234 1210 1303 probant,
1242 1236 1401 1307 cujus
1429 1238 1793 1292 sanctitatem
1818 1238 2025 1293 effusus
2042 1239 2114 1293 ad

504 1322 958 1375 conservandam
991 1323 1418 1379 observantiam
1448 1326 1668 1380 ordinis
1702 1330 1872 1397 atque
1892 1328 2116 1381 oblatus

503 1408 735 1478 sanguis
766 1413 1027 1464 testatur.
1056 1411 1367 1467 Meminero
1398 1414 1567 1484 hujus
1581 1415 1855 1481 Abbonis,
1882 1420 1944 1470 ut
1966 1415 2117 1469 infra

506 1511 734 1567 quoque
757 1496 1032 1565 dicemus,
1051 1498 1380 1571 Sigebertus
1402 1502 1461 1555 in
1486 1502 1757 1573 Catalogo
1779 1504 2117 1574 Scriptorum

508 1582 992 1657 ecclesiasticarum,
1027 1602 1152 1659 cap.
1192 1590 1311 1654 139,
1333 1591 1389 1643 et
1410 1589 1467 1643 in
1501 1588 1765 1644 Chronico
1798 1591 1865 1645 ad
1897 1608 2117 1645 annum

506 1673 631 1739 990,
692 1676 749 1727 et
801 1674 1045 1729 Senatus
1106 1694 1333 1748 quoque
1394 1679 1727 1746 Bravonius,
1785 1681 1976 1734 saeculi
2044 1698 2118 1735 xn

505 1761 769 1831 scriptor,
793 1762 850 1816 in
869 1763 993 1818 Vita
1020 1763 1076 1818 S.
1104 1764 1374 1832 Oswaldi,
1410 1768 1563 1839 apud
1601 1768 1834 1823 Surium
1864 1769 1938 1823 ad
1965 1768 2119 1823 diem

513 1852 575 1902 15
638 1849 916 1905 Octobris.
973 1853 1048 1906 Ex
1125 1870 1240 1924 quo
1308 1856 1708 1926 cognoscimus
1765 1856 1995 1911 hortatu
2052 1858 2116 1911 S.

507 1937 849 2004 Dunstanui,
883 1940 1022 1996 dum
1059 1941 1116 1995 in
1148 1943 1356 2013 Anglia
1395 1950 1740 2012 moraretur,
1792 1946 1955 2000 illum
1990 1946 2123 2000 scri-

506 2026 682 2099 psisse
720 2028 1038 2085 Passionem
1087 2030 1158 2085 B.
1219 2031 1505 2087 Edmundi
1554 2037 1689 2104 regis
1743 2042 1791 2089 et
1844 2037 2119 2104 martyris,

508 2131 682 2186 quam
723 2118 1005 2174 bal-emus
1053 2121 1206 2191 apud
1247 2122 1478 2177 Surium
1527 2127 1688 2179 tomo
1738 2124 1825 2187 VI,
1859 2124 1931 2177 ad
1965 2123 2120 2177 diem

508 2207 576 2258 20
608 2206 965 2273 Novembris,
1000 2213 1057 2262 et
1106 2226 1232 2279 quae
1265 2210 1658 2280 manuscripta
1714 2215 1896 2265 exstat
1946 2211 2003 2263 in
2043 2211 2125 2265 bi-

2215 1060 2490 1128 thecario,
2518 1058 2788 1129 Epistolas
2818 1057 3055 1113 Abbonis
3082 1057 3380 1111 nonnullas
3398 1057 3453 1111 in
3481 1059 3741 1112 manuscri-

2216 1151 2326 1221 ptis
2355 1149 2644 1204 codicibus
2675 1148 3016 1221 quibusdam
3030 1146 3332 1202 Pithoeanis
3355 1145 3604 1212 inventas,
3638 1163 3745 1217 quas

2220 1238 2570 1292 bibliotheca
2597 1238 2863 1308 quaedam
2906 1235 3165 1290 Parisina
3199 1234 3517 1301 asservabat,
3543 1250 3745 1306 quasque

2218 1328 2373 1381 haud
2404 1327 2578 1381 dubie
2607 1326 2818 1380 eruditi
2864 1325 3033 1395 hujus
3070 1324 3241 1395 regias
3280 1322 3427 1377 urbis
3458 1322 3553 1375 viri
3576 1322 3750 1375 dudum

2217 1416 2396 1469 latere
2439 1415 2686 1469 ineditas
2727 1431 2844 1469 non
2884 1417 3240 1485 paterentur.
3281 1413 3482 1466 Harum
3525 1427 3663 1463 unam
3699 1408 3752 1461 ad

2219 1502 2457 1556 abbatem
2488 1501 2807 1555 Fuldensevn
2838 1500 3020 1555 edidit
3060 1499 3375 1570 Stephanus
3409 1498 3652 1562 Baluzius,
3685 1499 3753 1549 to-

2221 1607 2319 1646 mo
2350 1593 2369 1644 Ι
2395 1590 2866 1647 Miscellaneorum
2912 1606 3044 1661 pag.
3086 1590 3221 1654 409;
3265 1587 3572 1659 fragmenta
3604 1588 3757 1639 autem

2222 1679 2467 1733 aliarum
2505 1679 2665 1733 dedit
2694 1677 2995 1732 Aimoinus
3026 1677 3084 1731 in
3122 1677 3246 1731 Vita
3276 1675 3336 1731 S.
3384 1674 3620 1738 Abbonis,
3658 1670 3758 1743 Epi-

2224 1768 2499 1822 stolarum
2519 1767 2753 1839 quidem
2780 1766 3026 1820 duarum
3050 1765 3390 1822 Bernardum
3419 1763 3633 1816 abbatem
3662 1759 3760 1813 Bel-

2224 1856 2543 1923 lilocensem,
2570 1856 2664 1926 hui
2676 1873 2739 1909 us
2759 1854 2899 1909 Vitae
2916 1871 3043 1927 cap.
3063 1858 3147 1909 10.
3163 1853 3404 1908 Alterius
3420 1852 3485 1905 ad
3503 1849 3761 1920 Gregorium

2232 1946 2298 2011 V,
2314 1946 2617 1999 Romanum
2623 1946 2954 2015 pontiﬁcem,
2984 1943 3123 1997 ibid.
3145 1958 3271 2014 cap.
3302 1946 3383 1997 12.
3412 1940 3639 2010 Denique
3671 1936 3761 2008 epi-

2223 2035 2383 2090 stolas
2408 2034 2757 2088 hexametris
2786 2033 3043 2089 versibus
3071 2032 3144 2087 ad
3188 2031 3425 2087 Ottonem
3460 2031 3763 2099 imperatorem

2224 2121 2470 2192 scriptae,
2504 2122 2643 2176 ibid.
2680 2138 2807 2194 cap.
2842 2125 2926 2176 l3.
2961 2122 3071 2176 Has
3115 2122 3257 2176 olim
3298 2120 3526 2174 Abbonis
3558 2114 3765 2187 epistolas,

2222 2210 2442 2264 viderat
2470 2210 2719 2264 Joannes
2768 2211 3005 2277 Balteus,
3044 2211 3283 2281 Anglus,
3326 2208 3525 2281 quippe
3572 2218 3763 2276 quarum

506 2291 794 2348 bliotheca
817 2296 1390 2364 privataLumleiana
1411 2298 1468 2352 in
1501 2299 1729 2367 Anglia,
1751 2303 1922 2370 atque
1945 2299 2121 2353 etiam
2151 2293 2201 2353 B
2224 2296 2527 2368 assignatis
2556 2314 2758 2351 earum
2791 2297 2967 2351 titulis
2996 2297 3117 2369 ipse
3151 2296 3437 2363 meminit,
3455 2296 3509 2349 in
3523 2308 3671 2365 opere
3693 2304 3769 2343 suo

508 2379 566 2433 in
596 2381 773 2451 Regia
802 2383 1122 2438 Galliarum
1166 2386 1535 2453 bibliotheca,
1580 2387 1775 2441 codice
1816 2402 1924 2441 ms.
1960 2390 2119 2455 3801,

506 2468 607 2525 fol.
646 2471 734 2524 66.
764 2470 1001 2525 Exstant
1028 2473 1197 2543 hujus
1223 2474 1477 2529 Ahbonis
1509 2492 1687 2546 opera
1715 2476 1998 2531 nonnulla
2018 2476 2124 2530 im-

509 2572 723 2628 pressa,
757 2558 870 2613 alia
898 2562 1234 2631 temporum
1276 2564 1438 2634 lapsu
1482 2563 1922 2619 interciderunt.
1971 2564 2119 2619 Scri-

507 2649 702 2716 pserat
729 2646 891 2701 libros
924 2647 1223 2704 dialecticos
1277 2658 1325 2704 et
1364 2655 1757 2718 astronomicos,
1782 2656 1845 2706 ut
1879 2656 2122 2707 testatur

506 2734 809 2791 Aimoinus
853 2737 912 2791 in
943 2739 1067 2809 ejus
1097 2738 1240 2806 Vita,
1274 2757 1399 2811 cap.
1444 2744 1494 2808 3,
1526 2758 1669 2813 quos
1711 2742 1923 2813 injuria
1970 2745 2118 2796 tem-

2230 2385 2304 2438 De
2333 2385 2671 2455 scriptoribus
2709 2386 2949 2455 Angliae,
2985 2385 3082 2439 ubi
3114 2386 3189 2440 de
3221 2385 3455 2440 Abbone
3492 2383 3564 2435 ita
3595 2380 3767 2433 habet:

2224 2496 2250 2523 «
2285 2474 2470 2541 Abbo,
2505 2473 2889 2529 Floriacensis
2916 2474 3383 2541 caenobiiabbas,
3409 2472 3600 2535 Gallus,
3624 2466 3772 2539 patria

2222 2560 2672 2627 Aurelianensis,
2704 2561 2931 2635 scripsit
2959 2562 3149 2617 Vitam
3185 2557 3502 2617 Eadmundi
3526 2554 3765 2626 martyris,

2222 2649 2382 2705 libris
2410 2650 2925 2721 1|;Apologeticum
2940 2650 3012 2705 ad
3027 2651 3380 2706 Francorum
3393 2645 3731 2720 regeslibrum
3746 2660 3773 2708 ις

2222 2738 2407 2810 Super
2426 2739 2641 2793 calculo
2662 2739 2895 2795 Victorii
2918 2740 3017 2794 lib.
3038 2757 3074 2807 1;
3107 2739 3446 2794 Additiones
3474 2738 3528 2793 in
3555 2734 3773 2792 eumdem

506 2839 715 2895 porum
762 2827 927 2883 nobis
980 2828 1247 2902 abripuit.
1288 2831 1553 2901 Ejusdem
1608 2830 2032 2886 Commentarius
2062 2834 2118 2885 in

519 2913 749 2969 Victorii
786 2914 1055 2972 Cononem
1094 2920 1421 2988 pose/talem,
1455 2938 1568 2992 quo
1602 2922 1798 2993 Cyclos
1828 2938 2116 2976 annorum

505 3004 575 3059 ab
623 3004 1023 3062 incarnatione
1056 3010 1286 3063 Domini
1335 3010 1405 3065 ad
1463 3028 1564 3065 sua
1612 3029 1790 3083 usque
1852 3014 2120 3082 tempora

495 3093 663 3163 juxta
686 3112 898 3151 'veram
937 3098 1379 3169 Evangeliorum
1429 3099 1604 3153 ﬁdem
1658 3087 1926 3166 correxit,
1957 3101 2117 3170 lapsu

504 3186 838 3255 temporum
869 3185 1116 3240 interiit:
1142 3187 1301 3257 cujus
1330 3187 1677 3241 memoriam
1703 3188 1866 3241 nobis
1886 3187 2120 3258 reliquit

508 3272 840 3344 Sigebertus
892 3273 949 3329 in
989 3276 1137 3331 libro
1179 3276 1262 3329 De
1293 3276 1588 3330 illustribus
1614 3275 1864 3328 Ecclesia
1898 3276 2116 3344 scripto-
2220 3272 2737 3361 lib.1;Epistolasad
2752 3272 3093 3343 Gregorium
3108 3272 3717 3361 V,Robertumregem,i

508 3362 675 3428 ribus,
719 3379 845 3433 cap.
900 3365 1016 3430 139,
1060 3363 1149 3418 his
1194 3363 1384 3418 verbis
1429 3381 1441 3418 :
1479 3363 1751 3430 Quantum
1789 3363 2014 3417 valuerit
2055 3363 2119 3419 in
2218 3361 2546 3427 peratorem
2571 3359 2863 3427 Ottonem,
2896 3361 3258 3416 Bernardum
3285 3352 3787 3423 Bellilocum,0dilo-

504 3456 731 3520 utraque
762 3451 979 3504 scientia
1005 3452 1251 3519 ostendit,
1294 3469 1416 3506 cum
1462 3469 1618 3523 super
1641 3451 1908 3508 calculum
1946 3452 2121 3507 Victo-
2220 3446 3790 3523 nemCluniacensem.DesanctoStephanoprolomartyre

504 3539 575 3592 rii
602 3543 983 3593 commentatus
1013 3552 1121 3603 est;
1152 3556 1327 3612 quem
1389 3557 1452 3595 ac
1492 3557 1592 3595 sua
1636 3557 1813 3612 usque
1855 3543 2123 3611 tempora
2221 3536 2776 3607 sequentiamunam
2792 3529 3790 3612 etResponsoriaquazdamediditCir-

512 3626 848 3696 adductum,
881 3627 954 3683 ad
986 3644 1167 3683 annos
1196 3631 1398 3700 postea
1418 3628 1644 3683 circiter
1681 3632 1811 3684 1595
1842 3628 2118 3683 dilatavit.
2145 3625 2191 3685 C
2222 3626 2683 3680 culosannorum
2705 3627 3118 3682 incarnationis
3132 3628 3454 3683 Dominicaz
3468 3626 3537 3681 ad
3552 3632 3796 3713 suausque

504 3715 885 3787 Apologeticus
927 3734 1157 3789 quoque
1221 3718 1460 3772 Abbonis
1509 3718 1579 3771 ad
1630 3718 1914 3788 Hugonem
1950 3717 2125 3771 Fran-
2225 3716 2493 3784 tempora
2518 3716 2785 3769 correxit.
2812 3716 2963 3770 Obiit
2994 3733 3149 3771 anno
3179 3720 3341 3785 1004,
3367 3716 3531 3771 asuis
3546 3707 3796 3804 mopacilis

505 3821 689 3859 eorum
744 3823 920 3876 regem
987 3806 1098 3879 (22)
1154 3824 1256 3878 pro
1328 3807 1755 3862 immunitatibus
1821 3810 2128 3861 monasterii
2225 3802 2580 3867 interfectus,
2613 3804 2775 3874 cujus
2805 3805 2993 3859 Vitam
3027 3806 3263 3877 scripsit
3290 3806 3585 3861 Aimoinus
3624 3801 3797 3890 Floria-

504 3893 883 3964 Floriacensis,
916 3895 1126 3967 periit;
1154 3896 1315 3967 cujus
1355 3900 1579 3951 exstant
1602 3896 1935 3968 fragmenta
1972 3896 2126 3968 apud
2226 3891 2429 3947 censis.
2463 3912 2490 3941 »
2527 3892 2656 3947 Haec
2690 3893 2925 3959 Balteus,
2959 3893 3055 3965 qui
3084 3912 3152 3948 ex
3185 3895 3489 3950 occasione
3518 3887 3797 3961 Anglissuis

506 3984 844 4040 Aimonium
876 3985 936 4040 in
974 3985 1100 4040 Vita
1132 3985 1373 4040 Abbonis
1401 4002 1568 4057 capp.
1606 3987 1637 4039 8
1691 3989 1749 4039 et
1791 3988 1843 4039 9.
1872 3985 1999 4039 Jam
2050 3984 2125 4039 ad
2224 3980 2663 4048 hunc,Gallum,
2690 3981 3163 4049 inscruit,forsan
3198 3984 3361 4057 quod
3386 3983 3687 4055 ejusOpera
3709 3987 3801 4027 ma-

505 4091 685 4146 opera
709 4075 990 4147 impressa
1014 4075 1334 4130 veniamus.
1365 4076 1559 4129 Exstat
1594 4073 1847 4145 Epitome
1882 4073 1946 4127 de
1984 4072 2126 4128 Vitis
2226 4069 2517 4142 nuscripta
2536 4070 2705 4125 simul
2743 4074 2939 4126 omnia
2971 4072 3095 4126 hare
3135 4072 3194 4128 in
3243 4074 3456 4145 Anglia
3502 4064 3790 4125 invenisset.

502 4163 875 4219 Romanorum
887 4164 1206 4234 pontiﬁcum
1236 4162 1395 4231 XCI,
1443 4164 1688 4218 collecta
1724 4180 1791 4218 ex
1839 4162 2125 4217 Anastasii
2220 4150 2483 4229 Epistula
2512 4175 2687 4230 porro
2719 4162 2832 4214 ista?
2852 4177 2983 4215 cum
3009 4159 3057 4214 Α
3061 4161 3375 4232 pologctico
3413 4161 3485 4215 ad
3507 4158 3797 4247 Francorum

506 4252 931 4307 Bibliothecarii
978 4252 1227 4308 Historia
1270 4253 1588 4326 pontificia,
1633 4256 1690 4307 et
1735 4269 1866 4307 cum
1916 4252 2125 4307 eadem
2227 4262 2401 4318 regem
2427 4248 2535 4302 hoc
2560 4264 2715 4303 anno
2747 4251 2883 4305 1687
2916 4249 3084 4304 edita:
3112 4253 3251 4304 sunt
3278 4254 3455 4322 atque
3487 4246 3732 4302 immissa:
3758 4246 3802 4291 in

505 4340 811 4411 Moguntim
859 4356 1012 4395 anno
1059 4344 1196 4397 1602
1252 4341 1311 4396 in
1370 4344 1405 4397 4
1447 4358 1672 4408 excusa,
1716 4340 1904 4396 studio
1950 4343 2123 4412 atque
2230 4336 2747 4408 Operaposthuma
2769 4338 3140 4394 PetriPithcei
3167 4339 3493 4406 Trecensis,
3517 4353 3636 4409 qua:
3657 4331 3803 4386 tribus

508 4443 686 4498 opera
737 4429 975 4484 Joannis
1031 4429 1215 4484 Busaii
1270 4429 1767 4502 Noviomagensis,
1817 4444 1934 4484 soc.
1994 4429 2123 4483 Jesu
2226 4426 2286 4480 in
2316 4425 2457 4481 folio
2497 4426 2886 4481 voluminibus
2916 4431 2974 4481 et
3003 4429 3164 4500 prelo
3194 4429 3514 4483 Galliarum
3542 4424 3803 4494 regioprtr

504 4517 787 4590 theologi.
831 4519 958 4573 Vita
1005 4521 1185 4575 sancti
1233 4518 1518 4574 Edmundi
1550 4519 1856 4590 Anglorum
1901 4520 2041 4588 regis
2078 4522 2127 4572 et
2228 4515 3156 4588 dierunt,magnohujusinsignis
3184 4518 3294 4572 viri
3320 4517 3421 4590 qui
3453 4516 3524 4572 ab
3546 4511 3807 4603 anniscea-

505 4607 783 4677 martyris,
817 4624 992 4679 quam
1022 4606 1161 4662 dum
1189 4606 1250 4661 in
1280 4607 1493 4679 Anglia
1541 4610 1938 4662 commoratus
1980 4610 2065 4661 est
2094 4622 2129 4661 a
2228 4608 2349 4658 tum
2378 4605 2465 4659 vel
2485 4604 2717 4659 circiter
2755 4604 2916 4672 obiit,
2950 4606 3253 4679 multaque
3300 4604 3685 4675 manuscripta
3705 4595 3807 4652 reli-

504 4696 802 4752 Dunstano
833 4700 1070 4769 rogatus
1116 4697 1364 4768 scripsit,
1398 4700 1582 4752 exstat
1607 4697 1760 4768 apud
1792 4696 2022 4752 Surium
2053 4696 2128 4752 ad
2227 4692 2370 4765 quit,
2398 4693 2623 4748 honore
2658 4697 2717 4749 et
2755 4694 3061 4749 desiderio.
3098 4696 3295 4751 Exstat
3348 4693 3709 4767 Apologeticus
3738 4688 3810 4739 iste

507 4785 665 4841 diem
720 4789 789 4841 20
845 4784 1202 4841 Novembris.
1264 4786 1511 4857 Epitome
1562 4804 1651 4840 seu
1714 4784 2124 4840 Collectiuncula
2226 4784 2467 4837 Abbonis
2488 4800 2622 4841 cum
2647 4784 2904 4856 Epistolis
2928 4787 3090 4839 variis
3112 4789 3277 4842 tomo
3308 4788 3351 4853 Ι,
3387 4802 3523 4857 pag.
3555 4784 3651 4838 393
3678 4781 3727 4832 et
3751 4775 3808 4827 de

506 4891 772 4929 canonum
799 4876 896 4929 sub
925 4877 1080 4929 certis
1116 4877 1470 4929 materiarum
1488 4875 1769 4946 capitibus,
1802 4892 1977 4946 quam
2004 4873 2125 4929 edi-
2229 4874 2600 4944 sequentibus
2632 4873 2704 4928 ad
2735 4891 2867 4946 pag.
2902 4877 3029 4930 429.
3063 4874 3230 4938 Quod
3270 4875 3526 4930 diximus
3568 4871 3635 4927 de
3672 4866 3810 4923 uitale

511 4962 596 5018 dit
628 4964 880 5019 Joannes
904 4964 1200 5033 Mabillon,
1230 4969 1391 5019 tomo
1441 4965 1486 5018 ΙΙ
1525 4965 1961 5026 Analectorum,
1990 4979 2122 5035 pag.
2147 4959 2200 5018 D
2230 4962 2850 5034 ejus,cognoscipotest
2871 4980 2937 5018 cx
2963 4980 3030 5018 eo
3054 4964 3207 5036 quod
3236 4965 3284 5018 Α
3294 4964 3644 5035 pologeticum
3672 4968 3811 5011 suum

506 5054 610 5108 248
641 5057 697 5107 et
726 5053 1118 5126 sequentibus,
1162 5053 1260 5108 ubi
1306 5052 1463 5108 varia
1503 5053 1772 5124 praeludit
1803 5052 1887 5106 De
1924 5053 2128 5122 scriptis
2230 5051 2303 5105 ad
2341 5052 2641 5123 Hugonem
2684 5051 2959 5123 Capetum
3000 5052 3306 5124 ﬁliumque
3346 5053 3472 5124 ejus
3506 5048 3811 5107 Robertum.

503 5144 627 5196 tam
660 5142 827 5197 editis
848 5159 1023 5215 quam
1047 5141 1629 5214 deperditisAbbonis
1652 5140 1895 5207 abbatis,
1925 5141 1995 5195 de
2013 5156 2126 5212 quo
2228 5140 2543 5196 Galliarum
2588 5157 2774 5212 reges,
2809 5141 3119 5214 scripserit.
3160 5142 3311 5197 Nam
3345 5144 3453 5197 hos
3484 5145 3541 5195 et
3574 5139 3814 5194 Ottonem

505 5232 682 5286 etiam
696 5232 956 5305 pluribus
981 5232 1103 5305 agit
1126 5234 1336 5288 saeculo
1366 5233 1434 5286 Vl
1453 5231 1779 5287 Sanctorum
1799 5230 1998 5285 ordinis
2017 5222 2190 5311 divi
2229 5230 2463 5285 tertium
2495 5229 2909 5301 imperatorem
2932 5237 3218 5303 συγκρόνους
3251 5231 3451 5298 fuisse,
3467 5231 3721 5304 apertum
3748 5236 3818 5311 sa:

425 5342 449 5365 ο
504 5320 800 5376 Benedicti.
839 5321 1000 5375 Hunc
1033 5323 1226 5375 autem
1259 5322 1371 5375 huc
1412 5320 1709 5375 attulimus
1731 5320 1802 5375 ob
1830 5320 2125 5390 Epitomen
2146 5307 2183 5348 ’δέ
2227 5319 2299 5373 tis
2324 5323 2427 5373 est.
2462 5319 2617 5373 ldcm
2653 5318 2909 5374 indicant
2943 5319 3194 5391 Episton
3241 5320 3291 5373 Α
3309 5321 3494 5374 bbonis
3546 5318 3724 5390 plures
3758 5308 3817 5363 ad

506 5427 769 5464 canonum
825 5426 1000 5483 quam
1045 5410 1305 5465 Labbeus
1347 5409 1560 5478 omisit,
1610 5409 1870 5464 nondum
1912 5408 2123 5481 quippe
2225 5408 2621 5478 GregoriumV
2654 5424 2947 5462 summum
2969 5409 3308 5479 pontificem
3342 5413 3519 5481 atque
3549 5405 3817 5474 alios,qum

507 5500 854 5573 evulgatam.
909 5499 1094 5556 Audio
1133 5502 1401 5556 recenter
1452 5516 1487 5555 a
1534 5497 1765 5556 Placido
1811 5498 2120 5567 Porchero,

588 5626 698 5702 (22)
719 5625 857 5684 Vide
890 5624 1065 5701 infra,
1099 5627 1208 5684 col.
1240 5627 1367 5685 417.

2218 2827 2315 2881 lib.
2337 2844 2386 2895 1;
2419 2829 2497 2881 De
2530 2828 2784 2882 motibus
2816 2830 3110 2883 stellarum
3154 2829 3257 2884 lib.
3281 2846 3331 2895 1;
3364 2828 3443 2882 De
3471 2828 3777 2899 planetarum

2218 2915 2485 2980 cursu,lib
2511 2912 3780 2977 I;Demonstrationesastronomia;lib.i;Contra

2219 3004 2557 3076 episcopum
2578 3005 3056 3060 Aurelianensem
3074 3005 3570 3075 lib.1;Rudimenta
3582 2997 3779 3075 puerilia

2220 3091 2319 3146 lib.
2342 3093 2828 3164 1;Categoriarum
2846 3094 3349 3165 spiritualiumlib.
3371 3112 3407 3162 l;
3442 3096 3513 3149 De
3557 3089 3779 3158 compulO

2220 3180 2316 3234 lib.
2337 3197 2351 3234 ι
2376 3181 2756 3247 ;Homiliasin
2776 3182 3273 3253 Evangelialiba;
3307 3185 3387 3238 De
3417 3198 3571 3238 omna
3598 3171 3782 3234 Domini

2220 3268 2653 3340 lib.1;Epistolas
2664 3270 2737 3326 ad
2752 3271 3093 3343 Gregorium
3108 3272 3497 3338 V,Robertum
3510 3263 3788 3340 regem,im-

2156 5506 2203 5580 νὴ
2226 5512 2380 5551 nunc
2405 5495 2699 5569 impressa:
2729 5499 2973 5554 exstant.
3008 5497 3182 5571 Hujus
3216 5497 3486 5553 Abbonis
3538 5495 3717 5550 Vitam
3764 5501 3820 5542 ac
