3922 6168
175 358 265 420 421

1595 355 1981 417 ΕΡΙΒΤΟΙΛΕ,

3428 384 3539 449 ω

179 490 397 589 constat
412 489 732 563 reliquisse.
763 489 1057 593 Castorum
1091 506 1332 565 suggero
1360 488 1780 593 νθδὶιςεξεειῐιοὶὶ·
1810 489 1870 549 Α
1896 485 2001 555 1)us
2024 497 2762 568 illectusFloriacumlmtus
2777 514 3009 585 redii,et
3023 517 3294 577 omnibus
3307 520 3535 593 adquos

179 580 275 633 tati
308 584 369 633 ut
395 596 603 635 eorum
628 580 1017 636 recordemini
1034 599 1165 653 quas
1185 598 1392 652 perme
1418 579 1575 640 vobis
1592 595 1791 635 comes

184 667 344 721 Falco
378 669 878 735 mandavit,malle
901 687 961 724 se
988 670 1209 724 scilicet
1229 673 1418 724 vetera
1438 670 1793 724 monasteria

181 758 363 811 diruta
390 762 746 824 restaurare,
777 776 956 831 quam
989 775 1144 813 nova
1173 776 1205 814 a
1236 760 1619 813 fundamentis
1650 776 1790 812 con-

180 847 323 901 dere.
359 847 531 910 Quod
551 865 727 919 quam
758 848 1034 902 frivolum
1064 848 1139 902 sit
1170 851 1225 903 et
1262 848 1494 904 omnino
1520 865 1789 915 vacuum,

180 938 421 990 vicinum
454 937 623 991 nobis
650 938 841 991 Sancti
881 938 1043 992 Petri
1068 939 1501 1006 monasterium,
1527 939 1679 1011 quod
1712 938 1795 992 di-

178 1027 313 1079 ritur
343 1024 659 1090 Ferrarias,
691 1024 929 1093 indicat,
963 1027 1174 1098 priscis
1222 1028 1576 1099 temporibus
1627 1031 1795 1103 regia

184 1112 581 1169 muniﬁcentia
637 1115 1293 1185 magnificentissimum
1348 1118 1622 1173 Romana:
1688 1122 1791 1173 Ec-

179 1205 357 1257 clesize
392 1205 752 1269 membrum,
783 1222 939 1258 nunc
967 1222 1110 1259 vero
1135 1222 1364 1261 suorum
1414 1210 1791 1265 vassallorum

174 1292 451 1347 beneﬁcio
484 1296 565 1347 ita
586 1310 908 1361 corrosum,
927 1297 995 1348 ut
1020 1295 1111 1348 vix
1126 1295 1334 1367 aliquid
1364 1300 1792 1355 remanseritad

174 1381 461 1452 stipendia
493 1398 811 1453 paucorum
854 1383 1136 1439 fratrum.
1172 1385 1295 1439 Hinc
1353 1390 1408 1440 et
1439 1387 1551 1441 alia
1580 1393 1793 1461 rogant

171 1472 567 1527 violentorum
601 1473 869 1544 lacryma:
906 1490 920 1527 :
969 1473 1064 1526 his
1113 1476 1515 1530 consolationis
1546 1495 1788 1533 manum

171 1562 474 1633 porrigite,
486 1562 953 1634 quamDominus
975 1563 1049 1617 de
1067 1564 1206 1617 caelo
1220 1566 1524 1637 prospexit,
1536 1571 1594 1620 ut
1607 1569 1788 1622 solve-

170 1654 249 1705 ret
265 1649 561 1721 gemitum
581 1652 1078 1721 compeditorum,
1100 1654 1323 1722 quando
1343 1671 1438 1709 vos
1465 1657 1596 1710 fecit
1619 1661 1791 1728 caput

170 1741 434 1794 omnium
472 1742 833 1794 nostrorum.
859 1740 1130 1794 Tandem
1160 1742 1293 1813 quid
1326 1747 1381 1797 et
1430 1744 1549 1817 ipse
1577 1747 1785 1817 patiar,

1897 607 2059 647 meus
2084 610 2274 649 sermo
2297 598 2618 667 pervenire
2649 605 2854 673 potuit,
2874 609 3104 678 plenam
3134 610 3448 666 sanctitatis
3476 614 3534 666 et

1894 684 2233 739 reverentia:
2265 689 2533 741 vestram
2568 695 3527 773 conversationeminnotui,sicque

1898 768 2037 824 mihi
2067 772 2311 844 contigit
2345 777 2411 827 ut
2478 778 2701 845 regina:
2744 784 2952 850 Austri,
2988 803 3114 857 qum
3151 787 3306 842 venit
3333 806 3366 843 a
3392 768 3527 860 tini-

1894 859 1999 913 bus
2026 864 2195 916 terrae
2214 861 2422 916 audire
2446 866 2797 936 sapientiam
2819 871 3164 941 Salomonis,
3183 859 3524 949 reversaque

1894 948 1951 1003 in
1985 952 2200 1006 terram
2252 966 2425 1005 suam
2462 969 2667 1026 regem
2703 976 2766 1013 ac
2796 976 2987 1015 servos
3029 962 3151 1033 ejus
3178 948 3525 1020 beatificavit

1896 1037 2013 1109 (III
2041 1040 2174 1109 Reg.
2205 1058 2258 1106 x,
2297 1044 2316 1094 l
2365 1043 2431 1093 et
2482 1046 2649 1117 seqq.)
2685 1064 2697 1101 :
2734 1050 2992 1119 quamvis
3024 1068 3163 1106 sane
3219 1057 3519 1109 momento

1894 1131 2175 1202 temporis
2196 1131 2254 1185 in
2268 1128 2442 1185 Italia
2470 1136 2766 1191 vobiscum
2781 1139 2971 1211 degui,
2988 1142 3075 1195 vix
3098 1141 3300 1197 diebus
3312 1143 3518 1215 quibus

1894 1218 2124 1288 spiritus
2155 1219 2259 1273 hos
2290 1224 2466 1287 reget
2492 1227 2647 1279 artus
2668 1226 2882 1282 referre
2903 1230 3061 1283 valeo
3085 1230 3235 1284 mira
3265 1248 3392 1301 qua:
3414 1249 3512 1286 au-

1894 1307 2009 1361 divi
2042 1312 2098 1362 et
2146 1308 2283 1364 vidi.
2338 1307 2509 1366 Unde
2560 1315 2827 1384 qumdam
2876 1318 3220 1372 venerabilis
3273 1320 3513 1386 femina,

1892 1396 2169 1467 lldgardis
2217 1396 2484 1465 nomine,
2548 1420 2720 1474 super
2751 1405 2835 1459 his
2891 1405 3320 1476 obstupescens,
3380 1425 3512 1462 cum

1892 1486 2140 1540 Romam
2163 1487 2243 1542 ire
2276 1486 2647 1557 disponebat,
2663 1494 3116 1564 lacrymabiliter
3137 1496 3515 1569 expostulavit

1881 1574 2016 1645 jure
2048 1574 2503 1647 propinquitatis
2525 1583 2808 1650 quatenus
2840 1582 3045 1636 litteris
3096 1585 3308 1640 nostris
3353 1585 3513 1639 vobis

1891 1665 2425 1731 commendaretur,
2480 1684 2606 1737 quae
2634 1670 2919 1738 peccatrix
2956 1674 3041 1725 est
3071 1676 3129 1726 et
3157 1674 3365 1728 nobilis
3397 1690 3511 1727 non

1892 1755 2091 1806 autem
2112 1752 2241 1808 ideo
2267 1753 2477 1807 nobilis
2490 1772 2603 1825 qua
2628 1757 3041 1826 peccatrix,sed
3074 1758 3208 1815 ideo
3226 1760 3512 1833 peccatrix

166 1828 900 1921 innotescat.Est_quide_m_
921 1829 1099 1895 Qauz,
1131 1847 1304 1901 nepos
1330 1816 1787 1889 Walicomitisde
1809 1816 1860 1874 Β
1891 1841 2027 1911 quia
2075 1842 2281 1896 nobilis
2313 1857 2326 1895 :
2376 1816 2535 1909 nam,
2571 1816 2935 1899 lenocinante
2984 1816 3243 1903 humani.
3279 1847 3514 1921 generis

168 1922 350 1971 castro
385 1916 695 1983 Santonis,
738 1916 835 1989 qui
869 1917 1131 1972 devastat
1173 1921 1549 1990 possessiones
1604 1924 1785 1977 nostri

163 2005 507 2060 monasterii
538 2022 553 2073 ;
604 2005 674 2059 de
706 2023 819 2077 quo
854 2023 1065 2077 precor
1106 2010 1166 2060 ut
1190 2024 1315 2063 cum
1349 2011 1469 2081 ipso
1501 2014 1641 2078 Wal,
1675 2012 1773 2085 qui

164 2112 308 2149 nunc
348 2095 560 2149 Romae
579 2097 684 2161 est,
718 2095 1067 2167 loquamini,
1122 2096 1399 2154 minando
1429 2106 1631 2157 contra
1657 2106 1785 2173 ejus

164 2188 366 2255 nepote
378 2197 439 2237 m
461 2183 690 2254 virgam
708 2184 1322 2241 excommunicationis
1338 2190 1441 2244 nisi
1457 2193 1781 2263 resipuerit,

162 2272 201 2325 si
229 2272 428 2327 inveni
462 2272 785 2343 gratiamin
808 2274 989 2327 oculis
1009 2274 1234 2343 vestris;
1265 2295 1397 2333 nam
1424 2281 1785 2337 liberalitatis

162 2365 358 2416 vestra-
405 2378 665 2429 memor,
709 2365 770 2415 ut
797 2379 997 2417 servus
1030 2364 1271 2419 Domino
1303 2370 1516 2439 gratias
1562 2372 1779 2439 refero,

162 2449 253 2521 qui
286 2449 446 2504 inter
473 2449 787 2504 missarum
810 2450 1117 2517 solemnia,
1146 2457 1325 2509 vestro
1347 2473 1584 2513 munere
1606 2462 1781 2529 plane

165 2556 310 2596 usus.
337 2539 511 2593 vestri
548 2541 708 2593 nullo
742 2541 920 2595 modo
946 2540 1197 2595 oblivisci
1221 2546 1378 2599 valeo
1403 2547 1459 2601 in
1480 2549 1623 2602 meis
1654 2566 1781 2603 ora-

166 2628 435 2682 tionibus.
472 2629 769 2683 Craterum
808 2630 969 2683 vobis
998 2647 1224 2703 semper
1274 2632 1491 2689 decrevi
1542 2655 1772 2709 parere,

169 2719 321 2787 cujus
346 2719 749 2789 apostolatum
778 2718 926 2771 Deus
971 2719 1252 2774 custodiat
1282 2721 1337 2776 in
1365 2728 1581 2780 aeterna
1614 2743 1775 2798 pace.

170 2806 375 2860 Valete.

782 2897 1118 2952 EOISTOLA
1145 2901 1188 2952 ll

606 3004 864 3042 GREGORII
896 3005 928 3039 ν
967 3004 1036 3042 AD
1068 3007 1335 3044 ABBONEM.

1891 1928 2341 1995 inimico,multa
2358 1929 2413 1983 in
2429 1932 2635 1985 saeculo
2656 1933 2943 1987 smcularis
2963 1935 3178 1990 mulier
3193 1935 3512 2000 commisit,

1889 2035 1994 2092 pro
2010 2018 2216 2090 quibus
2229 2018 2580 2090 pmnitentize
2597 2021 2919 2075 remedium
2934 2024 3259 2092 expetiit,et
3272 2022 3516 2080 consilio

1890 2109 2182 2162 bonorum
2210 2106 2464 2161 virorum
2486 2107 2597 2162 duo
2616 2109 3183 2176 monasteria,unum
3197 2112 3517 2168 canonico-

1886 2213 2039 2263 rum,
2069 2197 2312 2250 alterum
2329 2196 2853 2252 sanctimonialium
2875 2215 2940 2252 ex
2967 2201 3241 2270 proprius
3262 2203 3442 2257 rebus
3465 2204 3524 2256 et

1884 2284 2343 2357 possessionibus
2366 2287 2700 2354 construxit,
2733 2287 2791 2341 in
2835 2287 3079 2357 singulis
3121 2308 3390 2363 quoque,
3422 2308 3524 2347 no-

1884 2391 2014 2428 vem
2051 2375 2240 2429 ferme
2279 2373 2529 2429 millibus
2560 2393 2592 2429 a
2617 2392 2675 2429 se
2701 2375 2947 2430 invicem
2976 2376 3522 2450 disparatis,tantos

1884 2463 2106 2517 reditus
2130 2462 2433 2533 delegavit,
2469 2467 2530 2517 ut
2562 2464 2823 2519 sufﬁcere
2852 2465 3073 2535 possint
3105 2468 3288 2523 etiam
3338 2470 3519 2538 pluri-

1884 2550 1993 2605 mis
2041 2569 2218 2623 quam
2252 2555 2385 2605 sunt
2414 2552 2623 2607 anima:
2674 2553 2972 2624 utriusque
3005 2556 3515 2629 congregationis.

1884 2641 2063 2693 Porro
2096 2640 2515 2694 monasterium
2541 2642 2784 2695 alterum
2805 2641 2862 2695 in
2892 2642 3118 2698 honore
3146 2645 3337 2700 sancti
3360 2648 3513 2707 Petri

1881 2729 2281 2797 apostolorum
2313 2728 2609 2801 principis,
2636 2730 2882 2783 alterum
2897 2730 3076 2784 sancti
3102 2734 3359 2789 Andreae
3380 2751 3515 2810 apo-

1880 2816 2321 2882 stoli,Romanaz
2338 2818 2595 2872 Ecclesire
2623 2820 2726 2873 sub
2755 2834 2958 2872 census
2983 2819 3208 2878 tributo
3233 2824 3503 2884 addicere

1880 2905 2060 2975 cupit,
2085 2910 2141 2959 et
2171 2922 2238 2959 ea
2268 2905 2565 2977 privilegio
2597 2909 2799 2959 vestrae.
2843 2905 3274 2979 irrefragabilis
3301 2919 3498 2970 aucto-

1882 2993 2068 3049 ritatis
2091 2994 2693 3066 muniri.Quapropter
2711 2997 2958 3048 vestram
2971 2998 3353 3055 serenitatem
3370 3004 3496 3073 plus

182 3074 334 3142 (Vide
362 3078 425 3132 in
455 3078 746 3133 Gaeeomo
774 3078 837 3143 V,
867 3077 1191 3149 Patrologz'ae
1221 3087 1346 3135 tom.
1377 3080 1781 3157 CXXXVII.)
1812 3099 1858 3159 ί]
1884 3082 2053 3137 solito
2084 3084 2364 3153 deprecor
2394 3081 2978 3154 ut,przedecessorum
3009 3101 3238 3141 morem
3254 3105 3498 3160 sequen-

783 3168 1116 3223 EPISTOLA
1148 3170 1233 3223 ΙΙΙ.

295 3271 533 3311 ABBO‘HIS
566 3273 637 3309 AD
666 3273 975 3311 GREGORIUM
1006 3274 1039 3308 V
1072 3274 1291 3313 SUMMU“
1313 3277 1643 3317 PONTIFICEM.

241 3348 492 3401 Domino
523 3361 762 3416 semper
808 3346 1117 3400 venerabili
1154 3351 1361 3402 san’ctze
1420 3352 1697 3407 Romana:
1729 3354 1787 3406 et

173 3435 506 3489 universalis
545 3433 808 3487 Ecclesim
835 3434 1061 3505 praesuli
1076 3435 1353 3490 Gnecomo
1384 3456 1514 3493 suus
1545 3440 1640 3495 ille
1658 3441 1785 3495 Flo-

173 3524 520 3580 riacensium
560 3526 755 3577 rector
783 3525 950 3578 Aeno.

237 3616 393 3669 Multi
426 3632 489 3668 se
552 3612 921 3682 importunos
977 3614 1271 3685 ingerunt,
1306 3617 1403 3689 qui
1448 3635 1543 3673 me
1571 3619 1789 3691 aliquid

178 3721 335 3775 posse
369 3703 535 3776 apud
560 3705 812 3756 vestram
843 3702 1215 3757 clementiam
1270 3705 1649 3778 suspicantur,
1682 3725 1781 3777 ge-

178 3799 424 3849 uutenus
455 3793 845 3865 implorantes
870 3806 973 3861 pro
1004 3792 1115 3845 suis
1144 3794 1388 3864 peccatis
1420 3812 1591 3867 opem
1616 3797 1791 3851 inter-

176 3882 486 3949 cessionis;
533 3896 779 3951 quoram
794 3879 1129 3951 opinionem
1162 3882 1304 3936 adeo
1325 3900 1519 3937 veram
1545 3885 1785 3954 credidi,

178 3977 233 4027 ut
261 3989 473 4027 eorum
497 3969 975 4025 declamatoriam
996 3970 1320 4025 orationem
1342 3974 1541 4029 vestris
1555 3975 1792 4030 auribus

179 4061 600 4135 dispensatorie
629 4061 1279 4131 allegarem,arbitratus
1304 4066 1503 4119 vestrm
1528 4065 1790 4120 Ecclesia:

180 4155 377 4207 utilem
409 4152 563 4218 fore,
593 4166 769 4222 quam
800 4167 1002 4204 omnes
1033 4154 1310 4221 expetunt
1336 4152 1433 4224 qui
1468 4153 1526 4208 in
1565 4154 1787 4208 Christo

182 4243 268 4313 pie
300 4244 509 4297 volunt
538 4238 820 4310 viverc(11
840 4239 970 4292 Tom
995 4257 1072 4305 ιιι,
1108 4244 1209 4309 l2).
1240 4242 1636 4305 Quorumdam
1658 4260 1789 4298 vero

183 4332 271 4401 qui
305 4348 370 4385 se
398 4348 460 4383 se
493 4327 695 4399 magni
722 4327 957 4394 faciunt,
993 4344 1194 4398 preces
1224 4330 1521 4397 abhorrui,
1544 4348 1615 4385 ne
1642 4333 1789 4387 forte

1888 3170 1983 3237 do,
2019 3172 2236 3226 eisdem
2268 3172 2429 3226 novis
2488 3170 2853 3225 monasteriis
2885 3187 3065 3227 novus
3096 3179 3296 3230 auctor
3322 3194 3498 3232 novos

1888 3258 2277 3315 indiculorum
2312 3262 2495 3315 biblos
2525 3259 2912 3315 corroboratis
2953 3262 3163 3333 quibus
3197 3265 3331 3336 ipsa:
3359 3282 3496 3321 con-

1888 3350 2258 3420 gregationes
2279 3350 2351 3403 ab
2373 3348 2533 3404 omni
2562 3348 2857 3403 mundano
2872 3351 3115 3421 strepitu
3147 3353 3356 3425 quietae
3391 3355 3498 3408 Do-

1889 3436 2051 3491 mino
2077 3439 2286 3493 servire
2318 3438 2556 3510 possint,
2584 3438 2832 3492 maxime
2853 3439 2957 3493 sub
2980 3440 3241 3512 epitimio
3266 3459 3494 3498 excom-

1890 3527 2320 3583 municationis.

2462 3599 2799 3655 EPISTULA
2828 3599 2913 3653 IV.

2140 3722 2207 3759 AD
2239 3723 2550 3760 GREGORIL'M
2577 3724 2631 3773 ν,
2664 3722 2885 3760 SUMMUM
2906 3723 3239 3762 PONTIFICEM.

1959 3794 2207 3848 Domino
2222 3811 2450 3864 semper
2468 3794 2779 3850 venerabili
2794 3797 3289 3853 sanctaeRomana:
3302 3800 3359 3853 et
3376 3799 3498 3854 uni-

1891 3882 2125 3936 versalis
2156 3884 2418 3938 Ecclesia:
2464 3884 2692 3955 priesuli
2732 3885 3014 3940 Gasoomo
3047 3886 3131 3940 sui
3195 3887 3343 3942 illius
3374 3905 3495 3942 me-

1893 3987 2022 4025 mor
2048 3972 2492 4027 Floriacensium
2523 3975 2710 4027 rector
2738 3976 2907 4027 Anno.

1962 4060 2367 4131 Experimento
2392 4060 2563 4115 didici
2603 4062 2757 4132 quod
2774 4061 2868 4132 qui
2902 4067 3157 4135 apponat
3173 4064 3496 4131 scientiam,

1892 4150 2133 4223 apponit
2175 4150 2437 4204 dolorem
2470 4149 2662 4214 (Ecclc.
2699 4167 2739 4217 ι,
2792 4150 2896 4222 18).
2927 4151 3071 4206 Cum
3118 4152 3500 4225 intelligentia

1894 4239 2099 4292 divinae
2144 4237 2286 4307 legis
2318 4236 2637 4307 pretiosum
2670 4255 2873 4310 separo
2906 4256 2939 4293 a
2965 4239 3079 4306 vili,
3114 4243 3172 4295 et
3214 4242 3501 4297 memoria

1897 4326 2322 4399 praeteritorum
2339 4328 2626 4380 malorum
2652 4327 2987 4398 corpungit,
3013 4330 3167 4400 quod
3194 4347 3251 4384 se
3284 4330 3499 4386 virtuti-

185 4421 251 4473 ad
273 4417 639 4473 iracundiam
666 4417 1088 4488 irritem,quam
1106 4417 1185 4471 eis
1204 4419 1427 4490 placare
1452 4419 1786 4474 debueram.
1811 4392 1864 4450 D
1897 4417 2000 4470 bus
2027 4414 2215 4468 minus
2245 4415 2479 4469 servisse
2506 4415 3085 4489 recognoscitzsicque
3132 4418 3195 4472 fit
3226 4422 3289 4473 ut
3318 4419 3500 4475 scien-

187 4509 240 4563 Si
278 4507 587 4581 improbus
616 4523 715 4561 seu
745 4507 917 4559 etiam
947 4506 1311 4578 importunus
1332 4507 1677 4564 intercessor
1697 4528 1788 4565 ac-

186 4599 409 4664 cedam,
446 4595 734 4667 siquidem
766 4594 963 4649 Moises
1006 4596 1076 4649 ad
1110 4614 1287 4668 aquas
1319 4599 1791 4655 contradictionis

192 4687 406 4752 (Nam,
442 4702 531 4750 xx,
556 4686 667 4755 2'»),
698 4684 837 4737 dum
860 4684 1057 4738 rebelli
1080 4687 1289 4758 populo
1307 4688 1573 4757 prodesse
1595 4689 1789 4753 voluit,

191 4774 534 4830 sententiam
556 4773 762 4827 divinze
792 4771 1306 4829 animadversionis
1340 4775 1423 4828 vir
1457 4776 1789 4831 mitissimus

190 4881 354 4935 super
381 4878 588 4917 omnes
617 4861 883 4915 homines
924 4864 1162 4934 excepit.
1197 4864 1356 4918 Unde
1402 4864 1539 4918 mihi
1574 4866 1789 4919 amico-

193 4969 431 5023 rumque
463 4950 785 5005 necessitati
820 4950 1099 5013 consului,
1134 4952 1228 5023 qui
1258 4965 1391 5006 ante
1414 4954 1788 5023 prie-sentiam

192 5045 384 5095 vestra:
420 5040 754 5110 majestatis,
793 5040 853 5093 iu
881 5042 1162 5111 quantum
1194 5042 1373 5111 potui,
1408 5059 1511 5095 nec
1548 5044 1791 5098 tacemla

193 5130 321 5195 dixi,
356 5146 465 5184 nec
496 5129 741 5183 dicenda
765 5128 1210 5195 reticui.Quare,
1236 5134 1421 5185 vestra
1440 5132 1791 5187 benevolen-

193 5221 265 5274 tia
292 5237 444 5282 usm,
485 5217 884 5287 experimento
926 5217 1095 5271 didici
1130 5220 1283 5291 quod
1326 5224 1510 5273 vester
1565 5221 1791 5276 animus

194 5308 577 5378 compatiatur
607 5307 951 5361 miserorum
976 5306 1323 5373 infortuniis,
1341 5308 1687 5363 afllictorum
1709 5330 1789 5365 ca-

198 5395 457 5461 lamitati,
494 5395 741 5466 lapsibus
762 5395 1029 5449 humanae
1059 5395 1421 5465 fragilitatis;
1457 5398 1593 5451 dum
1630 5398 1786 5453 enim

198 5486 488 5540 vobiscum
509 5485 861 5539 conferendo
900 5485 1249 5556 loquercrde
1282 5486 1639 5556 passionibus
1673 5488 1794 5541 ani-

201 5575 473 5647 mze,quid
486 5574 639 5629 aliud
652 5575 837 5645 reperi
872 5574 975 5628 nisi
1019 5574 1406 5629 moralitatem
1428 5577 1798 5643 (iregoriante

217 5665 479 5721 acundize
505 5668 561 5720 et
584 5664 944 5720 severitatem
962 5667 1216 5736 paternae
1235 5663 1640 5736 indulgentiae?
1669 5667 1796 5729 Qui-

1895 4503 1974 4557 tia
1987 4508 2186 4558 contra
2206 4502 2531 4574 fragilitatis
2546 4503 2815 4557 humanae
2830 4504 3118 4560 lenocinia
3137 4506 3503 4580 intlet,quam

1894 4592 2141 4647 charitas
2171 4591 2417 4645 mdilicat
2438 4590 2491 4663 (1
2511 4589 2638 4646 Cor.
2668 4609 2784 4659 vin,
2820 4595 2890 4662 1),
2929 4593 3070 4649 sicut
3098 4612 3163 4649 ex
3196 4597 3505 4652 collatione
3532 4666 3539 4674 ’

1895 4698 2071 4753 quam
2102 4682 2173 4735 ad
2213 4681 2457 4735 invicem
2482 4680 2791 4735 habuimus
2811 4688 3077 4753 expertus
3105 4701 3396 4751 sum,cum
3430 4686 3501 4740 de

1895 4772 2253 4842 passionibus
2281 4770 2493 4825 anima:
2526 4772 2827 4841 loquentes
2855 4771 2912 4825 in
2961 4773 3179 4844 Spoleti
3215 4771 3505 4845 provincia

1896 4860 2083 4916 itineri
2126 4862 2307 4915 otium
2367 4859 2643 4913 vertimus
2700 4860 2757 4913 in
2820 4860 3131 4915 honestum
3182 4860 3503 4932 negotium.

1896 4950 2065 5021 Cujus
2096 4948 2413 5003 collationis
2438 4948 2769 5001 recordatus
2810 4949 3222 5018 paternitatem
3256 4953 3501 5004 vestram

1896 5056 1997 5093 oro
2026 5038 2377 5107 etdeprecor
2409 5040 2487 5101 ut,
2518 5036 2717 5091 vestris
2739 5037 3100 5091 orationibus
3122 5037 3369 5107 adjutus,
3404 5041 3511 5093 Do-

1898 5126 2058 5180 mino
2090 5125 2441 5197 placentium
2505 5142 2735 5179 merear
2765 5125 3003 5195 adipisci
3035 5126 3427 5191 consortium;
3452 5130 3510 5181 et

1898 5214 1987 5268 hic
2019 5218 2203 5269 vester
2231 5213 2411 5267 lidelis
2427 5213 2663 5267 nomine
2693 5214 3046 5268 ilumboldus
3068 5231 3207 5285 erga
3223 5232 3280 5269 se
3309 5232 3503 5270 suam-

1899 5320 2008 5374 que
2037 5301 2433 5355 necessitatem
2467 5305 2713 5354 vestram
2741 5301 2950 5356 sentiat
2979 5303 3506 5374 bonitatem,quam

1901 5396 2051 5447 totus
2076 5391 2229 5446 orbis
2260 5396 2418 5463 optat
2446 5390 2695 5445 nancisci
2726 5391 2798 5444 ad
2831 5409 2995 5447 suam
3027 5397 3369 5464 perpetuam
3403 5410 3503 5463 pa—

1898 5501 2047 5538 cem.
2067 5481 2319 5552 Denique
2338 5480 2584 5552 qualiter
2607 5481 3029 5534 monachorum
3047 5480 3390 5553 legislatoris
3413 5482 3508 5533 Be-

1901 5572 2113 5628 nedicti
2144 5589 2349 5642 corpus
2384 5570 2437 5623 in
2468 5570 2712 5624 Galliam
2740 5570 3081 5624 translatum
3104 5570 3193 5635 sit,
3224 5585 3419 5639 (plusve
3449 5567 3507 5621 in

1903 5663 2198 5735 Cisalpinis
2231 5662 2488 5734 partibus
2528 5660 2903 5716 historialiter
2952 5664 3113 5731 gesta
3160 5660 3506 5728 habeantur,
