3922 6168
496 387 601 451 423

1599 374 1655 439 S.
1689 375 1981 437 ABBONIS
2007 373 2415 437 FLOBIANSIS
2436 374 2744 436 ABBATIS.

3733 376 3831 442 ιρι

502 510 838 588 requisistis;
866 507 955 567 cui
989 510 1299 582 postquam
1345 505 1655 563 historiam
1687 505 2115 581 patefeci,eam,
2140 508 2196 567 Α
2220 506 2520 580 vilegium,
2570 506 2710 563 illud
2750 522 3033 581 magnum
3069 508 3136 564 et
3185 502 3529 563 inviolabiie
3558 502 3833 565 Niemnum

501 608 564 660 ut
580 602 823 675 jussistis
846 599 1241 671 Transalpinis
1256 597 1568 670 legendam
1598 596 1846 667 dirigere
1868 612 1984 649 non
2004 595 2115 649 dis-

503 692 602 747 tuli
630 708 641 745 :
664 696 721 746 et
750 692 857 745 hoc
882 689 1131 743 indiculo
1149 688 1306 743 vobis
1319 686 1583 740 satisfeci.
1606 684 1981 738 Direxietiam
2004 684 2115 737 duo

497 780 723 835 vascula
751 777 1158 843 Manzerina,in
1189 776 1395 847 quibus
1427 775 1754 845 anaglypho
1774 790 1948 843 opere
1977 788 2113 826 con-

498 869 762 924 tinentur
789 866 1048 922 Charitas
1080 871 1137 920 et
1158 865 1355 918 Ethica
1384 882 1397 931 ;
1434 879 1679 935 quarum
1707 863 1908 927 altera,
1943 862 2000 915 id
2033 864 2117 914 est

503 957 781 1023 Charitas,
818 960 1061 1027 utraque
1093 954 1447 1008 maanetus
1473 956 1531 1006 et
1554 952 1773 1005 Novum
1787 952 2115 1006 Testamen-

499 1049 623 1101 tum
655 1045 892 1119 praefert
935 1061 1039 1116 per
1092 1043 1319 1113 singula
1351 1041 1727 1112 epithemata,
1784 1040 1981 1093 Ethica
2010 1039 2115 1093 alis

500 1134 612 1189 suis
658 1132 1063 1206 complectitur
1096 1130 1401 1186 historiam
1429 1133 1487 1183 et
1533 1128 1905 1200 allegoriam:
1943 1128 2023 1182 ita
2053 1130 2115 1183 ut

501 1226 744 1294 utraque
775 1220 1247 1287 virtus,Charitas
1270 1218 1482 1273 scilicet
1508 1234 1571 1272 ac
1617 1218 1833 1284 Ethica,
1868 1221 2117 1289 quatuor

501 1312 737 1366 virtutes
762 1327 867 1381 per
885 1310 1112 1381 singula
1133 1310 1496 1363 vasculorum
1528 1324 1629 1363 ora
1646 1307 1952 1361 exclusoris
1984 1322 2115 1377 ope-

501 1416 565 1453 re
594 1398 982 1469 praetendant.

504 1488 768 1541 Fascibus
799 1489 1097 1557 exemptos
1127 1486 1264 1539 dum
1299 1484 1588 1539 cernimus
1632 1483 1796 1539 Urbis
1827 1484 2112 1550 alumnos,

574 1576 833 1630 Externis
860 1575 1112 1630 dominis
1144 1575 1373 1630 subdita
1401 1576 1585 1628 Roma
1613 1574 1772 1628 furit.

507 1665 619 1719 Nec
650 1664 864 1717 mirum
895 1681 1027 1718 cum
1058 1680 1228 1718 scena
1251 1663 1356 1717 sibi
1385 1663 1447 1716 fit
1472 1662 1672 1716 δωγίοτ
1702 1662 1831 1729 illis,

578 1754 646 1806 Et
677 1753 924 1807 crudelis
952 1753 1149 1818 habet,
1186 1751 1339 1805 unde
1373 1755 1614 1805 cruenta
1643 1752 1761 1804 fiet.

508 1841 693 1907 Quam
725 1858 925 1898 caveas
946 1843 1091 1896 alter
1123 1856 1313 1911 mage,
1342 1840 1643 1912 quamjam
1678 1839 1929 1911 denique

1792 1928 2047 2000 [quintus

575 2019 900 2093 Gregorius,
935 2019 1138 2074 mundi
1194 2018 1434 2091 pervigil
1466 2018 1734 2073 excubiis.

507 2109 667 2181 cujus
697 2125 899 2164 amore
928 2125 1093 2163 vacas
1124 2108 1454 2163 transcendi
1493 2124 1738 2162 cernuus
1775 2108 1944 2177 Alpes

581 2197 966 2268 Heridanique
994 2197 1152 2251 nives
1181 2198 1343 2251 Abbo
1369 2196 1662 2269 sequendo
1685 2212 1870 2267 pares.

507 2286 837 2340 Translatos
864 2284 1049 2339 Putris
1071 2285 1291 2339 cineres
1312 2284 1458 2339 Bene
1489 2285 1727 2337 nomine
1755 2283 1906 2349 dicti,

582 2374 855 2429 Mandant
892 2374 1177 2445 Hesperiis
1206 2378 1264 2427 et
1293 2374 1418 2439 tibi,
1452 2373 1658 2427 Sancte
1689 2372 1811 2425 Dei.

518 2462 629 2516 Hos
652 2462 835 2517 loculo
864 2461 1083 2531 pariter
1122 2462 1354 2516 Francis
1384 2476 1735 2515 veneramur
1756 2463 2011 2527 ovantes,

581 2553 650 2608 Et
680 2568 979 2621 venerare,
1012 2554 1105 2609 cui
1136 2556 1300 2623 gesta
1331 2551 1580 2624 legenda
1612 2551 1765 2606 dedi.

1082 2641 1419 2697 EPISTOLA
1443 2640 1506 2693 V.

834 2748 908 2786 ΑΙ)
940 2748 1252 2787 MONACHOS
1292 2746 1498 2786 SANCTI
1552 2747 1800 2784 MARle”

580 2823 675 2877 His
706 2821 966 2894 patribus
1006 2824 1064 2874 et
1099 2820 1371 2874 fratribus
1424 2819 1486 2874 in
1542 2817 1893 2873 monasterio
1926 2816 2118 2871 Sancti

510 2911 734 2967 Martini
768 2908 1379 2981 commanipularibus,
1408 2907 1657 2962 maxime
1690 2908 1929 2961 Hamvao
1951 2906 2119 2961 bona:

507 3001 720 3057 indolis
756 3000 1010 3070 speculo,
1040 3000 1369 3053 amatorum
1399 2996 1604 3052 Christi
1636 2998 2044 3050 amatorAnno.

582 3088 994 3161 Opportunitas
1025 3087 1304 3159 temporis
1334 3088 1477 3141 solet
1499 3085 1677 3157 quaeri
1706 3086 1777 3139 ad
1805 3100 2117 3181 exsequen-
2143 3124 2189 3183 Ο

512 3180 645 3234 dam
666 3178 980 3232 efficaciam
1004 3176 1271 3247 ejuslibet
1286 3175 1523 3246 negotii,
1539 3173 2011 3246 quandoquidem
2031 3171 2116 3226 ni-

510 3267 585 3323 hil
612 3268 673 3320 fit
708 3266 863 3338 quod
890 3281 957 3319 eo
980 3280 1176 3318 carere
1206 3263 1401 3333 possit.
1419 3263 1583 3325 Quod
1608 3262 1733 3315 ideo
1757 3265 1955 3315 vestrae
1989 3261 2118 3314 cha-

508 3356 661 3411 ritati
695 3353 1045 3425 objeci,quia
1071 3354 1197 3424 plus
1213 3368 1379 3422 aequo
1399 3349 1692 3405 distulistis
1725 3350 1955 3403 mittere
1975 3349 2118 3403 indi-

508 3447 700 3501 culum
732 3448 932 3499 vestrae
974 3442 1319 3515 legationis:
1370 3458 1435 3495 ac
1466 3440 1677 3494 idcirco
1726 3440 1885 3493 vobis
1914 3456 2116 3510 parcre

508 3534 648 3589 mihi
700 3533 808 3588 fuit
836 3531 1212 3603 impossibile,
1247 3529 1453 3601 quibus
1486 3529 1712 3600 placere
1764 3527 2116 3581 omnimodis

508 3622 710 3695 gestio,
737 3638 840 3675 nec
865 3636 1121 3691 unquam
1146 3619 1433 3672 bonorum
1461 3615 1748 3687 praceptis
1778 3615 2117 3669 inobediens

511 3711 823 3784 apparebo,
860 3708 969 3763 nisi
994 3707 1333 3761 constrictus
1360 3708 1455 3760 aut
1480 3704 1775 3776 religionis
1799 3703 2115 3775 proposito,

512 3804 610 3854 aut
641 3796 918 3868 temporis
958 3795 1217 3850 articulo.
1272 3794 1483 3848 Verum
1520 3809 1646 3847 cum
1682 3792 2015 3846 charitative
2045 3792 2118 3847 ad

510 3888 841 3960 expeditum
866 3886 974 3939 iter
996 3883 1386 3949 monuissetis,
1413 3883 1535 3936 hate
1565 3881 1709 3936 adeo
1734 3881 2119 3946 demiror,cur

509 3993 737 4031 causam
771 3973 1155 4046 promotionis
1194 3972 1251 4026 in
1293 3971 1490 4025 vestris
1527 3970 1731 4025 litteris
1754 3988 1869 4023 non
1900 3969 2115 4040 signifi-

509 4065 711 4120 castis:
745 4081 881 4119 nam
916 4061 1290 4117 auctoritates
1316 4063 1647 4115 sanctorum
1678 4060 1934 4125 Patrum,
1976 4076 2116 4129 quas

509 4154 833 4225 specialiter
867 4151 1079 4207 deferri
1116 4150 1381 4221 jussistis,
1424 4165 1655 4221 quoquo
1705 4149 1963 4201 locorum
1997 4164 2115 4219 pra:

509 4244 1068 4307 manibushabeome
1084 4237 2115 4310 decipiarazmulorumlenocinio,qui

508 4330 671 4384 fratri
696 4334 901 4401 parant
931 4330 1181 4395 foveam,
1225 4332 1281 4381 et
1314 4328 1566 4381 fortassis
1605 4327 1861 4380 incident
1894 4329 1951 4381 in
1984 4343 2114 4379 eam

509 4418 707 4487 (b‘ccle.
750 4436 804 4485 x,
837 4422 886 4486 8)
943 4418 1130 4470 Unum
1171 4416 1329 4487 quasi
1358 4433 1425 4469 ex
1455 4415 1602 4485 vulgi
1648 4415 1919 4486 opinione
1953 4414 2112 4468 addi-

510 4505 640 4572 dici,
672 4507 954 4561 domuum
980 4504 2113 4575 videlicetAR.archiepiscomuncontra-

2223 597 2554 663 concilium,
2589 597 2742 669 quod
2766 596 3167 652 sanctissimus
3194 613 3356 669 papa
3374 595 3682 666 Gregorius
3698 596 3835 653 itase

2219 686 2434 740 fatetur
2483 686 2765 753 venerari,
2799 703 2862 740 ac
2909 686 2954 740 si
2992 690 3278 741 sanctum
3315 686 3711 757 Evangelium.
3760 688 3830 741 De

2220 774 2529 846 privilegiis
2575 792 2803 847 quoque
2850 776 3003 829 idem
3054 792 3221 847 papa
3272 774 3625 829 venerabilis
3681 774 3833 830 scribi

2217 862 2485 934 episcopo
2515 864 2743 930 Joanni,
2786 863 3051 935 inquiens
3084 881 3097 917 :
3135 862 3329 917 Grare
3375 863 3540 918 nimis
3569 870 3617 916 et
3666 872 3833 917 contra

2216 952 2538 1006 sacerdotale
2568 958 2772 1008 constat
2824 970 2927 1007 esse
2960 955 3342 1025 propositum,
3378 953 3693 1023 cujusquam
3736 970 3837 1006 mo-

2215 1043 2436 1094 nasterii
2453 1043 2743 1113 privilegia
2802 1042 2925 1095 olim
2973 1042 3193 1095 indulta
3238 1041 3595 1112 confundere,
3629 1049 3676 1095 et
3717 1045 3837 1096 arri-

2218 1138 2329 1184 tum
2378 1132 2488 1202 (sic)
2530 1150 2646 1203 quae
2671 1139 2793 1185 sunt
2817 1149 2919 1204 pro
2943 1134 3120 1204 quiete
3152 1132 3426 1202 disposita
3476 1133 3584 1184 m’ti
3609 1131 3837 1185 deducere

2220 1220 2340 1288 (lib.
2375 1236 2471 1287 vn,
2495 1221 2662 1292 epist.
2697 1223 2805 1290 33).
2835 1220 3067 1275 Etinfra
3091 1238 3105 1275 :
3133 1221 3406 1275 Proinde
3425 1219 3516 1274 his
3538 1220 3838 1274 fraternita-

2218 1312 2336 1363 tem
2366 1313 2617 1364 vestram
2650 1310 2951 1364 hortamur
2996 1309 3305 1377 aﬂ'atibus,
3344 1313 3409 1363 ut
3459 1326 3494 1363 a
3525 1308 3838 1363 monasterii

2220 1398 2486 1452 molestia
2534 1415 2590 1452 se
2622 1398 2742 1453 sine
2788 1400 2978 1471 aliqua
3007 1398 3402 1453 excusatione
3432 1397 3743 1464 contineat,
3787 1400 3837 1451 et

2220 1504 2345 1553 qua:
2379 1487 2460 1541 eis
2509 1493 2641 1542 sunt
2673 1488 2883 1543 diutius
2916 1488 3233 1555 custodita,
3273 1488 3496 1542 nullius
3548 1486 3836 1541 occasionis

2220 1578 2406 1630 tentet
2438 1577 2810 1649 usurpatione
2842 1577 3200 1643 convellere,
3238 1576 3348 1631 sed
3401 1578 3615 1630 cuncta
3640 1575 3833 1629 illibata

2220 1667 2277 1716 et
2306 1663 2428 1717 sine
2460 1665 2652 1737 aliqua
2682 1664 2909 1719 studeat
2931 1664 3346 1737 refragatione
3380 1680 3633 1731 servare;
3656 1667 3711 1717 et
3725 1664 3833 1734 plus

2221 1752 2325 1806 sibi
2352 1752 2408 1806 in
2441 1754 2649 1808 eodem
2690 1754 3063 1821 monasterio,
3108 1771 3301 1826 quam
3331 1752 3833 1825 praedecessoribus

2148 1841 2336 1907 Bsuis
2368 1841 2776 1907 licuit,noverit
2828 1858 2944 1897 non
2977 1842 3176 1897 licere.
3218 1842 3395 1897 Absit
3444 1842 3657 1913 itaque,
3706 1839 3833 1894 absit

2223 1934 2631 1986 utsanctorum
2648 1931 2923 1998 virorum,
2943 1935 2999 1985 et
3020 1931 3287 1986 maxime
3316 1930 3694 2002 antiquorum
3713 1943 3831 1999 pon-

2222 2020 2437 2073 tificum
2447 2021 2840 2074 Romanorum
2855 2019 3064 2090 scripta
3078 2020 3525 2075 modernorum
3540 2016 3827 2071 sustineant

2224 2108 2578 2180 prmjudicia,
2618 2112 2675 2162 et
2730 2108 3160 2179 ﬂoccipendant
3217 2107 3621 2180 posteriorum
3664 2121 3826 2171 sensa,

2224 2213 2470 2267 quorum
2502 2201 2855 2252 venerantur
2888 2197 3253 2252 memorias?
3289 2196 3353 2252 Si
3410 2195 3571 2251 enim
3592 2193 3824 2265 juniores

2225 2288 2488 2357 tempore
2513 2291 2770 2341 veterum
2790 2289 3179 2357 aspernantur
3195 2286 3420 2352 edicta,
3437 2284 3821 2356 quibusassen-

2224 2388 2349 2426 sum
2378 2375 2635 2444 prmbere
2666 2375 3009 2439 debuerant,
3034 2374 3172 2447 quid
3197 2377 3414 2440 restat,
3440 2372 3547 2427 n'si
3578 2374 3637 2425 ut
3656 2370 3820 2442 plum-

2224 2460 2363 2515 bum
2404 2462 2565 2533 aquis
2618 2466 2975 2534 supernatet,
3024 2463 3261 2535 lignum
3295 2478 3438 2517 vero
3483 2460 3660 2515 tundo
3680 2462 3835 2511 tenus

2223 2565 2479 2604 mersum
2526 2551 2833 2606 dehiscat?
2882 2552 3209 2623 praesertim
3260 2568 3401 2606 cum
3435 2548 3702 2620 scriptum
3722 2544 3817 2598 sit:

2221 2635 2308 2690 Ne
2339 2640 2745 2709 transgrediaris
2781 2644 3029 2695 ter-minos
3056 2657 3184 2712 quos
3209 2643 3522 2711 posuerunt
3539 2643 3708 2708 patres
3746 2632 3819 2685 tui

2225 2728 2408 2798 (Prov.
2432 2747 2565 2797 xxu,
2596 2731 2708 2801 28).
2735 2732 2851 2786 Hoc
2881 2748 3065 2786 unum
3096 2732 3348 2799 suadeo,
3411 2733 3476 2784 ut
3507 2723 3817 2800 perquiratis

2223 2818 2432 2872 merita
2466 2819 2889 2873 Turonensium
2923 2824 2981 2874 et
3011 2821 3425 2876 Romanorum
3486 2814 3812 2890 pontificum,

2224 2924 2469 2977 quorum
2532 2910 2677 2962 alter
2706 2908 2901 2975 edixit,
2954 2909 3102 2963 alter
3153 2907 3504 2979 concripsit,
3538 2909 3594 2959 et
3644 2905 3815 2974 postea

2222 2998 2415 3048 utrum
2449 2995 2555 3049 illis
2583 3013 2615 3049 a
2644 2996 3166 3051 contradicentium
3222 2990 3523 3053 indus'tria
3544 3009 3658 3065 prae
3686 3005 3808 3062 pon-

2221 3084 2357 3139 dere
2390 3084 2702 3155 dijudicare
2730 3086 3008 3157 poteritis.
3038 3088 3257 3143 Valete.

2787 3175 3119 3231 EPISTOLA
3149 3177 3238 3231 Vl.

2513 3279 2582 3316 AD
2616 3278 3105 3319 ROBERTUH'REGEM
3139 3280 3491 3327 FRANCORUH,

2293 3351 2578 3405 Roraanro
2594 3351 2721 3422 regi
2750 3352 3101 3406 Francorum
3124 3353 3346 3424 inclyto
3368 3341 3799 3407 famulorumDei

2220 3438 2469 3494 famulus
2492 3441 2665 3508 Anno,
2702 3458 2930 3495 memor
2958 3442 3091 3496 salis
3116 3443 3275 3514 quod
3310 3439 3621 3514 aliquando
3640 3437 3691 3491 in
3719 3448 3801 3505 pa-

2218 3527 2355 3581 latio
2377 3529 2629 3584 comedi.

2292 3616 2438 3671 Satis
2469 3618 2787 3673 admodum
2820 3616 3002 3672 miror
3033 3620 3188 3675 unde
3218 3621 3279 3675 bi
3313 3622 3463 3675 sales
3490 3610 3800 3687 eloquentia

2220 3710 2638 3778 proruperunt,
2673 3723 2919 3779 quorum
2953 3709 3437 3774 amaritudinem,
3490 3704 3709 3762 domine
3735 3696 3800 3753 mi

2220 3810 2338 3861 rex,
2362 3794 2660 3866 inopinato
2686 3795 2980 3862 abhorrui,
3010 3796 3377 3854 abbhorrens
3394 3794 3615 3852 silentio
3632 3794 3796 3860 tegere

2222 3884 2470 3954 nequivi,
2488 3901 2624 3938 nam
2646 3884 2902 3955 palatina
2924 3885 3196 3940 facundia
3211 3886 3435 3963 .hacten
3448 3903 3509 3940 us
3530 3898 3652 3938 usus
3670 3891 3794 3937 sum,

2221 3976 2275 4026 et
2310 3974 2379 4025 ni)
2414 3973 2546 4042 ipsis
2566 3973 2845 4028 cunabilis
2876 3974 3101 4043 penein
3134 3975 3496 4031 monasterio
3530 3970 3791 4026 veritatem

2222 4078 2362 4130 puer
2389 4061 2580 4123 didici,
2621 4078 2793 4133 quam
2830 4078 2924 4116 me
2968 4063 3225 4119 amisisse
3255 4069 3523 4119 causatur
3551 4061 3637 4115 ille
3666 4072 3691 4109 a
3721 4067 3790 4106 se'

2220 4150 2405 4203 cretis.
2437 4152 2581 4204 Dum
2598 4150 2722 4221 jam
2746 4151 2901 4205 albet
2916 4152 3007 4205 nix
3024 4154 3248 4225 capitis,
3267 4155 3357 4210 cui
3383 4151 3590 4225 gratias
3610 4144 3786 4201 refero.

2219 4238 2491 4310 quoniam
2522 4255 2613 4292 me
2646 4239 2719 4292 ad
2749 4256 2842 4293 me
2876 4240 3119 4309 reduxit,
3142 4240 3610 4315 quandoquidem
3631 4226 3787 4287 homi-

2220 4344 2353 4380 nem
2374 4344 2493 4381 esse
2514 4327 2787 4394 innotuit,
2815 4345 2988 4399 quem
3010 4331 3303 4385 mutabilis
3327 4333 3571 4386 fortunae
3598 4319 3786 4377 casibus

2217 4416 2507 4469 subditum
2540 4416 2749 4470 etdixit
2769 4418 3087 4489 ctscripsit;
3116 4419 3193 4473 ait
3219 4406 3785 4488 enimScriptura:0m-

2218 4507 2298 4556 nis
2314 4506 2466 4557 homo
2488 4505 2715 4559 mendax?
2734 4506 2848 4574 (Ps.
2864 4510 3013 4573 cxv,l
3036 4509 3102 4579 l);
3124 4508 3221 4561 sed
3237 4508 3493 4564 fortassis
3520 4518 3638 4559 cum
3670 4500 3782 4552 PFO:

509 4594 697 4649 dicere
712 4592 1020 4665 privilegiis
1047 4592 1308 4646 sanctiM.
1339 4593 1662 4645 communis
1694 4573 2110 4663 patroni;quod
2143 4573 2189 4630 Ῑ)
2218 4593 2389 4662 pheta
2413 4592 2469 4645 in
2494 4593 2694 4646 exstusi
2719 4573 2823 4647 hoc
2863 4573 3121 4665 protulit,
3150 4598 3305 4669 quod
3328 4614 3435 4669 ego
3467 4604 3677 4667 quoque
3699 4584 3779 4638 Μ’

509 4684 603 4757 qui
625 4684 912 4756 desipiens
941 4681 1223 4748 crederet,
1257 4685 1320 4735 ut
1358 4681 1442 4734 vir
1462 4684 1638 4735 tanta:
1666 4682 2020 4735 auctoritatis
2058 4685 2115 4736 et

508 4773 964 4828 mansuetudinis
996 4771 1282 4825 contraire
1314 4770 1443 4823 velit
1466 4770 1859 4824 Romanorum
1884 4770 2111 4842 pontifi-

507 4878 635 4916 cum
672 4862 915 4917 decretis
946 4863 1001 4914 et
1027 4866 1355 4914 sanctorum
1386 4875 1673 4913 canonum
1700 4859 2001 4914 institutis?
2033 4860 2113 4914 Si-

505 4950 739 5023 quidem
772 4951 1039 5004 Romana
1066 4948 1310 5002 Ecclesia
1338 4964 1437 4999 sua
1464 4963 1634 5017 super
1673 4964 1877 5001 omnes
1925 4950 2112 5003 Eccle-

506 5038 617 5093 sias
640 5039 969 5093 excellentia
1006 5037 1113 5091 hoc
1135 5038 1309 5091 habet
1338 5035 1637 5107 privilegii,
1673 5040 1751 5102 ut,
1781 5037 1919 5090 sicut
1943 5038 2110 5093 clavi-

505 5144 609 5197 ger
638 5126 801 5198 regni
825 5125 1069 5180 caelestis
1094 5124 1320 5178 obtinet
1367 5123 1755 5194 principatum
1813 5126 2112 5196 apostolici

506 5215 792 5281 culminis,
818 5214 897 5269 ita
918 5214 1122 5268 eadem
1148 5214 1410 5266 Romana
1438 5210 1683 5264 Ecclesia
1711 5213 2113 5268 auctoritatem

508 5303 724 5357 tribuat
754 5301 1202 5373 omnibusquasi
1236 5300 1348 5353 suis
1381 5297 1679 5363 membris,
1706 5316 1833 5370 quae
1866 5304 2117 5372 suntper

509 5394 757 5462 quatuor
801 5391 1034 5445 climata
1065 5389 1241 5443 totius
1283 5387 1457 5441 orbis.
1513 5388 1618 5450 Qui
1662 5403 1799 5458 ergo
1841 5389 2116 5444 Romanae

510 5479 769 5534 Ecclesiae
803 5476 1308 5549 contradicit,quid
1338 5476 1489 5529 aliud
1522 5492 1691 5545 quam
1715 5493 1771 5529 se
1793 5493 1821 5529 a
1851 5479 2097 5532 membri

506 5570 630 5640 ejus
650 5569 953 5630 subtrahit,
987 5570 1047 5621 ut
1075 5570 1171 5621 fiat
1200 5565 1386 5636 portio
1409 5565 2107 5623 adversariorumChristi?

508 5659 674 5716 Certe
707 5656 1013 5732 unicuique
1045 5655 1303 5712 Ecclesiae
1344 5671 1509 5709 suum
1550 5654 1717 5726 jubet
1745 5657 1957 5711 servari
1989 5657 2103 5731 pri-

2218 4681 2393 4751 nigne
2415 4680 3061 4750 accepissemmisiesset
3081 4686 3363 4755 scriptum
3389 4705 3402 4742 :
3427 4682 3609 4740 Perdes
3634 4683 3781 4729 omne!

2214 4772 2307 4841 qui
2335 4770 2622 4842 loquuntur
2648 4772 2985 4827 mendacium
3014 4773 3134 4842 (Ps.
3182 4792 3233 4841 v,
3278 4778 3355 4845 7).
3386 4774 3469 4829 Ad
3492 4768 3617 4844 quid
3642 4760 3771 4817 enim

2215 4857 2370 4911 aliud
2403 4858 2617 4911 amicus
2647 4875 2808 4911 meus
2836 4860 3077 4929 apestoli
3109 4863 3280 4917 verba
3304 4864 3377 4919 ad
3427 4877 3516 4915 me
3561 4846 3775 4911 retOI'Sit.

2216 4946 2353 5001 dum
2387 4947 2443 5000 in
2492 4963 2762 5000 sermone
2796 4964 2925 5002 meo
2957 4956 3029 5001 est
3084 4954 3141 5003 et
3194 4969 3299 5005 non
3354 4967 3471 5007 esse
3499 4932 3774 5003 enuntiavit

2216 5036 2360 5107 (Jac.
2394 5054 2445 5103 v,
2484 5036 2592 5106 l2),
2626 5034 2731 5088 nisi
2787 5036 2921 5106 quia
2954 5043 3051 5091 aut
3082 5040 3235 5110 quod
3266 5044 3350 5095 est
3380 5056 3491 5095 non
3538 5048 3668 5095 esse,
3696 5023 3775 5110 3"!

2218 5126 2373 5196 quod
2408 5142 2521 5179 non
2557 5126 2641 5177 est
2672 5140 2791 5177 esse
2826 5107 3116 5179 fatentem—
3132 5128 3549 5199 reprehendere
3580 5107 3774 5173 voluit?

2215 5215 2375 5283 cujus
2403 5213 2658 5266 criminis
2682 5212 2737 5266 in
2762 5213 2865 5266 hac
2888 5230 2947 5265 re
2977 5230 3069 5266 me
3102 5218 3258 5271 nullo
3299 5217 3470 5272 modo
3501 5223 3647 5266 reum
3674 5212 3771 5283 esse

2220 5301 2643 5373 sciatis,quippe
2657 5305 2789 5355 ante
2813 5302 2913 5354 has
2938 5301 3182 5369 litteras,
3207 5304 3265 5358 in
3299 5306 3497 5377 quibus
3524 5281 3769 5353 mendacii

2226 5389 2878 5461 redarguor,ucminem
2901 5406 3004 5460 pro
3034 5390 3363 5461 hujusmodi
3381 5381 3766 5447 causavidicum

2223 5496 2334 5551 quo
2367 5484 2521 5532 estet
2552 5497 2653 5531 non
2688 5479 2997 5549 potuissem
3031 5483 3422 5535 sermocinari.
3469 5471 3619 5541 Quod
3660 5475 3767 5517 ιέΓο

2229 5568 2458 5637 adjecit,
2488 5567 2575 5619 sed
2597 5569 2683 5631 sit,
2717 5565 2774 5619 in
2807 5567 2900 5619 illo
2932 5571 3035 5633 est,
3058 5584 3202 5623 mea:
3228 5566 3537 5641 fragilitatis
3564 5553 3764 5615 modum

2211 5658 2611 5722 considerans,
2645 5655 2975 5710 luminibus
3008 5673 3179 5728 quam
3202 5660 3316 5713 Deo
3343 5655 3531 5713 similis
3548 5654 3765 5704 essemti'
