3922 6168
432 389 538 451 427

434 530 472 575 0

434 588 476 684 1:
604 600 725 643 ²¹¹¹¹
850 609 948 684 llic
979 612 1064 667 est
1083 609 1154 666 de
1177 627 1290 684 quo
1317 610 1432 667 dixi
1463 611 1658 684 :Post
1674 626 1769 665 me
1791 608 1947 664 venit
1964 609 2050 664 vir

431 677 480 754 ᾗ
668 746 724 754 ___
778 682 875 754 qui
902 686 1034 738 ante
1057 677 1239 737 factlis
1265 688 1371 745 est,
1403 682 1538 753 quia
1576 681 1735 754 prior
1766 698 1868 754 me!
1888 685 2047 754 gerat,

430 732 481 823 ῃ
668 746 724 783 x‘
778 732 835 809 ἐι
857 771 965 823 ego
986 754 1316 808 nesciebam
1333 732 1493 819 eum,
1514 732 1613 807 sed
1632 755 1695 806 ut
1714 732 2048 807 manifeste:

432 818 477 897 ξι,
779 829 873 879 tur
893 818 1089 897 Israel,
1122 828 1439 897 propterea
1482 818 1614 879 veni
1646 840 1752 895 ego
1795 823 1854 878 in
1902 840 2052 895 aqua

429 872 480 996 ξί
646 887 725 926 ¹¹¹¹
775 872 1091 968 δερὶὶεδηεί

432 1014 475 1067 L
690 1029 727 1065 χ

431 1101 469 1209 ἶ)
852 1110 962 1182 Ipsi
1011 1127 1108 1165 vos
1146 1109 1290 1165 mihi
1314 1108 1712 1164 testimonium
1744 1109 2055 1181 perhibetis

541 1170 728 1209 XXVlll
786 1182 935 1209 ,ηυηι
979 1181 1215 1209 ,ιε-λά...
1248 1200 1259 1209 .
1298 1182 1412 1209 Ir-..
1466 1196 1578 1209 κη..
1633 1197 1754 1209 οηη.
1803 1181 2050 1209 ρι...;,.ι..,.

541 1170 728 1210 ΧΧἭῙῙ
784 1170 940 1253 quéd
976 1181 1260 1253 dixerim:
1296 1182 1414 1251 Ego
1466 1170 1760 1253 nonmsum‘
1803 1181 2054 1238 Christus

429 1243 480 1352 Kl
677 1311 733 1350 XI
785 1243 886 1308 sed
911 1251 1008 1325 qui
1029 1251 1235 1308 missus
1265 1243 1390 1307 sum
1423 1255 1558 1306 ante
1586 1249 1768 1306 illum.

427 1440 480 1493 M
650 1452 736 1494 nu

428 1525 469 1563 V

432 1579 475 1635 L
703 1594 737 1634 x

504 1758 600 1813 His
630 1758 712 1814 ita
738 1754 1071 1830 praemissis,
1117 1757 1340 1813 sobrius
1369 1759 1552 1814 lector
1605 1759 1879 1832 intelligit
1914 1759 2051 1833 quia

436 1848 690 1904 Joannes
709 1862 864 1901 nunc
893 1845 987 1900 hic
1012 1861 1166 1901 nunc
1198 1846 1313 1901 illic
1339 1847 1531 1919 tetigit
1560 1849 1716 1921 quod
1752 1849 2050 1904 Mattheus
2074 1834 2128 1895 Β

434 1949 493 1991 et
522 1935 617 1991 alii
643 1936 1002 2005 collegerunt
1028 1933 1086 1988 in
1127 1934 1335 1990 ordine
1370 1935 1539 1991 unius
1561 1954 1677 1991 suae
1694 1937 2047 1993 subnotatio-

432 2024 548 2079 nis:
582 2026 938 2095 quapropter
965 2022 1023 2076 in
1056 2021 1563 2093 ejusdemJoannis
1594 2026 1898 2096 Evangelio
1921 2028 2051 2097 post

434 2111 688 2184 primam
713 2110 1187 2166 subnotationem
1220 2115 1425 2184 quater
1456 2117 1543 2168 est
1575 2113 1727 2168 facta
1772 2113 2049 2168 similium

437 2216 821 2256 numerorum
858 2198 1154 2270 repetitio:
1177 2199 1461 2271 siquidem
1484 2202 1555 2256 de
1576 2202 1694 2256 viro
1723 2205 1963 2256 venturo
1990 2204 2049 2256 et

439 2289 511 2344 de
538 2288 827 2360 baptismo
856 2286 1113 2354 Joannis,
1148 2287 1245 2341 ubi
1275 2289 1367 2342 ille
1398 2289 1646 2342 alterum
1672 2289 1888 2357 retulit,
1908 2290 2049 2344 alte-

443 2393 576 2432 rum
609 2375 873 2443 reticuit;
899 2377 956 2428 et
976 2390 1171 2428 rursus
1189 2375 1323 2429 alibi
1354 2378 1665 2448 utrumque
1698 2376 1868 2431 simul
1890 2376 2050 2443 dixit;

443 2465 517 2519 ad
543 2463 816 2519 ultimum
847 2462 917 2517 de
936 2462 1212 2533 prmdicto
1226 2462 1347 2517 viro
1361 2465 1604 2518 venturo
1622 2464 2053 2537 repetiit,quem

447 2550 743 2608 Christum
764 2548 1006 2605 vocavit.
1027 2549 1449 2620 Perspiciamus
1465 2550 1658 2622 itaque
1688 2551 1861 2623 primi
1888 2569 2056 2607 cano-

456 2640 546 2695 nis
576 2639 968 2709 initium.post
999 2638 1148 2693 hanc
1174 2654 1352 2693 unam
1383 2639 1747 2695 corcordiam
1785 2640 2054 2696 omnium

456 2726 966 2799 evangelistarum,
1020 2726 1279 2797 Denique
1327 2730 1459 2797 post
1487 2728 1799 2783 secundam
1842 2730 2055 2784 lineam

452 2818 702 2872 Joannes
719 2830 898 2869 unam
918 2814 1389 2869 subnotationem
1403 2814 1575 2870 tertio
1596 2816 2059 2889 repetiit,reliqui

460 2905 746 2961 secundo:
800 2905 929 2976 post
951 2902 1184 2957 tertiam
1225 2917 1455 2975 quoque
1502 2903 1716 2959 lineam
1751 2904 1906 2960 idem
1938 2905 2059 2976 ipse

446 2996 695 3051 Joannes
711 2991 1018 3065 quinqueis
1033 2990 1290 3059 variavit,
1313 2992 1470 3064 quod
1489 2992 1735 3048 aliorum
1760 2994 2057 3066 unusquis-

1465 382 1522 446 S.
1553 383 1848 444 ABBONIS
1877 383 2165 444 ABBATIS
2195 383 2688 446 FLORIACENSIS

3646 385 3733 452 £28

2066 513 2125 574 Α
2145 510 2298 582 apud
2319 508 2604 567 Joannem
2627 513 2758 585 post
2785 510 3081 569 decimam
3114 509 3389 585 quartam
3440 505 3743 580 invenitur;

2153 600 2509 672 reliquorum
2532 618 2664 657 vero
2692 601 2884 656 eidem
2909 602 3102 674 primo
3133 602 3618 657 consentientium
3635 619 3748 675 pro-

2148 693 2277 760 pter
2304 691 2675 745 concordiam
2706 690 3015 762 aliquando
3040 690 3432 761 transgressio
3456 691 3518 744 ﬁt
3541 708 3555 759 ;
3583 692 3625 745 si
3648 709 3749 764 qua

2151 795 2287 833 sane
2317 797 2377 834 1n
2427 780 2635 835 talibus
2665 779 2949 836 dubitatio
3000 779 3237 847 incidit,
3276 782 3593 834 assumatur
3643 797 3751 851 pra:

2154 868 2420 924 manibus
2450 870 2521 923 de
2546 885 2832 925 consensu
2866 868 3379 940 Evangelistarum
3412 868 3553 924 liber
3577 871 3751 941 Augu-

2153 957 2286 1013 stini
2302 958 2568 1013 omnium
2582 957 3096 1013 ecclesiasticarum
3116 956 3512 1029 questionum
3525 957 3751 1029 singula-

2151 1044 2295 1101 riter
2304 1045 2681 1102 subtilisssimi
2694 1044 3577 1119 expositoris;postAmmonium
3588 1045 3753 1114 enim,

2155 1135 2253 1207 qui
2284 1135 2354 1190 de
2386 1138 2632 1207 quatuor
2651 1135 2972 1206 Evangeliis
2994 1135 3139 1189 fecit
3168 1150 3383 1200 unum,
3416 1133 3490 1188 ad
3515 1132 3756 1189 similitu-

2155 1222 2354 1279 dinem
2383 1223 2513 1278 libri
2563 1222 2660 1295 qui
2704 1223 2912 1278 dicitur
2965 1221 3278 1277 Concordia
3311 1222 3639 1292 regularum,
3668 1223 3749 1277 hic

2154 1312 2504 1384 Augustinus
2534 1329 2739 1367 omnes
2766 1312 3114 1367 dubitabiles
3147 1311 3753 1384 propositionesEvan-

2155 1402 2444 1475 geliorum
2475 1400 2777 1472 decerpsit,
2791 1404 2964 1472 atque
2982 1399 3041 1455 in
3078 1416 3201 1455 uno
3224 1399 3427 1454 codice
3459 1399 3751 1467 ordinavit,

2157 1507 2471 1563 earumque
2497 1488 2828 1545 obscuritati
2854 1488 3175 1543 maximam
3192 1487 3756 1543 lucemiufudit.Post

2156 1579 2430 1634 eumdem
2460 1595 2691 1650 quoque
2720 1577 3099 1633 Ammonium
3113 1576 3401 1632 Eusebius
3422 1575 3755 1632 Caesariensis

2154 1666 2777 1738 librosEvangeliorum
2792 1669 2855 1720 ut
2874 1665 3107 1721 fuerant
3132 1681 3455 1720 remanere
3486 1663 3748 1735 permisit,

2154 1758 2213 1810 et
2238 1770 2441 1810 eorum
2458 1754 2830 1809 concordiam
2850 1769 3236 1809 numerorum
3253 1753 3487 1809 ratione
3503 1751 3752 1818 distinxit,

2154 1860 2329 1915 quam
2361 1842 2805 1914 Evangeliorum
2835 1858 3085 1898 canones
3107 1840 3465 1913 appellavit;
3499 1855 3663 1912 quem
3682 1854 3756 1893 se-

2151 1935 2314 1986 cutus
2333 1930 2715 2003 Hieronymus
2727 1930 2933 1985 divinae
2954 1929 3407 2001 legisinterpres
3426 1932 3484 1982 et
3501 1927 3570 1981 de
3584 1942 3751 1998 graeco

2149 2019 2284 2074 fecit
2309 2035 2429 2073 esse
2444 2018 3275 2091 latinum,atque,eorumdem
3289 2032 3582 2072 canonum
3606 2014 3743 2069 ordi-

2151 2108 2309 2163 natio
2340 2106 2976 2180 qualiterintelligenda
3004 2107 3096 2173 sit,
3116 2107 3200 2162 ita
3215 2106 3452 2179 scripsit
3470 2104 3543 2159 ad
3562 2105 3751 2158 Dama-

2151 2212 2280 2250 sum
2307 2212 2319 2250 :
2358 2195 2647 2251 Sciendum
2676 2201 2770 2262 est,
2804 2195 3091 2267 inquiens,
3121 2212 3187 2249 ne
3242 2197 3366 2266 quis
3397 2195 3643 2264 ignarum
3692 2206 3747 2244 ex

2152 2284 2504 2340 similitudine
2531 2301 2873 2339 numerorum
2898 2300 3045 2337 error
3073 2282 3344 2351 involvat,
3379 2281 3542 2355 quod,
3566 2282 3691 2335 sicut
3705 2279 3753 2331 in

2155 2373 2531 2429 subnotatione
2546 2390 2810 2427 canonum
2832 2372 3299 2435 distinctorum,in
3316 2387 3521 2426 canone
3546 2366 3752 2441 quolibet

2160 2467 2262 2516 tres
2283 2461 2619 2530 evangelista:
2649 2462 2723 2515 bis
2742 2460 2825 2515 vel
2852 2467 2949 2527 ter,
2992 2460 3076 2513 vel
3102 2467 3298 2532 quater
3323 2466 3422 2514 aut
3470 2460 3624 2514 etiam
3651 2471 3752 2507 am-

2149 2549 2298 2620 plius
2323 2549 2563 2604 eumdem
2585 2566 2862 2604 numerum
2879 2564 2985 2619 per
3005 2548 3254 2603 ordinem
3274 2548 3580 2603 habuerunt
3606 2543 3751 2597 adno-

2161 2644 2348 2706 tatum,
2396 2643 2446 2693 et
2473 2645 2700 2708 quartus
2737 2655 2764 2692 e
2813 2640 3082 2693 contrario
3135 2638 3515 2708 discrepantes,
3549 2628 3750 2705 quodid

2158 2726 2300 2798 quod
2330 2733 2434 2782 tres
2466 2726 2548 2779 illi
2570 2728 2628 2781 in
2655 2743 2714 2781 eo
2743 2726 2851 2780 loco
2876 2726 3037 2780 semel
3061 2727 3325 2793 dixerint,
3356 2729 3583 2798 quartus
3610 2721 3742 2775 toties

2159 2815 2221 2869 in
2265 2830 2479 2885 corpore
2510 2815 2793 2870 voluminis
2819 2816 2905 2868 sui
2934 2821 3127 2886 ponat,
3178 2816 3390 2887 quoties
3445 2812 3629 2865 diversi
3662 2822 3750 2861 nu-

2159 2905 2295 2957 meri
2322 2905 2377 2956 in
2406 2904 2518 2973 eius
2547 2920 2744 2957 canone
2792 2904 2954 2973 positi
2979 2909 3124 2971 sunt,
3156 2911 3349 2958 contra
3388 2900 3751 2973 pradictorum

2161 3008 2503 3046 numerorum
2533 2993 2873 3045 continuatus
2900 2992 3303 3047 similitudines.
3344 2990 3483 3044 Item
3513 2990 3560 3043 si
3584 2989 3636 3040 in
3654 2999 3743 3037 uno

453 3100 564 3155 que
596 3081 776 3136 semel
801 3096 903 3135 suo
941 3081 1065 3134 loco
1089 3079 1367 3150 exposuit.
1406 3081 1535 3135 Hec
1556 3081 1704 3137 ratio
1727 3082 2061 3137 observatur
2085 3112 2134 3172 α
2161 3080 2386 3153 quolibet
2415 3096 2597 3134 eorum
2627 3087 2725 3134 aut
2766 3081 2929 3134 etiam
2957 3080 3181 3147 duobus,
3242 3079 3442 3134 ibidem
3485 3079 3541 3130 in
3569 3086 3749 3172 canone

450 3171 511 3225 in
535 3169 680 3239 aliis,
709 3168 806 3240 qui
835 3172 968 3222 sunt
993 3167 1050 3222 in
1073 3168 1401 3239 collatione,
1439 3169 1776 3224 canonibus.
1809 3171 1921 3225 Nec
1951 3171 2062 3225 hoc
2089 3159 2134 3172 ’⁸
2161 3185 2411 3222 numeras
2457 3168 2552 3229 bis,
2583 3174 2662 3221 ter
2681 3174 2776 3223 aut
2805 3183 2864 3224 co
2910 3168 3141 3240 amplius
3171 3170 3476 3240 reperiatur
3499 3168 3554 3218 in
3595 3159 3753 3215 ordine

451 3258 736 3314 silendum
763 3259 848 3311 est
874 3255 1029 3328 quod
1050 3272 1165 3310 una
1185 3258 1243 3310 et
1258 3256 1495 3329 aequalis
1508 3257 1834 3329 progressio
1852 3258 1919 3312 fit
1935 3259 2064 3313 sub-

454 3345 843 3403 notationum:
858 3343 1029 3399 sedin
1048 3331 1363 3400 canonibus
1377 3361 1627 3400 numero
1648 3346 1966 3418 aliquando
1982 3347 2066 3400 in-

453 3433 740 3501 termisso,
772 3434 833 3488 in
864 3432 1104 3505 singulis
1128 3433 1447 3505 Evangeliis
1466 3451 1846 3490 numerorum
1861 3426 2065 3490 ordine

457 3527 606 3589 rato;
638 3521 893 3578 cavenda
910 3524 1109 3576 tamen
1132 3525 1216 3575 est
1248 3521 1309 3575 in
1339 3521 1428 3576 his
1458 3521 1742 3579 discordia
1770 3523 1831 3577 in
1863 3524 2067 3595 quibus

460 3614 620 3669 nulla
658 3628 779 3667 esse
824 3610 996 3666 debet
1050 3611 1292 3665 omnino
1347 3610 1663 3680 diversitas;
1696 3628 1833 3667 nam
1876 3616 1938 3667 ut
1996 3614 2067 3668 de

460 3702 724 3759 Μαιώωο
742 3701 966 3772 loquar,
999 3699 1095 3771 qui
1119 3699 1511 3771 principatum
1539 3701 1763 3755 obtinet
1782 3701 1839 3755 in
1866 3700 2073 3772 praedi-

465 3788 913 3856 ctiscanonibus,
943 3787 1196 3860 exceptis
1217 3787 1773 3861 duobusaprincipio
1806 3788 1935 3844 libri
1950 3789 2071 3859 ejus

471 3896 649 3952 usque
674 3878 742 3933 ad
777 3879 955 3932 finem
986 3876 1178 3949 prima
1202 3893 1319 3931 sera
1356 3876 1530 3948 primi
1563 3877 1802 3932 canonis
1843 3877 2074 3933 ordinat

468 3965 1023 4036 tenorem;similiter
1038 3964 1291 4020 secunda
1311 3965 1567 4032 secundi,
1598 3965 1772 4021 tertia
1800 3966 1972 4033 tertii,
1996 3966 2075 4021 sic

2162 3256 2470 3324 collocatus,
2504 3264 2555 3311 et
2600 3257 2789 3329 dispar
2818 3259 2860 3311 is
2889 3259 3194 3312 inveniatur
3225 3261 3283 3312 in
3313 3250 3747 3320 ceteris,dubium

2163 3363 2271 3401 non
2293 3348 2412 3413 erit,
2440 3345 2580 3417 quod
2606 3345 2659 3399 id
2678 3346 2822 3417 quod
2836 3346 2977 3401 illius
2995 3347 3275 3401 illorumve
3304 3359 3530 3401 canones
3546 3335 3753 3393 numeris

2167 3435 2241 3490 bis
2274 3435 2356 3489 vel
2385 3441 2463 3489 ter
2502 3437 2733 3505 repetitis
2758 3434 2822 3489 ab
2862 3435 2943 3489 his
2975 3436 3032 3489 in
3061 3434 3344 3491 volumine
3380 3430 3537 3488 semel
3574 3428 3758 3481 dictum

2165 3525 2233 3577 sit
2280 3523 2436 3578 alteri
2462 3540 2582 3577 vero
2607 3540 2791 3578 eorum
2829 3526 2977 3578 toties
3006 3526 3061 3577 in
3098 3541 3203 3578 uno
3234 3532 3402 3596 atque
3437 3519 3609 3576 eodem
3629 3525 3759 3568 sensu

2169 3611 2471 3682 loquantur,
2512 3615 2710 3682 quoties
2736 3612 3074 3684 pratulerint
3126 3614 3182 3666 in
3226 3625 3578 3666 numerorum
3616 3602 3759 3657 adno-

2172 3702 2371 3753 tatione
2394 3699 2733 3755 distantiam.
2748 3700 2873 3754 Hoc
2899 3707 2948 3754 et
2973 3703 3033 3754 in
3049 3703 3294 3755 omnium
3315 3715 3505 3756 novem
3519 3704 3755 3751 canonum

2170 3787 2446 3841 collatione
2479 3789 2801 3843 servabitur.
2853 3788 3141 3856 Caeterum,
3192 3790 3256 3845 in
3287 3790 3492 3844 decimo
3530 3780 3758 3858 ᾳιιοηίαηι

2164 3877 2384 3947 propria
2436 3875 2770 3944 singulorum
2827 3877 3188 3933 tantummodo
3245 3880 3585 3933 continentur
3607 3911 3621 3937 ,
3667 3879 3757 3919 ηοη

2165 3971 2337 4034 potest
2387 3969 2570 4019 contra
2622 3965 2679 4018 id
2725 3969 3049 4036 συνεραναέιό
3099 3982 3222 4033 esse,
3276 3965 3427 4038 quod
3475 3962 3634 4018 solum
3677 3956 3757 4038 est,

473 4057 543 4113 de
572 4056 828 4129 reliquis;
856 4054 1008 4109 unde
1037 4053 1179 4108 falso
1202 4053 1564 4108 existimatur
1595 4054 1808 4125 scripta
1838 4071 1957 4110 esse
1980 4055 2079 4110 illa
2175 4052 2433 4107 Tandem
2481 4052 2636 4124 quia,
2672 4054 3014 4109 venerabilis
3072 4056 3260 4121 Pater,
3286 4036 3366 4110 ex
3415 4046 3644 4125 pradicti
3674 4036 3760 4094 viri

474 4144 825 4212 subnotatio,
857 4159 985 4216 qua:
1008 4142 1066 4197 in
1097 4145 1254 4197 textu
1283 4141 1534 4197 Matthaai
1564 4143 1651 4197 est
1680 4159 1914 4210 Lxxxvr,
1947 4158 2079 4197 cum
2181 4141 2615 4196 commentariis
2636 4141 2743 4196 ista
2769 4143 3077 4198 enodando
3101 4136 3565 4212 transtuli,atque
3582 4151 3646 4190 ea
3659 4143 3757 4185 non

478 4250 595 4289 aera
621 4233 832 4303 prima.
888 4231 1105 4286 Idcirco
1146 4230 1303 4302 quia,
1351 4231 1589 4286 evolutis
1642 4230 2084 4303 quamplurimis
2184 4230 2501 4302 praajudicii
2556 4232 2657 4286 sed
2694 4231 2897 4302 judicii
2942 4248 3198 4287 censurae
3255 4227 3582 4302 direxi,qui,
3635 4219 3761 4276 illius

481 4320 926 4391 Evangeliorum
969 4318 1379 4387 voluminibus,
1418 4334 1704 4391 nusquam
1733 4319 1885 4374 inter
1905 4337 2014 4375 Lxx
2028 4323 2087 4374 et
2109 4387 2148 4391 _
2186 4319 2454 4374 benevoli
2491 4319 2687 4374 fratris
2728 4320 3027 4391 sagacitati
3055 4321 3388 4377 satisfacere
3444 4318 3648 4375 volens,
3681 4319 3758 4360 me

483 4425 655 4465 chvi
706 4406 1203 4475 subnotationem,
1257 4408 1374 4462 ulla
1403 4407 1463 4462 in
1518 4424 1740 4463 canone
1778 4410 2084 4481 reperitur,
2108 4387 2163 4448 Ῑ)
2190 4409 2343 4481 apud
2363 4427 2461 4464 vos
2482 4409 2654 4464 fuisse
2679 4411 2985 4465 verbosum
3016 4414 3115 4466 aut
3136 4411 3309 4471 nimis
3339 4408 3627 4484 garrulum
3652 4410 3761 4469 pel“

485 4501 837 4570 quapropter
847 4494 1365 4551 eumdemMatthaai
1382 4512 1588 4551 LXXXVI
1602 4496 1814 4553 scilicet
1824 4498 2093 4553 subnota-

487 4585 731 4652 tionem,
759 4584 817 4639 in
860 4586 1017 4638 sexto
1044 4585 1271 4638 tantum
1314 4600 1536 4639 canone
1566 4586 1719 4656 apud
1762 4586 2091 4641 Matthaeum

488 4672 744 4746 reperire
758 4671 995 4745 poteris,
1029 4676 1087 4725 et
1106 4688 1392 4744 nusquam
1414 4673 1572 4741 alibi,
1593 4672 1839 4746 ideoque
1855 4691 1973 4730 non
1994 4675 2094 4730 ibi-

492 4766 627 4820 dem
643 4760 945 4817 scribenda
966 4763 1052 4815 est
1070 4776 1187 4815 aera
1220 4760 1533 4833 prima,sed
1548 4762 1739 4834 potius
1768 4780 1885 4819 aera
1914 4768 2091 4833 sexta,

493 4853 638 4907 sicut
661 4850 827 4906 unius
848 4848 1070 4920 antiqui
1094 4848 1401 4904 voluminis
1416 4850 1591 4906 series
1620 4853 1903 4907 recensita
1926 4852 2093 4908 inno-

494 4941 623 4996 tuit.
650 4940 796 4994 Nam
841 4938 995 5011 quod
1043 4938 1147 4992 sub
1184 4937 1292 4991 bac
1342 4937 1578 5009 digessit
1624 4939 1938 5009 Mattbaaus,
1978 4943 2096 5013 ipse

498 5027 892 5086 ducentesima
918 5025 1363 5099 quadragesima
1394 5032 1600 5098 quarta
1624 5029 1729 5083 sub
1760 5028 1950 5101 prima
1980 5047 2099 5086 aera

496 5116 746 5191 repetiit,
777 5130 843 5169 ac
892 5114 1105 5169 idcirco
1132 5113 1428 5185 reciproca
1472 5114 1857 5171 vicissitudine
1905 5117 2097 5174 eidem

499 5205 854 5262 concordant
876 5201 1100 5274 reliqui,
1133 5202 1216 5268 in,
1249 5219 1363 5275 qua
1389 5202 1605 5257 Marcus
1642 5218 1919 5259 cxxxvnn
1950 5223 2098 5277 pene

499 5293 711 5350 similia
724 5295 808 5347 est
820 5290 1578 5363 prosecutus.Repeteudum
1593 5291 1768 5363 igitur
1783 5292 1936 5365 quod
1952 5294 2099 5350 illius

498 5381 865 5453 evangelista:
893 5378 990 5451 qui
1008 5379 1229 5450 primus
1248 5380 1561 5436 habcturin
1584 5380 2096 5452 quolibetcanone,

498 5472 632 5526 licet
646 5467 1271 5535 intermisso,ordinato
1286 5470 1479 5523 tamen
1495 5472 1810 5540 augmento
1826 5470 2098 5526 subnota-

500 5560 723 5615 tionum
750 5558 1072 5630 progressio
1098 5556 1355 5612 sitzverbi
1370 5557 1575 5629 gratia,
1604 5557 1756 5629 apud
1768 5558 2098 5616 Mattbieum

499 5653 629 5724 post
676 5646 1151 5704 subnotationem
1184 5649 1448 5703 octavam
1483 5646 1794 5703 undecima
1823 5649 2117 5726 sequitur;

2188 4496 2648 4565 timui,timendo
2661 4499 2828 4569 plura
2847 4498 3038 4554 dicere
3055 4496 3567 4570 supersedi.Restat
3592 4494 3762 4578 tamen

2193 4586 2268 4654 ei,
2299 4586 2434 4659 quia
2463 4586 2718 4641 fortassis
2745 4604 2862 4642 non
2897 4587 3118 4655 didicit,
3156 4587 3294 4659 quid
3320 4589 3397 4643 sit
3428 4600 3542 4640 aera
3562 4583 3765 4652 ριόρτιο

2194 4675 2504 4749 exponere,
2529 4691 2597 4729 eo
2628 4676 2781 4746 quod
2813 4675 3079 4745 Isidorus,
3113 4692 3284 4748 quem
3308 4693 3438 4732 sum
3460 4672 3685 4730 secutus,
3710 4673 3767 4749 et!

2197 4746 2428 4821 sit—usus
2468 4780 2645 4835 quam
2699 4764 3035 4836 frequenter
3073 4746 3501 4820 inicanonibus.
3534 4756 3658 4813 Era
3696 4746 3769 4836 οεξ

2197 4831 2556 4926 singulorum
2578 4870 2648 4907 an
2658 4831 2865 4908 norum
2879 4853 3226 4926 suppulatio,
3247 4854 3402 4909 dicta
3419 4853 3489 4907 ab
3506 4831 3768 4926 tere,q“_0d

2197 4924 2437 5014 singulis
2466 4941 2634 4995 annis
2664 4924 3015 4997 reddebatur
3029 4924 3767 5019 Romansereipublicm,‘idf0

2198 5047 2310 5102 que
2323 5031 2703 5101 Hispanorum
2719 5030 3131 5084 consuetudine
3143 5046 3248 5100 pro
3262 5028 3574 5085 centesimo
3589 5016 3664 5072 vel
3678 5011 3770 5067 alio

2198 5119 2458 5191 quolibet
2487 5134 2641 5173 anno
2669 5119 2985 5174 centesima
3014 5119 3103 5172 vel
3135 5118 3247 5172 alia
3275 5117 3544 5190 quaelibet
3559 5103 3768 5182 ponitur

2199 5225 2334 5264 aera.
2370 5209 2692 5279 Cognoscat
2721 5208 2915 5281 itaque
2948 5209 3039 5262 ille
3069 5224 3234 5262 meus
3256 5202 3552 5262 familiaris
3571 5192 3771 5253 exactor

2200 5314 2295 5353 me
2326 5300 2614 5352 attentum
2648 5295 2727 5351 illi
2754 5313 2993 5368 operam
3037 5295 3412 5367 impendisse,
3438 5293 3488 5348 ei
3518 5281 3767 5373 ferculum

2200 5386 2271 5440 de
2301 5385 2472 5458 lignis
2507 5384 2705 5439 Libani
2746 5383 3121 5440 construxisse
3168 5400 3237 5439 ea
3284 5381 3555 5439 charitate
3586 5366 3767 5458 medi-at

2200 5491 2314 5548 qua
2342 5450 2647 5546 Apostolus
2685 5476 2889 5543 optat:
2935 5473 3079 5525 Deus
3116 5474 3400 5542 patientiae
3441 5476 3488 5524 et
3514 5457 3678 5519 solatii
3699 5450 3771 5503 de!

2198 5547 2340 5618 vobis
2387 5563 2614 5633 idipsum
2643 5578 2822 5633 sapere
2855 5563 2910 5613 in
2942 5560 3261 5615 alterutrum
3285 5557 3564 5615 secundum
3608 5547 3768 5639 Juv-nt

2202 5629 2480 5710 Christum
2502 5649 2682 5722 (Rom.
2703 5629 2813 5716 ixv,
2839 5648 2914 5721 E5).
2950 5648 3247 5721 Siquidem
3279 5666 3377 5705 vos
3405 5644 3618 5716 utrique
3648 5629 3767 5688 mihi
