  <div class='ocr_page' id='page_1' title='image "/cluster/home/n/w/nwhite01/storage/ocr_20150623/139/hvd.32044054759998/220.png"; bbox 0 0 3922 6168; ppageno 0'>
   <div class='ocr_carea' id='block_1_1' title="bbox 1557 369 3521 486">
    <p class='ocr_par' dir='ltr' id='par_1_1' title="bbox 1557 369 3521 486">
     <span class='ocr_line' id='line_1_1' title="bbox 1557 369 3521 486; baseline 0.007 -50"><span class='ocrx_word' id='word_1_1' title='bbox 1557 369 1963 463; x_wconf 69' lang='lat' dir='ltr'>EPISTOLIE.</span> <span class='ocrx_word' id='word_1_2' title='bbox 3409 420 3521 486; x_wconf 52' lang='lat'>43°</span> 
     </span>
    </p>
   </div>
   <div class='ocr_carea' id='block_1_2' title="bbox 200 504 3510 618">
    <p class='ocr_par' dir='ltr' id='par_1_2' title="bbox 200 504 3510 618">
     <span class='ocr_line' id='line_1_2' title="bbox 200 504 3510 618; baseline 0.019 -67"><span class='ocrx_word' id='word_1_3' title='bbox 200 512 374 618; x_wconf 45' lang='lat' dir='ltr'>solum,</span> <span class='ocrx_word' id='word_1_4' title='bbox 413 512 562 618; x_wconf 49' lang='lat' dir='ltr'>esui,</span> <span class='ocrx_word' id='word_1_5' title='bbox 595 531 741 618; x_wconf 55' lang='lat' dir='ltr'>quo:</span> <span class='ocrx_word' id='word_1_6' title='bbox 762 511 1021 618; x_wconf 79' lang='lat' dir='ltr'>idipsum</span> <span class='ocrx_word' id='word_1_7' title='bbox 1053 526 1251 613; x_wconf 83' lang='lat' dir='ltr'>sapere</span> <span class='ocrx_word' id='word_1_8' title='bbox 1298 506 1560 618; x_wconf 72' lang='lat' dir='ltr'>desidero</span> <span class='ocrx_word' id='word_1_9' title='bbox 1576 617 1580 618; x_wconf 10' lang='grc' dir='ltr'><em>ν</em></span> <span class='ocrx_word' id='word_1_10' title='bbox 1606 504 1767 618; x_wconf 48' lang='grc' dir='ltr'>τιξρξά</span> <span class='ocrx_word' id='word_1_11' title='bbox 1784 506 1849 570; x_wconf 79' lang='grc' dir='ltr'>Α</span> <span class='ocrx_word' id='word_1_12' title='bbox 1866 515 2245 618; x_wconf 41' lang='lat' dir='ltr'>{effundam</span> <span class='ocrx_word' id='word_1_13' title='bbox 2263 541 2448 600; x_wconf 85' lang='lat' dir='ltr'>quem</span> <span class='ocrx_word' id='word_1_14' title='bbox 2470 531 2779 609; x_wconf 87' lang='lat' dir='ltr'>plurimum</span> <span class='ocrx_word' id='word_1_15' title='bbox 2798 540 2995 618; x_wconf 83' lang='lat' dir='ltr'>diligo,</span> <span class='ocrx_word' id='word_1_16' title='bbox 3013 564 3085 605; x_wconf 87' lang='lat' dir='ltr'>ne</span> <span class='ocrx_word' id='word_1_17' title='bbox 3101 549 3510 613; x_wconf 88' lang='lat' dir='ltr'>credassubor-</span> 
     </span>
    </p>
   </div>
   <div class='ocr_carea' id='block_1_3' title="bbox 201 599 3508 707">
    <p class='ocr_par' dir='ltr' id='par_1_3' title="bbox 201 599 3508 707">
     <span class='ocr_line' id='line_1_3' title="bbox 495 599 3508 623; baseline -0.005 -6"><span class='ocrx_word' id='word_1_18' title='bbox 495 606 507 617; x_wconf 89' lang='lat'><strong>.</strong></span> <span class='ocrx_word' id='word_1_19' title='bbox 801 605 812 617; x_wconf 94' lang='lat'>.</span> <span class='ocrx_word' id='word_1_20' title='bbox 1119 602 1130 613; x_wconf 94' lang='lat'>.</span> <span class='ocrx_word' id='word_1_21' title='bbox 1721 599 1733 609; x_wconf 93' lang='lat'><strong>.</strong></span> <span class='ocrx_word' id='word_1_22' title='bbox 2013 599 2026 610; x_wconf 91' lang='lat'>.</span> <span class='ocrx_word' id='word_1_23' title='bbox 2209 613 2220 623; x_wconf 56' lang='grc'><em>,</em></span> <span class='ocrx_word' id='word_1_24' title='bbox 2283 599 2294 600; x_wconf 36' lang='grc' dir='ltr'><em>κ</em></span> <span class='ocrx_word' id='word_1_25' title='bbox 2470 599 2488 609; x_wconf 86' lang='grc'>.</span> <span class='ocrx_word' id='word_1_26' title='bbox 2809 599 2995 618; x_wconf 30' lang='grc' dir='ltr'>--πίση</span> <span class='ocrx_word' id='word_1_27' title='bbox 3014 599 3083 605; x_wconf 72' lang='grc'>--,</span> <span class='ocrx_word' id='word_1_28' title='bbox 3104 599 3474 613; x_wconf 46' lang='lat' dir='ltr'>&quot;nmmum</span> <span class='ocrx_word' id='word_1_29' title='bbox 3495 599 3508 601; x_wconf 65' lang='lat'>-</span> 
     </span>
     <span class='ocr_line' id='line_1_4' title="bbox 201 599 3508 707; baseline -0.003 -45"><span class='ocrx_word' id='word_1_30' title='bbox 201 605 472 662; x_wconf 83' lang='lat' dir='ltr'>secundum</span> <span class='ocrx_word' id='word_1_31' title='bbox 492 606 979 707; x_wconf 41' lang='lat' dir='ltr'>illum-Christum</span> <span class='ocrx_word' id='word_1_32' title='bbox 1013 618 1193 675; x_wconf 74' lang='lat' dir='ltr'>sapio,</span> <span class='ocrx_word' id='word_1_33' title='bbox 1243 604 1765 707; x_wconf 58' lang='lat' dir='ltr'>quatenus</span> <span class='ocrx_word' id='word_1_34' title='bbox 1882 599 2070 705; x_wconf 39' lang='lat' dir='ltr'>natis.</span> <span class='ocrx_word' id='word_1_35' title='bbox 2098 610 2356 707; x_wconf 59' lang='lat' dir='ltr'>testibus,</span> <span class='ocrx_word' id='word_1_36' title='bbox 2392 638 2467 678; x_wconf 73' lang='lat' dir='ltr'>ne</span> <span class='ocrx_word' id='word_1_37' title='bbox 2496 629 2691 685; x_wconf 66' lang='lat' dir='ltr'><strong>credas</strong></span> <span class='ocrx_word' id='word_1_38' title='bbox 2721 632 3031 707; x_wconf 59' lang='lat' dir='ltr'>derepente</span> <span class='ocrx_word' id='word_1_39' title='bbox 3077 640 3231 696; x_wconf 62' lang='lat' dir='ltr'>falsis</span> <span class='ocrx_word' id='word_1_40' title='bbox 3268 643 3508 707; x_wconf 53' lang='lat' dir='ltr'>fartam</span> 
     </span>
    </p>
   </div>
   <div class='ocr_carea' id='block_1_4' title="bbox 198 688 3505 795">
    <p class='ocr_par' dir='ltr' id='par_1_4' title="bbox 198 688 3505 795">
     <span class='ocr_line' id='line_1_5' title="bbox 198 688 3505 795; baseline 0.008 -45"><span class='ocrx_word' id='word_1_41' title='bbox 198 714 298 751; x_wconf 88' lang='lat' dir='ltr'>mes</span> <span class='ocrx_word' id='word_1_42' title='bbox 312 711 413 751; x_wconf 91' lang='lat' dir='ltr'>uno</span> <span class='ocrx_word' id='word_1_43' title='bbox 430 712 528 750; x_wconf 89' lang='lat' dir='ltr'>ore</span> <span class='ocrx_word' id='word_1_44' title='bbox 546 695 763 767; x_wconf 87' lang='lat' dir='ltr'>pariter</span> <span class='ocrx_word' id='word_1_45' title='bbox 782 693 1173 766; x_wconf 79' lang='lat' dir='ltr'>glorificemus</span> <span class='ocrx_word' id='word_1_46' title='bbox 1201 692 1302 745; x_wconf 90' lang='lat' dir='ltr'>sub</span> <span class='ocrx_word' id='word_1_47' title='bbox 1317 688 1612 745; x_wconf 69' lang='lat' dir='ltr'>catholica:</span> <span class='ocrx_word' id='word_1_48' title='bbox 1632 688 1768 744; x_wconf 84' lang='lat' dir='ltr'>ﬁdei</span> <span class='ocrx_word' id='word_1_49' title='bbox 1880 688 2434 779; x_wconf 82' lang='lat' dir='ltr'>criminationibus,</span> <span class='ocrx_word' id='word_1_50' title='bbox 2468 716 2601 787; x_wconf 91' lang='lat' dir='ltr'>quia</span> <span class='ocrx_word' id='word_1_51' title='bbox 2630 723 2687 773; x_wconf 92' lang='lat' dir='ltr'>et</span> <span class='ocrx_word' id='word_1_52' title='bbox 2733 688 3027 795; x_wconf 52' lang='lat' dir='ltr'>diabolus,</span> <span class='ocrx_word' id='word_1_53' title='bbox 3043 688 3505 789; x_wconf 39' lang='lat' dir='ltr'>ut—hvolld;</span> 
     </span>
    </p>
   </div>
   <div class='ocr_carea' id='block_1_5' title="bbox 195 779 3507 895">
    <p class='ocr_par' dir='ltr' id='par_1_5' title="bbox 195 779 3507 895">
     <span class='ocr_line' id='line_1_6' title="bbox 195 779 3507 895; baseline 0.021 -86"><span class='ocrx_word' id='word_1_54' title='bbox 195 786 507 858; x_wconf 47' lang='lat' dir='ltr'>integritate.</span> <span class='ocrx_word' id='word_1_55' title='bbox 533 784 995 895; x_wconf 39' lang='lat' dir='ltr'>valetegmomm</span> <span class='ocrx_word' id='word_1_56' title='bbox 1028 873 1048 895; x_wconf 50' lang='grc' dir='ltr'><strong>Δ</strong></span> <span class='ocrx_word' id='word_1_57' title='bbox 1082 870 1195 895; x_wconf 62' lang='lat' dir='ltr'>mn</span> <span class='ocrx_word' id='word_1_58' title='bbox 2069 789 2392 895; x_wconf 56' lang='lat' dir='ltr'>aliquand—o</span> <span class='ocrx_word' id='word_1_59' title='bbox 2414 801 2470 857; x_wconf 91' lang='lat' dir='ltr'>in</span> <span class='ocrx_word' id='word_1_60' title='bbox 2484 779 2761 879; x_wconf 72' lang='lat' dir='ltr'>angelum</span> <span class='ocrx_word' id='word_1_61' title='bbox 2797 813 2932 866; x_wconf 88' lang='lat' dir='ltr'>lucis</span> <span class='ocrx_word' id='word_1_62' title='bbox 2952 779 3010 870; x_wconf 76' lang='lat' dir='ltr'>se</span> <span class='ocrx_word' id='word_1_63' title='bbox 3025 779 3507 895; x_wconf 38' lang='lat' dir='ltr'>transfigurat-{(1.1</span> 
     </span>
    </p>
   </div>
   <div class='ocr_carea' id='block_1_6' title="bbox 612 867 1766 1017">
    <p class='ocr_par' dir='ltr' id='par_1_6' title="bbox 612 870 1720 1017">
     <span class='ocr_line' id='line_1_7' title="bbox 725 870 1214 928; baseline 0 -2"><span class='ocrx_word' id='word_1_64' title='bbox 725 871 1063 928; x_wconf 81' lang='lat' dir='ltr'>EPISTOLA</span> <span class='ocrx_word' id='word_1_65' title='bbox 1082 870 1214 926; x_wconf 84' lang='lat' dir='ltr'><strong>VIII.</strong></span> 
     </span>
     <span class='ocr_line' id='line_1_8' title="bbox 612 977 1720 1017; baseline -0.008 0"><span class='ocrx_word' id='word_1_66' title='bbox 612 979 691 1017; x_wconf 69' lang='lat' dir='ltr'>an</span> <span class='ocrx_word' id='word_1_67' title='bbox 724 979 857 1017; x_wconf 79' lang='lat'><strong>6....</strong></span> <span class='ocrx_word' id='word_1_68' title='bbox 887 977 1181 1015; x_wconf 75' lang='lat' dir='ltr'>ABBATEM.</span> <span class='ocrx_word' id='word_1_69' title='bbox 1711 1010 1720 1017; x_wconf 89' lang='lat'><strong>_</strong></span> 
     </span>
    </p>
   </div>
   <div class='ocr_carea' id='block_1_7' title="bbox 1871 867 3506 1017">
    <p class='ocr_par' dir='ltr' id='par_1_7' title="bbox 1883 867 3506 1017">
     <span class='ocr_line' id='line_1_9' title="bbox 1883 867 3506 978; baseline 0.012 -32"><span class='ocrx_word' id='word_1_70' title='bbox 1883 867 2024 928; x_wconf 62' lang='lat'>00&quot;-</span> <span class='ocrx_word' id='word_1_71' title='bbox 2060 894 2132 946; x_wconf 67' lang='lat' dir='ltr'>Vl,</span> <span class='ocrx_word' id='word_1_72' title='bbox 2172 884 2277 948; x_wconf 69' lang='grc'>14)-</span> <span class='ocrx_word' id='word_1_73' title='bbox 2333 889 2659 951; x_wconf 81' lang='lat' dir='ltr'>Recordare</span> <span class='ocrx_word' id='word_1_74' title='bbox 2690 901 2999 957; x_wconf 79' lang='lat' dir='ltr'>testimonii</span> <span class='ocrx_word' id='word_1_75' title='bbox 3030 867 3506 978; x_wconf 62' lang='lat' dir='ltr'>presbyoterorlim</span> 
     </span>
     <span class='ocr_line' id='line_1_10' title="bbox 1884 970 3500 1017; baseline 0 0"><span class='ocrx_word' id='word_1_76' title='bbox 1884 977 2033 1017; x_wconf 84' lang='lat' dir='ltr'>auos</span> <span class='ocrx_word' id='word_1_77' title='bbox 2065 970 2313 1017; x_wconf 69' lang='lat' dir='ltr'>convicit</span> <span class='ocrx_word' id='word_1_78' title='bbox 2342 976 2481 1017; x_wconf 66' lang='grc' dir='ltr'>Ρριςω</span> <span class='ocrx_word' id='word_1_79' title='bbox 2516 982 2715 1017; x_wconf 44' lang='lat' dir='ltr'>ma...“</span> <span class='ocrx_word' id='word_1_80' title='bbox 2773 997 3109 1017; x_wconf 34' lang='lat' dir='ltr'>nmmum-</span> <span class='ocrx_word' id='word_1_81' title='bbox 3137 1012 3265 1017; x_wconf 82' lang='lat'>__--__</span> <span class='ocrx_word' id='word_1_82' title='bbox 3460 1001 3500 1017; x_wconf 60' lang='lat'>,.</span> 
     </span>
    </p>
   </div>
   <div class='ocr_carea' id='block_1_8' title="bbox 242 1045 1771 1109">
    <p class='ocr_par' dir='ltr' id='par_1_8' title="bbox 242 1045 1771 1109">
     <span class='ocr_line' id='line_1_11' title="bbox 242 1045 1771 1109; baseline -0.005 0"><span class='ocrx_word' id='word_1_83' title='bbox 242 1052 468 1109; x_wconf 89' lang='lat' dir='ltr'>Domino</span> <span class='ocrx_word' id='word_1_84' title='bbox 500 1051 563 1107; x_wconf 89' lang='lat' dir='ltr'>in</span> <span class='ocrx_word' id='word_1_85' title='bbox 609 1050 842 1106; x_wconf 78' lang='lat' dir='ltr'>Christo</span> <span class='ocrx_word' id='word_1_86' title='bbox 890 1047 1256 1104; x_wconf 85' lang='lat' dir='ltr'>dilectissimo</span> <span class='ocrx_word' id='word_1_87' title='bbox 1303 1046 1465 1104; x_wconf 83' lang='lat' dir='ltr'>fratri</span> <span class='ocrx_word' id='word_1_88' title='bbox 1497 1045 1771 1103; x_wconf 89' lang='lat' dir='ltr'>coabhati</span> 
     </span>
    </p>
   </div>
   <div class='ocr_carea' id='block_1_9' title="bbox 185 1138 1370 1195">
    <p class='ocr_par' dir='ltr' id='par_1_9' title="bbox 185 1138 1370 1195">
     <span class='ocr_line' id='line_1_12' title="bbox 185 1138 1370 1195; baseline -0.003 0"><span class='ocrx_word' id='word_1_89' title='bbox 185 1141 461 1195; x_wconf 79' lang='lat' dir='ltr'>G.humilis</span> <span class='ocrx_word' id='word_1_90' title='bbox 488 1138 949 1195; x_wconf 83' lang='lat' dir='ltr'>Floriacensium</span> <span class='ocrx_word' id='word_1_91' title='bbox 976 1142 1164 1193; x_wconf 81' lang='lat' dir='ltr'>rector</span> <span class='ocrx_word' id='word_1_92' title='bbox 1188 1139 1370 1192; x_wconf 76' lang='lat' dir='ltr'>Aeno.</span> 
     </span>
    </p>
   </div>
   <div class='ocr_carea' id='block_1_10' title="bbox 240 1225 1770 1285">
    <p class='ocr_par' dir='ltr' id='par_1_10' title="bbox 240 1225 1770 1285">
     <span class='ocr_line' id='line_1_13' title="bbox 240 1225 1770 1285; baseline -0.003 0"><span class='ocrx_word' id='word_1_93' title='bbox 240 1228 493 1285; x_wconf 87' lang='lat' dir='ltr'>Desiderii</span> <span class='ocrx_word' id='word_1_94' title='bbox 545 1228 673 1283; x_wconf 90' lang='lat' dir='ltr'>mei</span> <span class='ocrx_word' id='word_1_95' title='bbox 702 1229 893 1283; x_wconf 81' lang='lat' dir='ltr'>fuerat</span> <span class='ocrx_word' id='word_1_96' title='bbox 935 1227 1225 1282; x_wconf 89' lang='lat' dir='ltr'>bonorum</span> <span class='ocrx_word' id='word_1_97' title='bbox 1269 1227 1525 1281; x_wconf 89' lang='lat' dir='ltr'>virorum</span> <span class='ocrx_word' id='word_1_98' title='bbox 1576 1225 1770 1280; x_wconf 87' lang='lat' dir='ltr'>studia</span> 
     </span>
    </p>
   </div>
   <div class='ocr_carea' id='block_1_11' title="bbox 183 1312 1766 1388">
    <p class='ocr_par' dir='ltr' id='par_1_11' title="bbox 183 1312 1766 1388">
     <span class='ocr_line' id='line_1_14' title="bbox 183 1312 1766 1388; baseline -0.003 -15"><span class='ocrx_word' id='word_1_99' title='bbox 183 1334 449 1388; x_wconf 87' lang='lat' dir='ltr'>moresque</span> <span class='ocrx_word' id='word_1_100' title='bbox 474 1318 811 1387; x_wconf 85' lang='lat' dir='ltr'>explorare,</span> <span class='ocrx_word' id='word_1_101' title='bbox 843 1315 1192 1388; x_wconf 82' lang='lat' dir='ltr'>explorando</span> <span class='ocrx_word' id='word_1_102' title='bbox 1221 1314 1461 1381; x_wconf 90' lang='lat' dir='ltr'>imitari,</span> <span class='ocrx_word' id='word_1_103' title='bbox 1481 1312 1766 1369; x_wconf 90' lang='lat' dir='ltr'>imitando</span> 
     </span>
    </p>
   </div>
   <div class='ocr_carea' id='block_1_12' title="bbox 181 1402 1768 1475">
    <p class='ocr_par' dir='ltr' id='par_1_12' title="bbox 181 1402 1768 1475">
     <span class='ocr_line' id='line_1_15' title="bbox 181 1402 1768 1475; baseline -0.001 -15"><span class='ocrx_word' id='word_1_104' title='bbox 181 1405 505 1473; x_wconf 72' lang='lat' dir='ltr'>describere;</span> <span class='ocrx_word' id='word_1_105' title='bbox 542 1420 673 1459; x_wconf 91' lang='lat' dir='ltr'>non</span> <span class='ocrx_word' id='word_1_106' title='bbox 699 1419 1008 1475; x_wconf 87' lang='lat' dir='ltr'>pravorum</span> <span class='ocrx_word' id='word_1_107' title='bbox 1036 1404 1343 1459; x_wconf 88' lang='lat' dir='ltr'>hominum</span> <span class='ocrx_word' id='word_1_108' title='bbox 1374 1402 1768 1473; x_wconf 87' lang='lat' dir='ltr'>plenamvitiis</span> 
     </span>
    </p>
   </div>
   <div class='ocr_carea' id='block_1_13' title="bbox 177 1491 1764 1565">
    <p class='ocr_par' dir='ltr' id='par_1_13' title="bbox 177 1491 1764 1565">
     <span class='ocr_line' id='line_1_16' title="bbox 177 1491 1764 1565; baseline -0.001 -18"><span class='ocrx_word' id='word_1_109' title='bbox 177 1497 321 1549; x_wconf 75' lang='lat' dir='ltr'>vitam</span> <span class='ocrx_word' id='word_1_110' title='bbox 353 1493 1133 1565; x_wconf 86' lang='lat' dir='ltr'>investigare,investigatam</span> <span class='ocrx_word' id='word_1_111' title='bbox 1156 1492 1357 1546; x_wconf 88' lang='lat' dir='ltr'>multis</span> <span class='ocrx_word' id='word_1_112' title='bbox 1384 1491 1764 1564; x_wconf 85' lang='lat' dir='ltr'>lacrymisde-</span> 
     </span>
    </p>
   </div>
   <div class='ocr_carea' id='block_1_14' title="bbox 178 1579 1764 1656">
    <p class='ocr_par' dir='ltr' id='par_1_14' title="bbox 178 1579 1764 1656">
     <span class='ocr_line' id='line_1_17' title="bbox 178 1579 1764 1656; baseline -0.001 -19"><span class='ocrx_word' id='word_1_113' title='bbox 178 1583 424 1656; x_wconf 85' lang='lat' dir='ltr'>plorando</span> <span class='ocrx_word' id='word_1_114' title='bbox 456 1580 955 1654; x_wconf 85' lang='lat' dir='ltr'>exponere.Quod</span> <span class='ocrx_word' id='word_1_115' title='bbox 987 1584 1045 1634; x_wconf 94' lang='lat' dir='ltr'>ut</span> <span class='ocrx_word' id='word_1_116' title='bbox 1070 1580 1333 1635; x_wconf 90' lang='lat' dir='ltr'>facerem</span> <span class='ocrx_word' id='word_1_117' title='bbox 1362 1579 1458 1634; x_wconf 91' lang='lat' dir='ltr'>illa</span> <span class='ocrx_word' id='word_1_118' title='bbox 1482 1596 1575 1634; x_wconf 91' lang='lat' dir='ltr'>res</span> <span class='ocrx_word' id='word_1_119' title='bbox 1603 1596 1764 1635; x_wconf 90' lang='lat' dir='ltr'>com-</span> 
     </span>
    </p>
   </div>
   <div class='ocr_carea' id='block_1_15' title="bbox 176 1667 1768 1742">
    <p class='ocr_par' dir='ltr' id='par_1_15' title="bbox 176 1667 1768 1742">
     <span class='ocr_line' id='line_1_18' title="bbox 176 1667 1768 1742; baseline -0.002 -17"><span class='ocrx_word' id='word_1_120' title='bbox 176 1672 296 1742; x_wconf 91' lang='lat' dir='ltr'>pulit</span> <span class='ocrx_word' id='word_1_121' title='bbox 321 1688 429 1742; x_wconf 89' lang='lat' dir='ltr'>qua</span> <span class='ocrx_word' id='word_1_122' title='bbox 459 1669 974 1742; x_wconf 88' lang='lat' dir='ltr'>ingemisco,quod</span> <span class='ocrx_word' id='word_1_123' title='bbox 1004 1670 1105 1724; x_wconf 88' lang='lat' dir='ltr'>sub</span> <span class='ocrx_word' id='word_1_124' title='bbox 1119 1667 1445 1724; x_wconf 89' lang='lat' dir='ltr'>novissima</span> <span class='ocrx_word' id='word_1_125' title='bbox 1464 1668 1607 1723; x_wconf 90' lang='lat' dir='ltr'>hora</span> <span class='ocrx_word' id='word_1_126' title='bbox 1623 1669 1768 1722; x_wconf 90' lang='lat' dir='ltr'>mul-</span> 
     </span>
    </p>
   </div>
   <div class='ocr_carea' id='block_1_16' title="bbox 174 1755 1764 1828">
    <p class='ocr_par' dir='ltr' id='par_1_16' title="bbox 174 1755 1764 1828">
     <span class='ocr_line' id='line_1_19' title="bbox 174 1755 1764 1828; baseline -0.002 -15"><span class='ocrx_word' id='word_1_127' title='bbox 174 1763 332 1813; x_wconf 81' lang='lat' dir='ltr'>torum</span> <span class='ocrx_word' id='word_1_128' title='bbox 356 1759 618 1813; x_wconf 83' lang='lat' dir='ltr'>cbaritas</span> <span class='ocrx_word' id='word_1_129' title='bbox 648 1756 989 1827; x_wconf 81' lang='lat' dir='ltr'>refrigescit,</span> <span class='ocrx_word' id='word_1_130' title='bbox 1023 1773 1237 1813; x_wconf 88' lang='lat' dir='ltr'>eorum</span> <span class='ocrx_word' id='word_1_131' title='bbox 1271 1755 1526 1810; x_wconf 83' lang='lat' dir='ltr'>maxime</span> <span class='ocrx_word' id='word_1_132' title='bbox 1572 1755 1670 1828; x_wconf 89' lang='lat' dir='ltr'>qui</span> <span class='ocrx_word' id='word_1_133' title='bbox 1705 1755 1764 1810; x_wconf 93' lang='lat' dir='ltr'>in</span> 
     </span>
    </p>
   </div>
   <div class='ocr_carea' id='block_1_17' title="bbox 1884 970 3500 1063">
    <p class='ocr_par' dir='ltr' id='par_1_17' title="bbox 1884 970 3500 1063">
     <span class='ocr_line' id='line_1_20' title="bbox 1884 970 3500 1063; baseline 0.025 -49"><span class='ocrx_word' id='word_1_134' title='bbox 1884 977 2033 1063; x_wconf 80' lang='lat' dir='ltr'>quos</span> <span class='ocrx_word' id='word_1_135' title='bbox 2065 970 2314 1063; x_wconf 81' lang='lat' dir='ltr'>convicit</span> <span class='ocrx_word' id='word_1_136' title='bbox 2340 976 2485 1035; x_wconf 88' lang='lat' dir='ltr'>falsa</span> <span class='ocrx_word' id='word_1_137' title='bbox 2516 982 2738 1050; x_wconf 84' lang='lat' dir='ltr'>dixisse,</span> <span class='ocrx_word' id='word_1_138' title='bbox 2770 970 3112 1060; x_wconf 77' lang='lat' dir='ltr'>argumento</span> <span class='ocrx_word' id='word_1_139' title='bbox 3137 970 3288 1063; x_wconf 74' lang='lat' dir='ltr'>usus,</span> <span class='ocrx_word' id='word_1_140' title='bbox 3320 1001 3500 1055; x_wconf 87' lang='lat' dir='ltr'>semel</span> 
     </span>
    </p>
   </div>
   <div class='ocr_carea' id='block_1_18' title="bbox 1881 1055 3498 1152">
    <p class='ocr_par' dir='ltr' id='par_1_18' title="bbox 1881 1055 3498 1152">
     <span class='ocr_line' id='line_1_21' title="bbox 1881 1055 3498 1152; baseline 0.019 -40"><span class='ocrx_word' id='word_1_141' title='bbox 1881 1055 2183 1152; x_wconf 40' lang='lat' dir='ltr'>patratum</span> <span class='ocrx_word' id='word_1_142' title='bbox 2210 1066 2412 1152; x_wconf 74' lang='lat' dir='ltr'>scelus</span> <span class='ocrx_word' id='word_1_143' title='bbox 2429 1087 2544 1125; x_wconf 92' lang='lat' dir='ltr'>non</span> <span class='ocrx_word' id='word_1_144' title='bbox 2568 1077 2815 1144; x_wconf 89' lang='lat' dir='ltr'>potuisse</span> <span class='ocrx_word' id='word_1_145' title='bbox 2839 1055 2964 1134; x_wconf 74' lang='lat' dir='ltr'>iieri</span> <span class='ocrx_word' id='word_1_146' title='bbox 2982 1083 3084 1136; x_wconf 90' lang='lat' dir='ltr'>sub</span> <span class='ocrx_word' id='word_1_147' title='bbox 3116 1055 3375 1141; x_wconf 73' lang='lat' dir='ltr'>locorum</span> <span class='ocrx_word' id='word_1_148' title='bbox 3410 1088 3498 1143; x_wconf 89' lang='lat' dir='ltr'>di-</span> 
     </span>
    </p>
   </div>
   <div class='ocr_carea' id='block_1_19' title="bbox 1879 1146 3494 1240">
    <p class='ocr_par' dir='ltr' id='par_1_19' title="bbox 1879 1146 3494 1240">
     <span class='ocr_line' id='line_1_22' title="bbox 1879 1146 3494 1240; baseline 0.025 -49"><span class='ocrx_word' id='word_1_149' title='bbox 1879 1146 2175 1240; x_wconf 73' lang='lat' dir='ltr'>versitate;</span> <span class='ocrx_word' id='word_1_150' title='bbox 2191 1150 2354 1240; x_wconf 80' lang='lat' dir='ltr'>hinc</span> <span class='ocrx_word' id='word_1_151' title='bbox 2368 1164 2664 1231; x_wconf 90' lang='lat' dir='ltr'>sumptum</span> <span class='ocrx_word' id='word_1_152' title='bbox 2698 1168 2781 1219; x_wconf 86' lang='lat' dir='ltr'>est</span> <span class='ocrx_word' id='word_1_153' title='bbox 2811 1169 2966 1237; x_wconf 93' lang='lat' dir='ltr'>quod</span> <span class='ocrx_word' id='word_1_154' title='bbox 2985 1170 3302 1227; x_wconf 87' lang='lat' dir='ltr'>habeturin</span> <span class='ocrx_word' id='word_1_155' title='bbox 3320 1190 3494 1230; x_wconf 84' lang='lat' dir='ltr'>cano-</span> 
     </span>
    </p>
   </div>
   <div class='ocr_carea' id='block_1_20' title="bbox 1879 1231 3497 1321">
    <p class='ocr_par' dir='ltr' id='par_1_20' title="bbox 1879 1231 3497 1321">
     <span class='ocr_line' id='line_1_23' title="bbox 1879 1231 3497 1321; baseline 0.023 -39"><span class='ocrx_word' id='word_1_156' title='bbox 1879 1231 2067 1301; x_wconf 79' lang='lat' dir='ltr'>nibus,</span> <span class='ocrx_word' id='word_1_157' title='bbox 2099 1239 2162 1290; x_wconf 88' lang='lat' dir='ltr'>ut</span> <span class='ocrx_word' id='word_1_158' title='bbox 2187 1237 2249 1293; x_wconf 92' lang='lat' dir='ltr'>in</span> <span class='ocrx_word' id='word_1_159' title='bbox 2276 1249 2672 1316; x_wconf 85' lang='lat' dir='ltr'>appellatione</span> <span class='ocrx_word' id='word_1_160' title='bbox 2690 1252 2941 1309; x_wconf 90' lang='lat' dir='ltr'>virorum</span> <span class='ocrx_word' id='word_1_161' title='bbox 2973 1261 3118 1314; x_wconf 87' lang='lat' dir='ltr'>sacri</span> <span class='ocrx_word' id='word_1_162' title='bbox 3149 1261 3369 1317; x_wconf 88' lang='lat' dir='ltr'>ordinis</span> <span class='ocrx_word' id='word_1_163' title='bbox 3400 1266 3497 1321; x_wconf 83' lang='lat' dir='ltr'>alii</span> 
     </span>
    </p>
   </div>
   <div class='ocr_carea' id='block_1_21' title="bbox 1876 1327 3501 1420">
    <p class='ocr_par' dir='ltr' id='par_1_21' title="bbox 1876 1327 3501 1420">
     <span class='ocr_line' id='line_1_24' title="bbox 1876 1327 3501 1420; baseline 0.022 -48"><span class='ocrx_word' id='word_1_164' title='bbox 1876 1327 2256 1420; x_wconf 44' lang='lat' dir='ltr'>accusa-tores,</span> <span class='ocrx_word' id='word_1_165' title='bbox 2288 1333 2388 1389; x_wconf 85' lang='lat' dir='ltr'>alii</span> <span class='ocrx_word' id='word_1_166' title='bbox 2415 1339 2583 1392; x_wconf 88' lang='lat' dir='ltr'>testes</span> <span class='ocrx_word' id='word_1_167' title='bbox 2611 1339 2743 1406; x_wconf 88' lang='lat' dir='ltr'>sint,</span> <span class='ocrx_word' id='word_1_168' title='bbox 2760 1342 2992 1414; x_wconf 91' lang='lat' dir='ltr'>aliijudi</span> <span class='ocrx_word' id='word_1_169' title='bbox 3014 1364 3124 1414; x_wconf 90' lang='lat' dir='ltr'>ces,</span> <span class='ocrx_word' id='word_1_170' title='bbox 3159 1353 3216 1403; x_wconf 88' lang='lat' dir='ltr'>et</span> <span class='ocrx_word' id='word_1_171' title='bbox 3231 1349 3501 1420; x_wconf 90' lang='lat' dir='ltr'>singulo-</span> 
     </span>
    </p>
   </div>
   <div class='ocr_carea' id='block_1_22' title="bbox 1872 1412 3498 1509">
    <p class='ocr_par' dir='ltr' id='par_1_22' title="bbox 1872 1412 3498 1509">
     <span class='ocr_line' id='line_1_25' title="bbox 1872 1412 3498 1509; baseline 0.023 -49"><span class='ocrx_word' id='word_1_172' title='bbox 1872 1424 2003 1509; x_wconf 71' lang='lat' dir='ltr'>rum</span> <span class='ocrx_word' id='word_1_173' title='bbox 2034 1412 2149 1509; x_wconf 79' lang='lat' dir='ltr'>vita</span> <span class='ocrx_word' id='word_1_174' title='bbox 2180 1415 2544 1492; x_wconf 88' lang='lat' dir='ltr'>discutiatur,</span> <span class='ocrx_word' id='word_1_175' title='bbox 2577 1444 2649 1481; x_wconf 90' lang='lat' dir='ltr'>ne</span> <span class='ocrx_word' id='word_1_176' title='bbox 2681 1412 2989 1488; x_wconf 83' lang='lat' dir='ltr'>vindictam</span> <span class='ocrx_word' id='word_1_177' title='bbox 3020 1412 3398 1507; x_wconf 66' lang='lat' dir='ltr'>meditantur,</span> <span class='ocrx_word' id='word_1_178' title='bbox 3424 1459 3498 1497; x_wconf 87' lang='lat' dir='ltr'>ne</span> 
     </span>
    </p>
   </div>
   <div class='ocr_carea' id='block_1_23' title="bbox 1872 1499 3496 1597">
    <p class='ocr_par' dir='ltr' id='par_1_23' title="bbox 1872 1499 3496 1597">
     <span class='ocr_line' id='line_1_26' title="bbox 1872 1499 3496 1597; baseline 0.021 -47"><span class='ocrx_word' id='word_1_179' title='bbox 1872 1499 2053 1597; x_wconf 77' lang='lat' dir='ltr'>velint</span> <span class='ocrx_word' id='word_1_180' title='bbox 2101 1518 2377 1597; x_wconf 81' lang='lat' dir='ltr'>exercere</span> <span class='ocrx_word' id='word_1_181' title='bbox 2402 1511 2462 1566; x_wconf 91' lang='lat' dir='ltr'>in</span> <span class='ocrx_word' id='word_1_182' title='bbox 2502 1513 2879 1573; x_wconf 88' lang='lat' dir='ltr'>innocentem</span> <span class='ocrx_word' id='word_1_183' title='bbox 2930 1539 3044 1576; x_wconf 84' lang='lat' dir='ltr'>suae</span> <span class='ocrx_word' id='word_1_184' title='bbox 3077 1499 3496 1596; x_wconf 81' lang='lat' dir='ltr'>indignationis</span> 
     </span>
    </p>
   </div>
   <div class='ocr_carea' id='block_1_24' title="bbox 1873 1588 3496 1678">
    <p class='ocr_par' dir='ltr' id='par_1_24' title="bbox 1873 1588 3496 1678">
     <span class='ocr_line' id='line_1_27' title="bbox 1873 1588 3496 1678; baseline 0.021 -39"><span class='ocrx_word' id='word_1_185' title='bbox 1873 1588 2291 1678; x_wconf 58' lang='lat' dir='ltr'>achimmniam</span> <span class='ocrx_word' id='word_1_186' title='bbox 2336 1600 2582 1656; x_wconf 89' lang='lat' dir='ltr'>rabiem.</span> <span class='ocrx_word' id='word_1_187' title='bbox 2618 1604 2860 1677; x_wconf 87' lang='lat' dir='ltr'>Quippe,</span> <span class='ocrx_word' id='word_1_188' title='bbox 2885 1609 3052 1678; x_wconf 81' lang='lat' dir='ltr'>juxta</span> <span class='ocrx_word' id='word_1_189' title='bbox 3082 1588 3496 1674; x_wconf 73' lang='lat' dir='ltr'>illudSallustii</span> 
     </span>
    </p>
   </div>
   <div class='ocr_carea' id='block_1_25' title="bbox 1873 1673 3490 1774">
    <p class='ocr_par' dir='ltr' id='par_1_25' title="bbox 1873 1673 3490 1774">
     <span class='ocr_line' id='line_1_28' title="bbox 1873 1673 3490 1774; baseline 0.022 -48"><span class='ocrx_word' id='word_1_190' title='bbox 1873 1673 2231 1774; x_wconf 50' lang='lat' dir='ltr'>tOrat.“Caes.</span> <span class='ocrx_word' id='word_1_191' title='bbox 2259 1684 2317 1736; x_wconf 76' lang='lat' dir='ltr'>in</span> <span class='ocrx_word' id='word_1_192' title='bbox 2337 1685 2590 1774; x_wconf 62' lang='lat' dir='ltr'>Senatu),</span> <span class='ocrx_word' id='word_1_193' title='bbox 2623 1673 2852 1747; x_wconf 80' lang='lat' dir='ltr'>necesse</span> <span class='ocrx_word' id='word_1_194' title='bbox 2870 1673 2953 1749; x_wconf 76' lang='lat' dir='ltr'>est</span> <span class='ocrx_word' id='word_1_195' title='bbox 2973 1700 3034 1750; x_wconf 91' lang='lat' dir='ltr'>ut</span> <span class='ocrx_word' id='word_1_196' title='bbox 3064 1714 3270 1756; x_wconf 90' lang='lat' dir='ltr'>omnes</span> <span class='ocrx_word' id='word_1_197' title='bbox 3291 1673 3490 1760; x_wconf 90' lang='lat' dir='ltr'>sintab</span> 
     </span>
    </p>
   </div>
   <div class='ocr_carea' id='block_1_26' title="bbox 1871 1763 3487 1865">
    <p class='ocr_par' dir='ltr' id='par_1_26' title="bbox 1871 1763 3487 1865">
     <span class='ocr_line' id='line_1_29' title="bbox 1871 1763 3487 1865; baseline 0.022 -51"><span class='ocrx_word' id='word_1_198' title='bbox 1871 1763 1977 1865; x_wconf 68' lang='lat' dir='ltr'>ira,</span> <span class='ocrx_word' id='word_1_199' title='bbox 2002 1763 2164 1865; x_wconf 76' lang='lat' dir='ltr'>pdio,</span> <span class='ocrx_word' id='word_1_200' title='bbox 2192 1772 2388 1839; x_wconf 87' lang='lat' dir='ltr'>gratia</span> <span class='ocrx_word' id='word_1_201' title='bbox 2413 1776 2471 1827; x_wconf 90' lang='lat' dir='ltr'>et</span> <span class='ocrx_word' id='word_1_202' title='bbox 2497 1776 2894 1836; x_wconf 86' lang='lat' dir='ltr'>misericordia</span> <span class='ocrx_word' id='word_1_203' title='bbox 2914 1783 3107 1840; x_wconf 88' lang='lat' dir='ltr'>alieni.</span> <span class='ocrx_word' id='word_1_204' title='bbox 3146 1789 3487 1865; x_wconf 72' lang='lat' dir='ltr'>Dic,quasso,</span> 
     </span>
    </p>
   </div>
   <div class='ocr_carea' id='block_1_27' title="bbox 175 1831 3490 1940">
    <p class='ocr_par' dir='ltr' id='par_1_27' title="bbox 175 1831 3490 1940">
     <span class='ocr_line' id='line_1_30' title="bbox 175 1831 3490 1940; baseline 0.011 -39"><span class='ocrx_word' id='word_1_205' title='bbox 175 1848 340 1940; x_wconf 62' lang='lat' dir='ltr'>habitu</span> <span class='ocrx_word' id='word_1_206' title='bbox 365 1847 699 1940; x_wconf 59' lang='lat' dir='ltr'>preferuut</span> <span class='ocrx_word' id='word_1_207' title='bbox 739 1845 891 1940; x_wconf 80' lang='lat' dir='ltr'>quod</span> <span class='ocrx_word' id='word_1_208' title='bbox 920 1845 997 1940; x_wconf 78' lang='lat' dir='ltr'>eis</span> <span class='ocrx_word' id='word_1_209' title='bbox 1033 1845 1295 1940; x_wconf 83' lang='lat' dir='ltr'>mundus</span> <span class='ocrx_word' id='word_1_210' title='bbox 1345 1843 1648 1940; x_wconf 42' lang='lat' dir='ltr'>crucifix-us</span> <span class='ocrx_word' id='word_1_211' title='bbox 1688 1845 1769 1940; x_wconf 65' lang='lat' dir='ltr'>sit</span> <span class='ocrx_word' id='word_1_212' title='bbox 1793 1831 1844 1893; x_wconf 84' lang='grc' dir='ltr'>Β</span> <span class='ocrx_word' id='word_1_213' title='bbox 1871 1851 1968 1906; x_wconf 90' lang='lat' dir='ltr'>ubi</span> <span class='ocrx_word' id='word_1_214' title='bbox 2001 1831 2222 1910; x_wconf 66' lang='lat' dir='ltr'>lectum</span> <span class='ocrx_word' id='word_1_215' title='bbox 2249 1863 2338 1913; x_wconf 90' lang='lat' dir='ltr'>est</span> <span class='ocrx_word' id='word_1_216' title='bbox 2364 1877 2497 1916; x_wconf 90' lang='lat' dir='ltr'>oves</span> <span class='ocrx_word' id='word_1_217' title='bbox 2524 1831 3490 1940; x_wconf 66' lang='lat' dir='ltr'>pastorem</span> 
     </span>
    </p>
   </div>
   <div class='ocr_carea' id='block_1_28' title="bbox 174 1932 1767 2008">
    <p class='ocr_par' dir='ltr' id='par_1_28' title="bbox 174 1932 1767 2008">
     <span class='ocr_line' id='line_1_31' title="bbox 174 1932 1767 2008; baseline -0.001 -18"><span class='ocrx_word' id='word_1_218' title='bbox 174 1935 316 2007; x_wconf 72' lang='lat' dir='ltr'>(Gut,</span> <span class='ocrx_word' id='word_1_219' title='bbox 350 1954 425 2002; x_wconf 80' lang='lat' dir='ltr'>iv,</span> <span class='ocrx_word' id='word_1_220' title='bbox 460 1935 581 2008; x_wconf 75' lang='grc'>14),</span> <span class='ocrx_word' id='word_1_221' title='bbox 619 1932 1086 2006; x_wconf 86' lang='lat' dir='ltr'>quandoquidem</span> <span class='ocrx_word' id='word_1_222' title='bbox 1117 1951 1239 1988; x_wconf 90' lang='lat' dir='ltr'>non</span> <span class='ocrx_word' id='word_1_223' title='bbox 1275 1935 1505 1987; x_wconf 88' lang='lat' dir='ltr'>tantum</span> <span class='ocrx_word' id='word_1_224' title='bbox 1538 1932 1767 1988; x_wconf 88' lang='lat' dir='ltr'>simula-</span> 
     </span>
    </p>
   </div>
   <div class='ocr_carea' id='block_1_29' title="bbox 172 2020 1765 2093">
    <p class='ocr_par' dir='ltr' id='par_1_29' title="bbox 172 2020 1765 2093">
     <span class='ocr_line' id='line_1_32' title="bbox 172 2020 1765 2093; baseline -0.001 -15"><span class='ocrx_word' id='word_1_225' title='bbox 172 2025 299 2080; x_wconf 84' lang='lat' dir='ltr'>tione</span> <span class='ocrx_word' id='word_1_226' title='bbox 322 2041 523 2080; x_wconf 88' lang='lat' dir='ltr'>verum</span> <span class='ocrx_word' id='word_1_227' title='bbox 556 2023 748 2078; x_wconf 86' lang='lat' dir='ltr'>etiam</span> <span class='ocrx_word' id='word_1_228' title='bbox 781 2021 1234 2077; x_wconf 84' lang='lat' dir='ltr'>dissimulatione</span> <span class='ocrx_word' id='word_1_229' title='bbox 1268 2024 1586 2093; x_wconf 90' lang='lat' dir='ltr'>provocant</span> <span class='ocrx_word' id='word_1_230' title='bbox 1616 2020 1765 2077; x_wconf 89' lang='lat' dir='ltr'>iram</span> 
     </span>
    </p>
   </div>
   <div class='ocr_carea' id='block_1_30' title="bbox 175 2111 1762 2187">
    <p class='ocr_par' dir='ltr' id='par_1_30' title="bbox 175 2111 1762 2187">
     <span class='ocr_line' id='line_1_33' title="bbox 175 2111 1762 2187; baseline -0.001 -19"><span class='ocrx_word' id='word_1_231' title='bbox 175 2115 269 2181; x_wconf 86' lang='lat' dir='ltr'>Dei;</span> <span class='ocrx_word' id='word_1_232' title='bbox 296 2131 542 2187; x_wconf 86' lang='lat' dir='ltr'>quorum</span> <span class='ocrx_word' id='word_1_233' title='bbox 581 2112 1122 2179; x_wconf 89' lang='lat' dir='ltr'>dolos,venerabilis</span> <span class='ocrx_word' id='word_1_234' title='bbox 1137 2114 1334 2177; x_wconf 90' lang='lat' dir='ltr'>Pater,</span> <span class='ocrx_word' id='word_1_235' title='bbox 1361 2126 1583 2177; x_wconf 88' lang='lat' dir='ltr'>caveas,</span> <span class='ocrx_word' id='word_1_236' title='bbox 1606 2111 1762 2166; x_wconf 83' lang='lat' dir='ltr'>frau-</span> 
     </span>
    </p>
   </div>
   <div class='ocr_carea' id='block_1_31' title="bbox 175 2200 1761 2273">
    <p class='ocr_par' dir='ltr' id='par_1_31' title="bbox 175 2200 1761 2273">
     <span class='ocr_line' id='line_1_34' title="bbox 175 2200 1761 2273; baseline -0.001 -15"><span class='ocrx_word' id='word_1_237' title='bbox 175 2204 375 2260; x_wconf 83' lang='lat' dir='ltr'>dulenta</span> <span class='ocrx_word' id='word_1_238' title='bbox 403 2204 595 2258; x_wconf 88' lang='lat' dir='ltr'>verba</span> <span class='ocrx_word' id='word_1_239' title='bbox 626 2218 700 2256; x_wconf 90' lang='lat' dir='ltr'>ne</span> <span class='ocrx_word' id='word_1_240' title='bbox 727 2200 920 2256; x_wconf 85' lang='lat' dir='ltr'>audias</span> <span class='ocrx_word' id='word_1_241' title='bbox 943 2217 956 2255; x_wconf 90' lang='lat'>:</span> <span class='ocrx_word' id='word_1_242' title='bbox 991 2201 1275 2273; x_wconf 89' lang='lat' dir='ltr'>quoniam</span> <span class='ocrx_word' id='word_1_243' title='bbox 1304 2201 1635 2272; x_wconf 89' lang='lat' dir='ltr'>sepulcrum</span> <span class='ocrx_word' id='word_1_244' title='bbox 1661 2217 1761 2271; x_wconf 83' lang='lat' dir='ltr'>pa-</span> 
     </span>
    </p>
   </div>
   <div class='ocr_carea' id='block_1_32' title="bbox 172 2287 1763 2365">
    <p class='ocr_par' dir='ltr' id='par_1_32' title="bbox 172 2287 1763 2365">
     <span class='ocr_line' id='line_1_35' title="bbox 172 2287 1763 2365; baseline -0.002 -18"><span class='ocrx_word' id='word_1_245' title='bbox 172 2297 273 2346; x_wconf 83' lang='lat' dir='ltr'>tens</span> <span class='ocrx_word' id='word_1_246' title='bbox 299 2296 379 2347; x_wconf 86' lang='lat' dir='ltr'>est</span> <span class='ocrx_word' id='word_1_247' title='bbox 435 2295 648 2365; x_wconf 81' lang='lat' dir='ltr'>guttur</span> <span class='ocrx_word' id='word_1_248' title='bbox 698 2306 897 2344; x_wconf 89' lang='lat' dir='ltr'>eorum</span> <span class='ocrx_word' id='word_1_249' title='bbox 930 2288 1101 2362; x_wconf 78' lang='lat' dir='ltr'>(Psal.</span> <span class='ocrx_word' id='word_1_250' title='bbox 1137 2307 1192 2356; x_wconf 95' lang='lat' dir='ltr'>v,</span> <span class='ocrx_word' id='word_1_251' title='bbox 1250 2288 1339 2359; x_wconf 81' lang='grc' dir='ltr'>Η)</span> <span class='ocrx_word' id='word_1_252' title='bbox 1393 2287 1492 2360; x_wconf 90' lang='lat' dir='ltr'>qui</span> <span class='ocrx_word' id='word_1_253' title='bbox 1530 2290 1763 2344; x_wconf 85' lang='lat' dir='ltr'>turbare</span> 
     </span>
    </p>
   </div>
   <div class='ocr_carea' id='block_1_33' title="bbox 171 2375 1765 2454">
    <p class='ocr_par' dir='ltr' id='par_1_33' title="bbox 171 2375 1765 2454">
     <span class='ocr_line' id='line_1_36' title="bbox 171 2375 1765 2454; baseline -0.001 -19"><span class='ocrx_word' id='word_1_254' title='bbox 171 2381 562 2454; x_wconf 86' lang='lat' dir='ltr'>rempublicam</span> <span class='ocrx_word' id='word_1_255' title='bbox 599 2377 918 2433; x_wconf 83' lang='lat' dir='ltr'>maximum</span> <span class='ocrx_word' id='word_1_256' title='bbox 948 2380 1169 2433; x_wconf 90' lang='lat' dir='ltr'>lucrum</span> <span class='ocrx_word' id='word_1_257' title='bbox 1197 2380 1430 2449; x_wconf 90' lang='lat' dir='ltr'>putant.</span> <span class='ocrx_word' id='word_1_258' title='bbox 1459 2375 1575 2431; x_wconf 87' lang='lat' dir='ltr'>Sub</span> <span class='ocrx_word' id='word_1_259' title='bbox 1597 2378 1765 2434; x_wconf 89' lang='lat' dir='ltr'>ovina</span> 
     </span>
    </p>
   </div>
   <div class='ocr_carea' id='block_1_34' title="bbox 173 2464 1761 2543">
    <p class='ocr_par' dir='ltr' id='par_1_34' title="bbox 173 2464 1761 2543">
     <span class='ocr_line' id='line_1_37' title="bbox 173 2464 1761 2543; baseline -0.002 -19"><span class='ocrx_word' id='word_1_260' title='bbox 173 2472 293 2540; x_wconf 85' lang='lat' dir='ltr'>pelle</span> <span class='ocrx_word' id='word_1_261' title='bbox 319 2471 432 2543; x_wconf 89' lang='lat' dir='ltr'>lupi</span> <span class='ocrx_word' id='word_1_262' title='bbox 477 2470 556 2524; x_wconf 86' lang='lat' dir='ltr'>ad</span> <span class='ocrx_word' id='word_1_263' title='bbox 592 2467 930 2522; x_wconf 86' lang='lat' dir='ltr'>monasterii</span> <span class='ocrx_word' id='word_1_264' title='bbox 961 2469 1184 2540; x_wconf 87' lang='lat' dir='ltr'>asylum</span> <span class='ocrx_word' id='word_1_265' title='bbox 1227 2464 1597 2534; x_wconf 85' lang='lat' dir='ltr'>confugiunt,</span> <span class='ocrx_word' id='word_1_266' title='bbox 1630 2467 1761 2521; x_wconf 89' lang='lat' dir='ltr'>sub-</span> 
     </span>
    </p>
   </div>
   <div class='ocr_carea' id='block_1_35' title="bbox 174 2554 1765 2631">
    <p class='ocr_par' dir='ltr' id='par_1_35' title="bbox 174 2554 1765 2631">
     <span class='ocr_line' id='line_1_38' title="bbox 174 2554 1765 2631; baseline -0.002 -19"><span class='ocrx_word' id='word_1_267' title='bbox 174 2558 315 2613; x_wconf 84' lang='lat' dir='ltr'>selliis</span> <span class='ocrx_word' id='word_1_268' title='bbox 341 2576 397 2613; x_wconf 89' lang='lat' dir='ltr'>se</span> <span class='ocrx_word' id='word_1_269' title='bbox 428 2575 537 2631; x_wconf 90' lang='lat' dir='ltr'>pro</span> <span class='ocrx_word' id='word_1_270' title='bbox 567 2555 825 2611; x_wconf 87' lang='lat' dir='ltr'>latibulis</span> <span class='ocrx_word' id='word_1_271' title='bbox 851 2556 1235 2623; x_wconf 82' lang='lat' dir='ltr'>abscondunt,</span> <span class='ocrx_word' id='word_1_272' title='bbox 1295 2558 1375 2621; x_wconf 89' lang='lat' dir='ltr'>et,</span> <span class='ocrx_word' id='word_1_273' title='bbox 1406 2554 1505 2608; x_wconf 92' lang='lat' dir='ltr'>ubi</span> <span class='ocrx_word' id='word_1_274' title='bbox 1537 2558 1765 2627; x_wconf 89' lang='lat' dir='ltr'>tempus</span> 
     </span>
    </p>
   </div>
   <div class='ocr_carea' id='block_1_36' title="bbox 173 2642 1767 2714">
    <p class='ocr_par' dir='ltr' id='par_1_36' title="bbox 173 2642 1767 2714">
     <span class='ocr_line' id='line_1_39' title="bbox 173 2642 1767 2714; baseline -0.002 -14"><span class='ocrx_word' id='word_1_275' title='bbox 173 2649 296 2701; x_wconf 88' lang='lat' dir='ltr'>male</span> <span class='ocrx_word' id='word_1_276' title='bbox 322 2647 576 2702; x_wconf 82' lang='lat' dir='ltr'>faciendi</span> <span class='ocrx_word' id='word_1_277' title='bbox 603 2644 948 2711; x_wconf 88' lang='lat' dir='ltr'>invenerint,</span> <span class='ocrx_word' id='word_1_278' title='bbox 966 2645 1372 2714; x_wconf 76' lang='lat' dir='ltr'>malefaciant,</span> <span class='ocrx_word' id='word_1_279' title='bbox 1392 2642 1767 2714; x_wconf 88' lang='lat' dir='ltr'>simpliciores</span> 
     </span>
    </p>
   </div>
   <div class='ocr_carea' id='block_1_37' title="bbox 173 2731 1765 2797">
    <p class='ocr_par' dir='ltr' id='par_1_37' title="bbox 173 2731 1765 2797">
     <span class='ocr_line' id='line_1_40' title="bbox 173 2731 1765 2797; baseline -0.001 -9"><span class='ocrx_word' id='word_1_280' title='bbox 173 2736 347 2790; x_wconf 82' lang='lat' dir='ltr'>fratres</span> <span class='ocrx_word' id='word_1_281' title='bbox 362 2736 518 2790; x_wconf 88' lang='lat' dir='ltr'>falsis</span> <span class='ocrx_word' id='word_1_282' title='bbox 529 2734 1121 2789; x_wconf 88' lang='lat' dir='ltr'>circumventionibus</span> <span class='ocrx_word' id='word_1_283' title='bbox 1133 2731 1765 2797; x_wconf 89' lang='lat' dir='ltr'>sollicitant,lenocinio</span> 
     </span>
    </p>
   </div>
   <div class='ocr_carea' id='block_1_38' title="bbox 173 2820 1765 2895">
    <p class='ocr_par' dir='ltr' id='par_1_38' title="bbox 173 2820 1765 2895">
     <span class='ocr_line' id='line_1_41' title="bbox 173 2820 1765 2895; baseline -0.001 -18"><span class='ocrx_word' id='word_1_284' title='bbox 173 2823 376 2879; x_wconf 61' lang='lat' dir='ltr'>blandae</span> <span class='ocrx_word' id='word_1_285' title='bbox 401 2820 1023 2895; x_wconf 88' lang='lat' dir='ltr'>perditionisincautos</span> <span class='ocrx_word' id='word_1_286' title='bbox 1035 2822 1361 2893; x_wconf 89' lang='lat' dir='ltr'>decipiunt,</span> <span class='ocrx_word' id='word_1_287' title='bbox 1382 2822 1441 2873; x_wconf 89' lang='lat' dir='ltr'>et</span> <span class='ocrx_word' id='word_1_288' title='bbox 1463 2824 1765 2891; x_wconf 88' lang='lat' dir='ltr'>corruptos</span> 
     </span>
    </p>
   </div>
   <div class='ocr_carea' id='block_1_39' title="bbox 177 2907 1765 2982">
    <p class='ocr_par' dir='ltr' id='par_1_39' title="bbox 177 2907 1765 2982">
     <span class='ocr_line' id='line_1_42' title="bbox 177 2907 1765 2982; baseline 0 -19"><span class='ocrx_word' id='word_1_289' title='bbox 177 2929 370 2967; x_wconf 77' lang='lat' dir='ltr'>veneno</span> <span class='ocrx_word' id='word_1_290' title='bbox 398 2929 502 2967; x_wconf 88' lang='lat' dir='ltr'>sua</span> <span class='ocrx_word' id='word_1_291' title='bbox 529 2909 852 2982; x_wconf 86' lang='lat' dir='ltr'>iniquitatis</span> <span class='ocrx_word' id='word_1_292' title='bbox 872 2911 1236 2982; x_wconf 70' lang='lat' dir='ltr'>praecipitant</span> <span class='ocrx_word' id='word_1_293' title='bbox 1269 2909 1329 2963; x_wconf 91' lang='lat' dir='ltr'>in</span> <span class='ocrx_word' id='word_1_294' title='bbox 1365 2907 1765 2978; x_wconf 84' lang='lat' dir='ltr'>labyrinthum</span> 
     </span>
    </p>
   </div>
   <div class='ocr_carea' id='block_1_40' title="bbox 174 2995 1762 3068">
    <p class='ocr_par' dir='ltr' id='par_1_40' title="bbox 174 2995 1762 3068">
     <span class='ocr_line' id='line_1_43' title="bbox 174 2995 1762 3068; baseline -0.002 -13"><span class='ocrx_word' id='word_1_295' title='bbox 174 3001 241 3055; x_wconf 86' lang='lat' dir='ltr'>sui</span> <span class='ocrx_word' id='word_1_296' title='bbox 261 3001 500 3068; x_wconf 84' lang='lat' dir='ltr'>erroris;</span> <span class='ocrx_word' id='word_1_297' title='bbox 543 2997 886 3054; x_wconf 88' lang='lat' dir='ltr'>melioribus</span> <span class='ocrx_word' id='word_1_298' title='bbox 911 3016 970 3054; x_wconf 92' lang='lat' dir='ltr'>sc</span> <span class='ocrx_word' id='word_1_299' title='bbox 1002 2999 1344 3063; x_wconf 88' lang='lat' dir='ltr'>detrahunt,</span> <span class='ocrx_word' id='word_1_300' title='bbox 1376 2995 1624 3051; x_wconf 89' lang='lat' dir='ltr'>crimina</span> <span class='ocrx_word' id='word_1_301' title='bbox 1664 3014 1762 3052; x_wconf 90' lang='lat' dir='ltr'>au-</span> 
     </span>
    </p>
   </div>
   <div class='ocr_carea' id='block_1_41' title="bbox 1868 1940 3488 2039">
    <p class='ocr_par' dir='ltr' id='par_1_41' title="bbox 1868 1940 3488 2039">
     <span class='ocr_line' id='line_1_44' title="bbox 1868 1940 3488 2039; baseline 0.021 -47"><span class='ocrx_word' id='word_1_302' title='bbox 1868 1941 1896 1994; x_wconf 81' lang='grc' dir='ltr'>,Ι</span> <span class='ocrx_word' id='word_1_303' title='bbox 1904 1940 2043 2039; x_wconf 78' lang='lat' dir='ltr'>udas</span> <span class='ocrx_word' id='word_1_304' title='bbox 2074 1943 2414 2039; x_wconf 37' lang='lat' dir='ltr'>inagis-trum</span> <span class='ocrx_word' id='word_1_305' title='bbox 2441 1953 2744 2022; x_wconf 84' lang='lat' dir='ltr'>prodidit?</span> <span class='ocrx_word' id='word_1_306' title='bbox 2775 1958 2876 2012; x_wconf 91' lang='lat' dir='ltr'>sed</span> <span class='ocrx_word' id='word_1_307' title='bbox 2906 1958 3028 2028; x_wconf 91' lang='lat' dir='ltr'>ipse</span> <span class='ocrx_word' id='word_1_308' title='bbox 3061 1979 3164 2017; x_wconf 91' lang='lat' dir='ltr'>nec</span> <span class='ocrx_word' id='word_1_309' title='bbox 3186 1972 3488 2039; x_wconf 85' lang='lat' dir='ltr'>accusavit,</span> 
     </span>
    </p>
   </div>
   <div class='ocr_carea' id='block_1_42' title="bbox 1870 2030 3488 2125">
    <p class='ocr_par' dir='ltr' id='par_1_42' title="bbox 1870 2030 3488 2125">
     <span class='ocr_line' id='line_1_45' title="bbox 1870 2030 3488 2125; baseline 0.022 -45"><span class='ocrx_word' id='word_1_310' title='bbox 1870 2046 2000 2125; x_wconf 38' lang='lat' dir='ltr'>nec.</span> <span class='ocrx_word' id='word_1_311' title='bbox 2011 2030 2319 2125; x_wconf 77' lang='lat' dir='ltr'>judicavit.</span> <span class='ocrx_word' id='word_1_312' title='bbox 2362 2037 2562 2107; x_wconf 87' lang='lat' dir='ltr'>David,</span> <span class='ocrx_word' id='word_1_313' title='bbox 2597 2041 2656 2096; x_wconf 89' lang='lat' dir='ltr'>in</span> <span class='ocrx_word' id='word_1_314' title='bbox 2691 2044 3127 2104; x_wconf 89' lang='lat' dir='ltr'>circumcisione</span> <span class='ocrx_word' id='word_1_315' title='bbox 3159 2056 3394 2125; x_wconf 87' lang='lat' dir='ltr'>positus,</span> <span class='ocrx_word' id='word_1_316' title='bbox 3428 2030 3488 2116; x_wconf 78' lang='lat' dir='ltr'>iri</span> 
     </span>
    </p>
   </div>
   <div class='ocr_carea' id='block_1_43' title="bbox 1869 2116 3489 2204">
    <p class='ocr_par' dir='ltr' id='par_1_43' title="bbox 1869 2116 3489 2204">
     <span class='ocr_line' id='line_1_46' title="bbox 1869 2116 3489 2204; baseline 0.02 -32"><span class='ocrx_word' id='word_1_317' title='bbox 1869 2116 2004 2172; x_wconf 90' lang='lat' dir='ltr'>Saul</span> <span class='ocrx_word' id='word_1_318' title='bbox 2036 2116 2349 2177; x_wconf 89' lang='lat' dir='ltr'>dominum</span> <span class='ocrx_word' id='word_1_319' title='bbox 2392 2142 2559 2182; x_wconf 91' lang='lat' dir='ltr'>suum</span> <span class='ocrx_word' id='word_1_320' title='bbox 2621 2147 2830 2187; x_wconf 90' lang='lat' dir='ltr'>manus</span> <span class='ocrx_word' id='word_1_321' title='bbox 2861 2135 3091 2192; x_wconf 88' lang='lat' dir='ltr'>mittere</span> <span class='ocrx_word' id='word_1_322' title='bbox 3149 2116 3350 2200; x_wconf 78' lang='lat' dir='ltr'>noluit.</span> <span class='ocrx_word' id='word_1_323' title='bbox 3382 2116 3489 2204; x_wconf 76' lang='lat' dir='ltr'>Cui</span> 
     </span>
    </p>
   </div>
   <div class='ocr_carea' id='block_1_44' title="bbox 1868 2208 3488 2307">
    <p class='ocr_par' dir='ltr' id='par_1_44' title="bbox 1868 2208 3488 2307">
     <span class='ocr_line' id='line_1_47' title="bbox 1868 2208 3488 2307; baseline 0.02 -49"><span class='ocrx_word' id='word_1_324' title='bbox 1868 2208 2067 2307; x_wconf 62' lang='lat' dir='ltr'>tamen</span> <span class='ocrx_word' id='word_1_325' title='bbox 2102 2222 2273 2262; x_wconf 87' lang='lat' dir='ltr'>oram</span> <span class='ocrx_word' id='word_1_326' title='bbox 2288 2212 2629 2307; x_wconf 64' lang='lat' dir='ltr'>chlamydis</span> <span class='ocrx_word' id='word_1_327' title='bbox 2661 2221 2954 2288; x_wconf 73' lang='lat' dir='ltr'>prtescidit</span> <span class='ocrx_word' id='word_1_328' title='bbox 2980 2225 3041 2293; x_wconf 88' lang='grc' dir='ltr'>(Ι</span> <span class='ocrx_word' id='word_1_329' title='bbox 3068 2227 3199 2299; x_wconf 83' lang='lat' dir='ltr'>Reg.</span> <span class='ocrx_word' id='word_1_330' title='bbox 3225 2248 3380 2301; x_wconf 60' lang='lat' dir='ltr'>xxxv,</span> <span class='ocrx_word' id='word_1_331' title='bbox 3411 2240 3488 2307; x_wconf 81' lang='grc'>5),</span> 
     </span>
    </p>
   </div>
   <div class='ocr_carea' id='block_1_45' title="bbox 1868 2293 3492 2383">
    <p class='ocr_par' dir='ltr' id='par_1_45' title="bbox 1868 2293 3492 2383">
     <span class='ocr_line' id='line_1_48' title="bbox 1868 2293 3492 2383; baseline 0.023 -38"><span class='ocrx_word' id='word_1_332' title='bbox 1868 2293 2084 2383; x_wconf 81' lang='lat' dir='ltr'>docens</span> <span class='ocrx_word' id='word_1_333' title='bbox 2099 2299 2303 2365; x_wconf 90' lang='lat' dir='ltr'>procul</span> <span class='ocrx_word' id='word_1_334' title='bbox 2340 2301 2513 2358; x_wconf 89' lang='lat' dir='ltr'>dubio</span> <span class='ocrx_word' id='word_1_335' title='bbox 2547 2306 2835 2377; x_wconf 87' lang='lat' dir='ltr'>subjectos</span> <span class='ocrx_word' id='word_1_336' title='bbox 2862 2293 3234 2382; x_wconf 63' lang='lat' dir='ltr'>praelatorum</span> <span class='ocrx_word' id='word_1_337' title='bbox 3264 2293 3492 2383; x_wconf 74' lang='lat' dir='ltr'>vitiaita</span> 
     </span>
    </p>
   </div>
   <div class='ocr_carea' id='block_1_46' title="bbox 1871 2381 3491 2478">
    <p class='ocr_par' dir='ltr' id='par_1_46' title="bbox 1871 2381 3491 2478">
     <span class='ocr_line' id='line_1_49' title="bbox 1871 2381 3491 2478; baseline 0.024 -46"><span class='ocrx_word' id='word_1_338' title='bbox 1871 2398 2050 2435; x_wconf 89' lang='lat' dir='ltr'>manu</span> <span class='ocrx_word' id='word_1_339' title='bbox 2066 2381 2423 2444; x_wconf 71' lang='lat' dir='ltr'>humillima:</span> <span class='ocrx_word' id='word_1_340' title='bbox 2439 2381 2914 2465; x_wconf 84' lang='lat' dir='ltr'>reprehensionis</span> <span class='ocrx_word' id='word_1_341' title='bbox 2932 2404 3187 2478; x_wconf 83' lang='lat' dir='ltr'>tangere,</span> <span class='ocrx_word' id='word_1_342' title='bbox 3202 2412 3265 2463; x_wconf 87' lang='lat' dir='ltr'>ut</span> <span class='ocrx_word' id='word_1_343' title='bbox 3286 2381 3491 2473; x_wconf 85' lang='lat' dir='ltr'>eorum</span> 
     </span>
    </p>
   </div>
   <div class='ocr_carea' id='block_1_47' title="bbox 1871 2474 3496 2570">
    <p class='ocr_par' dir='ltr' id='par_1_47' title="bbox 1871 2474 3496 2570">
     <span class='ocr_line' id='line_1_50' title="bbox 1871 2474 3496 2570; baseline 0.024 -48"><span class='ocrx_word' id='word_1_344' title='bbox 1871 2474 2316 2570; x_wconf 50' lang='lat' dir='ltr'>nomerrnolint</span> <span class='ocrx_word' id='word_1_345' title='bbox 2368 2481 2775 2555; x_wconf 86' lang='lat' dir='ltr'>exstinguere;</span> <span class='ocrx_word' id='word_1_346' title='bbox 2811 2507 2925 2546; x_wconf 92' lang='lat' dir='ltr'>non</span> <span class='ocrx_word' id='word_1_347' title='bbox 2957 2474 3111 2550; x_wconf 86' lang='lat' dir='ltr'>enim</span> <span class='ocrx_word' id='word_1_348' title='bbox 3139 2500 3225 2553; x_wconf 88' lang='lat' dir='ltr'>est</span> <span class='ocrx_word' id='word_1_349' title='bbox 3240 2503 3496 2570; x_wconf 86' lang='lat' dir='ltr'>potestas</span> 
     </span>
    </p>
   </div>
   <div class='ocr_carea' id='block_1_48' title="bbox 1871 2561 3496 2657">
    <p class='ocr_par' dir='ltr' id='par_1_48' title="bbox 1871 2561 3496 2657">
     <span class='ocr_line' id='line_1_51' title="bbox 1871 2561 3496 2657; baseline 0.024 -47"><span class='ocrx_word' id='word_1_350' title='bbox 1871 2561 1979 2657; x_wconf 76' lang='lat' dir='ltr'>nisi</span> <span class='ocrx_word' id='word_1_351' title='bbox 2008 2561 2224 2657; x_wconf 32' lang='lat' dir='ltr'>elo-Deo“;</span> <span class='ocrx_word' id='word_1_352' title='bbox 2246 2568 2309 2618; x_wconf 90' lang='lat' dir='ltr'>et</span> <span class='ocrx_word' id='word_1_353' title='bbox 2338 2567 2436 2638; x_wconf 91' lang='lat' dir='ltr'>qui</span> <span class='ocrx_word' id='word_1_354' title='bbox 2468 2572 2750 2639; x_wconf 86' lang='lat' dir='ltr'>potestati</span> <span class='ocrx_word' id='word_1_355' title='bbox 2780 2579 3122 2649; x_wconf 90' lang='lat' dir='ltr'>resistit,Dei</span> <span class='ocrx_word' id='word_1_356' title='bbox 3143 2561 3496 2651; x_wconf 47' lang='lat' dir='ltr'>ord-inationi</span> 
     </span>
    </p>
   </div>
   <div class='ocr_carea' id='block_1_49' title="bbox 1869 2649 3498 2747">
    <p class='ocr_par' dir='ltr' id='par_1_49' title="bbox 1869 2649 3498 2747">
     <span class='ocr_line' id='line_1_52' title="bbox 1869 2649 3498 2747; baseline 0.026 -50"><span class='ocrx_word' id='word_1_357' title='bbox 1869 2649 2081 2747; x_wconf 70' lang='lat' dir='ltr'>resistit</span> <span class='ocrx_word' id='word_1_358' title='bbox 2135 2650 2343 2721; x_wconf 71' lang='lat' dir='ltr'>(Rom,</span> <span class='ocrx_word' id='word_1_359' title='bbox 2388 2674 2508 2724; x_wconf 87' lang='lat' dir='ltr'>xm,</span> <span class='ocrx_word' id='word_1_360' title='bbox 2652 2661 2723 2733; x_wconf 82' lang='lat'>2).</span> <span class='ocrx_word' id='word_1_361' title='bbox 2757 2665 2998 2724; x_wconf 87' lang='lat' dir='ltr'>Videant</span> <span class='ocrx_word' id='word_1_362' title='bbox 3024 2671 3199 2743; x_wconf 83' lang='lat' dir='ltr'>igitur</span> <span class='ocrx_word' id='word_1_363' title='bbox 3226 2649 3498 2738; x_wconf 84' lang='lat' dir='ltr'>monachi</span> 
     </span>
    </p>
   </div>
   <div class='ocr_carea' id='block_1_50' title="bbox 1868 2737 3493 2834">
    <p class='ocr_par' dir='ltr' id='par_1_50' title="bbox 1868 2737 3493 2834">
     <span class='ocr_line' id='line_1_53' title="bbox 1868 2737 3493 2834; baseline 0.022 -43"><span class='ocrx_word' id='word_1_364' title='bbox 1868 2737 2205 2834; x_wconf 77' lang='lat' dir='ltr'>Majorianae</span> <span class='ocrx_word' id='word_1_365' title='bbox 2240 2745 2722 2834; x_wconf 83' lang='lat' dir='ltr'>congregationis</span> <span class='ocrx_word' id='word_1_366' title='bbox 2753 2756 2890 2826; x_wconf 90' lang='lat' dir='ltr'>quid</span> <span class='ocrx_word' id='word_1_367' title='bbox 2923 2758 2984 2814; x_wconf 92' lang='lat' dir='ltr'>in</span> <span class='ocrx_word' id='word_1_368' title='bbox 3016 2737 3284 2822; x_wconf 78' lang='lat' dir='ltr'>abbatem</span> <span class='ocrx_word' id='word_1_369' title='bbox 3331 2737 3493 2827; x_wconf 15' lang='lat' dir='ltr'>comi-</span> 
     </span>
    </p>
   </div>
   <div class='ocr_carea' id='block_1_51' title="bbox 1874 2828 3469 2929">
    <p class='ocr_par' dir='ltr' id='par_1_51' title="bbox 1874 2828 3469 2929">
     <span class='ocr_line' id='line_1_54' title="bbox 1874 2828 3469 2929; baseline 0.026 -55"><span class='ocrx_word' id='word_1_370' title='bbox 1874 2828 2162 2929; x_wconf 58' lang='lat' dir='ltr'>miserint,</span> <span class='ocrx_word' id='word_1_371' title='bbox 2197 2845 2450 2929; x_wconf 84' lang='lat' dir='ltr'>quorum</span> <span class='ocrx_word' id='word_1_372' title='bbox 2468 2833 2792 2909; x_wconf 87' lang='lat' dir='ltr'>fuitregula</span> <span class='ocrx_word' id='word_1_373' title='bbox 2811 2844 3035 2903; x_wconf 90' lang='lat' dir='ltr'>silentio</span> <span class='ocrx_word' id='word_1_374' title='bbox 3062 2849 3237 2907; x_wconf 88' lang='lat' dir='ltr'>vitam</span> <span class='ocrx_word' id='word_1_375' title='bbox 3256 2856 3469 2929; x_wconf 88' lang='lat' dir='ltr'>degere</span> 
     </span>
    </p>
   </div>
   <div class='ocr_carea' id='block_1_52' title="bbox 1873 2903 3494 3005">
    <p class='ocr_par' dir='ltr' id='par_1_52' title="bbox 1873 2903 3494 3005">
     <span class='ocr_line' id='line_1_55' title="bbox 1873 2903 3494 3005; baseline 0.024 -41"><span class='ocrx_word' id='word_1_376' title='bbox 1873 2912 2016 2966; x_wconf 90' lang='lat' dir='ltr'>nulli</span> <span class='ocrx_word' id='word_1_377' title='bbox 2049 2913 2383 2988; x_wconf 87' lang='lat' dir='ltr'>detrahere,</span> <span class='ocrx_word' id='word_1_378' title='bbox 2430 2923 2657 2979; x_wconf 89' lang='lat' dir='ltr'>nullum</span> <span class='ocrx_word' id='word_1_379' title='bbox 2700 2929 2907 2996; x_wconf 87' lang='lat' dir='ltr'>odisse,</span> <span class='ocrx_word' id='word_1_380' title='bbox 2943 2903 3494 3005; x_wconf 40' lang='lat' dir='ltr'>obmutescereon‘ovri</span> 
     </span>
    </p>
   </div>
   <div class='ocr_carea' id='block_1_53' title="bbox 1874 3002 3493 3091">
    <p class='ocr_par' dir='ltr' id='par_1_53' title="bbox 1874 3002 3493 3091">
     <span class='ocr_line' id='line_1_56' title="bbox 1874 3002 3493 3091; baseline 0.023 -37"><span class='ocrx_word' id='word_1_381' title='bbox 1874 3002 2061 3056; x_wconf 90' lang='lat' dir='ltr'>solum</span> <span class='ocrx_word' id='word_1_382' title='bbox 2094 3020 2128 3057; x_wconf 89' lang='lat' dir='ltr'>a</span> <span class='ocrx_word' id='word_1_383' title='bbox 2158 3007 2332 3062; x_wconf 90' lang='lat' dir='ltr'>malis</span> <span class='ocrx_word' id='word_1_384' title='bbox 2354 3026 2558 3065; x_wconf 90' lang='lat' dir='ltr'>verum</span> <span class='ocrx_word' id='word_1_385' title='bbox 2591 3013 2766 3071; x_wconf 90' lang='lat' dir='ltr'>etiam</span> <span class='ocrx_word' id='word_1_386' title='bbox 2799 3036 2833 3073; x_wconf 89' lang='lat' dir='ltr'>a</span> <span class='ocrx_word' id='word_1_387' title='bbox 2859 3021 3049 3090; x_wconf 89' lang='lat' dir='ltr'>bonis,</span> <span class='ocrx_word' id='word_1_388' title='bbox 3080 3002 3493 3091; x_wconf 73' lang='lat' dir='ltr'>maledicentes</span> 
     </span>
    </p>
   </div>
   <div class='ocr_carea' id='block_1_54' title="bbox 178 3087 3493 3182">
    <p class='ocr_par' dir='ltr' id='par_1_54' title="bbox 178 3087 3493 3182">
     <span class='ocr_line' id='line_1_57' title="bbox 178 3087 3493 3182; baseline 0.011 -39"><span class='ocrx_word' id='word_1_389' title='bbox 178 3089 593 3145; x_wconf 89' lang='lat' dir='ltr'>dituhorribilia</span> <span class='ocrx_word' id='word_1_390' title='bbox 613 3088 953 3158; x_wconf 83' lang='lat' dir='ltr'>cnnfingunt</span> <span class='ocrx_word' id='word_1_391' title='bbox 971 3105 983 3155; x_wconf 90' lang='lat'><strong>;</strong></span> <span class='ocrx_word' id='word_1_392' title='bbox 1001 3104 1257 3160; x_wconf 89' lang='lat' dir='ltr'>quorum</span> <span class='ocrx_word' id='word_1_393' title='bbox 1284 3088 1435 3141; x_wconf 90' lang='lat' dir='ltr'>Deus</span> <span class='ocrx_word' id='word_1_394' title='bbox 1449 3087 1647 3140; x_wconf 90' lang='lat' dir='ltr'>venter</span> <span class='ocrx_word' id='word_1_395' title='bbox 1663 3090 1767 3155; x_wconf 90' lang='lat' dir='ltr'>est,</span> <span class='ocrx_word' id='word_1_396' title='bbox 1793 3115 1842 3175; x_wconf 66' lang='grc' dir='ltr'>Ο</span> <span class='ocrx_word' id='word_1_397' title='bbox 1877 3107 1994 3145; x_wconf 92' lang='lat' dir='ltr'>non</span> <span class='ocrx_word' id='word_1_398' title='bbox 2026 3094 2467 3166; x_wconf 87' lang='lat' dir='ltr'>remaledicere,</span> <span class='ocrx_word' id='word_1_399' title='bbox 2502 3101 2605 3155; x_wconf 91' lang='lat' dir='ltr'>sed</span> <span class='ocrx_word' id='word_1_400' title='bbox 2623 3106 2809 3177; x_wconf 89' lang='lat' dir='ltr'>magis</span> <span class='ocrx_word' id='word_1_401' title='bbox 2828 3087 3194 3170; x_wconf 80' lang='lat' dir='ltr'>benedicere.</span> <span class='ocrx_word' id='word_1_402' title='bbox 3225 3117 3363 3182; x_wconf 87' lang='lat' dir='ltr'>Quis</span> <span class='ocrx_word' id='word_1_403' title='bbox 3387 3087 3493 3181; x_wconf 76' lang='lat' dir='ltr'>eos</span> 
     </span>
    </p>
   </div>
   <div class='ocr_carea' id='block_1_55' title="bbox 181 3173 1774 3250">
    <p class='ocr_par' dir='ltr' id='par_1_55' title="bbox 181 3173 1774 3250">
     <span class='ocr_line' id='line_1_58' title="bbox 181 3173 1774 3250; baseline -0.001 -18"><span class='ocrx_word' id='word_1_404' title='bbox 181 3181 226 3232; x_wconf 89' lang='lat' dir='ltr'>et</span> <span class='ocrx_word' id='word_1_405' title='bbox 248 3178 422 3250; x_wconf 88' lang='lat' dir='ltr'>gloria</span> <span class='ocrx_word' id='word_1_406' title='bbox 444 3179 507 3233; x_wconf 88' lang='lat' dir='ltr'>in</span> <span class='ocrx_word' id='word_1_407' title='bbox 543 3176 884 3233; x_wconf 87' lang='lat' dir='ltr'>confusione</span> <span class='ocrx_word' id='word_1_408' title='bbox 917 3177 1108 3248; x_wconf 59' lang='lat' dir='ltr'>(Plut,</span> <span class='ocrx_word' id='word_1_409' title='bbox 1138 3194 1222 3242; x_wconf 88' lang='grc' dir='ltr'>ιιι,</span> <span class='ocrx_word' id='word_1_410' title='bbox 1262 3174 1349 3245; x_wconf 83' lang='lat' dir='ltr'>l9)</span> <span class='ocrx_word' id='word_1_411' title='bbox 1385 3191 1398 3228; x_wconf 90' lang='lat'>:</span> <span class='ocrx_word' id='word_1_412' title='bbox 1432 3173 1569 3245; x_wconf 90' lang='lat' dir='ltr'>quia</span> <span class='ocrx_word' id='word_1_413' title='bbox 1599 3174 1774 3231; x_wconf 91' lang='lat' dir='ltr'>nimi-</span> 
     </span>
    </p>
   </div>
   <div class='ocr_carea' id='block_1_56' title="bbox 179 3264 1772 3336">
    <p class='ocr_par' dir='ltr' id='par_1_56' title="bbox 179 3264 1772 3336">
     <span class='ocr_line' id='line_1_59' title="bbox 179 3264 1772 3336; baseline 0.001 -18"><span class='ocrx_word' id='word_1_414' title='bbox 179 3282 307 3331; x_wconf 89' lang='lat' dir='ltr'>rum,</span> <span class='ocrx_word' id='word_1_415' title='bbox 334 3270 576 3322; x_wconf 88' lang='lat' dir='ltr'>terrena</span> <span class='ocrx_word' id='word_1_416' title='bbox 599 3264 1027 3335; x_wconf 90' lang='lat' dir='ltr'>sapientes,non</span> <span class='ocrx_word' id='word_1_417' title='bbox 1054 3265 1625 3336; x_wconf 88' lang='lat' dir='ltr'>gustaveruntquam</span> <span class='ocrx_word' id='word_1_418' title='bbox 1646 3281 1772 3320; x_wconf 89' lang='lat' dir='ltr'>sua-</span> 
     </span>
    </p>
   </div>
   <div class='ocr_carea' id='block_1_57' title="bbox 177 3350 1770 3424">
    <p class='ocr_par' dir='ltr' id='par_1_57' title="bbox 177 3350 1770 3424">
     <span class='ocr_line' id='line_1_60' title="bbox 177 3350 1770 3424; baseline 0.002 -19"><span class='ocrx_word' id='word_1_419' title='bbox 177 3353 242 3408; x_wconf 80' lang='lat' dir='ltr'>vis</span> <span class='ocrx_word' id='word_1_420' title='bbox 267 3370 343 3409; x_wconf 74' lang='lat' dir='ltr'>est</span> <span class='ocrx_word' id='word_1_421' title='bbox 372 3354 663 3410; x_wconf 81' lang='lat' dir='ltr'>Dominus</span> <span class='ocrx_word' id='word_1_422' title='bbox 691 3356 750 3407; x_wconf 89' lang='lat' dir='ltr'>et</span> <span class='ocrx_word' id='word_1_423' title='bbox 778 3352 1027 3408; x_wconf 87' lang='lat' dir='ltr'>Christus</span> <span class='ocrx_word' id='word_1_424' title='bbox 1049 3354 1196 3424; x_wconf 86' lang='lat' dir='ltr'>ejus,</span> <span class='ocrx_word' id='word_1_425' title='bbox 1224 3351 1330 3406; x_wconf 91' lang='lat' dir='ltr'>sub</span> <span class='ocrx_word' id='word_1_426' title='bbox 1358 3367 1473 3422; x_wconf 90' lang='lat' dir='ltr'>quo</span> <span class='ocrx_word' id='word_1_427' title='bbox 1509 3350 1770 3423; x_wconf 90' lang='lat' dir='ltr'>vivimus,</span> 
     </span>
    </p>
   </div>
   <div class='ocr_carea' id='block_1_58' title="bbox 177 3440 1771 3509">
    <p class='ocr_par' dir='ltr' id='par_1_58' title="bbox 177 3440 1771 3509">
     <span class='ocr_line' id='line_1_61' title="bbox 177 3440 1771 3509; baseline 0.003 -14"><span class='ocrx_word' id='word_1_428' title='bbox 177 3458 451 3498; x_wconf 81' lang='lat' dir='ltr'>movemur</span> <span class='ocrx_word' id='word_1_429' title='bbox 498 3446 564 3497; x_wconf 86' lang='lat' dir='ltr'>et</span> <span class='ocrx_word' id='word_1_430' title='bbox 617 3458 811 3495; x_wconf 89' lang='lat' dir='ltr'>sumus</span> <span class='ocrx_word' id='word_1_431' title='bbox 833 3440 1000 3509; x_wconf 58' lang='lat' dir='ltr'>(Act,</span> <span class='ocrx_word' id='word_1_432' title='bbox 1045 3460 1192 3509; x_wconf 82' lang='lat' dir='ltr'>xvn,</span> <span class='ocrx_word' id='word_1_433' title='bbox 1227 3442 1344 3501; x_wconf 83' lang='lat'>28).</span> <span class='ocrx_word' id='word_1_434' title='bbox 1389 3440 1519 3495; x_wconf 70' lang='lat' dir='ltr'>Haec</span> <span class='ocrx_word' id='word_1_435' title='bbox 1562 3442 1771 3500; x_wconf 89' lang='lat' dir='ltr'>idcirco</span> 
     </span>
    </p>
   </div>
   <div class='ocr_carea' id='block_1_59' title="bbox 176 3528 1770 3600">
    <p class='ocr_par' dir='ltr' id='par_1_59' title="bbox 176 3528 1770 3600">
     <span class='ocr_line' id='line_1_62' title="bbox 176 3528 1770 3600; baseline 0.003 -18"><span class='ocrx_word' id='word_1_436' title='bbox 176 3532 267 3585; x_wconf 74' lang='lat' dir='ltr'>tua:</span> <span class='ocrx_word' id='word_1_437' title='bbox 295 3530 588 3586; x_wconf 86' lang='lat' dir='ltr'>sanctitati</span> <span class='ocrx_word' id='word_1_438' title='bbox 615 3530 823 3595; x_wconf 91' lang='lat' dir='ltr'>scribo,</span> <span class='ocrx_word' id='word_1_439' title='bbox 879 3530 1162 3586; x_wconf 86' lang='lat' dir='ltr'>similibus</span> <span class='ocrx_word' id='word_1_440' title='bbox 1192 3528 1407 3585; x_wconf 85' lang='lat' dir='ltr'>similia</span> <span class='ocrx_word' id='word_1_441' title='bbox 1448 3531 1770 3600; x_wconf 89' lang='lat' dir='ltr'>conferens,</span> 
     </span>
    </p>
   </div>
   <div class='ocr_carea' id='block_1_60' title="bbox 175 3616 1773 3689">
    <p class='ocr_par' dir='ltr' id='par_1_60' title="bbox 175 3616 1773 3689">
     <span class='ocr_line' id='line_1_63' title="bbox 175 3616 1773 3689; baseline 0.003 -17"><span class='ocrx_word' id='word_1_442' title='bbox 175 3619 285 3689; x_wconf 85' lang='lat' dir='ltr'>quia</span> <span class='ocrx_word' id='word_1_443' title='bbox 317 3620 372 3674; x_wconf 91' lang='lat' dir='ltr'>in</span> <span class='ocrx_word' id='word_1_444' title='bbox 394 3618 586 3674; x_wconf 85' lang='lat' dir='ltr'>sancti</span> <span class='ocrx_word' id='word_1_445' title='bbox 622 3616 846 3673; x_wconf 83' lang='lat' dir='ltr'>Martini</span> <span class='ocrx_word' id='word_1_446' title='bbox 875 3619 1070 3689; x_wconf 79' lang='lat' dir='ltr'>Majori</span> <span class='ocrx_word' id='word_1_447' title='bbox 1103 3616 1463 3673; x_wconf 88' lang='lat' dir='ltr'>monasterio</span> <span class='ocrx_word' id='word_1_448' title='bbox 1494 3618 1593 3673; x_wconf 89' lang='lat' dir='ltr'>tibi</span> <span class='ocrx_word' id='word_1_449' title='bbox 1639 3621 1773 3676; x_wconf 88' lang='lat' dir='ltr'>satis</span> 
     </span>
    </p>
   </div>
   <div class='ocr_carea' id='block_1_61' title="bbox 178 3706 1773 3779">
    <p class='ocr_par' dir='ltr' id='par_1_61' title="bbox 178 3706 1773 3779">
     <span class='ocr_line' id='line_1_64' title="bbox 178 3706 1773 3779; baseline 0.003 -20"><span class='ocrx_word' id='word_1_450' title='bbox 178 3706 470 3762; x_wconf 83' lang='lat' dir='ltr'>admodum</span> <span class='ocrx_word' id='word_1_451' title='bbox 490 3706 685 3760; x_wconf 82' lang='lat' dir='ltr'>vicino</span> <span class='ocrx_word' id='word_1_452' title='bbox 701 3706 998 3761; x_wconf 88' lang='lat' dir='ltr'>taliafacta</span> <span class='ocrx_word' id='word_1_453' title='bbox 1009 3723 1217 3761; x_wconf 90' lang='lat' dir='ltr'>rumor</span> <span class='ocrx_word' id='word_1_454' title='bbox 1234 3706 1644 3779; x_wconf 69' lang='lat' dir='ltr'>innotuit,qua:</span> <span class='ocrx_word' id='word_1_455' title='bbox 1662 3709 1773 3765; x_wconf 87' lang='lat' dir='ltr'>tuis</span> 
     </span>
    </p>
   </div>
   <div class='ocr_carea' id='block_1_62' title="bbox 177 3794 1771 3867">
    <p class='ocr_par' dir='ltr' id='par_1_62' title="bbox 177 3794 1771 3867">
     <span class='ocr_line' id='line_1_65' title="bbox 177 3794 1771 3867; baseline 0.003 -19"><span class='ocrx_word' id='word_1_456' title='bbox 177 3795 473 3852; x_wconf 84' lang='lat' dir='ltr'>rationibus</span> <span class='ocrx_word' id='word_1_457' title='bbox 520 3798 763 3867; x_wconf 88' lang='lat' dir='ltr'>possunt</span> <span class='ocrx_word' id='word_1_458' title='bbox 788 3794 1081 3867; x_wconf 88' lang='lat' dir='ltr'>imputari,</span> <span class='ocrx_word' id='word_1_459' title='bbox 1127 3812 1248 3850; x_wconf 90' lang='lat' dir='ltr'>non</span> <span class='ocrx_word' id='word_1_460' title='bbox 1291 3795 1447 3867; x_wconf 91' lang='lat' dir='ltr'>quod</span> <span class='ocrx_word' id='word_1_461' title='bbox 1480 3798 1771 3853; x_wconf 87' lang='lat' dir='ltr'>malevolis</span> 
     </span>
    </p>
   </div>
   <div class='ocr_carea' id='block_1_63' title="bbox 176 3882 1770 3956">
    <p class='ocr_par' dir='ltr' id='par_1_63' title="bbox 176 3882 1770 3956">
     <span class='ocr_line' id='line_1_66' title="bbox 176 3882 1770 3956; baseline 0.004 -21"><span class='ocrx_word' id='word_1_462' title='bbox 176 3899 444 3939; x_wconf 85' lang='lat' dir='ltr'>assensum</span> <span class='ocrx_word' id='word_1_463' title='bbox 472 3882 812 3956; x_wconf 60' lang='lat' dir='ltr'>praebueris,</span> <span class='ocrx_word' id='word_1_464' title='bbox 835 3884 935 3938; x_wconf 70' lang='lat' dir='ltr'>sed</span> <span class='ocrx_word' id='word_1_465' title='bbox 956 3885 1111 3955; x_wconf 87' lang='lat' dir='ltr'>quod</span> <span class='ocrx_word' id='word_1_466' title='bbox 1138 3883 1469 3938; x_wconf 87' lang='lat' dir='ltr'>inauditum</span> <span class='ocrx_word' id='word_1_467' title='bbox 1497 3885 1657 3939; x_wconf 88' lang='lat' dir='ltr'>nefas</span> <span class='ocrx_word' id='word_1_468' title='bbox 1672 3888 1770 3941; x_wconf 90' lang='lat' dir='ltr'>tua</span> 
     </span>
    </p>
   </div>
   <div class='ocr_carea' id='block_1_64' title="bbox 180 3970 1766 4046">
    <p class='ocr_par' dir='ltr' id='par_1_64' title="bbox 180 3970 1766 4046">
     <span class='ocr_line' id='line_1_67' title="bbox 180 3970 1766 4046; baseline 0.004 -22"><span class='ocrx_word' id='word_1_469' title='bbox 180 3970 547 4045; x_wconf 86' lang='lat' dir='ltr'>irrefragabili</span> <span class='ocrx_word' id='word_1_470' title='bbox 570 3970 913 4026; x_wconf 86' lang='lat' dir='ltr'>auctoritate</span> <span class='ocrx_word' id='word_1_471' title='bbox 925 3972 1219 4045; x_wconf 88' lang='lat' dir='ltr'>corrigere</span> <span class='ocrx_word' id='word_1_472' title='bbox 1240 3972 1558 4044; x_wconf 85' lang='lat' dir='ltr'>neglexisti;</span> <span class='ocrx_word' id='word_1_473' title='bbox 1592 3974 1766 4046; x_wconf 90' lang='lat' dir='ltr'>siqui-</span> 
     </span>
    </p>
   </div>
   <div class='ocr_carea' id='block_1_65' title="bbox 178 4060 1765 4136">
    <p class='ocr_par' dir='ltr' id='par_1_65' title="bbox 178 4060 1765 4136">
     <span class='ocr_line' id='line_1_68' title="bbox 178 4060 1765 4136; baseline 0.003 -22"><span class='ocrx_word' id='word_1_474' title='bbox 178 4060 309 4128; x_wconf 76' lang='lat' dir='ltr'>dem,</span> <span class='ocrx_word' id='word_1_475' title='bbox 340 4060 820 4133; x_wconf 88' lang='lat' dir='ltr'>percurrentibus</span> <span class='ocrx_word' id='word_1_476' title='bbox 836 4061 1038 4132; x_wconf 89' lang='lat' dir='ltr'>legatis</span> <span class='ocrx_word' id='word_1_477' title='bbox 1060 4079 1090 4116; x_wconf 90' lang='lat' dir='ltr'>e</span> <span class='ocrx_word' id='word_1_478' title='bbox 1124 4061 1357 4116; x_wconf 89' lang='lat' dir='ltr'>diversis</span> <span class='ocrx_word' id='word_1_479' title='bbox 1371 4063 1571 4117; x_wconf 90' lang='lat' dir='ltr'>mundi</span> <span class='ocrx_word' id='word_1_480' title='bbox 1590 4063 1765 4136; x_wconf 88' lang='lat' dir='ltr'>parti-</span> 
     </span>
    </p>
   </div>
   <div class='ocr_carea' id='block_1_66' title="bbox 178 4148 1765 4221">
    <p class='ocr_par' dir='ltr' id='par_1_66' title="bbox 178 4148 1765 4221">
     <span class='ocr_line' id='line_1_69' title="bbox 178 4148 1765 4221; baseline 0.003 -18"><span class='ocrx_word' id='word_1_481' title='bbox 178 4148 284 4215; x_wconf 88' lang='lat' dir='ltr'>bus,</span> <span class='ocrx_word' id='word_1_482' title='bbox 315 4155 613 4205; x_wconf 87' lang='lat' dir='ltr'>amatores</span> <span class='ocrx_word' id='word_1_483' title='bbox 649 4165 824 4202; x_wconf 65' lang='lat' dir='ltr'>sacraa</span> <span class='ocrx_word' id='word_1_484' title='bbox 865 4149 1159 4221; x_wconf 87' lang='lat' dir='ltr'>religionis</span> <span class='ocrx_word' id='word_1_485' title='bbox 1192 4149 1415 4220; x_wconf 89' lang='lat' dir='ltr'>judices</span> <span class='ocrx_word' id='word_1_486' title='bbox 1460 4152 1765 4209; x_wconf 85' lang='lat' dir='ltr'>convenire</span> 
     </span>
    </p>
   </div>
   <div class='ocr_carea' id='block_1_67' title="bbox 179 4238 1765 4311">
    <p class='ocr_par' dir='ltr' id='par_1_67' title="bbox 179 4238 1765 4311">
     <span class='ocr_line' id='line_1_70' title="bbox 179 4238 1765 4311; baseline 0.004 -21"><span class='ocrx_word' id='word_1_487' title='bbox 179 4239 427 4307; x_wconf 87' lang='lat' dir='ltr'>oportuit,</span> <span class='ocrx_word' id='word_1_488' title='bbox 460 4254 672 4293; x_wconf 86' lang='lat' dir='ltr'>eorum</span> <span class='ocrx_word' id='word_1_489' title='bbox 700 4238 988 4292; x_wconf 88' lang='lat' dir='ltr'>sententia</span> <span class='ocrx_word' id='word_1_490' title='bbox 1006 4238 1396 4293; x_wconf 88' lang='lat' dir='ltr'>determinare</span> <span class='ocrx_word' id='word_1_491' title='bbox 1413 4240 1765 4311; x_wconf 88' lang='lat' dir='ltr'>objectiones</span> 
     </span>
    </p>
   </div>
   <div class='ocr_carea' id='block_1_68' title="bbox 179 4325 1766 4399">
    <p class='ocr_par' dir='ltr' id='par_1_68' title="bbox 179 4325 1766 4399">
     <span class='ocr_line' id='line_1_71' title="bbox 179 4325 1766 4399; baseline 0.005 -22"><span class='ocrx_word' id='word_1_492' title='bbox 179 4325 434 4392; x_wconf 84' lang='lat' dir='ltr'>criminis,</span> <span class='ocrx_word' id='word_1_493' title='bbox 459 4330 519 4381; x_wconf 89' lang='lat' dir='ltr'>et</span> <span class='ocrx_word' id='word_1_494' title='bbox 546 4328 740 4379; x_wconf 87' lang='lat' dir='ltr'>utrum</span> <span class='ocrx_word' id='word_1_495' title='bbox 764 4325 982 4396; x_wconf 90' lang='lat' dir='ltr'>judicio</span> <span class='ocrx_word' id='word_1_496' title='bbox 1002 4326 1156 4396; x_wconf 86' lang='lat' dir='ltr'>justo</span> <span class='ocrx_word' id='word_1_497' title='bbox 1170 4329 1459 4399; x_wconf 87' lang='lat' dir='ltr'>repulsam</span> <span class='ocrx_word' id='word_1_498' title='bbox 1489 4331 1766 4385; x_wconf 90' lang='lat' dir='ltr'>meruerit</span> 
     </span>
    </p>
   </div>
   <div class='ocr_carea' id='block_1_69' title="bbox 1875 3180 3496 3284">
    <p class='ocr_par' dir='ltr' id='par_1_69' title="bbox 1875 3180 3496 3284">
     <span class='ocr_line' id='line_1_72' title="bbox 1875 3180 3496 3284; baseline 0.024 -53"><span class='ocrx_word' id='word_1_499' title='bbox 1875 3196 1909 3233; x_wconf 91' lang='lat' dir='ltr'>a</span> <span class='ocrx_word' id='word_1_500' title='bbox 1941 3180 2085 3253; x_wconf 90' lang='lat' dir='ltr'>jugo</span> <span class='ocrx_word' id='word_1_501' title='bbox 2117 3185 2356 3284; x_wconf 36' lang='lat' dir='ltr'>regulae.</span> <span class='ocrx_word' id='word_1_502' title='bbox 2381 3187 2644 3284; x_wconf 76' lang='lat' dir='ltr'>absolvit,</span> <span class='ocrx_word' id='word_1_503' title='bbox 2778 3196 2971 3252; x_wconf 88' lang='lat' dir='ltr'>buccis</span> <span class='ocrx_word' id='word_1_504' title='bbox 3000 3180 3368 3272; x_wconf 85' lang='lat' dir='ltr'>crepantibus</span> <span class='ocrx_word' id='word_1_505' title='bbox 3399 3229 3496 3284; x_wconf 89' lang='lat' dir='ltr'>pa-</span> 
     </span>
    </p>
   </div>
   <div class='ocr_carea' id='block_1_70' title="bbox 1875 3270 3493 3372">
    <p class='ocr_par' dir='ltr' id='par_1_70' title="bbox 1875 3270 3493 3372">
     <span class='ocr_line' id='line_1_73' title="bbox 1875 3270 3493 3372; baseline 0.023 -53"><span class='ocrx_word' id='word_1_506' title='bbox 1875 3284 2003 3372; x_wconf 77' lang='lat' dir='ltr'>cem</span> <span class='ocrx_word' id='word_1_507' title='bbox 2047 3270 2386 3372; x_wconf 53' lang='lat' dir='ltr'>praedicent,</span> <span class='ocrx_word' id='word_1_508' title='bbox 2422 3277 2510 3372; x_wconf 29' lang='lat' dir='ltr'>Aet.</span> <span class='ocrx_word' id='word_1_509' title='bbox 2542 3276 2809 3372; x_wconf 76' lang='lat' dir='ltr'>dentibus</span> <span class='ocrx_word' id='word_1_510' title='bbox 2840 3270 3173 3358; x_wconf 78' lang='lat' dir='ltr'>mordeant,</span> <span class='ocrx_word' id='word_1_511' title='bbox 3198 3293 3363 3353; x_wconf 90' lang='lat' dir='ltr'>liberi</span> <span class='ocrx_word' id='word_1_512' title='bbox 3388 3270 3493 3372; x_wconf 75' lang='lat' dir='ltr'>per</span> 
     </span>
    </p>
   </div>
   <div class='ocr_carea' id='block_1_71' title="bbox 1877 3357 3492 3446">
    <p class='ocr_par' dir='ltr' id='par_1_71' title="bbox 1877 3357 3492 3446">
     <span class='ocr_line' id='line_1_74' title="bbox 1877 3357 3492 3446; baseline 0.024 -38"><span class='ocrx_word' id='word_1_513' title='bbox 1877 3358 2096 3427; x_wconf 87' lang='lat' dir='ltr'>plateas</span> <span class='ocrx_word' id='word_1_514' title='bbox 2114 3357 2459 3429; x_wconf 88' lang='lat' dir='ltr'>discurrant,</span> <span class='ocrx_word' id='word_1_515' title='bbox 2477 3364 3102 3444; x_wconf 87' lang='lat' dir='ltr'>delationiinserviant,</span> <span class='ocrx_word' id='word_1_516' title='bbox 3124 3357 3257 3439; x_wconf 88' lang='lat' dir='ltr'>cum</span> <span class='ocrx_word' id='word_1_517' title='bbox 3275 3357 3492 3446; x_wconf 71' lang='lat' dir='ltr'>delato-</span> 
     </span>
    </p>
   </div>
   <div class='ocr_carea' id='block_1_72' title="bbox 1875 3448 3491 3546">
    <p class='ocr_par' dir='ltr' id='par_1_72' title="bbox 1875 3448 3491 3533">
     <span class='ocr_line' id='line_1_75' title="bbox 1875 3448 3491 3533; baseline 0.022 -36"><span class='ocrx_word' id='word_1_518' title='bbox 1875 3462 1966 3499; x_wconf 92' lang='lat' dir='ltr'>res</span> <span class='ocrx_word' id='word_1_519' title='bbox 1986 3448 2176 3501; x_wconf 88' lang='lat' dir='ltr'>morte</span> <span class='ocrx_word' id='word_1_520' title='bbox 2207 3450 2582 3519; x_wconf 86' lang='lat' dir='ltr'>mulctentur,</span> <span class='ocrx_word' id='word_1_521' title='bbox 2612 3460 2711 3511; x_wconf 90' lang='lat' dir='ltr'>aut</span> <span class='ocrx_word' id='word_1_522' title='bbox 2737 3458 3053 3517; x_wconf 89' lang='lat' dir='ltr'>humanius</span> <span class='ocrx_word' id='word_1_523' title='bbox 3087 3468 3161 3522; x_wconf 89' lang='lat' dir='ltr'>ad</span> <span class='ocrx_word' id='word_1_524' title='bbox 3189 3471 3365 3530; x_wconf 90' lang='lat' dir='ltr'>vitam</span> <span class='ocrx_word' id='word_1_525' title='bbox 3396 3496 3491 3533; x_wconf 89' lang='lat' dir='ltr'>re-</span> 
     </span>
    </p>
   </div>
   <div class='ocr_carea' id='block_1_73' title="bbox 1875 3621 3487 3717">
    <p class='ocr_par' dir='ltr' id='par_1_73' title="bbox 1875 3621 3487 3717">
     <span class='ocr_line' id='line_1_76' title="bbox 1875 3621 3487 3717; baseline 0.023 -43"><span class='ocrx_word' id='word_1_526' title='bbox 1875 3621 2010 3686; x_wconf 88' lang='lat' dir='ltr'>Quis</span> <span class='ocrx_word' id='word_1_527' title='bbox 2023 3627 2498 3717; x_wconf 54' lang='lat' dir='ltr'>contemplativa</span> <span class='ocrx_word' id='word_1_528' title='bbox 2516 3630 2643 3687; x_wconf 75' lang='lat' dir='ltr'>vita:</span> <span class='ocrx_word' id='word_1_529' title='bbox 2662 3638 3000 3707; x_wconf 84' lang='lat' dir='ltr'>sectatores,</span> <span class='ocrx_word' id='word_1_530' title='bbox 3023 3644 3118 3714; x_wconf 90' lang='lat' dir='ltr'>qui</span> <span class='ocrx_word' id='word_1_531' title='bbox 3138 3621 3316 3717; x_wconf 62' lang='lat' dir='ltr'>pedes</span> <span class='ocrx_word' id='word_1_532' title='bbox 3338 3621 3487 3710; x_wconf 81' lang='lat' dir='ltr'>illius</span> 
     </span>
    </p>
   </div>
   <div class='ocr_carea' id='block_1_74' title="bbox 1872 3712 3485 3814">
    <p class='ocr_par' dir='ltr' id='par_1_74' title="bbox 1872 3712 3485 3814">
     <span class='ocr_line' id='line_1_77' title="bbox 1872 3712 3485 3814; baseline 0.023 -52"><span class='ocrx_word' id='word_1_533' title='bbox 1872 3727 2001 3765; x_wconf 90' lang='lat' dir='ltr'>cum</span> <span class='ocrx_word' id='word_1_534' title='bbox 2023 3712 2194 3766; x_wconf 88' lang='lat' dir='ltr'>Maria</span> <span class='ocrx_word' id='word_1_535' title='bbox 2217 3714 2483 3786; x_wconf 90' lang='lat' dir='ltr'>lacrymis</span> <span class='ocrx_word' id='word_1_536' title='bbox 2498 3718 2691 3790; x_wconf 87' lang='lat' dir='ltr'>rigare</span> <span class='ocrx_word' id='word_1_537' title='bbox 2718 3712 3060 3795; x_wconf 72' lang='lat' dir='ltr'>debuerant,</span> <span class='ocrx_word' id='word_1_538' title='bbox 3081 3712 3485 3814; x_wconf 50' lang='lat' dir='ltr'>in-infrasepta</span> 
     </span>
    </p>
   </div>
   <div class='ocr_carea' id='block_1_75' title="bbox 1871 3800 3482 3897">
    <p class='ocr_par' dir='ltr' id='par_1_75' title="bbox 1871 3800 3482 3897">
     <span class='ocr_line' id='line_1_78' title="bbox 1871 3800 3482 3897; baseline 0.022 -44"><span class='ocrx_word' id='word_1_539' title='bbox 1871 3800 1951 3853; x_wconf 91' lang='lat' dir='ltr'>sui</span> <span class='ocrx_word' id='word_1_540' title='bbox 1986 3801 2215 3855; x_wconf 86' lang='lat' dir='ltr'>claustri</span> <span class='ocrx_word' id='word_1_541' title='bbox 2248 3802 2499 3859; x_wconf 90' lang='lat' dir='ltr'>tribunal</span> <span class='ocrx_word' id='word_1_542' title='bbox 2529 3809 2899 3868; x_wconf 65' lang='lat' dir='ltr'>conscientias</span> <span class='ocrx_word' id='word_1_543' title='bbox 2930 3824 3338 3897; x_wconf 86' lang='lat' dir='ltr'>conscendere,</span> <span class='ocrx_word' id='word_1_544' title='bbox 3379 3800 3482 3887; x_wconf 72' lang='lat' dir='ltr'>sua</span> 
     </span>
    </p>
   </div>
   <div class='ocr_carea' id='block_1_76' title="bbox 1869 3888 3477 3985">
    <p class='ocr_par' dir='ltr' id='par_1_76' title="bbox 1869 3888 3477 3985">
     <span class='ocr_line' id='line_1_79' title="bbox 1869 3888 3477 3985; baseline 0.021 -44"><span class='ocrx_word' id='word_1_545' title='bbox 1869 3892 1927 3942; x_wconf 92' lang='lat' dir='ltr'>et</span> <span class='ocrx_word' id='word_1_546' title='bbox 1952 3888 2141 3943; x_wconf 90' lang='lat' dir='ltr'>aliena</span> <span class='ocrx_word' id='word_1_547' title='bbox 2172 3895 2407 3961; x_wconf 88' lang='lat' dir='ltr'>peccata</span> <span class='ocrx_word' id='word_1_548' title='bbox 2433 3910 2551 3949; x_wconf 91' lang='lat' dir='ltr'>non</span> <span class='ocrx_word' id='word_1_549' title='bbox 2596 3895 2870 3970; x_wconf 88' lang='lat' dir='ltr'>detegere</span> <span class='ocrx_word' id='word_1_550' title='bbox 2892 3903 2979 3958; x_wconf 90' lang='lat' dir='ltr'>vel</span> <span class='ocrx_word' id='word_1_551' title='bbox 3008 3888 3336 3985; x_wconf 66' lang='lat' dir='ltr'>publicare,</span> <span class='ocrx_word' id='word_1_552' title='bbox 3357 3917 3477 3974; x_wconf 91' lang='lat' dir='ltr'>imo</span> 
     </span>
    </p>
   </div>
   <div class='ocr_carea' id='block_1_77' title="bbox 1867 3977 3475 4075">
    <p class='ocr_par' dir='ltr' id='par_1_77' title="bbox 1867 3977 3475 4075">
     <span class='ocr_line' id='line_1_80' title="bbox 1867 3977 3475 4075; baseline 0.02 -45"><span class='ocrx_word' id='word_1_553' title='bbox 1867 3977 2055 4047; x_wconf 88' lang='lat' dir='ltr'>potius</span> <span class='ocrx_word' id='word_1_554' title='bbox 2076 3977 2308 4047; x_wconf 85' lang='lat' dir='ltr'>deﬂere;</span> <span class='ocrx_word' id='word_1_555' title='bbox 2344 3980 2489 4051; x_wconf 85' lang='lat' dir='ltr'>quis,</span> <span class='ocrx_word' id='word_1_556' title='bbox 2531 3982 2793 4056; x_wconf 90' lang='lat' dir='ltr'>inquam,</span> <span class='ocrx_word' id='word_1_557' title='bbox 2823 3989 3018 4045; x_wconf 89' lang='lat' dir='ltr'>docuit</span> <span class='ocrx_word' id='word_1_558' title='bbox 3042 3977 3475 4075; x_wconf 43' lang='lat' dir='ltr'>honiines&#39;pro-</span> 
     </span>
    </p>
   </div>
   <div class='ocr_carea' id='block_1_78' title="bbox 1866 4066 3474 4149">
    <p class='ocr_par' dir='ltr' id='par_1_78' title="bbox 1866 4066 3474 4149">
     <span class='ocr_line' id='line_1_81' title="bbox 1866 4066 3474 4149; baseline 0.018 -28"><span class='ocrx_word' id='word_1_559' title='bbox 1866 4066 2143 4121; x_wconf 87' lang='lat' dir='ltr'>scribere?</span> <span class='ocrx_word' id='word_1_560' title='bbox 2173 4066 2232 4120; x_wconf 89' lang='lat' dir='ltr'>in</span> <span class='ocrx_word' id='word_1_561' title='bbox 2274 4068 2412 4124; x_wconf 88' lang='lat' dir='ltr'>foris</span> <span class='ocrx_word' id='word_1_562' title='bbox 2440 4088 2572 4125; x_wconf 91' lang='lat' dir='ltr'>reos</span> <span class='ocrx_word' id='word_1_563' title='bbox 2610 4072 2892 4130; x_wconf 89' lang='lat' dir='ltr'>damnare</span> <span class='ocrx_word' id='word_1_564' title='bbox 2914 4078 2942 4132; x_wconf 85' lang='lat'><strong>?</strong></span> <span class='ocrx_word' id='word_1_565' title='bbox 2970 4080 3109 4139; x_wconf 89' lang='lat' dir='ltr'>Ecce</span> <span class='ocrx_word' id='word_1_566' title='bbox 3134 4087 3293 4145; x_wconf 89' lang='lat' dir='ltr'>fama</span> <span class='ocrx_word' id='word_1_567' title='bbox 3336 4066 3474 4149; x_wconf 75' lang='lat' dir='ltr'>exiit</span> 
     </span>
    </p>
   </div>
   <div class='ocr_carea' id='block_1_79' title="bbox 1866 4155 3468 4250">
    <p class='ocr_par' dir='ltr' id='par_1_79' title="bbox 1866 4155 3468 4250">
     <span class='ocr_line' id='line_1_82' title="bbox 1866 4155 3468 4250; baseline 0.019 -42"><span class='ocrx_word' id='word_1_568' title='bbox 1866 4155 2021 4250; x_wconf 82' lang='lat' dir='ltr'>quod</span> <span class='ocrx_word' id='word_1_569' title='bbox 2048 4159 2248 4211; x_wconf 81' lang='lat' dir='ltr'>contra</span> <span class='ocrx_word' id='word_1_570' title='bbox 2269 4156 2488 4213; x_wconf 90' lang='lat' dir='ltr'>divinas</span> <span class='ocrx_word' id='word_1_571' title='bbox 2503 4161 2899 4250; x_wconf 88' lang='lat' dir='ltr'>humanasque</span> <span class='ocrx_word' id='word_1_572' title='bbox 2917 4167 3072 4240; x_wconf 90' lang='lat' dir='ltr'>leges</span> <span class='ocrx_word' id='word_1_573' title='bbox 3091 4175 3269 4233; x_wconf 89' lang='lat' dir='ltr'>abbas</span> <span class='ocrx_word' id='word_1_574' title='bbox 3286 4178 3468 4250; x_wconf 89' lang='lat' dir='ltr'>ignito</span> 
     </span>
    </p>
   </div>
   <div class='ocr_carea' id='block_1_80' title="bbox 1863 4245 3464 4342">
    <p class='ocr_par' dir='ltr' id='par_1_80' title="bbox 1863 4245 3464 4342">
     <span class='ocr_line' id='line_1_83' title="bbox 1863 4245 3464 4342; baseline 0.016 -42"><span class='ocrx_word' id='word_1_575' title='bbox 1863 4245 2017 4300; x_wconf 90' lang='lat' dir='ltr'>ferro</span> <span class='ocrx_word' id='word_1_576' title='bbox 2044 4261 2102 4299; x_wconf 92' lang='lat' dir='ltr'>se</span> <span class='ocrx_word' id='word_1_577' title='bbox 2130 4260 2378 4342; x_wconf 76' lang='lat' dir='ltr'>purgare</span> <span class='ocrx_word' id='word_1_578' title='bbox 2423 4249 2621 4317; x_wconf 87' lang='lat' dir='ltr'>voluit,</span> <span class='ocrx_word' id='word_1_579' title='bbox 2678 4252 2766 4306; x_wconf 91' lang='lat' dir='ltr'>cui</span> <span class='ocrx_word' id='word_1_580' title='bbox 2797 4254 3089 4315; x_wconf 89' lang='lat' dir='ltr'>audientia</span> <span class='ocrx_word' id='word_1_581' title='bbox 3121 4245 3464 4339; x_wconf 69' lang='lat' dir='ltr'>denegatur,</span> 
     </span>
    </p>
   </div>
   <div class='ocr_carea' id='block_1_81' title="bbox 1864 4333 3464 4423">
    <p class='ocr_par' dir='ltr' id='par_1_81' title="bbox 1864 4333 3464 4423">
     <span class='ocr_line' id='line_1_84' title="bbox 1864 4333 3464 4423; baseline 0.018 -37"><span class='ocrx_word' id='word_1_582' title='bbox 1864 4333 2243 4405; x_wconf 58' lang='lat' dir='ltr'>praerogativa</span> <span class='ocrx_word' id='word_1_583' title='bbox 2248 4333 2449 4403; x_wconf 87' lang='lat' dir='ltr'>judicii</span> <span class='ocrx_word' id='word_1_584' title='bbox 2476 4338 2814 4408; x_wconf 87' lang='lat' dir='ltr'>excluditur,</span> <span class='ocrx_word' id='word_1_585' title='bbox 2837 4344 3032 4412; x_wconf 88' lang='lat' dir='ltr'>palam</span> <span class='ocrx_word' id='word_1_586' title='bbox 3063 4333 3464 4423; x_wconf 65' lang='lat' dir='ltr'>praeiudicium</span> 
     </span>
    </p>
   </div>
   <div class='ocr_carea' id='block_1_82' title="bbox 181 4414 3465 4503">
    <p class='ocr_par' dir='ltr' id='par_1_82' title="bbox 181 4414 3465 4503">
     <span class='ocr_line' id='line_1_85' title="bbox 181 4414 3465 4503; baseline 0.02 -66"><span class='ocrx_word' id='word_1_587' title='bbox 181 4414 261 4503; x_wconf 50' lang='lat' dir='ltr'>Td</span> <span class='ocrx_word' id='word_1_588' title='bbox 279 4414 629 4469; x_wconf 54' lang='lat' dir='ltr'>diciturreus</span> <span class='ocrx_word' id='word_1_589' title='bbox 648 4417 781 4467; x_wconf 64' lang='lat' dir='ltr'>ante</span> <span class='ocrx_word' id='word_1_590' title='bbox 808 4418 1178 4486; x_wconf 86' lang='lat' dir='ltr'>conspectum</span> <span class='ocrx_word' id='word_1_591' title='bbox 1199 4415 1402 4471; x_wconf 76' lang='lat' dir='ltr'>divinae</span> <span class='ocrx_word' id='word_1_592' title='bbox 1428 4418 1760 4497; x_wconf 86' lang='lat' dir='ltr'>majestatis.</span> <span class='ocrx_word' id='word_1_593' title='bbox 1786 4415 1839 4475; x_wconf 91' lang='lat' dir='ltr'><strong>D</strong></span> <span class='ocrx_word' id='word_1_594' title='bbox 1866 4439 2061 4493; x_wconf 90' lang='lat' dir='ltr'>passus</span> <span class='ocrx_word' id='word_1_595' title='bbox 2091 4424 2437 4493; x_wconf 88' lang='lat' dir='ltr'>asportatur,</span> <span class='ocrx_word' id='word_1_596' title='bbox 2472 4442 2714 4482; x_wconf 85' lang='lat' dir='ltr'>examen</span> <span class='ocrx_word' id='word_1_597' title='bbox 2747 4429 2904 4485; x_wconf 90' lang='lat' dir='ltr'>laicis</span> <span class='ocrx_word' id='word_1_598' title='bbox 2940 4414 3127 4503; x_wconf 78' lang='lat' dir='ltr'>datur,</span> <span class='ocrx_word' id='word_1_599' title='bbox 3164 4414 3465 4502; x_wconf 76' lang='lat' dir='ltr'>monachis</span> 
     </span>
    </p>
   </div>
   <div class='ocr_carea' id='block_1_83' title="bbox 182 4499 1765 4581">
    <p class='ocr_par' dir='ltr' id='par_1_83' title="bbox 182 4499 1765 4581">
     <span class='ocr_line' id='line_1_86' title="bbox 182 4499 1765 4581; baseline 0.007 -29"><span class='ocrx_word' id='word_1_600' title='bbox 182 4499 284 4554; x_wconf 80' lang='lat' dir='ltr'>Non</span> <span class='ocrx_word' id='word_1_601' title='bbox 314 4503 469 4556; x_wconf 90' lang='lat' dir='ltr'>enim</span> <span class='ocrx_word' id='word_1_602' title='bbox 505 4503 601 4556; x_wconf 87' lang='lat' dir='ltr'>ille</span> <span class='ocrx_word' id='word_1_603' title='bbox 631 4502 1021 4556; x_wconf 88' lang='lat' dir='ltr'>sanctissimus</span> <span class='ocrx_word' id='word_1_604' title='bbox 1041 4507 1098 4557; x_wconf 85' lang='lat' dir='ltr'>et</span> <span class='ocrx_word' id='word_1_605' title='bbox 1128 4521 1374 4576; x_wconf 88' lang='lat' dir='ltr'>magnus</span> <span class='ocrx_word' id='word_1_606' title='bbox 1391 4522 1542 4578; x_wconf 92' lang='lat' dir='ltr'>papa</span> <span class='ocrx_word' id='word_1_607' title='bbox 1557 4508 1765 4581; x_wconf 85' lang='lat' dir='ltr'>Grego-</span> 
     </span>
    </p>
   </div>
   <div class='ocr_carea' id='block_1_84' title="bbox 184 4587 1763 4660">
    <p class='ocr_par' dir='ltr' id='par_1_84' title="bbox 184 4587 1763 4660">
     <span class='ocr_line' id='line_1_87' title="bbox 184 4587 1763 4660; baseline 0.007 -20"><span class='ocrx_word' id='word_1_608' title='bbox 184 4587 284 4642; x_wconf 81' lang='lat' dir='ltr'>rius</span> <span class='ocrx_word' id='word_1_609' title='bbox 302 4589 378 4644; x_wconf 90' lang='lat' dir='ltr'>ita</span> <span class='ocrx_word' id='word_1_610' title='bbox 407 4592 648 4645; x_wconf 88' lang='lat' dir='ltr'>abbates</span> <span class='ocrx_word' id='word_1_611' title='bbox 672 4606 774 4660; x_wconf 89' lang='lat' dir='ltr'>pro</span> <span class='ocrx_word' id='word_1_612' title='bbox 807 4608 1010 4646; x_wconf 85' lang='lat' dir='ltr'>recens</span> <span class='ocrx_word' id='word_1_613' title='bbox 1029 4592 1167 4647; x_wconf 86' lang='lat' dir='ltr'>ortis</span> <span class='ocrx_word' id='word_1_614' title='bbox 1184 4594 1514 4650; x_wconf 89' lang='lat' dir='ltr'>rumoribus</span> <span class='ocrx_word' id='word_1_615' title='bbox 1532 4597 1763 4651; x_wconf 87' lang='lat' dir='ltr'>tractari</span> 
     </span>
    </p>
   </div>
   <div class='ocr_carea' id='block_1_85' title="bbox 181 4678 1762 4755">
    <p class='ocr_par' dir='ltr' id='par_1_85' title="bbox 181 4678 1762 4755">
     <span class='ocr_line' id='line_1_88' title="bbox 181 4678 1762 4755; baseline 0.007 -26"><span class='ocrx_word' id='word_1_616' title='bbox 181 4678 471 4749; x_wconf 83' lang='lat' dir='ltr'>voluit,qui</span> <span class='ocrx_word' id='word_1_617' title='bbox 496 4679 654 4748; x_wconf 87' lang='lat' dir='ltr'>Lupo</span> <span class='ocrx_word' id='word_1_618' title='bbox 686 4680 1021 4751; x_wconf 85' lang='lat' dir='ltr'>presbytero</span> <span class='ocrx_word' id='word_1_619' title='bbox 1059 4683 1117 4734; x_wconf 92' lang='lat' dir='ltr'>et</span> <span class='ocrx_word' id='word_1_620' title='bbox 1140 4682 1334 4735; x_wconf 87' lang='lat' dir='ltr'>abbati</span> <span class='ocrx_word' id='word_1_621' title='bbox 1370 4686 1607 4755; x_wconf 89' lang='lat' dir='ltr'>propter</span> <span class='ocrx_word' id='word_1_622' title='bbox 1642 4685 1762 4740; x_wconf 91' lang='lat' dir='ltr'>Sia-</span> 
     </span>
    </p>
   </div>
   <div class='ocr_carea' id='block_1_86' title="bbox 182 4764 1765 4840">
    <p class='ocr_par' dir='ltr' id='par_1_86' title="bbox 182 4764 1765 4840">
     <span class='ocr_line' id='line_1_89' title="bbox 182 4764 1765 4840; baseline 0.008 -23"><span class='ocrx_word' id='word_1_623' title='bbox 182 4764 942 4837; x_wconf 85' lang='lat' dir='ltr'>griumAugnstodunensem</span> <span class='ocrx_word' id='word_1_624' title='bbox 974 4767 1301 4840; x_wconf 89' lang='lat' dir='ltr'>episcopum</span> <span class='ocrx_word' id='word_1_625' title='bbox 1333 4770 1487 4827; x_wconf 89' lang='lat' dir='ltr'>inter</span> <span class='ocrx_word' id='word_1_626' title='bbox 1511 4772 1765 4829; x_wconf 90' lang='lat' dir='ltr'>aliascri-</span> 
     </span>
    </p>
   </div>
   <div class='ocr_carea' id='block_1_87' title="bbox 183 4850 1761 4933">
    <p class='ocr_par' dir='ltr' id='par_1_87' title="bbox 183 4850 1761 4933">
     <span class='ocr_line' id='line_1_90' title="bbox 183 4850 1761 4933; baseline 0.009 -29"><span class='ocrx_word' id='word_1_627' title='bbox 183 4850 655 4925; x_wconf 64' lang='lat' dir='ltr'>bit,prmceipiens</span> <span class='ocrx_word' id='word_1_628' title='bbox 678 4872 749 4909; x_wconf 89' lang='lat' dir='ltr'>ne</span> <span class='ocrx_word' id='word_1_629' title='bbox 776 4857 930 4910; x_wconf 89' lang='lat' dir='ltr'>solus</span> <span class='ocrx_word' id='word_1_630' title='bbox 958 4857 1255 4929; x_wconf 78' lang='lat' dir='ltr'>epiSCOpus</span> <span class='ocrx_word' id='word_1_631' title='bbox 1287 4858 1529 4915; x_wconf 84' lang='lat' dir='ltr'>civitatis</span> <span class='ocrx_word' id='word_1_632' title='bbox 1548 4878 1761 4933; x_wconf 79' lang='lat' dir='ltr'>prmsu-</span> 
     </span>
    </p>
   </div>
   <div class='ocr_carea' id='block_1_88' title="bbox 186 4942 1765 5013">
    <p class='ocr_par' dir='ltr' id='par_1_88' title="bbox 186 4942 1765 5013">
     <span class='ocr_line' id='line_1_91' title="bbox 186 4942 1765 5013; baseline 0.009 -21"><span class='ocrx_word' id='word_1_633' title='bbox 186 4946 289 4995; x_wconf 87' lang='lat' dir='ltr'>mat</span> <span class='ocrx_word' id='word_1_634' title='bbox 300 4942 564 5012; x_wconf 87' lang='lat' dir='ltr'>judicare</span> <span class='ocrx_word' id='word_1_635' title='bbox 583 4958 778 4997; x_wconf 89' lang='lat' dir='ltr'>causas</span> <span class='ocrx_word' id='word_1_636' title='bbox 791 4944 1035 4997; x_wconf 87' lang='lat' dir='ltr'>accusati</span> <span class='ocrx_word' id='word_1_637' title='bbox 1057 4945 1279 4999; x_wconf 83' lang='lat' dir='ltr'>abbatis</span> <span class='ocrx_word' id='word_1_638' title='bbox 1302 4964 1315 5013; x_wconf 89' lang='lat'><strong>;</strong></span> <span class='ocrx_word' id='word_1_639' title='bbox 1343 4947 1466 5013; x_wconf 85' lang='lat' dir='ltr'>sed,</span> <span class='ocrx_word' id='word_1_640' title='bbox 1497 4949 1765 5006; x_wconf 83' lang='lat' dir='ltr'>adhibitis</span> 
     </span>
    </p>
   </div>
   <div class='ocr_carea' id='block_1_89' title="bbox 186 5031 1763 5104">
    <p class='ocr_par' dir='ltr' id='par_1_89' title="bbox 186 5031 1763 5104">
     <span class='ocr_line' id='line_1_92' title="bbox 186 5031 1763 5104; baseline 0.009 -23"><span class='ocrx_word' id='word_1_641' title='bbox 186 5032 612 5102; x_wconf 87' lang='lat' dir='ltr'>quampluribus</span> <span class='ocrx_word' id='word_1_642' title='bbox 642 5031 1013 5104; x_wconf 88' lang='lat' dir='ltr'>coepiscopis,</span> <span class='ocrx_word' id='word_1_643' title='bbox 1053 5032 1106 5085; x_wconf 91' lang='lat' dir='ltr'>in</span> <span class='ocrx_word' id='word_1_644' title='bbox 1135 5034 1375 5089; x_wconf 88' lang='lat' dir='ltr'>concilio</span> <span class='ocrx_word' id='word_1_645' title='bbox 1406 5037 1763 5095; x_wconf 89' lang='lat' dir='ltr'>audientiam</span> 
     </span>
    </p>
   </div>
   <div class='ocr_carea' id='block_1_90' title="bbox 190 5115 1767 5195">
    <p class='ocr_par' dir='ltr' id='par_1_90' title="bbox 190 5115 1767 5195">
     <span class='ocr_line' id='line_1_93' title="bbox 190 5115 1767 5195; baseline 0.01 -27"><span class='ocrx_word' id='word_1_646' title='bbox 190 5115 414 5185; x_wconf 84' lang='lat' dir='ltr'>deferat,</span> <span class='ocrx_word' id='word_1_647' title='bbox 443 5122 503 5173; x_wconf 92' lang='lat' dir='ltr'>ut</span> <span class='ocrx_word' id='word_1_648' title='bbox 529 5119 786 5173; x_wconf 91' lang='lat' dir='ltr'>omnium</span> <span class='ocrx_word' id='word_1_649' title='bbox 821 5120 1113 5174; x_wconf 90' lang='lat' dir='ltr'>communi</span> <span class='ocrx_word' id='word_1_650' title='bbox 1144 5123 1383 5195; x_wconf 87' lang='lat' dir='ltr'>parique</span> <span class='ocrx_word' id='word_1_651' title='bbox 1410 5125 1639 5182; x_wconf 77' lang='lat' dir='ltr'>decreto</span> <span class='ocrx_word' id='word_1_652' title='bbox 1668 5132 1767 5183; x_wconf 90' lang='lat' dir='ltr'>aut</span> 
     </span>
    </p>
   </div>
   <div class='ocr_carea' id='block_1_91' title="bbox 188 5203 1761 5288">
    <p class='ocr_par' dir='ltr' id='par_1_91' title="bbox 188 5203 1761 5288">
     <span class='ocr_line' id='line_1_94' title="bbox 188 5203 1761 5288; baseline 0.011 -32"><span class='ocrx_word' id='word_1_653' title='bbox 188 5203 450 5262; x_wconf 88' lang='lat' dir='ltr'>innocens</span> <span class='ocrx_word' id='word_1_654' title='bbox 465 5208 791 5263; x_wconf 89' lang='lat' dir='ltr'>absolvatur</span> <span class='ocrx_word' id='word_1_655' title='bbox 807 5211 903 5262; x_wconf 90' lang='lat' dir='ltr'>aut</span> <span class='ocrx_word' id='word_1_656' title='bbox 916 5226 1044 5263; x_wconf 90' lang='lat' dir='ltr'>reus</span> <span class='ocrx_word' id='word_1_657' title='bbox 1064 5210 1761 5288; x_wconf 74' lang='lat' dir='ltr'>condemneturldipsum</span> 
     </span>
    </p>
   </div>
   <div class='ocr_carea' id='block_1_92' title="bbox 189 5293 1766 5376">
    <p class='ocr_par' dir='ltr' id='par_1_92' title="bbox 189 5293 1766 5376">
     <span class='ocr_line' id='line_1_95' title="bbox 189 5293 1766 5376; baseline 0.011 -31"><span class='ocrx_word' id='word_1_658' title='bbox 189 5293 345 5350; x_wconf 88' lang='lat' dir='ltr'>etiam</span> <span class='ocrx_word' id='word_1_659' title='bbox 380 5300 578 5351; x_wconf 87' lang='lat' dir='ltr'>nostro</span> <span class='ocrx_word' id='word_1_660' title='bbox 595 5296 892 5369; x_wconf 88' lang='lat' dir='ltr'>privilegio</span> <span class='ocrx_word' id='word_1_661' title='bbox 908 5296 1275 5353; x_wconf 88' lang='lat' dir='ltr'>inserendum</span> <span class='ocrx_word' id='word_1_662' title='bbox 1299 5302 1514 5357; x_wconf 88' lang='lat' dir='ltr'>credidi</span> <span class='ocrx_word' id='word_1_663' title='bbox 1529 5306 1682 5376; x_wconf 91' lang='lat' dir='ltr'>quod</span> <span class='ocrx_word' id='word_1_664' title='bbox 1696 5307 1766 5362; x_wconf 88' lang='lat' dir='ltr'>de</span> 
     </span>
    </p>
   </div>
   <div class='ocr_carea' id='block_1_93' title="bbox 192 5382 1767 5469">
    <p class='ocr_par' dir='ltr' id='par_1_93' title="bbox 192 5382 1767 5469">
     <span class='ocr_line' id='line_1_96' title="bbox 192 5382 1767 5469; baseline 0.011 -36"><span class='ocrx_word' id='word_1_665' title='bbox 192 5382 380 5437; x_wconf 84' lang='lat' dir='ltr'>sanctis</span> <span class='ocrx_word' id='word_1_666' title='bbox 411 5384 676 5439; x_wconf 91' lang='lat' dir='ltr'>manibus</span> <span class='ocrx_word' id='word_1_667' title='bbox 699 5383 898 5440; x_wconf 84' lang='lat' dir='ltr'>domni</span> <span class='ocrx_word' id='word_1_668' title='bbox 925 5386 1180 5458; x_wconf 86' lang='lat' dir='ltr'>Gregorii</span> <span class='ocrx_word' id='word_1_669' title='bbox 1199 5393 1395 5444; x_wconf 87' lang='lat' dir='ltr'>nostra</span> <span class='ocrx_word' id='word_1_670' title='bbox 1424 5395 1767 5469; x_wconf 69' lang='lat' dir='ltr'>a3tatepapaa</span> 
     </span>
    </p>
   </div>
   <div class='ocr_carea' id='block_1_94' title="bbox 197 5470 1769 5554">
    <p class='ocr_par' dir='ltr' id='par_1_94' title="bbox 197 5470 1769 5554">
     <span class='ocr_line' id='line_1_97' title="bbox 197 5470 1769 5554; baseline 0.011 -33"><span class='ocrx_word' id='word_1_671' title='bbox 197 5470 524 5527; x_wconf 83' lang='lat' dir='ltr'>sanctissimi</span> <span class='ocrx_word' id='word_1_672' title='bbox 555 5474 658 5527; x_wconf 88' lang='lat' dir='ltr'>sub</span> <span class='ocrx_word' id='word_1_673' title='bbox 704 5473 1043 5529; x_wconf 87' lang='lat' dir='ltr'>auctoritate</span> <span class='ocrx_word' id='word_1_674' title='bbox 1074 5476 1252 5530; x_wconf 89' lang='lat' dir='ltr'>sancti</span> <span class='ocrx_word' id='word_1_675' title='bbox 1286 5479 1437 5533; x_wconf 87' lang='lat' dir='ltr'>Petri</span> <span class='ocrx_word' id='word_1_676' title='bbox 1459 5482 1769 5554; x_wconf 87' lang='lat' dir='ltr'>suscipere,</span> 
     </span>
    </p>
   </div>
   <div class='ocr_carea' id='block_1_95' title="bbox 199 5560 1774 5637">
    <p class='ocr_par' dir='ltr' id='par_1_95' title="bbox 199 5560 1774 5637">
     <span class='ocr_line' id='line_1_98' title="bbox 199 5560 1774 5637; baseline 0.013 -28"><span class='ocrx_word' id='word_1_677' title='bbox 199 5560 438 5626; x_wconf 87' lang='lat' dir='ltr'>quamvis</span> <span class='ocrx_word' id='word_1_678' title='bbox 465 5560 750 5634; x_wconf 87' lang='lat' dir='ltr'>indignus,</span> <span class='ocrx_word' id='word_1_679' title='bbox 773 5563 996 5618; x_wconf 87' lang='lat' dir='ltr'>emerui</span> <span class='ocrx_word' id='word_1_680' title='bbox 1022 5569 1774 5637; x_wconf 82' lang='lat' dir='ltr'>:quaprppter,venerabilis</span> 
     </span>
    </p>
   </div>
   <div class='ocr_carea' id='block_1_96' title="bbox 200 5644 1776 5726">
    <p class='ocr_par' dir='ltr' id='par_1_96' title="bbox 200 5644 1776 5726">
     <span class='ocr_line' id='line_1_99' title="bbox 200 5644 1776 5726; baseline 0.011 -26"><span class='ocrx_word' id='word_1_681' title='bbox 200 5644 251 5697; x_wconf 86' lang='lat' dir='ltr'>iu</span> <span class='ocrx_word' id='word_1_682' title='bbox 280 5646 638 5718; x_wconf 87' lang='lat' dir='ltr'>Christo,non</span> <span class='ocrx_word' id='word_1_683' title='bbox 661 5651 1067 5708; x_wconf 89' lang='lat' dir='ltr'>declamatorie</span> <span class='ocrx_word' id='word_1_684' title='bbox 1087 5653 1188 5707; x_wconf 89' lang='lat' dir='ltr'>sed</span> <span class='ocrx_word' id='word_1_685' title='bbox 1219 5654 1635 5726; x_wconf 88' lang='lat' dir='ltr'>dispensatorie</span> <span class='ocrx_word' id='word_1_686' title='bbox 1669 5662 1776 5720; x_wconf 87' lang='lat' dir='ltr'>tibi</span> 
     </span>
    </p>
   </div>
   <div class='ocr_carea' id='block_1_97' title="bbox 1864 4508 3464 4600">
    <p class='ocr_par' dir='ltr' id='par_1_97' title="bbox 1864 4508 3464 4600">
     <span class='ocr_line' id='line_1_100' title="bbox 1864 4508 3464 4600; baseline 0.016 -35"><span class='ocrx_word' id='word_1_687' title='bbox 1864 4508 2218 4565; x_wconf 88' lang='lat' dir='ltr'>subtrahitur</span> <span class='ocrx_word' id='word_1_688' title='bbox 2242 4510 2270 4565; x_wconf 74' lang='lat' dir='ltr'>‘I</span> <span class='ocrx_word' id='word_1_689' title='bbox 2300 4511 2506 4583; x_wconf 89' lang='lat' dir='ltr'>quibus</span> <span class='ocrx_word' id='word_1_690' title='bbox 2536 4514 2728 4570; x_wconf 89' lang='lat' dir='ltr'>sanior</span> <span class='ocrx_word' id='word_1_691' title='bbox 2750 4535 2916 4575; x_wconf 90' lang='lat' dir='ltr'>mens</span> <span class='ocrx_word' id='word_1_692' title='bbox 2940 4525 3247 4600; x_wconf 90' lang='lat' dir='ltr'>saniusque</span> <span class='ocrx_word' id='word_1_693' title='bbox 3279 4536 3464 4589; x_wconf 88' lang='lat' dir='ltr'>consi-</span> 
     </span>
    </p>
   </div>
   <div class='ocr_carea' id='block_1_98' title="bbox 1864 4597 3466 4688">
    <p class='ocr_par' dir='ltr' id='par_1_98' title="bbox 1864 4597 3466 4688">
     <span class='ocr_line' id='line_1_101' title="bbox 1864 4597 3466 4688; baseline 0.017 -37"><span class='ocrx_word' id='word_1_694' title='bbox 1864 4598 2027 4664; x_wconf 91' lang='lat' dir='ltr'>lium,</span> <span class='ocrx_word' id='word_1_695' title='bbox 2060 4615 2125 4651; x_wconf 90' lang='lat' dir='ltr'>ac</span> <span class='ocrx_word' id='word_1_696' title='bbox 2154 4597 2305 4654; x_wconf 90' lang='lat' dir='ltr'>inter</span> <span class='ocrx_word' id='word_1_697' title='bbox 2328 4601 2673 4671; x_wconf 90' lang='lat' dir='ltr'>malesanos,</span> <span class='ocrx_word' id='word_1_698' title='bbox 2735 4607 2900 4662; x_wconf 92' lang='lat' dir='ltr'>unius</span> <span class='ocrx_word' id='word_1_699' title='bbox 2929 4610 3090 4667; x_wconf 90' lang='lat' dir='ltr'>lustri</span> <span class='ocrx_word' id='word_1_700' title='bbox 3126 4597 3333 4688; x_wconf 80' lang='lat' dir='ltr'>spatio,</span> <span class='ocrx_word' id='word_1_701' title='bbox 3372 4638 3466 4677; x_wconf 88' lang='lat' dir='ltr'>re-</span> 
     </span>
    </p>
   </div>
   <div class='ocr_carea' id='block_1_99' title="bbox 1865 4686 3553 4763">
    <p class='ocr_par' dir='ltr' id='par_1_99' title="bbox 1865 4686 3553 4763">
     <span class='ocr_line' id='line_1_102' title="bbox 1865 4686 3553 4763; baseline 0.017 -26"><span class='ocrx_word' id='word_1_702' title='bbox 1865 4686 2081 4757; x_wconf 87' lang='lat' dir='ltr'>gularis</span> <span class='ocrx_word' id='word_1_703' title='bbox 2110 4687 2250 4741; x_wconf 89' lang='lat' dir='ltr'>ordo</span> <span class='ocrx_word' id='word_1_704' title='bbox 2278 4689 2670 4747; x_wconf 84' lang='lat' dir='ltr'>confunditur.</span> <span class='ocrx_word' id='word_1_705' title='bbox 2707 4692 2819 4749; x_wconf 90' lang='lat' dir='ltr'>Sed</span> <span class='ocrx_word' id='word_1_706' title='bbox 2852 4700 2974 4752; x_wconf 87' lang='lat' dir='ltr'>esto</span> <span class='ocrx_word' id='word_1_707' title='bbox 3001 4716 3013 4753; x_wconf 93' lang='lat'><strong><em>:</em></strong></span> <span class='ocrx_word' id='word_1_708' title='bbox 3063 4686 3325 4760; x_wconf 74' lang='lat' dir='ltr'>conscius</span> <span class='ocrx_word' id='word_1_709' title='bbox 3352 4710 3462 4763; x_wconf 90' lang='lat' dir='ltr'>cri-</span> <span class='ocrx_word' id='word_1_710' title='bbox 3540 4697 3553 4709; x_wconf 75' lang='grc'><strong>’</strong></span> 
     </span>
    </p>
   </div>
   <div class='ocr_carea' id='block_1_100' title="bbox 1866 4774 3465 4859">
    <p class='ocr_par' dir='ltr' id='par_1_100' title="bbox 1866 4774 3465 4859">
     <span class='ocr_line' id='line_1_103' title="bbox 1866 4774 3465 4859; baseline 0.015 -31"><span class='ocrx_word' id='word_1_711' title='bbox 1866 4774 2040 4829; x_wconf 86' lang='lat' dir='ltr'>minis</span> <span class='ocrx_word' id='word_1_712' title='bbox 2069 4776 2334 4845; x_wconf 75' lang='lat' dir='ltr'>prmlatus</span> <span class='ocrx_word' id='word_1_713' title='bbox 2365 4778 2510 4839; x_wconf 82' lang='lat' dir='ltr'>[edit.</span> <span class='ocrx_word' id='word_1_714' title='bbox 2541 4780 2891 4855; x_wconf 69' lang='lat' dir='ltr'>praelibatus]</span> <span class='ocrx_word' id='word_1_715' title='bbox 2919 4787 3279 4859; x_wconf 87' lang='lat' dir='ltr'>obtunditur,</span> <span class='ocrx_word' id='word_1_716' title='bbox 3304 4796 3465 4853; x_wconf 81' lang='lat' dir='ltr'>furca</span> 
     </span>
    </p>
   </div>
   <div class='ocr_carea' id='block_1_101' title="bbox 1866 4863 3466 4940">
    <p class='ocr_par' dir='ltr' id='par_1_101' title="bbox 1866 4863 3466 4940">
     <span class='ocr_line' id='line_1_104' title="bbox 1866 4863 3466 4940; baseline 0.016 -25"><span class='ocrx_word' id='word_1_717' title='bbox 1866 4863 2072 4935; x_wconf 89' lang='lat' dir='ltr'>dignus</span> <span class='ocrx_word' id='word_1_718' title='bbox 2102 4866 2271 4935; x_wconf 89' lang='lat' dir='ltr'>atque</span> <span class='ocrx_word' id='word_1_719' title='bbox 2292 4865 2631 4922; x_wconf 86' lang='lat' dir='ltr'>cruciatibus</span> <span class='ocrx_word' id='word_1_720' title='bbox 2644 4870 2983 4928; x_wconf 88' lang='lat' dir='ltr'>miserabilis</span> <span class='ocrx_word' id='word_1_721' title='bbox 3006 4877 3466 4940; x_wconf 76' lang='lat' dir='ltr'>obruiturNum-</span> 
     </span>
    </p>
   </div>
   <div class='ocr_carea' id='block_1_102' title="bbox 1865 4951 3464 5029">
    <p class='ocr_par' dir='ltr' id='par_1_102' title="bbox 1865 4951 3464 5029">
     <span class='ocr_line' id='line_1_105' title="bbox 1865 4951 3464 5029; baseline 0.015 -24"><span class='ocrx_word' id='word_1_722' title='bbox 1865 4951 2004 5019; x_wconf 90' lang='lat' dir='ltr'>quid</span> <span class='ocrx_word' id='word_1_723' title='bbox 2033 4951 2393 5007; x_wconf 89' lang='lat' dir='ltr'>subditorum</span> <span class='ocrx_word' id='word_1_724' title='bbox 2424 4956 2639 5012; x_wconf 89' lang='lat' dir='ltr'>catenis</span> <span class='ocrx_word' id='word_1_725' title='bbox 2677 4960 2823 5013; x_wconf 90' lang='lat' dir='ltr'>colla</span> <span class='ocrx_word' id='word_1_726' title='bbox 2864 4963 3240 5024; x_wconf 80' lang='lat' dir='ltr'>committet?</span> <span class='ocrx_word' id='word_1_727' title='bbox 3293 4989 3464 5029; x_wconf 90' lang='lat' dir='ltr'>num-</span> 
     </span>
    </p>
   </div>
   <div class='ocr_carea' id='block_1_103' title="bbox 1866 5039 3463 5116">
    <p class='ocr_par' dir='ltr' id='par_1_103' title="bbox 1866 5039 3463 5116">
     <span class='ocr_line' id='line_1_106' title="bbox 1866 5039 3463 5116; baseline 0.015 -23"><span class='ocrx_word' id='word_1_728' title='bbox 1866 5039 2005 5111; x_wconf 89' lang='lat' dir='ltr'>quid</span> <span class='ocrx_word' id='word_1_729' title='bbox 2024 5056 2260 5094; x_wconf 88' lang='lat' dir='ltr'>suorum</span> <span class='ocrx_word' id='word_1_730' title='bbox 2291 5042 2557 5098; x_wconf 89' lang='lat' dir='ltr'>manibus</span> <span class='ocrx_word' id='word_1_731' title='bbox 2576 5045 2940 5104; x_wconf 89' lang='lat' dir='ltr'>dilaniandus</span> <span class='ocrx_word' id='word_1_732' title='bbox 2954 5050 3184 5111; x_wconf 85' lang='lat' dir='ltr'>deficiet</span> <span class='ocrx_word' id='word_1_733' title='bbox 3199 5058 3227 5112; x_wconf 89' lang='lat'><strong>?</strong></span> <span class='ocrx_word' id='word_1_734' title='bbox 3255 5060 3326 5114; x_wconf 82' lang='lat' dir='ltr'>At</span> <span class='ocrx_word' id='word_1_735' title='bbox 3345 5062 3463 5116; x_wconf 89' lang='lat' dir='ltr'>for-</span> 
     </span>
    </p>
   </div>
   <div class='ocr_carea' id='block_1_104' title="bbox 1867 5128 3464 5206">
    <p class='ocr_par' dir='ltr' id='par_1_104' title="bbox 1867 5128 3464 5206">
     <span class='ocr_line' id='line_1_107' title="bbox 1867 5128 3464 5206; baseline 0.016 -26"><span class='ocrx_word' id='word_1_736' title='bbox 1867 5128 2030 5182; x_wconf 80' lang='lat' dir='ltr'>tassis</span> <span class='ocrx_word' id='word_1_737' title='bbox 2087 5128 2181 5182; x_wconf 90' lang='lat' dir='ltr'>ille</span> <span class='ocrx_word' id='word_1_738' title='bbox 2212 5130 2508 5200; x_wconf 90' lang='lat' dir='ltr'>quondam</span> <span class='ocrx_word' id='word_1_739' title='bbox 2568 5136 2765 5189; x_wconf 90' lang='lat' dir='ltr'>noster</span> <span class='ocrx_word' id='word_1_740' title='bbox 2815 5137 3148 5197; x_wconf 82' lang='lat' dir='ltr'>Fredericus</span> <span class='ocrx_word' id='word_1_741' title='bbox 3178 5146 3464 5206; x_wconf 91' lang='lat' dir='ltr'>bonorum</span> 
     </span>
    </p>
   </div>
   <div class='ocr_carea' id='block_1_105' title="bbox 1867 5217 3469 5303">
    <p class='ocr_par' dir='ltr' id='par_1_105' title="bbox 1867 5217 3469 5303">
     <span class='ocr_line' id='line_1_108' title="bbox 1867 5217 3469 5303; baseline 0.016 -34"><span class='ocrx_word' id='word_1_742' title='bbox 1867 5218 2107 5271; x_wconf 75' lang='lat' dir='ltr'>mmulus</span> <span class='ocrx_word' id='word_1_743' title='bbox 2134 5217 2405 5288; x_wconf 87' lang='lat' dir='ltr'>fratrum,</span> <span class='ocrx_word' id='word_1_744' title='bbox 2433 5220 2735 5279; x_wconf 89' lang='lat' dir='ltr'>insidiator</span> <span class='ocrx_word' id='word_1_745' title='bbox 2788 5227 3090 5296; x_wconf 86' lang='lat' dir='ltr'>pessimus,</span> <span class='ocrx_word' id='word_1_746' title='bbox 3136 5232 3469 5303; x_wconf 88' lang='lat' dir='ltr'>hujusmodi</span> 
     </span>
    </p>
   </div>
   <div class='ocr_carea' id='block_1_106' title="bbox 1868 5306 3470 5393">
    <p class='ocr_par' dir='ltr' id='par_1_106' title="bbox 1868 5306 3470 5393">
     <span class='ocr_line' id='line_1_109' title="bbox 1868 5306 3470 5393; baseline 0.013 -32"><span class='ocrx_word' id='word_1_747' title='bbox 1868 5306 2020 5378; x_wconf 90' lang='lat' dir='ltr'>apud</span> <span class='ocrx_word' id='word_1_748' title='bbox 2050 5322 2147 5361; x_wconf 88' lang='lat' dir='ltr'>vos</span> <span class='ocrx_word' id='word_1_749' title='bbox 2176 5307 2395 5363; x_wconf 89' lang='lat' dir='ltr'>scholas</span> <span class='ocrx_word' id='word_1_750' title='bbox 2413 5308 2655 5365; x_wconf 89' lang='lat' dir='ltr'>instituit</span> <span class='ocrx_word' id='word_1_751' title='bbox 2677 5330 2690 5379; x_wconf 91' lang='lat'><strong>;</strong></span> <span class='ocrx_word' id='word_1_752' title='bbox 2716 5317 3019 5385; x_wconf 86' lang='lat' dir='ltr'>quatenus,</span> <span class='ocrx_word' id='word_1_753' title='bbox 3041 5318 3185 5374; x_wconf 91' lang='lat' dir='ltr'>sicut</span> <span class='ocrx_word' id='word_1_754' title='bbox 3211 5323 3285 5378; x_wconf 90' lang='lat' dir='ltr'>ab</span> <span class='ocrx_word' id='word_1_755' title='bbox 3308 5327 3470 5393; x_wconf 81' lang='lat' dir='ltr'>Ario,</span> 
     </span>
    </p>
   </div>
   <div class='ocr_carea' id='block_1_107' title="bbox 1868 5393 3475 5482">
    <p class='ocr_par' dir='ltr' id='par_1_107' title="bbox 1868 5393 3475 5482">
     <span class='ocr_line' id='line_1_110' title="bbox 1868 5393 3475 5482; baseline 0.013 -33"><span class='ocrx_word' id='word_1_756' title='bbox 1868 5393 2095 5461; x_wconf 84' lang='lat' dir='ltr'>Ariani;</span> <span class='ocrx_word' id='word_1_757' title='bbox 2152 5412 2184 5448; x_wconf 90' lang='lat' dir='ltr'>a</span> <span class='ocrx_word' id='word_1_758' title='bbox 2209 5396 2490 5464; x_wconf 88' lang='lat' dir='ltr'>Gnatone,</span> <span class='ocrx_word' id='word_1_759' title='bbox 2524 5398 2824 5457; x_wconf 85' lang='lat' dir='ltr'>Gnatonici</span> <span class='ocrx_word' id='word_1_760' title='bbox 2855 5421 2868 5471; x_wconf 91' lang='lat'><strong>;</strong></span> <span class='ocrx_word' id='word_1_761' title='bbox 2903 5402 2983 5459; x_wconf 90' lang='lat' dir='ltr'>ita</span> <span class='ocrx_word' id='word_1_762' title='bbox 3025 5408 3116 5462; x_wconf 91' lang='lat' dir='ltr'>sui</span> <span class='ocrx_word' id='word_1_763' title='bbox 3150 5408 3408 5482; x_wconf 90' lang='lat' dir='ltr'>discipuli</span> <span class='ocrx_word' id='word_1_764' title='bbox 3439 5434 3475 5470; x_wconf 84' lang='lat' dir='ltr'>a</span> 
     </span>
    </p>
   </div>
   <div class='ocr_carea' id='block_1_108' title="bbox 1873 5482 3470 5568">
    <p class='ocr_par' dir='ltr' id='par_1_108' title="bbox 1873 5482 3470 5568">
     <span class='ocr_line' id='line_1_111' title="bbox 1873 5482 3470 5568; baseline 0.01 -29"><span class='ocrx_word' id='word_1_765' title='bbox 1873 5482 2196 5551; x_wconf 83' lang='lat' dir='ltr'>Frederico,</span> <span class='ocrx_word' id='word_1_766' title='bbox 2226 5484 2611 5542; x_wconf 85' lang='lat' dir='ltr'>Fredericiani</span> <span class='ocrx_word' id='word_1_767' title='bbox 2645 5488 2657 5542; x_wconf 88' lang='lat' dir='ltr'>l</span> <span class='ocrx_word' id='word_1_768' title='bbox 2690 5488 2877 5559; x_wconf 87' lang='lat' dir='ltr'>Certe,</span> <span class='ocrx_word' id='word_1_769' title='bbox 2911 5497 3251 5552; x_wconf 89' lang='lat' dir='ltr'>venerabilis</span> <span class='ocrx_word' id='word_1_770' title='bbox 3279 5502 3470 5568; x_wconf 89' lang='lat' dir='ltr'>Pater,</span> 
     </span>
    </p>
   </div>
   <div class='ocr_carea' id='block_1_109' title="bbox 1875 5571 3473 5650">
    <p class='ocr_par' dir='ltr' id='par_1_109' title="bbox 1875 5571 3473 5650">
     <span class='ocr_line' id='line_1_112' title="bbox 1875 5571 3473 5650; baseline 0.01 -22"><span class='ocrx_word' id='word_1_771' title='bbox 1875 5571 2127 5629; x_wconf 86' lang='lat' dir='ltr'>cavenda</span> <span class='ocrx_word' id='word_1_772' title='bbox 2156 5576 2240 5627; x_wconf 90' lang='lat' dir='ltr'>est</span> <span class='ocrx_word' id='word_1_773' title='bbox 2262 5572 2460 5629; x_wconf 88' lang='lat' dir='ltr'>talium</span> <span class='ocrx_word' id='word_1_774' title='bbox 2494 5593 2633 5631; x_wconf 89' lang='lat' dir='ltr'>ansa</span> <span class='ocrx_word' id='word_1_775' title='bbox 2667 5580 2995 5650; x_wconf 74' lang='lat' dir='ltr'>calumniw,</span> <span class='ocrx_word' id='word_1_776' title='bbox 3023 5585 3275 5640; x_wconf 87' lang='lat' dir='ltr'>cavenda</span> <span class='ocrx_word' id='word_1_777' title='bbox 3308 5605 3473 5643; x_wconf 86' lang='lat' dir='ltr'>men-</span> 
     </span>
    </p>
   </div>
   <div class='ocr_carea' id='block_1_110' title="bbox 1881 5661 3470 5744">
    <p class='ocr_par' dir='ltr' id='par_1_110' title="bbox 1881 5661 3470 5744">
     <span class='ocr_line' id='line_1_113' title="bbox 1881 5661 3470 5744; baseline 0.008 -26"><span class='ocrx_word' id='word_1_778' title='bbox 1881 5661 2178 5718; x_wconf 90' lang='lat' dir='ltr'>daciorum</span> <span class='ocrx_word' id='word_1_779' title='bbox 2233 5662 2541 5720; x_wconf 86' lang='lat' dir='ltr'>frabateria</span> <span class='ocrx_word' id='word_1_780' title='bbox 2585 5665 2904 5740; x_wconf 67' lang='lat' dir='ltr'>impunitiaa</span> <span class='ocrx_word' id='word_1_781' title='bbox 2939 5672 3228 5744; x_wconf 67' lang='lat' dir='ltr'>nequitiae,</span> <span class='ocrx_word' id='word_1_782' title='bbox 3262 5690 3334 5728; x_wconf 91' lang='lat' dir='ltr'>ne</span> <span class='ocrx_word' id='word_1_783' title='bbox 3366 5691 3470 5730; x_wconf 85' lang='lat' dir='ltr'>vos</span> 
     </span>
    </p>
   </div>
  </div>
