3922 6168
461 451 562 511 431

1500 442 1558 506 s.
1594 443 1897 505 ABBONIS
1923 422 2208 502 ABBA’I‘IS
2238 432 2728 502 Emmeranus
2764 490 2767 491 κ

3670 436 3764 497 432

460 576 891 655 decipiantullo
923 573 1233 653 modo,qui
1262 574 1537 636 hactenus
1556 578 1742 634 bonus
1772 576 1915 632 odor
1935 575 2069 631 estis
2174 577 2231 631 et
2260 576 2452 649 palam
2499 590 2629 630 reus
2673 572 2759 629 est
2784 567 3057 626 intentati
3125 563 3415 629 criminis,
3447 565 3503 621 et
3532 581 3641 621 non
3694 570 3767 623 est

460 672 581 730 Deo
601 672 661 726 in
701 668 858 725 omni
881 670 1005 725 loco
1029 687 1046 723 :
1074 685 1213 724 nam
1240 686 1347 740 ego
1375 669 1446 723 ab
1474 668 1554 722 eis
1579 667 1731 739 inter
1756 662 2067 721 deteriores

462 759 804 817 deterrimus
826 757 1143 829 adjudicor,
1177 757 1462 828 parricida
1485 756 1765 828 appellor,
1798 754 2002 827 quibus
2020 752 2065 807 si

458 846 992 922 placerem,Christi
1024 863 1218 902 servus
1238 863 1353 902 non
1376 843 1734 914 essem(Gal.
1772 841 1933 915 1,10);
1966 858 2062 897 vo-

459 937 546 993 bis
571 939 765 991 autem
787 934 999 1007 gratias
1028 935 1238 1000 refero,
1272 935 1369 1007 qui
1396 950 1526 989 mea
1552 933 1671 987 vice
1704 931 1981 999 doluistis,
2009 933 2067 984 et

462 1027 533 1081 de
562 1043 668 1093 me,
689 1025 822 1080 licet
851 1023 1098 1078 minimo
1140 1024 1316 1078 fratre
1346 1025 1556 1089 vestro,
1601 1020 1910 1076 maledicta
1937 1035 2065 1091 per-

462 1113 581 1188 peti
612 1130 730 1169 non
770 1111 1068 1184 potuistis;
1103 1112 1174 1166 de
1201 1113 1411 1165 caetero
1451 1110 1654 1165 vestris
1682 1108 1887 1164 litteris
1927 1106 2069 1163 scire

462 1202 635 1258 velim
664 1205 859 1256 utrum
888 1198 1683 1272 repudiatusabbaslibellum
1703 1196 1927 1270 repudii
1956 1197 2074 1251 fra-

462 1291 648 1346 tribus
676 1289 791 1344 suis
822 1287 1065 1354 miserit,
1085 1303 1158 1341 an
1176 1286 1584 1359 prasjudicatus
1604 1286 1940 1341 violentiam
1953 1301 2070 1339 sus-

463 1377 705 1433 tinuerit
731 1395 744 1432 :
772 1374 1049 1449 quoniam
1081 1391 1310 1429 mecum
1340 1375 1433 1429 ille
1464 1374 1637 1430 totius
1677 1372 1970 1445 religionis
1998 1372 2072 1428 si-

467 1467 658 1537 gnifer
688 1465 853 1521 Odilo
884 1463 1295 1529 contemnitur,
1315 1464 1588 1519 etfratres
1611 1461 1929 1519 Cluniensis
1961 1478 2071 1517 coe-

468 1554 647 1620 nobii,
677 1557 740 1608 ut
770 1552 939 1607 nobis
958 1552 1207 1607 relatum
1235 1555 1340 1619 est,
1383 1552 1453 1606 de
1478 1552 1690 1623 Majore
1719 1550 2073 1605 monasterio

470 1658 602 1698 cum
628 1640 911 1696 dedecore
942 1642 1075 1695 sunt
1103 1640 1354 1712 expulsi;
1381 1643 1440 1695 et
1470 1639 1528 1694 id
1561 1638 1705 1695 duos
1733 1641 1962 1693 tantum
1991 1638 2079 1692 fa-

477 1727 683 1785 etionis
712 1727 999 1800 principes
1043 1728 1225 1800 egisse
1272 1727 1677 1800 comperimus,
1710 1742 1956 1800 quorum
1991 1729 2076 1780 te-

474 1817 711 1874 meritas
730 1833 799 1871 eo
829 1816 1156 1888 promptior
1184 1816 1257 1871 ad
1276 1816 1609 1871 audendum
1633 1832 1809 1871 omne
1835 1814 2074 1882 facinus,

2169 664 2440 737 indignus
2466 661 2654 718 officio
2686 660 2923 715 indulta:
2951 656 3356 729 paternitatis.
3393 656 3565 710 Porro
3595 655 3664 710 ad
3699 658 3770 710 ul-

2167 751 2376 808 timum
2426 769 2608 807 unum
2652 748 2992 823 persuadeo,
3047 764 3126 801 ne
3182 743 3499 800 laxioribus
3551 743 3769 799 habenis

2166 858 2365 913 parcas
2414 841 2497 895 illi
2546 842 2742 895 nostro
2788 838 2915 908 jam
2995 833 3263 890 secundo
3315 831 3589 887 fraternae
3629 832 3767 886 necis

2168 931 2408 997 aamulo;
2441 930 2577 1001 quia
2599 925 2878 982 nimirum
2907 924 2992 979 vir
3025 922 3361 995 linguosus,
3396 920 3536 975 utin
3568 920 3674 974 suis
3700 920 3772 973 iu-

2169 1018 2331 1074 sulsis
2354 1017 2558 1073 litteris
2570 1011 3085 1088 agnovi,autbonis
3097 1010 3385 1077 detrahit,
3406 1011 3504 1064 aut
3532 1007 3771 1064 manibus

2171 1108 2229 1163 et
2258 1106 2499 1180 pedibus
2527 1104 2601 1161 ad
2631 1104 2851 1160 malum
2877 1101 3039 1175 quasi
3072 1115 3322 1173 serpens
3350 1097 3526 1168 repit.
3571 1097 3770 1152 Valete.

2773 1208 3115 1265 EPISTOLA
3143 1208 3233 1263 IX.

2565 1316 2640 1354 Αι)
2671 1314 3010 1355 Βειωεκιυκ
3042 1311 3355 1351 ΑΒΒΛΤΕΜ.

2245 1390 2476 1445 Utinam
2506 1388 2700 1444 abbati
2732 1389 2798 1441 Β.
2850 1387 3167 1442 auctoritas
3212 1381 3598 1439 ecclesiastica
3650 1379 3774 1434 nihil

2172 1478 2555 1534 indiscussum
2582 1475 2857 1550 praeterit,
2879 1475 3018 1547 quin
3037 1476 3322 1547 patenter
3335 1473 3540 1527 doceat
3560 1467 3778 1541 qualiter

2173 1567 2482 1623 vivendum
2514 1582 2613 1620 seu
2634 1563 3091 1620 conversandum
3125 1563 3204 1617 sit
3232 1560 3489 1634 prmlatis
3509 1574 3634 1612 cum
3665 1555 3777 1610 sub-

2177 1656 2327 1723 ditis,
2357 1656 2719 1728 qualiterque
2752 1653 2824 1707 de
2852 1652 2966 1707 suis
2995 1649 3331 1706 commissis
3360 1645 3651 1719 judicandi
3680 1644 3780 1697 sint

2177 1745 2400 1819 praelati
2427 1748 2486 1799 et
2516 1743 2750 1808 subditi,
2776 1742 2931 1814 quod
2972 1746 3027 1795 te
3067 1741 3354 1812 ignorare
3386 1754 3505 1792 non
3534 1734 3775 1796 arbitror,

2179 1834 2277 1907 qui
2309 1835 2384 1889 ab
2404 1833 2541 1905 ipsis
2572 1831 2872 1887 cunabulis
2904 1829 3185 1884 educatus
3214 1844 3277 1882 es
3310 1826 3467 1881 inter
3496 1822 3775 1893 magistros

474 1922 587 1979 quo
603 1904 844 1960 faventis
860 1904 1224 1993 οοιξαίιίεώιιιί
1243 1904 1432 1975 major
1447 1908 1533 1959 θεία
1550 1905 2077 1977 Poumtamﬁ-Sint)e
2102 1921 2153 1979 Β
2179 1904 2356 1977 sacrae
2378 1921 2696 1993 religionis,
2712 1936 2818 1974 nec
2840 1916 3193 1988 subterfugit
3207 1915 3500 1987 judicium
3517 1927 3625 1983 quo
3644 1909 3781 1963 dam-

473 2009 749 2066 namque,
782 1995 844 2047 ut
874 1992 1205 2048 inductione
1241 1992 1635 2064 cognovimus,
1669 1993 1901 2048 easdem
1930 1992 2080 2046 vires

473 2082 839 2137 taciturnitas
869 2084 1214 2152 argumento
1272 2080 1510 2149 invehit,
1555 2086 1696 2153 quas
1726 2080 2077 2153 eloquentia,

474 2169 888 2243 quasillationis
904 2169 1307 2224 necessitatem
1337 2169 1573 2241 colligit.
1601 2169 2082 2241 Quandoquidem

476 2262 534 2313 et
560 2257 805 2313 dicenda
830 2260 1021 2311 tacere
1054 2258 1278 2311 malum
1308 2259 1413 2323 est,
1461 2255 1711 2312 tacenda
1743 2256 1933 2311 dicere
1962 2273 2087 2328 pes-

477 2346 713 2402 simum.
743 2343 1127 2415 Quapropter,
1162 2344 1427 2399 omnium
1466 2344 1864 2399 amantissime
1909 2361 2085 2416 quam

478 2433 761 2506 plurimos
772 2432 1033 2503 ejusdem
1046 2432 1516 2504 congregationis
1524 2433 1707 2488 bonos
1731 2433 1937 2488 fratres
1955 2437 2017 2487 ut
2028 2434 2087 2488 in

481 2522 692 2578 melius
703 2521 1014 2593 proficiant
1041 2521 1315 2576 admone.
1338 2521 1785 2578 Murmuratores
1814 2526 2008 2577 autem
2025 2538 2089 2577 ac

482 2610 795 2682 bilingues,
824 2610 887 2662 ut
917 2626 950 2663 a
982 2608 1335 2682 nequissimo
1362 2608 1499 2664 vitio
1519 2606 1808 2678 desinant,
1832 2610 2077 2682 corrige.

483 2696 785 2770 Proposito
815 2697 1080 2768 exemplo
1103 2696 1173 2751 de
1205 2696 1383 2752 veteri
1415 2697 1542 2770 lege
1573 2715 1585 2752 :
1619 2720 1646 2748 ‹‹
1675 2698 1801 2765 Vas,
1843 2719 1872 2747 ››
1902 2698 2091 2771 inquit

481 2786 1332 2861 Moyses,«quodcooperculum
1361 2803 1477 2841 non
1508 2787 1703 2856 habet,
1718 2787 2089 2843 immundum

486 2880 574 2933 est
594 2876 872 2949 (Levit.x1,
894 2877 1003 2945 53),
1022 2894 1054 2928 θ
1068 2875 1203 2948 quia
1219 2875 1360 2930 illud
1374 2893 1435 2931 os
1448 2876 1707 2932 animam
1725 2876 2088 2950 coinquinat,

484 2964 641 3038 quod
670 2964 885 3036 absque
941 2963 1358 3019 moderationis
1390 2965 1684 3020 obstaculo
1731 2966 1805 3021 ad
1853 2981 2091 3021 omnem

480 3051 905 3125 turpitudinem
919 3052 1333 3124 proferendam
1348 3055 1528 3124 patet.
1553 3053 1952 3109 Recordentur
1976 3069 2091 3108 sua:

484 3140 880 3214 professionis,
913 3143 971 3195 et
1003 3140 1227 3194 discant
1279 3140 1495 3196 subditi
1534 3142 1789 3214 praelatis
1829 3141 2088 3208 obedire,

2181 2014 2396 2066 nantur
2422 2011 2509 2064 vel
2541 2009 2915 2063 absolvuntur
2954 2004 3302 2060 criminibus
3352 1999 3623 2074 appetiti;
3651 1994 3778 2051 nosti

2183 2100 2359 2156 etiam
2386 2098 2545 2171 quod
2564 2099 2715 2151 Deus
2740 2111 3016 2168 personas
3046 2110 3168 2148 non
3203 2089 3660 2163 accipit(l)eut.x.
3689 2086 3779 2154 Π),

2186 2191 2244 2244 et
2273 2187 2409 2260 quia
2429 2185 2786 2241 monachalis
2798 2182 3073 2256 professio
3101 2183 3348 2235 inventa
3366 2174 3655 2249 culpabilis
3674 2188 3777 2226 ma-

2188 2276 2276 2349 gis
2306 2276 2546 2330 damnat
2565 2290 2739 2346 quam
2764 2272 2971 2326 liberet
2984 2287 3150 2326 reum
3168 2270 3243 2324 ab
3268 2268 3364 2338 obj
3375 2266 3637 2331 ectis,nec
3653 2261 3781 2313 valet

2190 2364 2265 2420 ad
2296 2363 2696 2420 defensionem
2746 2360 3022 2415 criminis.
3069 2358 3295 2413 Idcirco
3324 2354 3466 2429 quid
3490 2357 3584 2407 tua
3624 2349 3778 2405 refert

2191 2452 2485 2507 bonorum
2532 2451 2783 2505 virorum
2835 2450 3140 2519 expectare
3202 2443 3580 2503 sententiam,
3627 2450 3777 2508 quem

2191 2541 2431 2614 propria
2477 2537 2827 2595 conscientia
2862 2540 3108 2598 accusat,
3162 2532 3518 2606 turpissima»,
3567 2523 3777 2583 actionis

2194 2629 2391 2701 opinio
2420 2627 2704 2683 infamat?
2739 2627 2882 2681 adeo
2908 2627 2987 2691 ut,
3012 2625 3158 2679 sicut
3204 2616 3776 2696 relatuyeridicorum

2194 2716 2391 2784 didici,
2408 2719 2636 2788 partem
2659 2712 3107 2770 abominationis
3125 2711 3430 2767 confessus
3447 2708 3779 2776 detegas,par

2193 2809 2314 2860 tem
2338 2806 2440 2861 sub
2463 2803 2701 2859 nomine
2722 2802 3020 2873 cujusdam
3036 2800 3170 2856 facti
3196 2797 3509 2863 mirabilis,
3534 2792 3778 2848 discretor

2191 2889 2947 2960 vitiorum,abscondas.Sed
2959 2889 3094 2962 quid
3115 2888 3361 2958 prodest
3375 2889 3562 2940 utrum
3582 2880 3776 2953 partem

2190 2981 2350 3049 facti,
2381 2998 2453 3035 an
2475 2980 2693 3035 factum
2724 2979 2959 3045 habeas,
2991 2994 3124 3033 cum
3155 2976 3329 3031 illum
3360 2970 3703 3029 versiculum:

2474 3067 2746 3117 Dimidium
2769 3067 2886 3117 facti
2910 3069 2995 3131 qui
3029 3067 3195 3131 coepit,
3234 3065 3493 3131 habet":

3024 3117 3263 3189 (Heinr,
3291 3125 3388 3189 Ep.
3418 3121 3518 3182 1,2,
3543 3117 3601 3168 40
3619 3118 3652 3179 ).

474 3238 605 3285 non
630 3230 943 3301 imperare;
966 3244 1098 3282 cum
1120 3227 1464 3283 humilitatis
1477 3229 1833 3300 subjectione
1850 3247 1883 3284 a
1895 3229 2090 3303 priore
2118 3195 2166 3256 Ο
2191 3246 2397 3285 omnes
2414 3228 2671 3297 laudent,
2691 3244 2896 3283 omnes
2912 3225 3200 3297 sapienter
3217 3226 3438 3281 dictum
3458 3212 3770 3303 existiment.

482 3314 763 3389 quidlibet
791 3316 1109 3389 requirere,
1142 3332 1259 3371 non
1279 3317 1666 3387 superbiendo
1686 3319 1811 3389 ejus
1840 3317 2090 3389 imperiis

2191 3319 2303 3377 Nec
2331 3320 2385 3372 te
2412 3318 2576 3390 juvat
2599 3317 2697 3372 illa
2726 3333 2853 3388 quae
2883 3319 2970 3370 est
3015 3314 3168 3387 apud
3202 3314 3475 3369 rhetores
3506 3299 3771 3390 translatio

481 3404 911 3460 contradicere:
944 3404 1040 3476 qui
1076 3403 1235 3459 enim
1269 3405 1530 3459 nituntur
1577 3407 1792 3461 collum
1824 3407 2101 3461 excutere
2189 3406 2470 3473 criminis,
2512 3409 2611 3460 aut
2640 3406 3099 3460 transmutatum
3132 3419 3357 3457 nomen
3384 3396 3538 3463 facti,
3568 3386 3769 3464 quando

482 3494 555 3549 de
584 3490 687 3548 sub
706 3493 850 3565 jugo
882 3493 1116 3564 regulas,
1141 3492 1433 3547 seniorem
1460 3497 1750 3549 conantur
1777 3511 1897 3549 non
1931 3494 2093 3548 obse-

480 3597 662 3649 crare,
717 3580 817 3636 sed
843 3580 1166 3651 increpare,
1218 3581 1557 3636 scandalum
1611 3581 1684 3649 ei,
1719 3599 1837 3637 non
1884 3598 2091 3653 pacem

483 3686 779 3742 quaerere;
813 3668 1227 3740 conspirationi
1270 3686 1370 3724 seu
1403 3670 1800 3741 conjurationi
1860 3686 2091 3742 semper

482 3761 754 3832 satagunt
801 3759 1112 3827 inservire;
1162 3775 1267 3814 nec
1316 3762 1586 3814 metuunt
1635 3775 1835 3831 poenas
1887 3761 2091 3831 conju-

479 3847 743 3902 rantibus
762 3847 1105 3919 propositas,
1121 3864 1263 3919 quas
1284 3848 1584 3918 patiuntur
1597 3847 1920 3903 desertores
1936 3847 2091 3902 mili-

480 3936 577 3990 tiae
608 3936 697 3991 vel
746 3936 833 3993 rei
888 3936 1205 4007 majestatis
1258 3935 1651 4009 imperatoriae
1681 3953 1693 3991 :
1728 3954 1835 3992 nec
1866 3937 1940 3991 ad
1980 3937 2089 3992 hoc

482 4028 681 4081 nostra
720 4025 983 4097 procedit
1032 4024 1238 4092 oratio,
1274 4041 1388 4097 quo
1448 4027 1781 4080 sanctorum
1834 4024 2089 4080 virorum

483 4118 655 4186 atque
678 4115 998 4170 electorum
1021 4113 1285 4186 judicum
1326 4115 1414 4168 vel
1469 4112 1807 4169 subtrahere
1838 4114 2091 4169 examini

484 4207 712 4272 patrem
739 4206 837 4274 qui
864 4201 1074 4256 dicitur
1100 4203 1347 4256 incestus
1368 4202 1453 4257 vel
1484 4200 1918 4275 sacrilegus,sed
1944 4201 2088 4257 ﬁlio-

484 4304 615 4343 rum
646 4288 846 4361 pietati
874 4305 938 4344 ac
953 4289 1310 4345 miserationi
1342 4291 1601 4358 consulo,
1627 4307 1701 4346 ne
1715 4290 1888 4347 veluti
1910 4290 2091 4347 Cham

485 4376 809 4431 nuditatem
858 4377 1038 4449 patris
1088 4376 1408 4449 detegant,
1468 4378 1588 4433 imo
1640 4379 1831 4450 potius
1882 4378 2093 4434 aversis

2191 3495 2375 3551 scelus
2433 3494 2591 3566 quod
2620 3495 2674 3548 in
2728 3493 3045 3564 prostibulo
3098 3492 3507 3563 perpetratum
3541 3485 3622 3538 est
3660 3490 3769 3532 cum

2192 3599 2375 3638 uxore
2403 3565 2639 3653 alicujus
2668 3582 2835 3635 aliter
2864 3581 2967 3649 vir,
2997 3580 3166 3635 aliter
3195 3596 3333 3634 reus
3367 3565 3769 3635 nominat;alter

2191 3672 2352 3727 enim
2386 3671 2455 3727 de
2486 3671 2767 3726 adulterio
2801 3669 3081 3742 queritur,
3102 3670 3254 3723 alter
3286 3684 3405 3723 non
3428 3656 3767 3719 adulterium,

2190 3759 2291 3813 sed
2309 3759 2464 3831 quod
2492 3759 2631 3813 fecit
2653 3759 2710 3812 in
2761 3758 3101 3828 prostibula,
3130 3756 3362 3811 licuisse
3384 3753 3609 3809 fatetur.

2188 3830 2345 3901 trum
2386 3850 2583 3901 tamen
2639 3847 2837 3902 firmas
2880 3846 3029 3901 vires
3090 3841 3448 3899 defensionis
3501 3830 3767 3907 suggerit.

2189 3934 2440 3990 maxime
2467 3934 2568 3989 tibi
2590 3937 2687 4007 qui
2710 3935 2977 3989 incentor
3000 3934 3184 3989 factus
3205 3950 3266 3987 es
3300 3920 3660 3986 vitiorum,ad
3680 3918 3769 3970 hoc

2190 4024 2403 4078 electus
2424 4027 2486 4077 ut
2504 4023 2675 4091 ﬁeres
2688 4022 2962 4095 magister
2993 4022 3293 4076 virtutum.
3329 4017 3607 4075 Plurimos
3633 4018 3765 4061 com-

2191 4110 2347 4165 missi
2374 4110 2563 4182 gregis
2592 4112 2690 4165 tuo
2718 4111 2925 4165 morbo
2950 4107 3381 4163 contaminasse
3415 4097 3765 4185 diceris,leprf

2190 4198 2517 4254 foedissimae
2543 4198 2904 4271 contagionis
2925 4196 3240 4269 perdidisse
3270 4175 3765 4275 convincerii'nflll.lil

2191 4286 2347 4342 aliud
2369 4287 2563 4341 dicens
2607 4286 2715 4340 nisi
2748 4286 2883 4358 quia
2913 4285 3119 4353 fecisti,
3152 4284 3255 4339 sed
3288 4302 3409 4340 non
3460 4271 3761 4366 perfecistii

2191 4375 2345 4430 ferro
2372 4375 2611 4442 socium,
2643 4357 2998 4440 imoifilium,
3050 4377 3109 4428 et
3138 4389 3272 4427 eum
3305 4370 3405 4445 qui
3440 4371 3493 4423 te
3522 4377 3627 4420 sum
3655 4357 3762 4445 vili8

482 4464 730 4520 vultibus
755 4439 1114 4519 abscondant
1147 4439 1327 4537 (Gem,
1360 4439 1421 4533 11',
1456 4469 1525 4521 22
1546 4469 1604 4521 et
1629 4439 1741 4535 i3).
1776 4467 1910 4531 Quis
1932 4467 2089 4522 enim
2112 4478 2164 4537 1)
2192 4460 2441 4519 tutorem
2458 4439 3280 4535 elegerat,transfixisti;venen
3294 4439 3391 4515 u-m
3408 4439 3760 4537 eiporrexisli;

484 4554 719 4625 ignorat
739 4552 1001 4626 quodille
1018 4553 1390 4625 postmodum
1414 4557 1719 4627 paternam
1741 4555 2093 4610 maledictio-

391 4686 407 4700 .
483 4658 623 4698 nem
643 4642 711 4711 in
741 4640 987 4714 posteris
1018 4641 1307 4709 sustinuit,
1352 4644 1411 4695 et
1440 4658 1561 4697 non
1594 4641 1842 4699 fratrum
1871 4661 2091 4698 servus-

484 4730 586 4787 sed
636 4746 832 4787 servus
877 4744 1177 4784 servorum
1222 4730 1612 4786 fuit.Tandem
1645 4731 1732 4786 his
1782 4732 2093 4805 praelibatis

484 4836 663 4874 unam
695 4819 765 4875 de
792 4818 999 4874 eadem
1045 4834 1105 4872 re
1133 4818 1605 4873 conditionaliter
1636 4820 2092 4893 propositionem

483 4907 782 4975 sub'nexui,
814 4923 882 4961 ex
913 4922 1028 4979 qua
1043 4906 1311 4961 oriuntur
1330 4906 1647 4978 syllogismi
1679 4925 1823 4980 quos
1853 4909 1924 4963 ab
1956 4913 2090 4964 ante

482 4986 835 5061 cedentibus,
852 4994 1339 5065 consequentibus
1366 5009 1429 5047 ac
1459 4995 1937 5066 repugnantibus,
1964 5000 2021 5051 et
2043 4996 2087 5052 si

480 5086 580 5140 tua
607 5083 856 5139 charitas
887 5100 1003 5138 non
1036 5082 1250 5148 elicuit,
1279 5085 1479 5136 tamen
1510 5084 1821 5139 auctoritas
1855 5084 1970 5139 vim
2000 5102 2097 5141 ne-

479 5173 738 5228 cessaria:
764 5171 1147 5228 conclusionis
1173 5186 1488 5240 suggerere
1514 5169 1720 5242 quibit.
1756 5174 1904 5226 Dum
1936 5173 2093 5228 enim

478 5279 652 5333 super
691 5277 861 5316 causa
889 5258 1147 5314 Bernerii
1178 5258 1334 5330 quod
1385 5275 1585 5313 verum
1637 5260 1723 5312 est
1755 5261 2089 5331 assupseris,

479 5349 618 5421 quid
644 5347 1016 5404 inferendum
1042 5346 1114 5401 sit
1130 5347 1343 5418 absque
1361 5345 1529 5401 ullius
1552 5347 1802 5419 scrupuli
1816 5347 2090 5419 ambiguo

478 5437 877 5493 manifestabis
901 5437 1053 5503 ;haac
1086 5437 1283 5490 autem
1306 5434 1378 5489 sit
1406 5451 1418 5490 :
1449 5435 1627 5490 abbas
1658 5435 1703 5489 si
1744 5437 1941 5508 palam
1961 5454 2091 5493 reus

478 5532 563 5584 est
590 5526 859 5583 intentati
885 5525 1164 5594 criminis,
1198 5524 1476 5597 indignus
1506 5527 1592 5580 est
1622 5523 1813 5582 ofﬁcio
1846 5526 2087 5584 indulta:

478 5616 859 5693 paternitatis.
896 5616 1046 5671 Sane
1078 5616 1155 5670 sic
1187 5618 1436 5672 alterum
1451 5616 1661 5684 existit,
1689 5620 1751 5672 ut
1783 5616 1841 5672 in
1875 5618 2083 5674 abbate

483 5712 583 5766 aut
612 5709 719 5764 hoc
758 5708 857 5763 aut
900 5705 1036 5761 illud
1060 5721 1176 5763 non
1208 5722 1328 5762 esse
1361 5722 1591 5763 necesse
1622 5705 1731 5764 sit:
1765 5723 1882 5764 non
1930 5707 2089 5766 enim

2191 4550 2392 4622 ignem
2421 4534 2591 4606 sacris
2630 4551 2845 4606 aedibus
2876 4549 3120 4621 injecisti
3156 4566 3168 4603 :
3200 4550 3243 4603 si
3298 4549 3454 4603 ferro
3493 4534 3762 4625 transfixus

2192 4640 2393 4708 evasit,
2428 4640 2474 4695 si
2496 4656 2783 4694 venenum
2815 4642 3080 4711 potatum
3132 4655 3250 4691 non
3283 4624 3762 4716 exstinxit,siigf115

2193 4746 2311 4783 non
2351 4728 2656 4795 convaluit,
2690 4731 2746 4782 te
2777 4744 3037 4799 peccasse
3066 4743 3263 4798 negas,
3314 4728 3375 4779 et
3403 4720 3540 4777 nihil
3571 4720 3658 4770 tua
3685 4722 3759 4799 mf

2193 4820 2404 4872 teresse
2446 4816 2724 4872 affirmas.
2761 4816 3065 4887 Resipisce,
3112 4813 3403 4886 resipisce,
3436 4810 3688 4880 inquam,

2195 4905 2267 4959 ad
2299 4909 2355 4960 te
2380 4904 2524 4973 redi;
2558 4905 2808 4977 atque,si
2866 4904 3225 4975 objectorum
3267 4899 3521 4957 conscius
3558 4909 3628 4958 es,
3662 4880 3759 4979 00.“

2197 4994 2436 5049 abhates
2470 4997 2527 5048 et
2559 4994 2875 5049 monachos
2889 4997 3079 5047 tecum
3112 4992 3415 5057 infamare,
3440 4979 3761 5060 quandoqu"

2198 5082 2333 5137 dem
2356 5100 2472 5138 non
2504 5086 2567 5137 tu
2609 5085 2763 5138 solus
2786 5082 2887 5137 sed
2911 5098 3115 5136 omnes
3144 5082 3222 5135 tui
3255 5079 3470 5135 ordinis
3502 5072 3635 5128 tales
3660 5073 3759 5156 θεξο

2196 5173 2530 5240 creduntur,
2554 5173 2670 5243 Ego
2694 5174 2887 5226 autem
2910 5171 2968 5225 in
2988 5170 3210 5226 Christo
3234 5185 3431 5224 verum
3459 5161 3759 5246 fateor

2195 5276 2399 5317 omnes
2437 5261 2534 5335 qui
2563 5263 2705 5316 tales
2735 5263 2868 5315 sunt
2896 5259 3077 5331 qualis
3118 5256 3342 5324 diceris,
3375 5258 3448 5321 et,
3475 5255 3534 5305 ut
3576 5240 3755 5299 audm,

2193 5351 2504 5406 confiteris.
2538 5350 2674 5422 quia
2694 5347 3046 5403 delatoribus
3068 5363 3185 5401 non
3201 5339 3754 5422 coritradicis;0n}llf35’

2191 5437 2452 5512 inquam,
2488 5418 2918 5493 et—monachico
2942 5434 3145 5490 habitu
3172 5438 3227 5488 et
3259 5430 3479 5488 abbatis
3505 5418 3673 5512 officio
3692 5418 3759 5512 ξιι·

2192 5499 2353 5600 digni
2380 5499 2534 5582 sunt.
2571 5527 2780 5580 Verum
2810 5527 3009 5579 tamen
3028 5522 3137 5577 hoc
3159 5522 3312 5577 absit
3332 5538 3366 5575 a
3392 5523 3445 5573 te
3478 5513 3489 5568 !
3517 5508 3659 5604 cujtls
3678 5499 3754 5554 ἀθ·

2189 5615 2538 5679 fensionem,
2589 5615 2631 5669 si
2665 5613 2788 5668 ﬁeri
2827 5615 3033 5683 potest,
3071 5615 3133 5665 ut
3179 5613 3434 5665 nostram
3457 5604 3752 5689 quzcrlrull‘lsf

2195 5722 2308 5780 q-uo
2336 5707 2615 5762 moerente
2644 5702 3037 5768 mecrebimus,
3068 5716 3182 5771 quo
3213 5694 3495 5771 gaudente
3519 5675 3753 5759 gaudebi-
