3876 6172
207 380 287 432 433
1572 371 1948 429 EPISTOIJE.

207 516 320 553 mus:
344 514 430 552 nec
457 495 679 552 differas
727 493 1102 564 audientiam,
1136 513 1348 568 quaeso,
1390 497 1436 551 si
1465 496 1738 552 innocen-
1758 501 1814 560 Α
1836 495 2782 569 propitiationemDominiipsailla
2801 496 3444 569 mulicrmeretur,quae

204 589 313 641 tiam
334 585 585 640 defendis.
617 585 716 639 Sin
753 585 936 651 aliter,
972 583 1242 638 fratribus
1272 585 1498 639 satisfac
1557 586 1731 639 misso
1839 585 2075 658 perjurii
2107 602 2316 640 noxam
2348 586 2648 640 incurrisse
2681 587 3022 657 putabatur;
3057 586 3155 640 sed
3177 587 3446 640 etobste-

203 676 350 730 libello
376 674 606 744 repudii,
639 690 702 728 ac
733 673 959 728 reddita
976 675 1242 744 episcopo
1272 691 1407 730 cura
1436 672 1738 746 pastoralis
1835 674 2071 727 tricibus
2101 674 2470 730 Hebraeorum
2526 676 2675 728 Deus
2706 675 2853 728 bene
2889 674 3085 728 fecisse
3127 675 3266 744 legit
3308 692 3437 746 quae

201 762 464 832 regiminis,
489 765 550 815 ut
578 763 722 816 alter
751 761 848 833 qui
870 761 1076 832 dignus
1103 764 1742 832 estquantociussucce-
1841 761 2145 816 mendacio
2192 779 2292 816 suo
2347 762 2638 817 necandos
2670 761 2918 815 ﬁliorum
2977 763 3145 814 Israel
3177 777 3382 832 pueros
3415 780 3447 815 a

201 852 304 904 dere
322 849 497 922 possit.
531 850 744 903 Valete.
1843 853 2030 904 morte
2059 867 2306 904 servasse
2333 850 2494 904 dictae
2521 855 2654 904 sunt
2684 849 2884 920 (Erod.
2920 867 2958 915 ι,
3011 851 3119 918 20).
3166 849 3447 904 Mendacii

723 937 1058 992 EPISTOLA
1088 939 1148 992 Χ.
1845 938 2018 1008 igitur
2035 943 2090 992 et
2110 939 2345 1010 perjurii
2365 956 2534 994 causa
2554 939 2850 1011 pensanda
2873 943 2976 1007 est,
3001 955 3112 1010 qua
3133 939 3445 1010 aliquando

669 1044 838 1082 Αι)....
889 1043 1235 1082 EPISCOPUM.
1841 1027 2038 1094 levius,
2067 1027 2376 1098 aliquando
2408 1028 2634 1098 gravius
2665 1032 2962 1097 peccatum
2990 1027 3441 1090 committimus,

391 1115 649 1187 episcopo
681 1119 1010 1170 amatorum
1045 1115 1250 1169 Christi
1285 1118 1514 1169 amator
1566 1116 1742 1169 Aeno.
1848 1131 1951 1168 nec
1968 1132 2222 1187 unquam
2241 1116 2455 1186 absque
2475 1119 2706 1187 peccato
2723 1115 3039 1169 mentimur
3062 1115 3446 1186 ;quandoqui-

249 1205 367 1268 Quid
386 1203 815 1274 prositscientia
858 1203 1180 1257 litterarum
1221 1203 1548 1274 agnoscitur
1568 1203 1750 1258 exdif-
1847 1203 1980 1256 dem
2011 1219 2186 1258 omne
2207 1206 2507 1273 peccatum
2528 1221 2594 1257 ex
2621 1203 2850 1257 diabolo
2876 1220 2997 1256 esse
3019 1202 3355 1272 perhibetur
3387 1200 3442 1267 (I

193 1294 395 1347 ﬁcultate
419 1292 825 1364 quaestionum,
845 1308 984 1362 quas
1003 1350 1009 1359 ι
1027 1291 1165 1344 dum
1180 1291 1436 1345 enodare
1457 1290 1747 1361 imperitia
1845 1291 2034 1358 Joan.,
2054 1308 2134 1354 ui,
2153 1290 2227 1362 8).
2244 1291 2389 1345 Alibi
2411 1308 2640 1364 quoque
2663 1291 2939 1346 Dominus
2974 1307 3077 1361 per
3099 1291 3449 1362 Prophetam

193 1382 310 1452 vulgi
335 1381 523 1446 nescit,
555 1396 587 1434 a
614 1380 781 1434 docto
814 1379 1376 1433 carumsententiam
1403 1378 1749 1450 investigare
1849 1379 2126 1451 praecipit,
2166 1381 2539 1449 juramentum
2583 1379 2810 1432 mendax
2863 1396 2928 1432 ne
2977 1379 3211 1448 diligatis
3252 1378 3454 1449 (ΖαεΙρ.

192 1470 459 1535 contendit;
488 1468 536 1522 si
586 1472 775 1522 tamen
807 1468 1102 1537 imperitos
1142 1467 1333 1538 aliqua
1366 1467 1436 1521 de
1481 1467 1750 1522 inauditis
1849 1484 1964 1530 vui,
1995 1467 2078 1536 l7)
2109 1484 2121 1520 :
2155 1471 2213 1522 et
2243 1467 2378 1538 quid
2409 1471 2492 1521 est
2533 1467 2888 1521 mendaciter
2911 1467 3128 1536 jurare,
3159 1466 3267 1520 nisi
3295 1467 3451 1537 pejc-

191 1558 326 1610 rebus
343 1557 616 1610 dubitatio
648 1555 857 1626 attigit.
891 1556 1038 1609 Dum
1062 1554 1223 1608 enim
1249 1555 1306 1608 in
1332 1558 1752 1610 rerumnatura
1849 1555 2020 1609 rare?
2042 1556 2155 1609 Hoc
2186 1558 2380 1609 autem
2408 1558 2562 1609 vetat
2591 1555 2854 1626 diligere,
2889 1571 2956 1608 ac
2986 1555 3029 1608 si
3056 1555 3336 1609 concedat
3357 1552 3442 1606 in-

191 1645 423 1716 quidquid
446 1644 588 1698 illud
620 1646 703 1698 est
731 1643 1007 1714 quaeritur
1038 1660 1109 1697 an
1134 1644 1223 1708 sit,
1257 1642 1394 1714 quid
1415 1642 1507 1704 sit,
1528 1658 1628 1696 cur
1655 1642 1747 1706 sit,
1849 1643 2029 1698 vitum
2055 1645 2335 1715 pejerare,
2354 1644 2672 1714 juxtaillud
2694 1644 2951 1715 Apostoli
2974 1661 2985 1696 :
3015 1643 3143 1698 Non
3163 1643 3305 1715 quod
3336 1643 3450 1695 volo

190 1733 507 1805 elquomodo
522 1733 724 1799 sit,nec
753 1733 1210 1802 hasqumstiones
1228 1731 1750 1803 etiamimperitum
1854 1733 2066 1798 bonum,
2095 1734 2189 1786 hoc
2220 1751 2340 1802 ago,
2375 1733 2464 1786 sed
2505 1733 2645 1804 quod
2698 1735 2816 1786 nolo
2867 1732 3093 1797 malum,
3127 1731 3266 1786 illud
3284 1732 3449 1800 facio.

187 1823 349 1893 vulgus
365 1821 641 1893 praeterit,
659 1824 882 1875 certum
898 1824 983 1874 est
1000 1819 1154 1891 quod
1185 1820 1255 1874 de
1283 1818 1495 1890 ignotis
1511 1818 1750 1873 omnino
1782 1809 1832 1867 Β
1851 1820 1921 1875 Si
1952 1828 2131 1874 autem
2169 1820 2309 1892 quod
2347 1821 2466 1874 nolo
2513 1822 2736 1886 malum,
2759 1822 2854 1874 hoc
2880 1838 3001 1890 ago,
3025 1837 3129 1873 non
3158 1837 3250 1890 ego
3270 1836 3454 1890 aperor

189 1911 323 1963 rebus
350 1910 486 1964 nihil
519 1910 749 1981 quaerit.
778 1910 920 1963 Nam
949 1908 1312 1980 philosophia
1341 1908 1400 1962 in
1427 1907 1514 1962 his
1530 1910 1756 1961 exercet
1853 1909 2004 1972 illud,
2024 1908 2266 1980 sedquod
2283 1909 2565 1963 habitatin
2597 1925 2676 1965 me
2709 1917 2990 1979 peccatum
3025 1910 3229 1980 (Itone,
3253 1925 3347 1971 vn,
3386 1912 3448 1962 If)

186 2015 313 2052 suam
341 2015 580 2070 operam
603 1998 779 2053 etiam
799 2014 924 2068 quae
947 2015 1062 2052 non
1077 2001 1228 2063 sunt,
1247 2001 1308 2051 ut
1336 1996 1475 2051 nihil
1510 1999 1751 2063 naturae,
1854 2004 1904 2052 et
1955 1997 2108 2068 seq.).
2169 1997 2383 2052 Idcirco
2439 1997 2665 2068 cogitur
2695 1998 3018 2051 exclamare
3054 2013 3066 2050 :
3125 1995 3325 2065 Infelix
3353 2013 3446 2065 ego

187 2088 296 2141 nihil
321 2088 662 2143 moralitatis
693 2105 824 2142 eam
853 2087 1108 2158 eﬂ‘ugiat,
1138 2087 1208 2140 de
1237 2087 1439 2158 quibus
1475 2085 1757 2140 subtiliter
1855 2087 2029 2147 homo,
2077 2087 2192 2157 quis
2241 2103 2322 2139 me
2353 2085 2590 2139 libeiabit
2639 2085 2702 2138 de
2742 2103 2956 2156 corpore
3001 2089 3184 2138 mortis
3236 2084 3398 2153 huius
3429 2085 3456 2138 2

183 2175 460 2246 investigat.
492 2176 860 2248 Quapropter
905 2175 974 2229 de
1018 2174 1336 2244 juramenti
1359 2173 1757 2228 observatione
1857 2173 2051 2228 Gratia
2081 2175 2188 2229 Dei
2230 2191 2330 2245 per
2356 2175 2540 2227 Jesum
2573 2172 2854 2229 Christum
2882 2175 3180 2229 Dominum
3210 2179 3452 2226 nostrum

3353 376 3449 430 i131

184 2267 507 2337 proponitur,
547 2283 653 2320 nec
683 2265 882 2336 ignota
907 2263 1202 2335 quaerendi
1225 2263 1316 2317 via
1345 2267 1450 2328 est,
1469 2262 1558 2316 cui
1584 2279 1756 2332 argu-

181 2355 438 2408 mentandi
470 2355 646 2426 capia
671 2356 880 2424 praesto
900 2356 984 2406 est
1013 2369 1025 2406 :
1055 2369 1183 2406 cum
1203 2352 1400 2422 jurare
1429 2351 1570 2404 nihil
1602 2351 1757 2404 aliud

181 2441 236 2493 sit
264 2459 420 2512 quam
445 2443 586 2512 jure
612 2457 800 2495 orare.
834 2440 940 2504 Qui
972 2442 1131 2494 enim
1182 2443 1329 2504 orat,
1365 2442 1647 2509 quantum
1682 2437 1756 2492 ad

186 2530 276 2583 veri
288 2531 523 2603 falsique
542 2529 900 2601 opinionem,
921 2545 1098 2583 unam
1122 2527 1532 2582 tantummodo
1551 2528 1760 2581 tractat

181 2620 421 2673 orationis
449 2618 736 2691 speciem,
769 2617 997 2672 etiamsi
1049 2634 1275 2672 necesse
1308 2619 1393 2670 est
1419 2616 1756 2686 juramento

179 2707 473 2763 obnoxiam.
510 2708 670 2760 Hanc
703 2710 898 2761 autem
927 2706 1250 2761 orationem
1272 2705 1551 2759 dialectici
1582 2721 1761 2760 enun-

177 2795 393 2850 tiativam
425 2797 792 2866 nuncupant,
836 2811 984 2864 quae,
1017 2793 1286 2864 praesenti
1319 2796 1582 2865 tempore
1623 2809 1759 2847 con-

178 2889 323 2952 tenta,
355 2886 723 2957 praeteritum
746 2884 1053 2955 respicitex
1085 2873 1218 2937 facti
1247 2883 1759 2950 actione;futurum

178 2989 283 3027 vero
312 2992 371 3028 ex
402 2974 546 3028 facti
573 2972 1106 3044 promissione.Sed
1133 2972 1266 3025 facti
1289 2971 1435 3026 actio
1468 2969 1762 3026 enuntiari

1860 2261 1964 2333 (Id.
1999 2263 2094 2329 ib.,
2123 2264 2233 2327 2t).
2259 2262 2394 2316 Huic
2416 2262 2717 2316 sententiae
2738 2262 3050 2316 concordat
3075 2261 3214 2314 illud
3241 2261 3457 2326 Tobias,

1859 2351 1957 2423 qui
1988 2351 2156 2405 bonis
2186 2350 2525 2405 naturaliter
2569 2349 2826 2404 moribus
2879 2350 3182 2404 instituens
3229 2349 3412 2402 ﬁlium
3445 2366 3458 2402 :

1864 2462 1891 2490 «
1923 2439 2047 2494 Noli
2082 2439 2268 2510 inquit
2293 2438 2529 2494 mentiri
2559 2455 2733 2493 omne
2767 2437 3156 2492 mendacium.
3188 2460 3214 2485 ι)
3241 2438 3304 2492 Id
3326 2455 3443 2510 pra:

1861 2532 2093 2598 ceptum
2122 2528 2229 2582 hoc
2256 2527 2550 2582 continet:
2602 2528 2721 2581 Non
2773 2526 2932 2580 enim
2964 2524 3265 2580 mendacio
3299 2528 3463 2578 uten-

1861 2617 2000 2671 dum
2032 2619 2136 2683 est,
2169 2616 2276 2670 boc
2308 2619 2413 2682 est,
2435 2615 2686 2687 quodam
2720 2614 3022 2670 mendacio
3051 2613 3330 2668 utendum
3353 2630 3470 2668 non

1862 2708 1965 2761 est.
1998 2705 2411 2758 Verumtamen
2444 2703 2652 2758 veritas
2674 2703 2964 2775 Evangelii
2994 2719 3110 2757 non
3142 2703 3328 2756 solum
3356 2719 3472 2756 non

1863 2793 2044 2860 omni,
2078 2793 2178 2847 sed
2209 2809 2316 2846 nec
2347 2793 2462 2847 ullo
2492 2792 2798 2846 mendacio
2833 2791 3114 2845 utendum
3146 2807 3265 2845 esse
3292 2789 3460 2845 inno-

1864 2881 2093 2946 tuit,ubi
2109 2898 2281 2935 omne
2301 2881 2670 2935 mendacium
2691 2898 2758 2935 ex
2772 2880 3000 2934 diabolo
3015 2896 3134 2933 esse
3150 2879 3470 2950 proposuit.

1865 2968 2151 3040 Quidquid
2174 2968 2331 3023 enim
2363 2985 2430 3022 ex
2461 2969 2691 3023 diabolo
2736 2971 2841 3033 est,
2902 2968 3120 3022 malum
3171 2970 3282 3021 est:
3315 2968 3473 3020 nullo

167 3061 523 3133 jurejurando
581 3064 788 3132 potest,
849 3064 910 3113 ut
945 3060 1180 3114 definite
1210 3076 1344 3114 vera
1399 3060 1485 3113 vel
1521 3059 1662 3114 falsa
1691 3058 1764 3112 sit
1796 3091 1842 3152 Ο
1865 3061 2058 3112 autem
2101 3058 2252 3111 malo
2287 3056 2567 3111 utendum
2599 3059 2716 3122 est,
2779 3057 2935 3110 nullo
2996 3055 3170 3126 igitur
3220 3054 3377 3126 quod
3407 3071 3472 3108 ex

177 3152 298 3219 apud
327 3168 454 3205 eum
489 3150 595 3220 qui
626 3166 750 3203 rem
779 3148 1014 3202 definite
1041 3148 1196 3202 novit
1225 3165 1238 3214 ;
1289 3148 1592 3219 promissio
1624 3163 1757 3202 vero

175 3236 347 3293 futura
369 3238 622 3293 actionis
641 3238 783 3291 sicut
805 3237 1041 3290 definite
1072 3237 1172 3290 sub
1196 3235 1433 3290 scientia
1455 3252 1569 3290 non
1588 3235 1761 3302 cadit,

176 3325 235 3378 ita
245 3327 644 3396 juramentum
665 3327 735 3380 de
755 3325 1050 3395 promissis
1063 3325 1228 3379 rebus
1249 3325 1548 3396 ignoratur
1563 3341 1763 3378 verum

174 3413 347 3470 falsum
380 3434 450 3470 ne
495 3414 796 3470 deﬁnitive
827 3414 918 3481 sit,
950 3413 1055 3467 nisi
1085 3414 1154 3468 de
1181 3413 1268 3467 his
1293 3431 1419 3485 quae
1460 3412 1764 3468 necessitas

174 3507 360 3558 natura
376 3505 532 3559 trahi
545 3505 836 3568 t,utDeum
850 3502 1244 3556 immortalem
1259 3519 1379 3556 esse
1394 3506 1450 3556 et
1462 3502 1764 3556 hominem

175 3594 318 3660 mori;
357 3594 399 3648 si
420 3593 670 3666 quidem
692 3592 927 3646 deﬁnite
953 3609 1151 3645 verum
1183 3595 1268 3646 est
1298 3591 1451 3663 quod
1481 3608 1653 3646 omne
1671 3607 1766 3645 or-

173 3682 272 3734 tum
299 3683 547 3737 occidet.
582 3681 724 3735 Illud
755 3683 946 3735 autem
997 3680 1151 3752 quod
1173 3679 1762 3752 contingit,qu0niam

177 3785 268 3822 non
289 3787 514 3825 necesse
552 3773 639 3825 est
660 3769 807 3836 fieri,
829 3773 886 3822 et
906 3767 1193 3840 opinabile
1217 3769 1528 3839 plurimum
1553 3767 1758 3834 existit,

174 3854 208 3907 si
247 3858 359 3928 quis
375 3857 770 3929 jurejurando
821 3857 1112 3910 affirmare
1143 3857 1229 3909 vel
1277 3872 1489 3925 negare
1522 3855 1765 3909 voluerit

176 3943 398 4012 definite,
453 3948 515 4001 id
553 3945 698 4000 ratio
729 3945 918 4000 facere
944 3961 1062 4000 non
1095 3942 1381 4016 permittit
1415 3960 1428 4010 ;
1482 3942 1761 4014 quoniam

175 4030 228 4085 de
256 4034 730 4107 contingentibus
761 4033 942 4088 causis
972 4032 1342 4104 promissivus
1372 4032 1580 4085 modus
1607 4047 1761 4102 saepe

177 4137 260 4174 nos
284 4124 443 4189 fallit,
474 4127 542 4178 et
583 4123 750 4176 aliter
778 4139 951 4193 quam
982 4125 1250 4193 putamus
1279 4136 1370 4174 res
1392 4136 1523 4174 casu
1550 4120 1636 4173 vel
1667 4135 1764 4173 ne-

175 4211 401 4266 cessitate
433 4211 694 4282 impulsa
723 4211 990 4266 succedlt.
1022 4209 1128 4273 Qui
1159 4226 1297 4280 ergo
1321 4209 1501 4280 jurat,
1529 4225 1600 4263 an
1632 4209 1758 4279 jure

177 4303 292 4363 oret,
334 4301 640 4372 quaeritur,
689 4302 746 4353 et
775 4315 901 4370 quae
945 4297 1267 4369 juramenti
1311 4296 1757 4352 circumstantiae

1865 3145 2094 3200 diabolo
2118 3149 2224 3212 est,
2263 3145 2545 3200 utendum
2573 3147 2678 3200 est.
2708 3145 2775 3198 Et
2809 3160 2983 3199 omne
3010 3142 3378 3198 mendacium
3405 3159 3474 3196 ex

1866 3233 2096 3287 diabolo
2127 3235 2230 3287 est:
2251 3235 2474 3287 nullum
2503 3235 2698 3288 autem
2715 3231 3085 3286 mendacium
3104 3231 3325 3286 bonum
3343 3233 3430 3284 est
3456 3247 3470 3297 ;

1864 3323 2086 3375 nullum
2114 3321 2290 3392 igitur
2303 3322 2458 3393 quod
2480 3338 2546 3375 ex
2563 3321 2792 3376 diabolo
2816 3321 3146 3382 est,bonum
3169 3322 3272 3374 est.
3293 3320 3470 3373 Porro

1865 3410 2162 3483 Scriptura
2186 3411 2356 3466 dicit:
2393 3411 2580 3466 Omnis
2602 3412 2755 3464 homo
2788 3410 3015 3463 mendax
3061 3407 3230 3478 (Psal.
3257 3411 3405 3475 cxv,t
3424 3411 3470 3472 -l)

1866 3503 1970 3566 est,
1995 3499 2278 3571 siquidem
2305 3517 2372 3554 eo
2396 3499 2531 3554 vitio
2559 3500 2877 3553 humanam
2912 3501 3182 3552 naturam
3209 3496 3472 3552 diabolus

1865 3589 2120 3660 corrupit
2144 3607 2158 3657 ;
2189 3593 2247 3643 ut
2269 3593 2324 3643 et
2351 3587 2611 3643 mortalis
2641 3591 2698 3643 et
2721 3587 2970 3642 mendax
2997 3586 3201 3654 sit,nec
3222 3587 3471 3641 mendax

1866 3677 1972 3731 nisi
2007 3677 2162 3732 unde
2193 3678 2474 3746 mortalis,
2503 3694 2608 3731 nec
2634 3677 2896 3733 mortalis
2920 3676 3028 3730 nisi
3052 3676 3204 3730 unde.
3220 3674 3469 3729 mendax

1864 3765 2070 3820 existit.
2097 3768 2156 3820 In
2189 3766 2445 3837 perjurio
2498 3765 2693 3836 igitur,
2723 3766 2832 3822 hoc
2891 3768 2977 3819 est
3031 3765 3089 3818 in
3126 3765 3467 3834 juramento

1864 3854 2130 3908 mendaci
2163 3854 2648 3908 considerandum
2681 3857 2768 3907 est
2815 3853 3016 3907 vitium
3069 3851 3378 3918 mendacii,
3412 3854 3470 3904 et

1865 3942 1920 3996 in
1961 3959 2173 3997 vanum
2203 3946 2561 4014 assumptum
2589 3959 2802 3996 nomen
2840 3939 3466 4011 Domini,quoniamil-

1863 4032 1960 4086 lud
1993 4033 2178 4086 solum
2206 4031 2276 4085 ad
2302 4035 2551 4085 mortem
2568 4029 2796 4094 sufﬁcit,
2821 4030 2986 4098 juxta
3013 4029 3167 4099 quod
3189 4027 3468 4098 scriptum

1864 4124 1984 4176 est:
2021 4121 2091 4175 Os
2120 4120 2259 4191 quod
2286 4121 2560 4184 mentitur,
2581 4117 2772 4172 occidit
2801 4119 3037 4170 animam
3057 4115 3238 4185 (Sap.,
3267 4131 3306 4180 1,
3332 4114 3419 4185 Il)
3450 4133 3463 4182 ;

1863 4210 1952 4264 cui
1991 4209 2128 4262 dum
2161 4209 2315 4262 aliud
2352 4208 2569 4261 malum
2628 4205 2975 4277 supervenit,
3010 4203 3236 4275 gravius
3262 4219 3464 4274 pecca-

1862 4300 1987 4351 tum
2020 4295 2206 4368 gignit
2232 4295 2418 4367 ;quod
2458 4312 2609 4348 nunc
2663 4297 2821 4348 metu
2854 4293 3058 4347 mortis
3084 4291 3468 4346 committitur

174 4384 284 4441 sint.
308 4388 545 4444 Scilicet
573 4389 985 4457 locus,tempus
1023 4390 1079 4441 et
1109 4403 1355 4459 persona
1391 4385 1758 4440 consideran-
1785 4372 1838 4430 D
1862 4400 1966 4456 pro
1999 4383 2214 4437 tuenda
2239 4383 2495 4454 corporis
2517 4383 2718 4448 salute,
2752 4398 2904 4435 nunc
2930 4398 3027 4452 spe
3057 4380 3198 4434 lucri
3229 4396 3332 4451 pro
3352 4379 3470 4434 adi-

176 4477 265 4540 tur,
284 4480 492 4549 quippe
508 4478 557 4531 si
582 4479 706 4531 loco
723 4477 807 4530 vel
835 4481 1097 4546 tempore
1113 4492 1209 4529 seu
1227 4491 1471 4545 persona
1497 4473 1759 4545 legitima

174 4569 409 4632 caruerit,
437 4569 787 4637 juramento
838 4583 968 4619 reus
992 4581 1108 4618 non
1125 4565 1268 4618 erit:
1310 4564 1462 4617 unde
1487 4563 1760 4618 Dominus

175 4653 221 4705 in
243 4654 420 4710 Veteri
439 4657 814 4711 Testamento
840 4670 945 4724 per
970 4654 1196 4724 Moysen
1214 4652 1473 4723 praecipit
1492 4655 1552 4706 ut
1571 4653 1763 4724 puella

175 4757 280 4812 quae
308 4745 496 4800 adhuc
518 4746 580 4800 in
615 4745 790 4799 domo
814 4743 993 4814 patris
1011 4746 1114 4808 est,
1149 4741 1192 4795 si
1207 4745 1402 4795 votum
1436 4740 1762 4796 voveritseu

170 4829 550 4900 jusjurandum
575 4832 876 4898 fecerit,ne
900 4834 1030 4885 voto
1049 4832 1134 4884 vel
1143 4830 1482 4900 juramento
1508 4829 1763 4900 obligata

178 4921 431 4988 teneatur,
465 4923 534 4989 si,
567 4937 698 4974 mox
735 4923 796 4974 ut
819 4920 892 4973 ad
926 4918 1192 4974 notitiam
1221 4916 1476 4989 parentis
1491 4933 1764 4987 pervene-

175 5007 250 5074 rit,
266 5016 518 5079 paternae
541 5008 898 5063 auctoritatis
913 5008 1235 5062 invectione
1259 5005 1550 5077 prohibita
1569 5004 1760 5059 fuerit.

178 5091 390 5151 lulieris
419 5097 818 5163 nihilominus,
847 5113 973 5167 quae
1007 5095 1110 5150 sub
1158 5095 1280 5149 viro
1333 5093 1542 5165 agitur,
1568 5095 1764 5148 votum

178 5185 246 5236 vel
287 5186 691 5254 juramentum
725 5185 951 5239 irritum
981 5183 1099 5249 ﬁat,
1133 5183 1176 5236 si
1205 5183 1380 5236 virilis
1411 5183 1768 5238 auctoritatis

180 5274 423 5344 majestas
437 5292 734 5330 assensum
762 5275 1027 5345 praebere
1049 5272 1320 5339 noluerit,
1343 5271 1460 5326 imo
1485 5273 1769 5343 potius,ea

180 5359 254 5414 die
283 5382 390 5434 qua
421 5367 552 5435 ejus
594 5363 895 5419 stultitiam
927 5360 1300 5431 compererit,
1335 5360 1765 5414 districtissima

181 5455 517 5507 correctione
567 5452 880 5506 inhibuerit
924 5449 1118 5515 (Num.
1145 5465 1280 5510 xxx,
1311 5450 1396 5502 4et
1423 5448 1580 5519 seq.).
1626 5449 1770 5504 Vota

182 5540 312 5594 enim
343 5543 678 5603 stultorum,
711 5543 773 5593 ut
803 5539 882 5614 ait
918 5538 1218 5604 Salomon,
1264 5536 1590 5606 frangenda
1631 5540 1765 5591 sunt

183 5624 390 5696 {Ea-LV,
423 5630 507 5702 3).
529 5628 739 5686 Idcirco
759 5627 973 5684 ibidem
989 5625 1591 5700 Moyses'prosequitur
1611 5625 1768 5699 quod

1861 4471 2142 4544 piscendis
2175 4471 2344 4525 rebus
2368 4470 2645 4536 terrenis;
2675 4473 2734 4524 et
2761 4471 2869 4524 hoc
2902 4468 3221 4540 perjurium
3274 4467 3466 4522 vocari

1861 4561 2094 4630 placuit.
2146 4559 2259 4614 Sed
2289 4575 2393 4631 pro
2415 4559 2632 4613 tuenda
2669 4560 2849 4612 salute
2873 4557 3131 4628 corporis
3164 4559 3464 4628 peccatum

1864 4648 2234 4703 commissum
2279 4664 2396 4701 non
2452 4647 2791 4716 magnifacit
2851 4645 3143 4700 miseratio
3194 4645 3467 4699 humanae
3537 4654 3554 4662 "

1865 4735 2298 4808 compassionis,
2326 4736 2490 4806 juxta
2516 4735 2657 4788 illud
2689 4733 2895 4789 comici
2927 4751 2939 4787 ε

1931 4827 2023 4873 Pro
2047 4839 2227 4887 magno
2248 4829 2453 4888 peccato
2480 4822 2735 4886 paululum
2763 4822 2998 4886 supplicii
3023 4823 3150 4870 satis
3174 4827 3252 4870 est
3274 4820 3398 4884 pati;

2388 4905 2640 4973 (Tenum,
2665 4907 2720 4956 in
2739 4904 2916 4970 And.,
2951 4906 3061 4957 act.
3104 4903 3167 4956 V.
3199 4919 3342 4957 scen.
3370 4917 3456 4956 ιιι.

1867 5006 2054 5057 metus
2085 5002 2242 5056 enim
2274 5003 2332 5056 et
2370 5001 2555 5072 pietas
2584 5001 2884 5072 aequaliter
2933 5000 3174 5054 flectunt
3202 4999 3467 5054 animum

1861 5091 2072 5164 judicis
2088 5091 2160 5145 ad
2175 5089 2762 5160 misericordiam,qui
2795 5089 3014 5143 trutina
3029 5088 3169 5160 justi
3192 5087 3472 5143 examinis

1869 5182 2184 5251 distinguat
2214 5178 2455 5233 modum
2489 5180 2671 5250 culpae
2705 5178 2931 5232 levioris
2963 5181 3021 5234 et
3049 5176 3362 5248 gravioris;
3398 5175 3472 5230 si-

1871 5269 2105 5340 quidem
2133 5267 2391 5337 ejusdem
2410 5267 2554 5338 legis
2576 5265 3119 5338 capitula,quamvis
3139 5264 3245 5318 sibi
3264 5263 3470 5316 videan

1869 5361 1965 5412 tur
1993 5357 2498 5423 contraria,nullus
2512 5357 2766 5426 praeterit
2779 5357 2885 5410 nisi
2909 5359 3298 5425 transgressor
3312 5350 3474 5421 legis,

1871 5463 2046 5518 quem
2078 5451 2274 5500 tamen
2318 5445 2629 5517 aliquando
2669 5449 2857 5499 metus
2900 5444 2986 5497 vel
3015 5444 3196 5513 pietas
3217 5437 3473 5495 absolvit.

1870 5536 2127 5608 Denique
2148 5536 2236 5588 lex
2253 5533 2424 5605 jussit
2447 5535 2800 5589 utmasculus
2815 5531 2911 5604 qui
2935 5532 3178 5586 intraret
3195 5527 3481 5598 templum

1871 5625 2125 5694 Veneris,
2157 5624 2342 5698 capite
2372 5624 2714 5697 puniretur;
2755 5621 3042 5695 siquidem
3084 5617 3255 5691 jussit
3290 5619 3351 5671 ut
3382 5613 3481 5689 qui
