3876 6172
463 414 567 476 435
1534 417 1591 473 S.
1623 416 1916 475 ABBONIS
1950 415 2238 474 ABBATIS
2287 410 2780 474 FbORIACENSIS
3602 424 3685 482 £38

457 546 707 601 matrem
742 542 882 599 caedi
915 540 1151 610 videret,
1188 541 1291 598 nisi
1322 560 1448 599 eam
1471 542 1945 618 eriperet,capite
1975 561 2072 616 pu-
2092 549 2146 609 Α
2167 547 2576 617 argumentum
2608 560 2642 598 a
2672 547 2811 600 nota
2836 542 3106 599 facillime
3128 541 3378 612 dissolvit,
3397 544 3690 620 dumjurare

458 635 679 689 nitetur
708 650 719 686 :
746 632 985 703 quidam
1020 631 1459 705 itaquejuvenis
1491 633 1548 687 in
1582 635 1798 706 templo
1825 633 2065 689 Veneris
2170 633 2390 704 sitjure
2442 650 2607 687 orare
2642 650 2654 686 :
2689 631 2786 704 qui
2835 631 2991 686 enim
3044 632 3181 686 falso
3228 632 3535 690 veraciterve
3573 641 3693 696 orat.

456 726 704 776 matrem
726 721 866 775 czcdi
888 721 1044 786 vidit,
1068 726 1144 787 et,
1171 721 1459 792 ingressus
1480 724 1781 794 templum,
1815 726 2065 777 matrem
2162 739 2293 792 jure
2315 725 2414 776 aut
2445 721 2709 790 nonjure
2741 720 3253 793 pronuntiat;jure
3273 722 3447 774 autem
3481 726 3589 777 orat
3611 725 3690 794 qui

454 809 683 881 eripuit.
727 809 1013 872 Quaeritur
1058 809 1194 879 quid
1234 810 1419 880 magis
1443 811 1746 866 observare
1776 811 2064 875 debuerit,
2169 827 2202 864 a
2238 811 2474 864 veritate
2508 826 2624 863 non
2661 810 2932 874 declinat,
2981 826 3099 863 non
3146 808 3271 879 jure
3299 824 3421 863 vero
3466 810 3550 881 qui
3577 812 3701 880 cogit

453 896 592 951 dum
628 900 876 951 matrem
903 896 1348 959 credividit;seu
1370 899 1525 952 enim
1555 898 2062 964 intraret,seunon
2169 897 2465 952 veritatem
2502 898 2789 952 involvere
2837 897 3165 965 mendacio;
3215 914 3313 951 nec
3349 898 3468 968 jure
3496 899 3702 969 raptoris

451 987 715 1051 intraret,
740 987 925 1057 capite
966 986 1289 1057 puniendus
1321 990 1480 1041 erat:
1526 988 1625 1041 sed
1648 989 1829 1057 pietas
1848 988 2062 1058 prazju-
2167 984 2501 1039 violentiam
2534 984 2797 1052 sustinet,
2834 984 2930 1057 qui
2954 985 3108 1055 jus'te
3135 984 3344 1055 accepit
3370 984 3511 1055 quod
3539 985 3701 1039 habet.

451 1075 621 1140 dicat,
656 1091 783 1145 qua:
834 1090 935 1143 pro
963 1075 1161 1129 matris
1186 1074 1392 1129 affectu
1423 1092 1556 1129 cum
1589 1075 1833 1129 utilitate
1858 1080 1915 1129 et
1944 1077 2017 1130 ll.)
2036 1108 2056 1117 -
2167 1073 2349 1128 Debet
2378 1073 2554 1144 igitur
2568 1076 2833 1143 repetere
2858 1071 3305 1144 quidquidjustc
3329 1071 3703 1142 habuit,injuste

459 1167 678 1217 nestate
715 1168 1042 1217 accusatum
1085 1168 1311 1235 purgat.
1338 1164 1551 1218 Similis
1577 1167 1661 1217 est
1684 1165 1771 1218 lex
1793 1165 1962 1235 Moysi
1995 1166 2065 1220 de
2167 1160 2438 1231 perdidit.
2475 1163 2748 1215 Attamen
2770 1160 3006 1231 juravit,
3036 1159 3346 1231 aitaliquis,
3367 1159 3488 1213 licet
3514 1159 3707 1213 defendi

460 1251 891 1305 circumcisione
914 1251 1095 1322 pueri,
1124 1252 1167 1305 si
1191 1253 1312 1322 ejus
1339 1255 1538 1306 octava
1554 1252 1675 1306 dies
1704 1268 1738 1305 a
1770 1253 2064 1307 nativitate
2166 1249 2702 1320 possitnonjurasse
2716 1245 3706 1319 quinonoravitjure,quandoquidcm

463 1340 971 1411 contigeritiGen”
1007 1358 1134 1407 xvn,
1172 1346 1275 1411 l2).
1318 1344 1381 1395 In
1424 1342 1577 1396 Novo
1607 1358 1837 1412 quoque
1870 1343 2063 1396 Testa-
2165 1337 2238 1391 ad
2270 1337 2353 1390 sui
2385 1336 2781 1391 defensionem
2808 1341 2980 1408 atque
3013 1336 3085 1390 ad
3103 1336 3380 1391 abluenda
3408 1334 3712 1389 criminadat

466 1433 660 1483 mento
706 1430 837 1483 alibi
890 1446 1030 1483 uxor
1075 1430 1391 1499 diligenda,
1434 1430 1567 1485 alibi
1609 1430 1741 1485 odio
1797 1430 2066 1484 habenda
2166 1424 3039 1495 locumjuridicialisclcmcntia
3062 1426 3222 1479 etlex
3254 1424 3453 1479 divina.
3473 1422 3524 1477 Si
3552 1425 3711 1476 autem

465 1516 620 1582 (Luc.
654 1533 764 1583 x1v,
791 1521 885 1583 26)
922 1517 1273 1588 przecipitur,
1312 1535 1438 1588 quae
1474 1518 1675 1573 omnia
1707 1502 2069 1573 discretionis
2173 1512 2468 1569 audientia
2512 1513 2893 1580 subtrahitur,
2928 1530 3046 1567 non
3096 1513 3226 1584 jure
3282 1511 3380 1566 sed
3422 1509 3713 1566 crudelitate

461 1603 553 1657 ille
585 1604 807 1673 gladius
837 1609 1086 1675 separat,
1112 1622 1285 1677 quem
1316 1606 1731 1677 ignoraverunt
1760 1606 2067 1679 Judaei,qui
2172 1601 2427 1657 exhibita
2454 1601 2791 1657 innocentia
2821 1602 3137 1664 damnﬁlm‘
3171 1618 3183 1655 ἒ
3218 1617 3373 1666 nam.
3408 1600 3540 1654 Sicut
3565 1598 3716 1668 malus

461 1691 532 1746 ad
559 1692 1078 1763 interrogationem
1108 1695 1239 1748 Jesu
1288 1695 1357 1748 de
1397 1694 1684 1766 baptismo
1725 1696 1963 1750 Joannis
1997 1695 2066 1750 ti-
2171 1692 2469 1761 peccatum
2506 1690 2791 1745 fuitJuda:
2840 1690 3121 1745 tradentis
3149 1706 3320 1762 quam
3351 1687 3503 1742 Pilati
3530 1685 3719 1741 cruciﬁ-

463 1784 688 1834 mentcs
710 1780 978 1852 utrinque
1006 1781 1185 1849 feriri,
1218 1782 1454 1837 hebetes
1484 1787 1619 1838 sunt
1652 1784 1785 1838 facti
1817 1783 2066 1855 (Mallia,
2170 1778 2381 1849 gentis,
2414 1778 2493 1833 ita
2536 1779 2723 1849 majus
2754 1782 3052 1849 peccatum
3087 1781 3173 1831 est
3221 1777 3469 1848 pejerare
3507 1773 3721 1844 cogentis

467 1885 577 1933 ιιι,
610 1871 698 1935 25,
726 1868 836 1941 26).

2187 1882 2347 1937 quam
2386 1867 2508 1937 ejus
2541 1866 2638 1938 qui
2698 1862 2975 1922 innocens
3026 1864 3251 1936 pejerat
3290 1865 3488 1918 timore
3534 1861 3718 1927 mortis;

533 1956 820 2011 Caeterum
846 1958 1099 2028 quianos
1121 1959 1538 2031 dejuramento
1556 1961 1849 2032 caspimus,
1875 1960 2067 2016 dicen-
2175 1955 2648 2027 quandoquidem
2706 1956 2927 2021 PetruS,
2961 1955 3101 2010 dum
3140 1953 3288 2008 mori
3331 1951 3530 2015 timuit.
3569 1950 3722 2003 Vitam

471 2044 610 2099 dum
636 2049 720 2100 est
749 2046 905 2117 quod
936 2052 1161 2102 remota
1193 2049 1505 2119 cupiditate
1540 2049 1837 2104 neminem
1866 2052 2071 2121 sponte
2174 2043 2423 2114 negavit.
2454 2044 2887 2111 Verumtamen,
2914 2043 3189 2097 humanas
3220 2039 3508 2112 fragilitati
3533 2053 3726 2107 compa-

467 2132 712 2188 delectet
730 2135 963 2205 jurare;
990 2136 1090 2190 sed
1120 2138 1539 2209 szepiusamalo
1566 2142 1651 2193 est
1671 2138 2070 2208 juramentum
2172 2132 2340 2200 tiens,
2383 2132 2631 2205 respexit
2666 2132 2943 2187 Dominus
2980 2133 3216 2186 Petrum
3261 2133 3318 2185 et
3346 2130 3462 2200 ejus
3488 2129 3728 2198 lacrymas

467 2224 529 2275 ut
554 2222 634 2275 ait
660 2223 1031 2293 Evangelium
1066 2222 1290 2294 (Matth.
1320 2243 1372 2291 ν,
1406 2227 1513 2296 3t).
1547 2226 1690 2279 Nam
1721 2225 2072 2279 malusdives
2173 2221 2379 2292 quibus
2408 2219 2561 2275 flevit
2584 2237 2801 2288 amare,
2835 2224 2891 2274 et
2916 2236 3034 2274 non
3087 2219 3303 2291 legitur
3334 2234 3428 2272 eos
3461 2214 3727 2287 respexisse

476 2308 754 2380 opprimit
771 2326 1109 2380 pauperem,
1142 2313 1325 2366 malus
1349 2314 1492 2368 latro
1525 2313 1731 2385 spoliat
1758 2314 2067 2382 viatorem,
2173 2327 2417 2380 quorum
2441 2313 2662 2365 terrore
2690 2309 2953 2364 defecita
2973 2309 3182 2363 Christi
3205 2306 3569 2371 confessione;
3588 2301 3729 2372 siqui-

469 2398 654 2450 malus
680 2399 1351 2470 calumniatordisccptat
1363 2401 1971 2468 contrainnocentem;
1987 2405 2071 2455 at-
2173 2397 2307 2451 dem
2338 2398 2577 2452 incurrit
2593 2414 2710 2452 non
2726 2397 3077 2452 dissimiliter
3095 2397 3318 2469 peccati
3342 2397 3556 2450 foveam
3576 2391 3732 2460 hujus-

473 2500 580 2554 que
609 2484 687 2538 ita
715 2486 915 2557 nequit
935 2486 1113 2539 miser
1133 2486 1383 2558 effugere
1406 2489 1639 2558 laqueos
1655 2488 2073 2560 inimici,quem
2172 2486 2332 2540 modi
2351 2490 2593 2557 negator
2609 2490 2667 2539 et
2683 2486 3107 2563 pejerans,cum
3131 2486 3302 2540 etille
3319 2499 3526 2538 nomen
3547 2475 3733 2563 meini

472 2573 599 2642 plus
629 2589 792 2643 cequo
824 2574 1040 2643 patitur
1075 2575 1358 2644 ignobilis.
1392 2576 1541 2629 Dum
1590 2576 1768 2643 enim,
1802 2576 2074 2631 violentia
2173 2574 2436 2628 confiteri
2468 2574 2837 2641 erubescit,ct
2866 2574 2969 2628 iste
3001 2574 3061 2627 in
3093 2590 3310 2628 vanum
3336 2571 3578 2636 assumit,
3606 2566 3732 2621 vide-

479 2660 762 2714 exactoris
786 2678 960 2732 quem
996 2662 1174 2716 vitare
1205 2664 1529 2735 nequimus,
1556 2664 1753 2734 jurare
1787 2664 2069 2734 cogimur,
2173 2661 2326 2733 licet,
2354 2666 2635 2735 quantum
2663 2666 2747 2718 est
2772 2662 2830 2716 in
2867 2680 2947 2732 se,
2976 2666 3075 2718 aut
3100 2662 3312 2717 timore
3342 2664 3440 2716 aut
3467 2656 3735 2729 cupiditate

474 2748 860 2819 aliquandoin
891 2751 1212 2822 perjurium
1235 2752 1488 2806 labimur
1517 2752 1858 2806 necessitate
1891 2751 2072 2808 coacti
2173 2749 2254 2823 (et
2278 2750 2590 2822 cupiditate
2611 2750 2846 2822 quidem
2877 2750 3021 2805 sicut
3058 2751 3412 2822 negotiator,
3449 2748 3638 2802 timore
3656 2759 3735 2796 au-

473 2840 572 2891 aut
605 2838 991 2908 quorumdam
1014 2840 1320 2894 malesarta
1344 2840 1530 2912 gratia
1560 2840 1759 2907 illecti;
1789 2840 2074 2911 siquidem
2174 2843 2291 2894 tem
2330 2840 2473 2895 sicut
2503 2839 2636 2894 fidei
2666 2839 2874 2894 invitus
2907 2840 3191 2911 proditor)
3219 2858 3233 2908 ;
3282 2839 3434 2893 unde
3477 2836 3735 2907 Scriptura

476 2925 721 2991 adulter,
750 2925 1026 2997 fugiendo
1071 2932 1322 2982 mortem
1374 2929 1781 3000 temporalem,
1838 2928 2077 2984 absolvit
2174 2927 2371 2982 divina
2384 2928 2582 2999 jurare
2609 2928 2900 2999 prohibet,
2933 2932 2991 2983 et
3034 2929 3274 2984 additur
3300 2924 3517 2999 quare?
3561 2921 3740 2976 scilicet

475 3029 535 3067 se
583 3018 948 3070 sacramento
994 3033 1110 3071 non
1145 3033 1264 3071 esse
1294 3033 1458 3071 reum
1492 3017 1778 3084 adulterii,
1826 3022 1884 3072 et
1908 3017 1987 3072 ita
2017 3034 2076 3072 se
2175 3015 2407 3071 neforte
2430 3016 2714 3087 perjuret;
2739 3015 2873 3087 quia
2895 3016 3743 3088 perjurare,nonjurare,pecca-

478 3104 710 3157 acterna:
742 3104 917 3158 morti
949 3103 1185 3159 addixit.
1216 3104 1462 3168 Quidam
1493 3105 1667 3159 etiam
1721 3106 1780 3159 in
1823 3107 2076 3162 tumultu
2102 3139 2150 3198 Ο
2174 3108 2298 3159 tum
2321 3109 2422 3159 est.
2455 3105 2597 3160 Alibi
2625 3122 2856 3177 quoque
2876 3105 3158 3176 scriptum
3190 3110 3316 3160 est:
3349 3098 3741 3195 JuravilDemi-

474 3206 575 3244 seu
601 3190 1031 3261 conspiratione
1063 3192 1298 3247 militari
1321 3192 1537 3263 juravit
1586 3196 1837 3248 mortem
1871 3196 2077 3268 Optimi
2105 3186 2150 3198 ν’
2177 3210 2297 3262 nus,
2326 3202 2375 3247 et
2415 3211 2520 3248 non
2545 3194 2821 3265 paenitebit
2851 3210 2971 3248 eum
3025 3193 3208 3263 (Psal.
3242 3210 3364 3261 cxx,
3395 3194 3472 3262 4),
3504 3186 3744 3262 quoniam

484 3278 871 3350 imperatoris.
904 3282 973 3334 Et
1002 3281 1140 3352 quid
1163 3282 1351 3336 dicam
1372 3282 1400 3336 ‘l
1439 3283 1535 3335 llle
1545 3282 1669 3351 jam
1693 3283 1899 3337 occidit
1917 3301 2080 3340 suam
2175 3282 2595 3353 juramentum,
2627 3282 2728 3336 sed
2757 3282 3006 3337 mendax
3026 3285 3285 3351 tantum,
3313 3280 3564 3353 sequitur
3594 3272 3746 3349 paeni-

479 3369 761 3435 animam,
784 3370 917 3423 licet
952 3370 1173 3424 Veritas
1222 3370 1409 3424 dicat:
1449 3371 1637 3427 Nolite
1663 3374 1844 3427 timere
1873 3390 1957 3427 eos
1986 3377 2083 3446 qui
2180 3370 3525 3441 tentieeremediumllazcdejuramentissponte
3547 3358 3750 3436 prolatis

480 3456 724 3509 occidunt
753 3473 958 3526 corpus,
990 3460 1227 3511 animam
1250 3465 1426 3512 autem
1453 3476 1556 3514 non
1565 3469 1791 3530 possunt
1813 3462 2080 3517 occidere?
2177 3462 2236 3513 et
2265 3458 2548 3513 violenter
2595 3458 2829 3514 extortis
2871 3461 2983 3513 tute
3013 3458 3373 3514 fraternitati
3417 3453 3656 3510 scribens
3681 3447 3749 3502 di-

479 3542 704 3612 (Matlh.
735 3561 789 3611 x,
824 3545 935 3607 28.)
954 3546 1062 3599 Iste
1088 3562 1221 3598 vero
1255 3546 1311 3600 in
1335 3547 1638 3603 affectione
1665 3551 1880 3620 peccati
1894 3550 2079 3605 adhuc
2182 3546 2369 3614 stinxi,
2399 3550 2456 3601 et
2482 3563 2686 3602 eorum
2706 3546 3063 3601 differentias
3092 3546 3332 3618 collegi,
3366 3548 3450 3614 ut,
3480 3542 3753 3614 postquam

479 3631 797 3699 deliberat;
827 3636 998 3704 atque
1032 3632 1134 3687 sub
1168 3634 1425 3704 partibus
1456 3635 1886 3693 deliberationis
1940 3639 2077 3710 quid
2177 3635 2250 3689 ad
2268 3639 2380 3690 tua:
2412 3635 2633 3707 peritiae
2664 3634 2975 3690 sacrarium
2996 3634 3400 3707 pervenerint,
3424 3634 3627 3701 tuoque
3653 3640 3756 3680 exa-

478 3718 552 3774 sit
595 3719 782 3774 utilius
836 3723 923 3775 vel
962 3721 1255 3775 honestius
1297 3723 1571 3791 consulit;
1628 3724 1718 3779 cui
1757 3728 2075 3783 consulenti
2176 3723 2333 3778 mine
2366 3724 2686 3795 quibusque
2709 3723 2979 3777 fratribus
3001 3723 3353 3793 placuerint,
3379 3721 3567 3793 palam
3593 3710 3753 3771 omni-

478 3808 743 3878 exemplo
774 3808 847 3863 sit
869 3808 1082 3863 faclum
1114 3809 1264 3863 illius
1308 3828 1485 3866 manu
1537 3812 1721 3880 fortis,
1769 3815 1887 3886 qui,
1919 3819 2075 3887 post-
2174 3813 2897 3886 busrecitaripossmt.Nec
2912 3811 3105 3866 differt
3134 3812 3184 3866 is
3207 3811 3308 3884 qui
3329 3801 3759 3882 jurarecompel-

476 3912 654 3966 quam
679 3897 891 3967 juravit
919 3898 1384 3953 interfectionem
1432 3901 1605 3955 Nabal
1664 3902 1767 3956 viri
1813 3905 1970 3958 stulti
2020 3908 2079 3958 et
2173 3902 2309 3957 litur
2328 3903 2399 3957 ab
2431 3918 2498 3956 eo
2525 3901 2623 3972 qui
2647 3900 2931 3955 violenter
2958 3900 3315 3971 baptizatur,
3349 3900 3396 3954 si
3426 3901 3656 3966 uterque
3681 3906 3758 3943 sa-

476 3984 661 4058 impii,
686 3987 1014 4043 interventu
1042 3988 1310 4059 Abigahil
1348 3990 1648 4061 prudentis
1677 3991 1909 4048 femina:
1950 4010 2075 4048 ma-
2174 3990 2458 4046 cramenti
2497 3990 2741 4045 violator
2768 3989 3082 4056 habeatur;
3131 3988 3449 4061 quoniam,
3480 3989 3543 4041 ut
3571 3982 3643 4038 ait
3666 3982 3761 4033 Au-

476 4074 583 4128 luit
607 4075 925 4146 perjurium
958 4076 1293 4147 paenitendo
1326 4079 1540 4147 delere,
1573 4097 1748 4151 quam
1785 4087 2077 4155 perpetra-
2174 4069 3759 4151 gustinus,«adEcclesiampotesttrahiuolens,accedere

476 4163 867 4233 tqhomicidio
892 4166 1027 4219 mali
1051 4165 1163 4220 voti
1184 4182 1421 4237 compos
1442 4168 1682 4223 existere
1696 4168 1748 4242 (1
1768 4169 1878 4241 Reg
1912 4176 2072 4239 ,xxv).
2175 4169 2248 4224 ad
2280 4170 2458 4224 altare
2488 4171 2676 4241 potest
2708 4166 3202 4238 nolens,accipere
3234 4168 3436 4238 potest
3464 4173 3762 4221 sacramen-

477 4249 841 4320 Quapropter
871 4253 913 4306 si
947 4270 1117 4323 quem
1168 4254 1403 4324 jurandi
1436 4259 1789 4314 consuetudo
1821 4260 1894 4313 ad
1924 4262 2077 4315 hunc
2176 4264 2298 4314 tum
2328 4260 2554 4327 nolens,
2585 4258 2823 4314 credere
2845 4273 2963 4311 non
2994 4259 3190 4328 potest
3231 4257 3346 4314 nisi
3377 4257 3591 4319 volens,
3608 4249 3761 4304 ﬁdem

476 4338 691 4392 exitum
717 4340 904 4411 vergit
928 4358 1041 4412 quo
1073 4343 1377 4415 plerosque
1406 4346 1587 4399 Deum
1621 4347 1923 4403 offendisse
1958 4367 2074 4405 non
2096 4416 2135 4421 _
2175 4348 2233 4403 in
2266 4349 2437 4405 corde
2452 4366 2565 4403 non
2592 4351 2779 4421 potest
2797 4364 3024 4403 servare
3047 4346 3157 4401 nisi
3180 4347 3409 4402 volens.
3429 4340 3764 4415 Quapl‘oplﬁr

480 4425 679 4491 nescit,
735 4428 1044 4483 suademus
1101 4430 1372 4487 aliorsum
1428 4433 1635 4504 pedem
1669 4435 1869 4491 leviter
1898 4438 2075 4509 figere
2096 4416 2150 4476 D
2174 4440 2371 4493 caveat
2400 4436 2524 4508 quis
2549 4416 2622 4491 ad
2645 4439 3009 4491 sacramenta
3033 4433 3169 4489 fidei
3202 4435 3511 4490 nolentem
3541 4424 3763 4497 compel-

474 4514 663 4587 potius
689 4533 862 4587 quam
896 4518 1005 4571 tale
1037 4520 1416 4589 praecipitium
1431 4527 1725 4593 appetere,
1745 4542 1858 4596 quo
1874 4526 2076 4582 difﬁci-
2171 4527 2311 4594 lere,
2343 4542 2415 4578 ne
2461 4523 2849 4578 damnationis
2891 4522 3173 4595 compede
3224 4540 3289 4578 se
3323 4521 3520 4595 potius
3574 4514 3765 4584 obliget

469 4603 580 4656 lior
605 4604 942 4675 resurgendi
969 4623 1096 4677 spes
1126 4608 1304 4677 possit
1328 4608 1637 4668 inesse.Sic
1665 4613 1737 4668 de
1768 4614 2070 4687 naufragio
2172 4631 2344 4687 quam
2401 4614 2565 4668 illum
2597 4629 2772 4684 quem
2818 4612 3040 4667 violata:
3071 4611 3206 4666 fidei
3251 4628 3427 4667 reum
3461 4605 3763 4665 existimat;

470 4691 713 4747 obsessae
744 4692 984 4748 civitatis
1016 4695 1259 4750 evadere
1303 4697 1621 4767 cupientes,
1654 4700 1812 4756 illam
1842 4709 2069 4773 partem
2168 4721 2307 4759 nam
2320 4702 2523 4757 veneni
2569 4701 2908 4774 propinator
2937 4703 3242 4772 etpotator
3257 4704 3508 4772 uterque
3521 4692 3765 4753 moritur,

468 4779 619 4834 muri
651 4783 926 4851 expetunt
947 4798 1121 4853 quam
1147 4783 1472 4841 breviorem
1505 4792 1809 4858 noverunt;
1839 4808 2069 4865 semper
2165 4792 2266 4847 sed
2291 4793 2383 4847 ille
2412 4790 2473 4846 in
2504 4790 2718 4857 anima,
2742 4789 2848 4845 iste
2863 4788 3350 4859 violatacorporis
3363 4792 3574 4843 natura
3589 4782 3767 4858 (Αυςιν

428 4934 433 4937 Α
466 4868 622 4923 enim
655 4869 905 4925 hostium
936 4871 1129 4926 cuneis
1158 4872 1512 4929 circumsessi
1543 4893 1714 4948 grave
1747 4879 2066 4951 periculum
2169 4881 2355 4947 Tract,
2389 4896 2551 4943 xxvr,
2573 4880 2627 4932 in
2655 4877 2871 4950 Joan.).
2899 4896 2930 4930 »
2951 4876 3113 4932 Unde
3132 4893 3229 4931 me
3254 4876 3440 4931 ttedet
3459 4874 3588 4929 vita:
3618 4882 3766 4927 mea}.

461 4958 877 5028 vitamus,dum
912 4960 1175 5015 evadenti
1199 4962 1417 5017 aditum
1439 4968 2063 5040 quierimus;siquidem
2167 4972 2225 5024 et
2249 4967 2561 5040 aliquando
2581 4966 2716 5021 satis
2738 4967 3127 5037 lacrymarum
3160 4964 3432 5031 effunde,
3468 4964 3606 5018 dum
3627 4959 3771 5013 iuno-

461 5047 626 5101 multi
660 5049 988 5120 labyrintho
1003 5051 1215 5105 erroris
1230 5052 1548 5123 perjurium
1576 5055 1753 5111 vitare
1768 5065 2067 5129 nequeunt
2164 5061 2395 5112 centum
2420 5054 2776 5112 calamitates
2805 5053 3054 5121 intueor,
3084 5056 3302 5109 etcum
3336 5053 3423 5108 eis
3454 5051 3570 5107 vim
3592 5058 3770 5121 passus

412 5198 417 5201 τ
460 5136 599 5191 dum
630 5136 877 5207 idipsum
929 5140 1084 5212 quod
1117 5142 1261 5195 alter
1280 5141 1658 5214 jurisjurandi
1700 5152 2061 5203 sacramento
2163 5147 2484 5201 exclamare
2504 5144 2862 5214 compellor:
2895 5141 3144 5208 Domine,
3166 5141 3342 5196 libera
3363 5144 3771 5195 animammeam

459 5226 682 5291 astruit,
715 5228 859 5282 alter
889 5246 1082 5283 rursus
1134 5231 1462 5300 iuramento
1496 5252 1709 5306 negare
1740 5237 2061 5307 contendit,
2162 5253 2194 5289 a
2225 5234 2381 5289 labiis
2413 5233 2630 5304 iniquis,
2664 5230 2941 5302 quoniam
2964 5247 3083 5284 cum
3113 5230 3193 5283 his
3224 5232 3328 5301 qui
3359 5228 3771 5296 oderantpacem

461 5317 519 5368 et
542 5314 601 5368 id
632 5331 735 5385 pro
769 5315 919 5371 dicto
943 5320 1180 5390 uterque
1207 5320 1410 5391 accipit
1432 5339 1443 5389 ;
1467 5326 1863 5379 verumtamen
1883 5327 2063 5381 altera
2160 5342 2305 5378 eram
2326 5322 2603 5394 paciﬁcus,-
2643 5334 2765 5374 cum
2787 5317 3045 5390 loquebar
3092 5316 3217 5386 illis,
3268 5315 3669 5390 impugnabant
3702 5323 3775 5361 me

474 5418 606 5476 pars
633 5404 1102 5461 contradictionis
1151 5408 1365 5481 absque
1396 5412 1509 5466 ullo
1540 5414 1805 5484 scrupulo
1833 5431 2064 5486 semper
2158 5413 2331 5483 gratis
2358 5408 2533 5479 (Psal.
2560 5423 2712 5475 cxxx,
2745 5408 2820 5477 2).
2847 5407 3001 5461 Vale.

465 5492 608 5546 falsa
636 5492 842 5547 existit.
880 5494 1165 5559 Quaeritur
1212 5514 1440 5569 quoque
1488 5500 1532 5554 si
1583 5518 1710 5556 rem
1754 5519 1917 5557 suam
1956 5505 2063 5559 sibi
2134 5546 2139 5549 -
2721 5493 3056 5550 EPISTULA
3074 5495 3158 5551 ΧῙο

454 5580 532 5651 mj
544 5585 664 5636 ustc
696 5581 950 5639 ablatam
978 5583 1147 5639 debet
1172 5588 1434 5656 repetere
1461 5588 1558 5658 qui
1583 5605 1653 5642 nc
1684 5593 1910 5661 repetat
1943 5594 2062 5647 tor-
2516 5602 2591 5641 AD
2619 5599 2932 5641 NONACHOS
2959 5597 3373 5640 MICIACENSIS-

454 5670 666 5729 mentis
696 5673 1025 5745 compulsus
1054 5675 1385 5748 cstjurare.
1438 5674 1623 5741 Quam
1680 5677 2060 5751 quaestionem
2236 5675 2683 5736 Floriacensium
2734 5676 2943 5745 rector,
3001 5672 3282 5731 fratribus
3349 5665 3777 5731 Miciacensibus
