3876 6172
222 371 305 424 437

1618 358 1993 418 ΕΡΙδΤΟιᾹΞ.

3375 378 3477 430 438

217 492 424 587 maxime
451 505 644 545 eorum
683 488 899 544 decano
953 489 1355 552 CONSUNTINO.
1411 489 1656 542 salutem
1699 486 1759 540 ίη
1788 491 1844 550 Α
1871 503 2268 562 insidiantium
2283 510 3480 587 gregemsuccenturiatorum,quandoqui-

218 579 441 635 Domino.

270 670 392 722 Dum
418 667 652 722 charitas
673 667 744 721 sit
760 667 912 721 bona
937 668 1216 733 voluntas,
1236 665 1416 721 miror
1437 682 1550 737 qua
1573 664 1766 718 fronte

211 772 265 810 eo
287 756 420 809 bono
447 771 632 810 carere
666 773 780 810 non
803 755 1130 820 erubuistis,
1164 755 1261 825 qui
1293 756 1490 824 palam
1519 751 1761 807 conﬁte-

213 844 622 898 minirancorem
646 846 842 898 vestra:
856 845 1022 898 malm
1052 842 1378 909 voluntatis,
1399 858 1514 895 non
1537 843 1766 894 tantum

209 932 360 986 verbis
382 937 654 1004 quantum
676 932 880 986 litteris
905 949 1046 1002 quas
1085 931 1293 986 nostris
1315 929 1589 984 fratribus
1616 928 1766 982 dire-

207 1020 364 1086 xistis;
405 1021 555 1092 quod
599 1020 794 1092 utique
842 1019 1029 1073 facere
1074 1036 1191 1074 non
1241 1017 1536 1073 debuistis.
1570 1017 1765 1086 Neque

208 1109 335 1162 enim
361 1109 577 1162 illorum
610 1108 1012 1163 benevolentia
1037 1107 1285 1162 libenter
1315 1105 1547 1175 suscipit
1565 1103 1770 1175 prasdi—

207 1202 391 1252 ratores
413 1199 714 1262 scelerum,
748 1197 1073 1266 proditores
1111 1211 1371 1260 reorum,
1414 1197 1772 1248 accusatores

206 1286 432 1352 fratrum,
466 1287 713 1340 maxime
747 1286 840 1340 ubi
871 1289 979 1354 (‘23)
1011 1304 1126 1340 non
1155 1284 1503 1348 admittitur,
1538 1283 1634 1336 ubi
1675 1299 1772 1336 au-

205 1375 387 1429 dientia
408 1391 504 1429 reo
523 1375 864 1445 denegatur,
888 1390 1020 1427 cum
1041 1373 1318 1443 scriptum
1339 1372 1410 1425 sit
1431 1370 1585 1443 quod
1602 1385 1773 1424 nemo

203 1464 374 1517 absens
401 1463 665 1516 damnari
688 1462 882 1534 possit.
917 1462 1063 1516 Vere
1083 1461 1288 1525 fateor,
1310 1460 1520 1513 fratres
1545 1461 1775 1513 nostros

201 1552 366 1606 vestris
385 1552 646 1606 laudibus
673 1551 1098 1605 commaculare
1133 1549 1405 1614 voluistis,
1441 1564 1604 1618 quos,
1643 1563 1709 1600 ac
1730 1545 1774 1598 si

202 1641 490 1710 complices,
519 1644 720 1694 vestras
752 1639 1056 1694 calumniae
1112 1636 1451 1707 adjunxistis
1488 1636 1767 1694 fautores,

203 1729 625 1799 detrectationisj
638 1728 846 1792 udices,
867 1725 1246 1781 accusationis
1276 1722 1777 1795 priesulesNerum

204 1833 372 1870 eorum
410 1816 743 1871 innocentia
770 1816 840 1869 ab
886 1813 1215 1884 hujusmodi
1263 1815 1421 1884 peste
1479 1827 1652 1882 quam
1709 1801 1854 1862 sitB

205 1908 461 1972 extranea,
487 1907 736 1958 testatur
781 1903 1116 1957 Fredericus
1146 1900 1417 1972 ignobilis
1446 1898 1650 1960 scriba,
1681 1897 1779 1968 qui

203 1993 619 2062 nuncHierosoly
630 1991 734 2046 mis
746 1993 961 2046 exsulat
973 2007 1075 2063 pro
1094 2005 1327 2044 suorum
1345 1985 1779 2042 mendaciorum

202 2080 498 2146 fabrateria,
539 2098 644 2152 pro
685 2079 1141 2150 excogitatarum
1169 2077 1240 2132 de
1262 2077 1374 2130 suis
1397 2074 1668 2130 fratribus
1696 2073 1776 2126 vi-

201 2171 381 2224 tiorum
431 2170 695 2226 inaudita
746 2171 1005 2225 historia.
1061 2168 1361 2240 Siquidem
1406 2170 1463 2220 et
1494 2166 1552 2220 in
1585 2168 1781 2219 nostra

199 2259 523 2330 professione
562 2259 1043 2332 singularis‘Odilo
1071 2257 1440 2313 Clunensium
1469 2258 1656 2309 rector
1679 2254 1780 2307 hn-

193 2347 414 2415 jusmodi
438 2348 941 2418 historiographos
958 2346 1294 2419 nuperrime
1318 2345 1572 2399 delectos
1594 2342 1664 2396 de
1677 2357 1776 2395 suo

199 2437 522 2491 monasterio
553 2436 750 2507 ﬂagris
779 2453 954 2490 cassos
985 2435 1220 2506 expulit,
1254 2437 1312 2488 et
1331 2435 1484 2488 ferro
1517 2430 1780 2486 abscisio-

199 2524 269 2576 nis
297 2525 632 2580 terribiliter
661 2524 884 2578 inussit.
923 2523 1313 2594 Prosequendi
1345 2521 1558 2593 quippe
1589 2520 1779 2574 sunta

197 2611 502 2666 Christianis
541 2611 814 2666 Saterrici
863 2628 1005 2682 quos
1037 2611 1318 2682 persecuti
1380 2612 1507 2663 sunt
1537 2609 1774 2680 pagani,

193 2718 410 2771 quorum
434 2719 597 2756 nunc
621 2701 929 2756 multitudo
953 2700 1225 2766 excrevit;
1245 2716 1420 2770 quam
1437 2698 1506 2754 de
1521 2699 1625 2752 sub
1639 2698 1779 2752 coelo

197 2791 516 2844 exterminet
541 2789 852 2844 clementia
866 2789 1072 2844 divina:
1087 2787 1340 2859 pietatis!
1369 2786 1624 2858 Denique
1645 2787 1782 2840 Ace-

196 2877 472 2947 phalorum
509 2879 772 2944 haeresis,
805 2895 933 2949 quae
961 2893 1112 2931 nunc
1153 2878 1350 2931 exorta
1381 2879 1486 2942 est,
1519 2891 1648 2928 cum
1679 2874 1778 2929 Sa-

196 2966 337 3019 terris
352 2967 697 3021 damnanda
718 2970 829 3020 est:
861 2965 1138 3037 quoniam
1157 2965 1277 3019 sine
1308 2963 1492 3034 capite
1511 2965 1777 3033 regnant,

191 3053 292 3108 sine
320 3059 478 3126 patre
511 3055 780 3126 spiritali,
822 3059 1024 3109 contra
1060 3055 1152 3123 jus
1186 3053 1384 3124 fasque
1406 3055 1626 3108 natura:
1649 3067 1780 3105 suos

192 3140 369 3197 fratres
391 3144 707 3211 dilaniant,
738 3146 795 3198 et
827 3143 1158 3198 mordentes
1185 3159 1388 3214 pacem
1440 3141 1774 3213 praedicant,

189 3245 294 3284 cum
327 3233 554 3286 nullum
590 3249 771 3302 genus
802 3231 1144 3286 animalium
1174 3232 1369 3285 saeviat
1399 3231 1506 3284 nisi
1571 3230 1627 3283 in
1685 3229 1772 3282 di-

189 3334 300 3388 spar
326 3321 480 3375 feris.
513 3320 905 3392 Quapropter,
941 3320 1308 3391 professionis
1327 3323 1525 3374 vestrae
1558 3335 1778 3373 memo-

190 3423 279 3475 res,
309 3427 403 3465 vos
426 3411 501 3464 ad
535 3426 638 3464 vos
656 3411 909 3464 reducite
935 3427 948 3476 ;
979 3409 1119 3480 quid
1136 3425 1333 3463 coram
1357 3410 1473 3463 Deo
1495 3407 1778 3462 etsanctis

189 3497 292 3565 ejus
318 3498 616 3564 voveritis,
650 3502 1042 3564 mementote;
1091 3499 1386 3558 abbatem,
1441 3513 1611 3569 quem
1645 3513 1776 3551 cum

188 3601 269 3638 sua
288 3603 395 3640 una
409 3587 644 3642 ovicula
659 3586 968 3657 expulistis,
993 3586 1336 3657 regulariter
1358 3585 1514 3640 vobis
1536 3601 1777 3656 praeesse

189 3672 492 3730 desiderate
530 3691 550 3743 ς
603 3674 724 3744 ejus
763 3674 1004 3729 arbitrio
1036 3674 1283 3728 fratrum
1317 3690 1552 3728 suorum
1583 3675 1778 3745 culpas

189 3763 496 3835 relinquite;
521 3767 607 3827 et,
639 3763 682 3816 si
703 3763 903 3832 regula
930 3762 1222 3816 Benedicti
1252 3761 1671 3816 monachorum
1696 3763 1779 3816 le-

191 3851 450 3921 gislatoris
478 3849 770 3920 displicet,
802 3852 1005 3904 saltem
1042 3851 1297 3921 Apostoli
1329 3851 1616 3905 sententia
1655 3853 1775 3922 pla-

189 3945 312 4005 ceat,
342 3957 456 4012 qua
485 3940 656 3995 dicit:
694 3939 778 3992 Tu
808 3941 904 4009 qui
947 3955 1016 4004 es,
1047 3939 1146 4009 qui
1163 3937 1380 4008 judicas
1404 3937 1640 3992 alienum
1669 3957 1775 3992 ser-

185 4032 445 4083 rum?suo
475 4029 719 4082 Domino
740 4034 866 4093 stat,
908 4033 1003 4080 aut
1053 4026 1225 4093 cadit,-
1256 4027 1416 4081 stabz’t
1445 4033 1652 4080 autem:
1676 4045 1781 4098 po-

192 4121 282 4169 tens
303 4125 371 4172 est
397 4121 550 4172 enim
590 4115 854 4169 Dominus
887 4121 1118 4168 statuere
1149 4115 1298 4168 illum
1334 4114 1509 4186 (Rom.
1560 4117 1670 4181 xiv,
1701 4117 1775 4184 4).

189 4201 235 4257 Si
261 4204 502 4278 denique
540 4205 600 4259 in
632 4208 922 4276 pastorem
939 4207 1192 4257 vestrum
1208 4220 1447 4258 manum
1466 4204 1780 4274 reprehen-

191 4291 340 4346 sionis
368 4292 627 4359 mittitis,
659 4291 859 4346 scitote
892 4291 1027 4362 quia
1071 4292 1272 4346 Pastor
1302 4294 1596 4360 pastorum
1621 4291 1779 4346 Jesus

190 4377 415 4435 Christus
437 4381 607 4436 vobis
623 4379 986 4445 contradicit,
1003 4380 1164 4450 cujus
1180 4379 1508 4448 exemplum
1521 4377 1782 4434 imitatur

190 4465 236 4519 in
261 4486 323 4524 eo
348 4470 508 4541 quod
543 4485 642 4522 vos
671 4467 832 4539 quasi
868 4467 1079 4522 nullius
1109 4471 1346 4538 egentes
1395 4467 1452 4520 in
1488 4467 1780 4522 montibus

188 4557 414 4630 reliquit,
445 4562 509 4614 et
541 4574 719 4613 unam
749 4573 1078 4628 ovem,quae
1099 4559 1408 4623 erraverat,
1441 4556 1514 4611 ad
1539 4573 1782 4627 gregem

192 4646 440 4701 reducere
475 4647 705 4719 qurerit.
743 4647 859 4700 Hoc
887 4661 1118 4717 quoque
1167 4645 1568 4715 gravissimum
1604 4645 1662 4698 in
1690 4661 1783 4698 ve-

190 4735 289 4788 stra
308 4735 742 4808 conspiratione
759 4733 1132 4806 reperi,quod
1144 4733 1565 4804 benignitatem
1584 4731 1785 4787 domni

191 4820 430 4878 Fulconis
453 4823 879 4878 Aurelianensis
909 4822 1158 4893 episcopi
1179 4825 1385 4876 contra
1414 4825 1661 4876 vestrum
1685 4821 1783 4875 ab-

192 4907 364 4966 batem
400 4913 803 4985 exasperastis,
839 4913 911 4967 ad
955 4910 1388 4965 inclementiam
1425 4913 1610 4964 vestro
1649 4927 1784 4967 con-

192 4999 302 5054 cilio
332 5001 700 5072 perduxistis,
732 5003 936 5055 contra
963 4999 1366 5054 auctoritatem
1395 5016 1685 5053 canonum
1727 4999 1784 5052 in

191 5084 548 5146 innocentem
603 5089 887 5144 armastis.
943 5091 1316 5143 lnnocentem
1345 5091 1543 5144 autem
1574 5087 1784 5142 idcirco

192 5175 379 5244 fateor,
421 5179 701 5250 quoniam
732 5180 888 5233 bona
915 5176 1289 5244 conscientia,
1329 5181 1387 5230 ut
1429 5177 1651 5243 asserit,
1678 5177 1786 5230 uti-

197 5265 292 5330 tur,
332 5266 575 5336 objectis
602 5265 952 5338 respondcre
988 5266 1250 5330 conatur,
1277 5264 1403 5317 htec
1431 5280 1787 5335 quemquam

196 5357 428 5409 vestrum
462 5355 666 5425 legisse
706 5353 1016 5425 aliquando
1051 5355 1319 5416 testatur;
1352 5351 1504 5405 unde
1553 5352 1787 5422 conjici-

201 5455 313 5496 mus
339 5443 501 5515 quod
552 5443 759 5496 invidia
807 5440 1043 5507 diaboli,
1076 5456 1190 5512 qua
1244 5457 1404 5496 mors
1447 5439 1703 5495 introivit
1733 5439 1791 5494 in

205 5530 393 5586 orbem
425 5535 719 5586 terrarum
745 5529 896 5603 (Sap.
953 5545 1012 5597 ιι,
1041 5530 1151 5599 24).
1184 5529 1456 5600 depascat
1502 5528 1788 5583 animum.

1872 594 2006 648 dem
2039 597 2089 651 ei
2119 599 2309 652 locum
2324 597 2672 654 defensionis
2694 599 3180 671 obstruunt,quod
3202 601 3261 655 in
3286 603 3476 657 Eccle-

1870 685 1952 739 sia
1973 686 2252 740 catholica
2294 687 2432 741 nulli
2455 688 2732 741 hactenus
2771 685 2878 740 fuit
2905 686 3150 741 licitum.

1936 775 2195 830 Tandem
2228 774 2301 829 ad
2332 778 2407 841 te,
2445 775 2520 829 mi
2555 774 2851 846 quondam
2882 774 3186 829 familiaris
3217 776 3472 846 Letalde,

1870 883 2022 920 nunc
2044 882 2233 944 sermo
2249 864 2537 937 dirigitur,
2563 865 2722 935 cujus
2752 865 2889 919 alias
2915 867 3266 936 singularem
3289 869 3472 924 scien-

1869 956 2010 1010 tiam
2042 971 2172 1009 mea
2203 955 2449 1026 parvitas
2479 955 2844 1024 amplectitur
2868 956 2925 1009 et
2947 955 3190 1010 summis
3213 957 3477 1014 laudibus

1872 1044 2143 1098 extollere
2177 1041 2552 1105 nititur.Quid
2585 1041 2956 1097 tuainterfuit
2975 1042 3140 1098 unius
3172 1045 3362 1100 miseri
3393 1048 3476 1101 vi-

1875 1135 1994 1186 tam
2018 1132 2346 1198 corrodere,
2381 1131 2549 1184 unius
2571 1131 2975 1187 homuncionis
3004 1150 3130 1204 quae
3166 1151 3280 1189 non
3311 1142 3477 1191 erant

1875 1221 2010 1274 vitia
2030 1220 2329 1286 denotare,
2347 1236 2475 1273 cum
2497 1219 2771 1290 scripturn
2788 1222 2858 1276 sit
2875 1223 3028 1293 quod
3048 1223 3276 1296 sapiens
3304 1225 3480 1298 poeni-

1878 1307 2054 1361 tenda
2078 1325 2194 1362 non
2216 1309 2572 1364 committit?
2595 1311 2666 1365 At
2683 1311 2936 1366 fortassis
2949 1315 3180 1366 tuorum
3198 1312 3477 1366 factorum

1878 1413 1998 1449 non
2032 1397 2711 1466 pcenitet.Verumtamen
2728 1399 2855 1471 quis
2871 1399 3250 1454 ministerium
3268 1399 3480 1453 diaboli

1881 1485 2131 1540 libenter
2157 1487 2483 1558 assumpsit,
2538 1491 2598 1540 ut
2628 1487 2763 1542 vitia
2794 1489 3099 1544 hominum
3128 1489 3386 1552 denotet,
3421 1487 3477 1542 in

1883 1574 2157 1628 cathedra
2180 1576 2518 1647 pestilentia:
2546 1577 2928 1649 sedeat(Psat.
2951 1596 2987 1647 1,
3021 1576 3485 1648 l),conciliabula

1884 1664 2329 1734 malignantium
2353 1667 2505 1721 unde
2523 1669 2746 1722 struat?
2765 1669 2977 1722 Hortor
2998 1671 3055 1722 et
3074 1666 3486 1731 obtestor,cha-

1882 1753 2127 1820 rissime,
2157 1754 2462 1808 recordare
2484 1754 2839 1810 infirmitatis
2856 1759 2989 1823 tuae,
3011 1772 3238 1810 assume
3268 1755 3483 1809 viscera

1885 1842 2314 1909 misericordiae,
2347 1844 2554 1899 fratres
2580 1848 2706 1899 tuos
2733 1863 2932 1917 argue,
2963 1845 3218 1911 obsecra,
3248 1843 3482 1915 increpa

1883 1929 1942 1983 in
1967 1931 2124 1986 omni
2179 1931 2456 2004 patientia
2502 1936 2559 1987 et
2589 1933 2950 2004 doctrina(11
2985 1934 3126 1988 Tim.
3162 1947 3247 2000 ιν,
3287 1935 3366 2005 2),
3400 1932 3481 1987 ita

1878 2019 2090 2074 scilicet
2117 2023 2178 2074 ut
2207 2037 2310 2075 nec
2342 2021 2657 2092 increpatio
2679 2023 2751 2077 ad
2769 2022 3232 2093 desperationem
3262 2025 3482 2094 pertra-

1880 2107 2000 2174 hat,
2035 2126 2137 2163 nec
2169 2109 2447 2180 patientia
2475 2109 2742 2165 vitiorum
2776 2110 2964 2165 fomiti
2994 2109 3347 2165 succumbat.
3402 2108 3482 2162 Tu

1880 2197 2035 2251 enim
2068 2198 2236 2268 hujus
2258 2199 2698 2270 conspirationis
2727 2202 2898 2271 caput
2928 2199 3162 2265 diceris;
3192 2203 3252 2253 tu
3283 2195 3483 2252 domni

1881 2287 2139 2342 Rotberti
2167 2287 2387 2342 abbatis
2407 2288 2492 2342 tui
2516 2287 2791 2354 officium,
2819 2288 2973 2360 quod
3004 2287 3156 2342 dictu
3181 2287 3342 2342 nefas
3377 2287 3480 2339 est.

1878 2377 2314 2447 praesumpsisti,
2362 2393 2467 2432 nec
2523 2376 2795 2432 delatoris
2868 2394 3099 2449 pcrnam
3149 2373 3482 2440 exhorruiti,

1880 2479 2052 2535 quem
2089 2465 2416 2536 expeditum
2453 2465 2899 2520 omnibusmalis
2924 2464 3268 2536 absqueulla
3295 2463 3482 2516 rebel-

1879 2552 2034 2606 lione
2067 2554 2329 2607 restituat
2361 2554 2733 2627 omnipotens
2759 2556 2909 2609 Deus
2940 2551 3118 2625 patris
3144 2555 3200 2606 et
3235 2551 3480 2605 fratrum

1881 2641 2271 2696 unanimitati.
2297 2643 2448 2698 Vale.

2442 2714 2774 2769 EPISTOLA
2809 2716 2917 2768 XII.

2475 2803 2542 2840 AD
2582 2802 2876 2840 ODlLONEH.

1954 2856 2626 2928 Praerogativainsignito
2659 2857 2886 2910 ODILONI
2919 2853 3287 2910 Clunensium
3309 2852 3479 2924 patri,

1883 2948 2210 3000 amatorum
2245 2945 2449 3000 Christi
2479 2949 2707 2999 amator
2744 2947 2875 2999 Aen.
2909 2943 3355 2998 Floriacensium
3385 2959 3479 2997 re-

1881 3035 2024 3100 ctor,
2057 3035 2301 3088 salutem
2333 3034 2390 3088 in
2441 3034 2709 3088 Domino.

1950 3122 2337 3178 Proficiscenti
2353 3123 2493 3177 mihi
2512 3123 2570 3177 in
2587 3121 2947 3177 Wasconiam
2963 3122 3036 3177 ob
3053 3118 3477 3174 institutionem

1879 3211 2212 3266 monasticae
2233 3211 2548 3283 religionis,
2564 3210 2808 3282 contigit
2824 3209 3094 3265 devenire
3107 3209 3180 3262 ad
3195 3210 3480 3263 monaste-

1877 3300 2030 3354 rium
2060 3300 2252 3355 Sancti
2285 3300 2551 3372 Cypriani
2597 3299 2886 3371 martyris,
2919 3299 3089 3353 situm
3117 3298 3174 3351 in
3207 3295 3476 3352 suburbio

1879 3390 2224 3444 Pictavensis
2253 3388 2651 3444 famosissimas
2684 3389 2871 3457 urbis;
2905 3404 3078 3458 quem
3108 3387 3298 3441 locum
3322 3387 3478 3456 post-

1879 3495 1987 3550 qua
1999 3495 2055 3532 m
2088 3478 2273 3550 reperi
2299 3481 2498 3532 vestras
2513 3478 2805 3532 subditum
2821 3476 3048 3542 ditioni,
3078 3477 3338 3530 nostrum
3356 3489 3479 3527 cre-

1879 3566 1997 3621 didi
2020 3585 2034 3634 ;
2054 3567 2327 3638 quoniam
2351 3567 2670 3621 amicorum
2695 3570 2826 3622 sunt
2847 3565 3046 3620 omnia
3059 3562 3481 3628 communia,ut

1880 3659 1964 3708 est
1995 3655 2384 3725 quorumdam
2414 3655 2736 3722 sententia;
2771 3657 2940 3725 atque
2972 3653 3183 3706 idcirco
3205 3649 3377 3705 nimis
3399 3667 3481 3703 1n-

1879 3743 2034 3797 dolui
2069 3744 2139 3798 de
2169 3744 2327 3798 fama
2357 3761 2484 3815 quae
2516 3747 2649 3796 tunc
2670 3742 2946 3812 temporis
2959 3740 3232 3795 volitabat
3249 3755 3351 3810 per
3378 3754 3479 3792 au-

1877 3850 1968 3889 res
1985 3833 2157 3904 vulgi,
2192 3850 2370 3904 quam
2403 3833 2521 3886 vice
2549 3831 2858 3886 discutiens
2871 3833 3057 3884 vestra
3074 3830 3224 3883 ultra
3239 3827 3478 3881 modum

1880 3923 2161 3994 ingemui,
2196 3922 2347 3994 quod
2384 3921 2442 3975 in
2475 3920 2622 3975 viros
2653 3922 2865 3974 nostra!
2881 3914 3480 3990 professionisinvidia

1881 4011 2093 4066 diaboli
2127 4009 2702 4081 perindisciplinatos
2718 4003 3363 4078 suprebit,quodilliqui
3392 4001 3478 4056 di-

1879 4103 2087 4155 cuntur
2118 4099 2386 4154 monachi
2419 4097 2744 4152 efﬁciantur
2795 4094 3022 4165 satyrici
3080 4090 3480 4146 criminatores

1880 4187 2147 4256 fratrum,
2168 4188 2495 4242 incentorcs
2512 4185 2874 4250 vitiorum,ac
2897 4180 3152 4251 viperino
3169 4179 3340 4233 dente
3353 4193 3482 4232 cor-

1882 4277 2096 4331 rodunt
2125 4276 2341 4330 viscera
2375 4275 2572 4329 matris
2595 4272 3141 4335 Ecclesizeﬂuorum
3172 4266 3480 4328 insaniam,

1879 4361 2688 4437 venerabilispater,deterreri
2702 4376 2931 4415 necesse
2945 4361 3130 4425 est,ne
3143 4356 3485 4411 conculcent

1881 4457 2077 4506 sancta
2107 4452 2358 4524 profani,
2414 4469 2485 4506 ne
2517 4450 2792 4505 vilescant
2833 4447 3067 4521 pretiosi
3102 4445 3320 4516 lapides
3353 4461 3482 4497 san-

1884 4542 2118 4610 ctuarii;
2151 4539 2621 4614 quandoquidem
2645 4540 2771 4610 jam
2814 4535 3137 4608 refrigescit
3167 4535 3483 4588 multorum

1885 4634 2132 4690 charitas
2162 4630 2384 4697 (Matth.
2419 4647 2572 4699 xm,
2602 4627 2711 4699 l2),
2766 4629 2825 4681 et
2871 4625 3011 4681 mali
3060 4622 3324 4680 cucullati
3379 4619 3483 4676 sibi

1887 4722 2094 4780 auxilio
2111 4723 2169 4776 et
2183 4718 2423 4774 consilio
2435 4717 2854 4788 junguntur,ut
2871 4716 2942 4769 de
2959 4713 3164 4786 pennis
3178 4709 3486 4765 Leviathan

1889 4811 2428 4880 scribitur,quarum
2456 4823 2572 4860 una
2593 4805 2691 4860 uni
2731 4803 3124 4874 conjungitur,
3149 4803 3205 4854 et
3237 4815 3341 4854 nec
3371 4796 3487 4870 spi-

1893 4903 2148 4960 raculum
2181 4898 2415 4971 quidem
2436 4897 2648 4950 incedit
2677 4910 2779 4966 per
2808 4911 2904 4948 eas
2935 4892 3059 4964 (Job
3086 4907 3200 4959 xu,
3229 4891 3302 4960 7).
3321 4889 3488 4943 Dela-

1887 4998 2042 5048 tores
2067 4989 2226 5045 enim
2259 4985 2571 5041 mundanis
2598 4981 3056 5054 legibuscapitali
3077 4979 3366 5034 sententia
3386 4995 3493 5050 pu-

1889 5083 2141 5138 niuntur.
2182 5074 2644 5142 Quatemeritate
2662 5089 2801 5143 ergo
2821 5071 3036 5126 audent
3054 5067 3246 5123 miseri
3277 5084 3340 5121 os
3356 5082 3490 5136 ape-

1887 5170 2001 5224 rire
2028 5169 2085 5221 in
2122 5180 2323 5220 necem
2375 5161 2589 5227 fratris,
2623 5161 2683 5214 in
2744 5158 3164 5214 detractionem
3224 5151 3492 5227 proximi,

1891 5255 2238 5314 assumendo
2273 5251 2527 5307 ofﬁcium
2555 5248 2899 5322 proditoris;
2934 5261 3180 5317 quorum
3212 5240 3494 5315 professio

1892 5351 1978 5403 est
2004 5351 2212 5411 tacere,
2246 5341 2422 5397 etiam
2459 5357 2492 5394 a
2512 5338 2677 5394 bonis
2705 5338 2733 5392 ?
2764 5337 3102 5401 Prudenter,
3131 5330 3496 5387 dilectissime

1895 5439 2106 5493 horum
2130 5448 2386 5507 praecave
2407 5428 2702 5493 versutias,
2727 5426 2846 5498 qui,
2866 5423 3200 5479 mordentes
3211 5423 3496 5477 bonorum

1883 5528 2064 5582 vitam
2091 5506 2441 5595 simplicem,
2473 5520 2532 5574 et
2559 5516 2676 5592 lupi
2709 5515 2812 5570 sub
2828 5506 3506 5586 ovinapelle,przedicant

264 5625 369 5703 (23)
404 5629 509 5685 Hic
542 5628 790 5704 _aliquid,
823 5625 1240 5685 substantivum
1272 5626 1506 5698 scilicet,
1539 5627 1740 5685 deesse
1771 5623 2019 5687 videtur.
