3922 6168
427 344 535 409 439

1495 342 1558 401 s.
1587 339 1883 400 ABBONIS
1924 334 2215 399 seems
2245 298 2749 400 FLORIACENSIS

3646 340 3742 399 440

430 490 656 550 pacem.
682 471 802 539 Quo
828 471 1532 544 certo[tempore]lectum
1548 469 2032 527 estmonachoset
2051 480 2107 538 Α
2141 468 2424 526 roboretis
2446 472 2634 525 vestra
2659 469 2997 527 auctoritate
3024 485 3171 526 cum
3220 466 3553 524 titulatione
3594 466 3751 539 sigilti

431 564 755 623 sacerdotes
766 561 994 618 Domini
1017 561 1325 617 damnatos
1338 578 1456 617 esse
1476 561 1836 633 accusatione
1850 576 2033 614 mere-

436 654 635 708 tricis?
665 651 790 722 quis
820 651 1139 705 monachus
1153 651 1493 706 auctoritate
1508 652 1743 705 Patrum
1761 648 2033 702 abbatem

436 756 601 794 suum
636 740 708 794 ad
738 737 1633 808 smcularejudiciumcompulit?
1664 735 2031 807 quisclerico-

433 843 566 881 rum
595 827 683 880 vel
708 826 1114 897 episcoporum
1131 826 1373 881 concilio
1400 824 1663 880 addixit?
1689 824 1829 877 Vere
1850 824 2035 878 fateor

432 916 741 971 saevissime
778 915 1133 971 districtione
1178 915 1499 970 feriendam
1527 904 1673 968 esse
1704 911 2035 982 hujusmodi

434 1005 982 1076 praesumptionem;
1016 1005 1170 1076 quia,
1200 1007 1261 1058 ut
1285 1003 1364 1058 ait
1379 1002 1816 1058 discretissimus
1833 1017 2035 1055 mona-

436 1093 676 1147 chorum
705 1093 999 1163 legislator
1028 1092 1561 1156 Beuedictus,suum
1578 1090 1898 1144 etalienum
1914 1105 2040 1161 pec-

436 1184 628 1234 catum
658 1181 772 1247 ille,
801 1197 916 1235 sua:
967 1179 1338 1251 professionis
1366 1179 1700 1240 immemor,
1731 1177 1922 1232 abbati
1953 1178 2040 1231 vel

438 1268 677 1339 spiritali
694 1268 988 1322 seniorum
1004 1267 1201 1321 debuit
1214 1267 1682 1338 patefacere,non
1702 1266 1972 1336 detegere
1985 1267 2043 1318 et

438 1356 916 1427 publicare,quod
943 1373 1059 1411 non
1092 1356 1251 1410 vobis
1271 1359 1616 1426 potestatem
1641 1352 1941 1424 judicandi
1972 1353 2043 1408 de

438 1443 714 1498 fratribus
737 1443 935 1498 vestris
958 1444 1342 1509 sustulit,cum
1364 1444 1516 1497 hanc
1537 1442 1703 1497 alteri
1734 1440 2041 1496 commisit.

437 1529 717 1596 Tandem,
748 1530 964 1602 quiain
996 1530 1322 1601 objectione
1372 1530 1651 1593 criminis,
1705 1530 2046 1584 auctoritate

438 1618 627 1687 Magni
660 1618 940 1689 Gregorii,
988 1618 1083 1673 alii
1116 1621 1249 1673 sunt
1278 1621 1660 1685 accusatores,
1712 1616 1808 1672 alii
1852 1619 2043 1682 testes,

438 1705 535 1759 alii
551 1705 775 1776 judices
799 1724 812 1774 ;
845 1723 973 1778 age,
992 1706 1077 1760 vir
1094 1706 1629 1777 prudentissime,ut
1652 1705 1933 1760 innocens
1958 1720 2048 1758 ex-

2138 558 2303 613 vcstri
2337 558 2591 614 nominis
2624 574 2639 626 ;
2677 563 2734 613 et
2794 576 2898 613 nos
2929 558 3161 614 assidue
3198 574 3310 630 pro
3343 556 3524 622 vobis,
3557 555 3673 610 vivo
3703 559 3756 610 et

2136 650 2388 714 mortuo,
2422 649 2605 702 Deum
2652 647 3122 719 deprecabimur.
3175 645 3441 716 Dignum
3467 647 3555 698 est
3584 645 3758 712 enim,

2137 735 2461 789 venerande
2482 736 2736 801 Pater,ut
2762 735 3264 806 praedecessorum
3291 737 3614 789 vestrorum
3636 748 3756 787 mo-

2137 839 2260 877 rem
2291 822 2633 895 sequamini,
2664 826 2723 877 et
2747 824 3112 879 monasteriis
3148 838 3339 877 novos
3372 820 3751 876 indiculorum

2135 912 2321 967 biblos
2348 912 2751 977 corroboratis,
2769 912 2973 983 quibus
2999 912 3140 985 ipsa:
3174 910 3667 982 congregationes
3686 912 3751 965 ab

2136 999 2296 1053 omni
2328 999 2623 1054 mundano
2681 1000 2920 1072 strepitu
2972 1000 3174 1071 quiete
3210 1000 3331 1053 Deo
3390 997 3606 1052 servire
3637 1013 3758 1067 pos-

2135 1088 2268 1154 sint,
2303 1089 2551 1143 maxime
2570 1090 2672 1142 sub
2703 1089 2963 1158 epitimio
2985 1086 3752 1143 excommunicationis.Ve-

2137 1178 2319 1230 strum
2345 1178 2731 1248 apostolatum
2755 1177 2900 1231 Deus
2928 1176 3222 1231 custodiat
3256 1176 3319 1230 in
3352 1178 3576 1229 aeterna
3607 1190 3753 1246 pace.

2139 1264 2273 1318 Vale
2305 1264 2363 1318 in
2387 1263 2631 1332 Christo;
2658 1264 2827 1318 beate
2855 1266 3041 1319 Pater.

2704 1406 3039 1461 EPISTOLA
3061 1407 3197 1463 XIV.

2680 1528 2920 1569 ABBONIS
2950 1494 3025 1567 λι)
3060 1529 3223 1569 6η...

2219 1615 2564 1671 Charissimo
2590 1617 2754 1671 fratri
2783 1618 2871 1679 ϐ..
2923 1623 3263 1674 amatorum
3297 1617 3510 1673 Christi
3542 1620 3758 1672 amator

2149 1703 2328 1758 abbas
2355 1706 2510 1759 Aeno
2530 1703 2999 1762 Floriaceusium.

438 1772 664 1863 peditus
694 1772 935 1849 crimine
960 1772 1248 1865 gaudeat,
1282 1798 1341 1849 et
1369 1772 1665 1849 accusator
1708 1792 2049 1847 temerarius
2073 1772 2120 1831 Β
2221 1790 2385 1862 Saepe
2423 1792 2666 1863 contigit
2690 1797 2753 1847 ut
2790 1795 3028 1849 veritate
3057 1794 3265 1849 odium
3298 1798 3528 1849 crescat
3560 1809 3573 1847 :
3620 1792 3761 1864 quod

440 1898 606 1936 reum
646 1899 704 1937 se
736 1883 968 1950 sentiat,
1002 1899 1075 1938 ne
1107 1883 1177 1937 de
1207 1882 1389 1955 poenis
1431 1883 1811 1938 innocentum
1839 1881 2045 1936 rideat.

440 1970 594 2026 Vale.

991 2059 1328 2115 EPISTOLA
1364 2061 1497 2117 XIII.

441 2162 668 2203 ALBERTI
684 2163 912 2202 ABBATIS
943 2163 1284 2204 MICIACENSIS
1312 2165 1380 2203 AD
1409 2165 1654 2202 JOANNEM
1674 2163 1820 2205 XVIII
1850 2164 2045 2203 PAPAM.

514 2235 760 2289 Domino
784 2240 983 2290 sancto
1016 2239 1075 2290 et
1105 2236 1418 2290 venerabili
1446 2252 1611 2306 papae
1639 2236 1851 2290 Joanni
1881 2253 2045 2302 xvm,

449 2322 735 2376 Amemus
761 2323 940 2377 abbas
961 2323 1208 2377 abbatiac
1237 2322 1426 2378 Sancti
1455 2323 1899 2395 protomartyris
1921 2323 2045 2378 Ste-

448 2408 627 2480 phani
657 2413 716 2463 et
732 2409 937 2464 Christi
964 2410 1307 2465 confessoris
1331 2412 1398 2465 Μ.
1425 2414 1482 2464 et
1513 2411 1705 2465 omnis
1733 2427 2048 2483 congrega-

446 2497 527 2552 tio
553 2498 977 2552 monachorum
1000 2498 1259 2568 ejusdem
1283 2499 1684 2567 loci,videlicet
1703 2499 2048 2555 Miciacensis

444 2585 687 2639 salutem
720 2584 779 2639 in
804 2586 1048 2642 Christo.

511 2674 782 2729 Novimus
811 2676 1063 2743 te,Pater
1084 2676 1416 2742 reverende,
1447 2676 1820 2731 constitutum
1849 2677 1906 2731 in
1935 2680 2046 2731 ter-

442 2761 520 2816 ris
572 2762 847 2817 vicarium
903 2764 1204 2818 universali
1235 2764 1496 2820 Ecclesia:
1528 2763 1646 2818 vice
1694 2765 1847 2821 beati
1876 2766 2045 2833 Petri,

444 2853 508 2905 ut
534 2853 817 2905 sustentes
847 2867 944 2906 eos
961 2851 1059 2923 qui
1089 2851 1299 2923 injuste
1330 2851 1823 2924 opprimuntur,et
1853 2853 2050 2924 oppri-

446 2953 571 2992 mas
596 2955 693 2993 eos
722 2940 1062 2995 auctoritate
1091 2939 1247 2994 beati
1282 2940 1453 3005 Petri,
1476 2940 1573 3012 qui
1591 2942 1837 2996 nimium
1868 2957 1927 2995 se
1941 2942 2051 2996 eri-

444 3026 983 3100 gunt.Quapropter
998 3028 1071 3083 ad
1089 3032 1250 3083 tuam
1278 3028 1644 3100 confugimus
1664 3029 2047 3085 reverentiam

443 3129 551 3185 per
577 3115 725 3169 hanc
762 3116 1087 3186 epistolam,
1120 3119 1184 3170 ut
1232 3116 1533 3171 subvenias
1564 3118 1731 3172 nobis
1783 3120 1840 3171 et
1876 3117 2052 3172 facias

445 3202 602 3273 quod
648 3219 974 3274 precamur.
1012 3205 1189 3259 Locus
1218 3204 1276 3258 in
1304 3221 1416 3276 quo
1474 3205 1803 3260 habitamus
1845 3205 2053 3260 dicitur

441 3290 732 3357 Micianus,
766 3308 941 3363 quem
999 3291 1342 3346 sanctissimi
1398 3292 1522 3359 viri,
1581 3293 1795 3348 scilicet
1849 3293 2053 3349 beatus

440 3377 733 3447 Euspicius
750 3382 807 3433 et
824 3395 1003 3450 nepos
1033 3379 1155 3447 ejus
1178 3379 1520 3433 venerabilis
1532 3380 1867 3435 Maximinus
1889 3380 2048 3452 regio

440 3480 683 3520 munere
715 3464 983 3520 Clodovei
1002 3466 1175 3535 primi
1208 3466 1514 3521 Christiani
1539 3469 2051 3540 Francorumregis

441 3552 915 3619 fundaverunt,et
927 3553 1023 3606 alii
1042 3570 1213 3624 quam
1221 3554 1457 3627 plurimi
1473 3556 1683 3611 deinde
1701 3557 1935 3629 proprio
1956 3559 2053 3614 be-

446 3639 650 3695 neﬁcio
667 3644 1130 3707 construxerunt;
1151 3644 1209 3695 et
1229 3641 1383 3697 idem
1398 3644 1675 3713 praefatus
1689 3645 1911 3699 locusin
1926 3648 2052 3701 tan-

441 3730 566 3781 tum
586 3726 783 3781 tlornit
800 3728 938 3782 olim
971 3728 1029 3783 in
1052 3728 1331 3801 spirituali
1362 3735 1421 3785 et
1447 3733 1754 3804 temporali
1784 3734 1959 3801 bono,
1990 3739 2052 3788 ut

445 3832 542 3869 ch
565 3816 835 3871 monachi
852 3815 1069 3872 ibidem
1093 3819 1429 3890 congregati
1454 3821 1569 3875 Deo
1603 3821 1825 3876 assidue
1859 3821 2049 3877 famu-

442 3903 731 3973 larentur;
765 3904 823 3959 in
847 3907 1076 3960 tantum
1106 3907 1481 3977 postmodum
1515 3907 1815 3981 dissipatus
1846 3925 2052 3980 perva-

445 3992 607 4047 sione
625 3993 937 4059 malorum,
960 3996 1023 4047 ut
1049 3994 1237 4048 nullus
1257 3995 1379 4057 [ibi]
1422 3996 1610 4051 vivere
1642 3998 1895 4067 potuerit
1922 4014 2049 4053 mo-

444 4081 663 4135 nachus
693 4098 706 4149 ;
740 4082 928 4153 gratia
973 4084 1167 4137 autem
1226 4082 1431 4137 Christi
1470 4084 1729 4154 juvanle,
1769 4084 2048 4156 paulatim

443 4170 781 4239 nunc,quasi
804 4169 1039 4239 quidam
1067 4169 1349 4225 redivivus
1379 4187 1582 4243 segera
1606 4172 1784 4243 longa
1814 4172 2044 4243 aegritu-

2070 3078 2121 3137 C

2146 1878 2419 1950 sapientis
2439 1880 2665 1935 animus
2684 1881 3100 1952 patientissime
3118 1883 3362 1948 tolerat,
3388 1881 3530 1936 dum
3560 1881 3641 1935 rei
3671 1896 3758 1933 ne-

2147 1968 2369 2040 gotium
2404 1969 2604 2024 utilem
2626 1973 2684 2024 et
2704 1971 3010 2025 honestum
3043 1971 3228 2026 ﬁnem
3262 1969 3622 2044 praetendit;
3668 1984 3759 2039 pro

2148 2072 2262 2128 quo
2277 2056 2415 2111 illud
2432 2058 2691 2123 sustinet,
2717 2061 2889 2131 atque
2904 2059 3249 2114 sustinendo
3262 2075 3374 2131 pro
3389 2058 3471 2112 mi
3483 2058 3639 2112 micis
3657 2058 3759 2111 cle-

2147 2148 2378 2200 menter
2403 2137 2566 2200 orat:
2601 2147 2757 2218 quod
2780 2150 2835 2201 te
2861 2147 3061 2202 fecisse
3087 2165 3210 2202 non
3237 2147 3500 2219 abnego,
3533 2145 3627 2217 qui
3663 2159 3756 2216 pro

2148 2232 2429 2303 injustitia
2440 2250 2616 2305 quam
2637 2234 2852 2306 pateris
2878 2235 2953 2289 ad
2968 2236 3152 2290 Deum
3177 2236 3411 2290 clamas
3441 2234 3514 2288 de
3535 2232 3755 2305 profun-

2147 2320 2329 2387 dis,et
2355 2321 2812 2394 quibuscumque
2832 2325 2999 2393 potes
3018 2339 3121 2393 pro
3150 2323 3402 2379 modulo
3435 2325 3549 2376 tuae
3580 2319 3743 2393 possi-

2146 2408 2382 2463 bilitatis
2403 2408 2831 2465 declamatoria
2849 2411 3220 2479 contradicis;
3244 2408 3755 2465 inimicossustines

2147 2513 2290 2568 quos
2314 2497 2531 2552 amicos
2562 2498 2773 2553 habere
2799 2499 3103 2567 debueras,
3122 2500 3415 2572 quoniam
3461 2497 3546 2552 sui
3566 2511 3755 2568 propo-

2148 2584 2235 2638 siti
2249 2584 2660 2641 obliviscuntur
2678 2586 3093 2658 Christianiqui
3120 2588 3194 2642 ad
3219 2586 3563 2641 inimicitias
3579 2599 3752 2639 erum-

2148 2672 2459 2743 punt,dum
2474 2689 2659 2744 agnos
2671 2691 2786 2729 non
2800 2690 2931 2729 suos
2945 2673 3480 2743 demetunt,aliena
3495 2672 3755 2727 invadunt

2147 2760 2438 2831 stipendia
2459 2777 2757 2817 servorum
2786 2763 2885 2816 Dei
2908 2761 3212 2834 diripiunt.
3235 2765 3327 2831 Et,
3364 2762 3504 2835 quid
3532 2757 3750 2815 dicam?

2150 2866 2267 2903 nou
2298 2849 2356 2903 id
2381 2848 2574 2903 idiotas
2596 2850 2834 2917 faciunt,
2866 2850 2968 2905 sed
2990 2851 3263 2907 doctores
3281 2850 3748 2911 Christianorum,

2147 2940 2398 2991 rectores
2419 2938 2762 3010 plebium,et
2788 2938 3339 3010 ita,quodammodo
3358 2936 3626 2995 obcaecati
3642 2950 3750 2990 om-

2151 3025 2310 3079 nium
2340 3025 2532 3080 radice
2556 3028 2843 3081 malorum
2865 3026 3296 3099 (2t),pauperes
3320 3024 3617 3096 Christilad
3637 3023 3747 3076 ino-

2149 3112 2305 3185 piam
2339 3114 2715 3183 pertrahunt;
2739 3115 2893 3186 quod
2912 3117 3114 3187 procul
3134 3116 3316 3171 dubio
3341 3114 3587 3170 minime
3606 3111 3742 3165 face-

2150 3204 2302 3267 rent,
2323 3200 2524 3256 siillud
2538 3202 2744 3258 divinae
2764 3202 3076 3274 Scriptura;
3093 3204 3340 3259 vetitum
3362 3203 3745 3276 perhorresce-

2151 3294 2286 3344 rent
2307 3305 2320 3343 :
2344 3288 2430 3343 Ne
2446 3290 2854 3361 transgrediaris
2874 3294 3125 3346 terminos
3140 3309 3272 3364 quos
3273 3295 3573 3365 posuerunt
3583 3292 3749 3358 palm

2153 3381 2236 3432 tui
2250 3378 2575 3449 (Prov.xxn,
2610 3379 2817 3452 xxvm),
2849 3396 2956 3435 non
2975 3380 3143 3449 facies
3163 3381 3503 3435 calumniam
3514 3375 3744 3448 proximo

2153 3472 2264 3534 tuo,
2288 3485 2381 3522 nec
2403 3469 2459 3522 vi
2485 3469 2744 3537 opprimes
2763 3485 2884 3523 eum
2914 3468 3188 3540 (Levitnx,
3220 3469 3337 3543 t3).
3379 3468 3448 3523 Et
3487 3461 3746 3522 Dominus

2150 3569 2256 3623 per
2283 3557 2510 3629 Moysen
2533 3557 2909 3627 prophetam:
2952 3556 3048 3611 Vae
3066 3559 3252 3629 iniquo
3273 3553 3641 3630 quitrans/ert
3651 3556 3741 3604 ter-

2151 3644 2359 3697 minum
2387 3645 2629 3714 proximi
2660 3645 2746 3696 sui
2771 3644 2792 3696 !
2838 3642 3025 3715 (Deut.
3059 3646 3148 3711 28,
3180 3644 3295 3716 17.)
3335 3646 3405 3699 Et
3434 3656 3623 3697 rursus
3650 3649 3740 3710 ρει·

2150 3730 2386 3785 Isaiam:
2455 3730 2567 3797 γε»,
2609 3732 2706 3801 qui
2731 3732 3057 3801 conjungitis
3098 3730 3321 3785 domum
3351 3731 3424 3785 ad
3449 3729 3657 3783 domum
3696 3727 3741 3775 et

2150 3834 2343 3887 agrum
2359 3818 2430 3872 ad
2438 3835 2629 3887 agrum
2647 3818 2929 3888 copulatis!
2943 3817 3131 3884 (Isa.v.
3156 3822 3228 3892 8.)
3254 3818 3394 3890 Subj
3404 3816 3567 3889 ungit
3583 3812 3740 3868 etiam

2150 3905 2391 3962 inferius
2415 3923 2427 3962 :
2471 3907 2587 3974 γε»,
2613 3910 2710 3979 qui
2735 3908 2970 3964 condunt
2992 3908 3124 3979 leges
3155 3910 3373 3981 iniquas
3400 3915 3452 3963 et
3479 3903 3738 3961 scribente:

2138 3995 2414 4065 justitiam
2437 3998 2780 4067 scripserunt,
2832 4004 2892 4050 ut
2913 4000 3271 4068 opprimerent
3303 4000 3363 4051 in
3379 3995 3591 4068 judicio
3608 4004 3735 4061 pau-

2138 4086 2326 4154 peres!
2349 4084 2452 4155 (Id.
2485 4102 2538 4151 ι,
2580 4089 2631 4151 1,
2654 4086 2730 4158 2.)
2745 4085 3015 4141 Condunt
3035 4086 3246 4159 quippe
3270 4087 3431 4159 leges
3451 4083 3667 4154 iniquas
3684 4075 3737 4128 ut

2149 4172 2486 4243 opprimant
2514 4172 2575 4228 in
2597 4173 2815 4244 judicio
2840 4166 3142 4245 pauperes,
3176 4175 3457 4246 quoniam
3478 4171 3634 4226 dotes
3651 4178 3732 4217 ec-

441 4253 579 4309 dine
609 4258 1031 4319 convalescens,
1063 4257 1143 4311 ita
1163 4257 1315 4313 idem
1333 4260 1490 4314 locus
1516 4277 1549 4313 a
1567 4259 1781 4314 vilitate
1804 4277 1919 4314 suae
1945 4260 2049 4314 de-
2067 4322 2112 4332 _
2147 4260 2449 4315 etesiarum
2476 4278 2594 4315 non
2608 4260 3143 4332 ecclesiis,quarum
3156 4264 3319 4317 dotes
3342 4251 3732 4327 sunt,derelin‘

434 4341 705 4412 jectionis
729 4360 1031 4415 resurgere
1048 4347 1387 4415 aggreditur
1412 4364 1516 4418 per
1533 4348 1930 4419 eleemosynas
1948 4348 2047 4402 bo-
2067 4322 2121 4382 Ῑ)
2147 4353 2353 4419 quunt,
2382 4353 2444 4403 ut
2473 4349 2609 4405 inde
2643 4322 2929 4421 pauperes
2951 4350 3159 4406 Christi
3205 4322 3615 4411 sustententur,
3644 4337 3732 4395 sed

442 4445 651 4485 norum
677 4431 932 4487 virorum
963 4450 1027 4487 ac
1066 4434 1399 4502 mulierum,
1434 4453 1501 4491 ex
1522 4435 1725 4506 quibus
1752 4438 1871 4491 haec
1896 4437 2048 4491 bona

442 4518 652 4573 mulier
681 4523 765 4574 est
791 4520 1011 4577 domna
1038 4523 1255 4594 Regina
1271 4524 1528 4589 nomine,
1547 4539 1675 4594 quas
1698 4525 1881 4578 multa
1896 4540 2045 4595 pra:-

442 4607 595 4663 dicto
626 4609 752 4664 loco
784 4627 889 4682 pro
909 4610 1091 4665 salute
1114 4628 1235 4677 sua,
1252 4614 1425 4681 etpro
1440 4611 1698 4666 remedio
1715 4613 2044 4668 animarum

438 4694 700 4751 videlicet
728 4698 814 4752 sui
848 4697 1041 4752 mariti
1068 4701 1126 4752 et
1144 4697 1397 4752 ﬁliorum
1422 4715 1658 4754 suorum
1677 4700 1803 4771 jam
1835 4701 2044 4756 defun-

435 4786 658 4838 ctorum
669 4787 881 4850 ,Demet
890 4802 947 4839 sa
958 4784 1103 4840 nctis
1117 4785 1618 4842 ibidemveneraus
1631 4788 2046 4850 obtulit.Timet

434 4875 633 4927 autem
667 4879 729 4928 ut
748 4874 833 4938 [id
851 4880 927 4928 est
955 4874 1049 4943 ne]
1080 4877 1214 4944 post
1241 4890 1404 4928 suum
1424 4875 1648 4929 obitum
1674 4877 1879 4949 aliquis
1910 4894 2041 4933 suo-

432 4976 561 5014 rum
592 4962 1102 5016 velcxtraneorum
1122 4965 1364 5017 conetur
1385 4962 1603 5034 aliquid
1620 4964 1847 5020 auferre
1859 4982 1928 5020 ex
1954 4966 2040 5021 his

431 5048 703 5103 omnibus
722 5065 851 5119 qua:
887 5049 1180 5105 deditDeo
1200 5067 1214 5118 ;
1238 5053 1295 5103 et
1325 5051 1399 5105 ob
1420 5051 1529 5105 hoc
1559 5052 1922 5122 suggerimus
1951 5070 2042 5108 ve-

429 5140 561 5189 atra:
587 5136 900 5203 sanctitati,
922 5139 983 5190 ut
996 5137 1139 5191 duos
1160 5141 1350 5193 tomos
1371 5155 1514 5209 quos
1531 5138 1587 5193 in
1602 5142 1786 5195 vestro
1801 5142 2039 5198 nomine

426 5221 780 5291 scripsimus,
814 5240 1064 5295 quorum
1094 5243 1241 5280 unus
1273 5227 1689 5298 proprietatem
1716 5229 1906 5302 largiti
1938 5233 2038 5287 be-

427 5309 617 5364 neficii
635 5310 806 5382 hujus
835 5313 1178 5368 venerabilis
1197 5314 1432 5370 feminas
1460 5315 1740 5385 continet,
1766 5319 1911 5374 alter
1933 5336 2034 5375 au-

425 5400 547 5453 tem
576 5398 751 5455 totius
780 5417 1073 5458 summam
1088 5402 1421 5461 substantiae
1442 5404 1621 5462 nostri
1642 5407 2027 5466 caenobiicor-

491 5571 604 5648 (23)
632 5571 849 5659 Scilicet
870 5576 1160 5652 superbia.

2146 4435 2263 4490 suis
2286 4437 2564 4492 militibus
2613 4441 2713 4492 aut
2742 4454 2845 4509 pro
2879 4438 3165 4494 donativis
3209 4443 3476 4511 erogant,
3506 4437 3600 4490 aut
3627 4429 3731 4483 vice

2147 4523 2563 4580 beneficiorum
2584 4526 2946 4598 dispertiunt,
2968 4527 3255 4600 fingentes
3285 4531 3521 4599 tegnam
3532 4524 3727 4578 bonam

2146 4611 2366 4667 saeculis
2386 4612 2734 4678 inauditam,
2754 4615 2908 4686 quod
2934 4615 3072 4687 ipsa;
3096 4615 3259 4670 dotes
3289 4614 3546 4681 nonsiut
3564 4604 3728 4663 eccle—

2145 4698 2361 4754 siarum
2391 4702 2493 4756 sed
2522 4702 2712 4773 potius
2738 4703 3043 4771 altarium;
3078 4721 3209 4759 cum
3226 4704 3543 4760 maximum
3563 4697 3724 4753 altare

2143 4786 2369 4860 lapsum
2385 4807 2500 4845 uno
2517 4791 2779 4847 tremisse
2795 4792 2983 4846 valeat
2994 4793 3322 4862 restaurari;
3350 4788 3580 4849 ecclesia
3605 4793 3721 4837 veI‘O

2142 4876 2233 4931 vix
2262 4880 2707 4951 quamplurimis
2735 4881 3054 4936 solidorum
3082 4882 3377 4954 impensis.

2212 4966 2325 5021 Nec
2358 4968 2606 5036 mireris,
2624 4969 2805 5024 frater
2834 4970 3348 5043 charissime,quod
3372 4971 3493 5027 haec
3512 4956 3722 5021 hwreSiS

2140 5059 2337 5112 nostro
2353 5057 2637 5113 moderno
2666 5060 2930 5129 tempore
2948 5059 3147 5121 crevit,
3161 5075 3274 5131 quo
3280 5059 3499 5131 justitia
3508 5044 3720 5110 excessit

2140 5144 2306 5199 terris
2336 5162 2348 5200 :
2382 5146 2854 5217 quandoquidem
2882 5163 3033 5200 nunc
3060 5150 3118 5200 et
3140 5147 3419 5203 novitates
3435 5142 3717 5201 verborum

2138 5232 2389 5302 placent,
2407 5250 2547 5306 quas
2568 5236 2875 5304 Apostolus
2887 5234 3162 5306 prohibet
3181 5233 3234 5307 (1
3265 5237 3441 5290 Thim.
3473 5249 3539 5298 vn,
3561 5221 3717 5297 ‘20),“

2136 5319 2198 5376 in
2227 5324 2448 5393 templo
2468 5322 2568 5377 Dei
2591 5322 2657 5377 fit
2674 5322 3121 5395 saecularquuod
3141 5327 3402 5381 sanctum
3415 5310 3712 5378 est.Altaria

2135 5409 2293 5466 laicis
2321 5410 2383 5469 in
2412 5412 2839 5488 possessionem
2857 5411 3096 5484 dantur,
3128 5417 3364 5486 peccata
3390 5406 3578 5487 populi
3607 5414 3710 5458 non
