3922 6168
201 382 286 441 ill

1649 374 2001 433 EPISTOLxE
2016 417 2030 434 .

3396 386 3502 443 442

206 498 449 559 monachi
487 497 576 554 vel
607 495 793 553 clerici
818 492 1129 553 comedunt
1162 494 1285 567 (Os.
1326 512 1408 563 ιγ,
1462 495 1540 567 8),
1573 494 1671 567 qui
1697 512 1803 567 pro
1824 499 1880 559 Α
1905 496 2138 569 quidem
2166 497 2216 552 ei
2240 497 2394 552 dono
2420 495 2579 563 dare,
2602 497 2849 554 vendere
2874 503 2929 555 et
2954 501 3249 573 possidere
3267 503 3508 561 facultas

203 588 421 662 peccatis
444 585 710 658 ejusdem
731 584 928 657 populi
950 584 1102 655 apud
1128 584 1330 638 Deum
1368 583 1793 652 interveniunt;

201 679 286 734 sed
305 674 519 747 judicio
552 673 952 746 episcoporum
983 671 1325 728 oblationes
1379 672 1637 726 ecclesiae
1680 673 1805 742 plus

198 765 401 837 equiset
425 762 665 818 canibus
685 760 959 817 laicorum
974 762 1443 831 prosunt,quam
1462 760 1800 831 peregrinis,

198 851 446 925 orphanis
474 856 532 906 et
563 850 767 908 viduis.
795 853 894 904 aut
914 848 1340 904 restaurationi
1376 848 1751 903 ecclesiarum
1787 864 1799 901 :

196 959 281 996 sua
303 940 452 995 enim
479 940 690 995 altaria
750 954 868 993 esse
898 939 1187 1003 astruunt,
1220 953 1361 1008 quae
1418 937 1642 1008 absque
1679 936 1802 991 ullis

195 1028 496 1085 auctoribus
516 1027 593 1082 ab
615 1027 1273 1091 ecclesiasecernunt,eo
1298 1041 1506 1079 errore
1520 1024 1672 1079 ducti
1685 1042 1796 1096 quo

194 1117 581 1171 detinebantur
639 1115 909 1182 haeretici,
942 1114 1035 1185 qui
1087 1129 1280 1167 unam
1317 1129 1633 1184 personam
1669 1113 1798 1167 Iesu

194 1204 371 1259 Christi
399 1204 457 1257 in
490 1203 719 1258 duabus
748 1203 964 1257 naturis
1006 1202 1208 1258 conati
1262 1204 1408 1255 sunt
1451 1200 1705 1254 dividere
1736 1200 1796 1254 in

189 1308 546 1363 personarum
569 1291 916 1361 pluralitate,
946 1293 1150 1346 contra
1170 1288 1352 1356 illud,
1384 1291 1435 1342 si
1452 1291 1591 1342 enim
1614 1305 1802 1357 cogno-

188 1382 370 1447 vissent,
428 1396 718 1450 nunquam
780 1378 1058 1435 Dominum
1126 1378 1331 1448 gloriae
1412 1377 1799 1445 cruciﬁxissent

187 1468 239 1539 (Ι
255 1467 371 1522 Cor.
399 1484 481 1534 xx,
510 1468 596 1539 8),
631 1467 921 1539 Siquidem
937 1468 1261 1539 Apostolus
1274 1464 1794 1520 cruciﬁxumasse-

183 1557 247 1610 rit
265 1574 430 1628 quem
442 1557 655 1627 gloriae
668 1573 768 1611 sua
778 1556 1131 1611 confessione
1144 1553 1441 1628 patefecit
1461 1570 1473 1607 :
1491 1553 1797 1624 quia,sicut

184 1645 358 1700 anima
376 1649 433 1700 et
455 1661 601 1700 caro
618 1662 763 1700 unus
779 1648 860 1699 est
882 1645 1169 1713 homo,ita
1190 1646 1354 1700 Deus
1375 1644 1434 1696 et
1454 1642 1632 1695 homo
1648 1658 1796 1694 unus

184 1739 253 1788 est
279 1734 549 1802 Christus,
589 1733 687 1806 qui
715 1749 873 1788 suam
899 1750 1173 1806 sponsam
1196 1733 1502 1797 sanctam,
1529 1728 1796 1783 videlicet

185 1821 463 1877 Ecclesiam
496 1825 693 1876 totam
722 1821 825 1875 sibi
843 1818 1645 1885 consecravit,cousecratam
1674 1815 1797 1870 uni-
1822 1825 1873 1882 Β

185 1910 264 1978 vit;
278 1913 351 1978 et,
374 1911 418 1964 si
437 1912 671 1982 spectes
685 1909 758 1964 ad
776 1911 1125 1981 templorum
1141 1907 1429 1973 mdiﬁcia,
1445 1904 1796 1959 fundamen-

184 2000 561 2072 tum,parietes
576 2004 635 2055 et
661 2003 868 2055 tectum
884 2002 1099 2072 absque
1113 1998 1336 2054 Christi
1360 2012 1568 2052 mensa
1584 1994 1795 2049 domus

185 2095 269 2157 est,
298 2108 411 2147 non
436 2090 708 2157 ecclesia,
755 2090 894 2144 sicut
919 2093 975 2145 et
1004 2089 1258 2145 cadaver
1311 2087 1527 2142 dicitur
1584 2100 1794 2155 corpus

185 2182 371 2251 absque
403 2180 766 2237 animaJimc
786 2178 991 2235 idcirco
1027 2178 1400 2244 dixerim,ne
1428 2173 1554 2246 quis
1585 2171 1789 2226 indivi-

189 2268 281 2323 dua
306 2267 436 2324 velit
501 2267 784 2336 dividere,
811 2268 960 2324 aliud
986 2267 1187 2323 dicens
1236 2264 1572 2328 ecclesiam,
1631 2259 1790 2314 aliud

185 2358 360 2419 altare,
391 2356 532 2429 quia
563 2356 755 2411 nimus
772 2358 945 2413 solers
975 2357 1149 2412 stulto
1179 2350 1550 2409 consumitur
1589 2351 1787 2404 labore

184 2446 263 2517 qui
278 2449 517 2501 conatur
544 2446 707 2517 quod
737 2450 820 2501 est
847 2438 1409 2517 impossibile.Quod
1438 2455 1570 2493 vero
1601 2451 1786 2492 sacer-

187 2533 325 2589 dotes
351 2534 968 2590 Dominiecclesiarum
988 2534 1154 2589 dotes
1173 2535 1235 2587 et
1254 2531 1517 2587 decimas
1538 2528 1595 2584 in
1613 2549 1790 2590 manu

186 2640 271 2678 sua
320 2624 645 2680 consistere
690 2639 974 2678 canonum
1026 2622 1386 2677 auctoritate
1419 2619 1788 2691 conﬁrmant,

184 2727 335 2773 nemo
353 2711 732 2779 contradicit,
745 2712 840 2783 qui
865 2728 930 2766 eo
950 2711 1055 2766 loci
1081 2726 1315 2764 manum
1332 2708 1680 2778 potestatem
1702 2726 1789 2763 :n-

186 2798 383 2871 telligit.
416 2801 576 2853 Nam
603 2798 873 2870 predictze
902 2815 991 2853 res
1036 2797 1095 2852 in
1130 2812 1321 2851 manu
1355 2796 1489 2849 sunt
1519 2793 1789 2867 episcopi,

183 2886 306 2940 sicut
331 2903 594 2958 regnum
627 2887 684 2941 in
719 2903 894 2941 manu
922 2885 1096 2957 regis,
1126 2887 1425 2957 quatenus
1455 2897 1657 2935 eorum
1686 2900 1787 2954 po-

183 2976 359 3031 testate
380 2979 438 3030 et
455 2974 692 3049 judicio
710 2978 964 3030 servetur
991 2974 1312 3044 unicuique
1337 2968 1579 3040 aequitas
1605 2971 1678 3024 ad
1700 2988 1790 3026 res

181 3079 290 3119 suas
317 3064 696 3120 obtinendas.
732 3064 812 3118 Ne
837 3064 960 3136 quis
990 3067 1192 3118 autem
1218 3078 1317 3115 me
1336 3060 1480 3113 falso
1505 3059 1791 3114 existimet

1903 585 2108 653 arrisit;
2141 602 2389 657 cumque
2416 585 2475 639 in
2496 603 2607 640 uno
2629 590 2884 659 quolibet
2900 590 3187 663 episcopio
3211 592 3503 649 interdum

1901 674 2057 729 mille
2078 674 2193 727 sint
2217 674 2490 740 ecclesia},
2526 676 2736 731 mirum
2766 681 2849 732 est
2879 679 2923 731 si
2964 682 3124 734 tanta
3154 685 3240 735 est
3268 683 3509 736 avaritia

1901 763 2267 817 sacerdotum
2286 764 2553 818 utsatiari
2574 770 2821 836 nequeat
2840 768 3006 821 tertia
3023 770 3289 840 vel,quod
3313 772 3508 825 minus

1902 855 2005 917 est,
2030 855 2235 922 quarta
2254 854 2416 923 parte
2434 869 2665 907 suarum
2685 855 3075 910 ecclesiarum.
3100 857 3261 920 Quod
3297 858 3505 930 praevi-

1903 940 2065 1007 dens,
2089 941 2476 995 Bracharense
2494 943 2798 997 concilium
2820 945 2900 999 ait
2923 962 2936 999 :
2956 946 3192 999 Tertiam
3200 953 3412 1018 partem
3442 964 3509 1000 ex

1898 1036 2210 1091 quacunque
2267 1019 2528 1075 oblatione
2546 1023 2737 1093 populi
2764 1026 2818 1077 in
2838 1025 3507 1097 ecclesiisparrochialibus

1898 1102 2162 1170 episcopus
2191 1115 2297 1151 non
2320 1103 2576 1170 requirat,
2623 1104 2711 1156 sed
2742 1104 2832 1156 illa
2863 1108 3015 1158 tertia
3057 1123 3187 1174 pars
3205 1124 3308 1176 pro
3339 1108 3503 1159 lumi-

1898 1179 2115 1232 naribus
2150 1178 2375 1234 ecclesia
2405 1181 2487 1234 vel
2517 1187 2904 1254 recuperatione
2921 1193 3172 1253 servetur,
3198 1195 3246 1241 et
3274 1186 3505 1256 singulis

1900 1272 2053 1322 annis
2079 1270 2312 1338 episcopo
2343 1270 2528 1325 exinde
2563 1275 2699 1325 ratio
2752 1274 2868 1340 ﬁat.
2911 1273 3053 1328 Cum
3086 1274 3257 1346 igitur
3283 1276 3353 1329 de
3392 1275 3505 1327 hac

1898 1359 2062 1429 parte
2090 1356 2461 1412 ecclesiarum
2493 1361 2903 1431 transcriptum
2936 1363 3023 1429 sit,
3064 1363 3161 1417 ubi
3192 1379 3382 1434 quasso
3428 1361 3503 1413 de

1898 1444 2129 1499 dotibus
2158 1445 2243 1498 vel
2267 1445 2507 1502 decimis
2536 1449 2820 1521 scriptura
2845 1451 3117 1522 quaelibet
3149 1452 3322 1506 tradit
3341 1446 3502 1521 quod

1896 1534 2137 1606 singulis
2151 1535 2317 1589 annis
2335 1536 2603 1610 episcopo
2628 1540 2774 1594 ratio
2795 1540 3089 1594 reddenda
3103 1541 3173 1595 sit
3193 1556 3265 1594 an
3282 1532 3504 1607 aliquid

1896 1622 2169 1688 ecclesiae,
2194 1625 2441 1680 maxime
2463 1643 2552 1679 res
2573 1626 2903 1695 immobilis,
2919 1629 3130 1700 poterit
3149 1615 3507 1684 abalienari?

1897 1715 1984 1764 est
2000 1728 2136 1765 sane
2158 1712 2237 1765 rei
2259 1713 2496 1783 alicujus
2531 1715 2901 1782 abalienatio,
2924 1717 3051 1770 talis
3091 1716 3148 1770 in
3173 1717 3304 1787 jure
3326 1704 3506 1764 cessio

1898 1803 1961 1853 ut
1992 1800 2275 1868 posthanc
2292 1803 2448 1856 nulla
2469 1804 2540 1857 sit
2560 1805 2820 1875 legitima
2839 1803 3418 1877 repetitio,quoniam
3437 1789 3516 1843 ad

1897 1886 2155 1959 priorem
2186 1891 2462 1961 possessio
2489 1892 2614 1963 jam
2649 1910 2767 1948 non
2785 1894 3054 1966 pertinet.
3084 1895 3341 1949 Omnino
3362 1884 3521 1935 hanc

1899 1973 2392 2032 abalienationem
2416 1979 2484 2034 de
2508 1982 2677 2035 rebus
2690 1980 2941 2037 ecclesiae
2959 1998 3075 2035 non
3098 1998 3273 2054 posse
3290 1967 3524 2033 ἱὶϐΐὶὶοι

1896 2064 2218 2119 sunttestes
2257 2069 2396 2137 quot
2417 2072 2549 2122 sunt
2575 2070 2770 2141 legum
2784 2086 2885 2124 seu
2904 2086 3199 2124 canonum
3222 2064 3524 2125 auctores-

1978 2148 2221 2213 Quidam
2253 2154 2427 2225 igitur
2481 2159 2808 2214 antecessor
2851 2174 3011 2212 meus
3064 2157 3123 2211 in
3147 2146 3530 2229 possessione

1896 2239 2085 2293 nostri
2114 2243 2449 2298 monasterii
2474 2247 2769 2301 ecclesiam
2802 2245 3125 2312 aedificavit,
3154 2247 3385 2304 dotem
3407 2259 3537 2300 con-

1892 2327 2003 2380 tuli
2012 2330 2199 2395 t,num
2214 2331 2422 2387 idcirco
2437 2335 2850 2390 monasterium
2870 2333 3189 2407 possession
3202 2353 3324 2393 em
3342 2334 3543 2396 amisit

1894 2418 2193 2473 autabbas
2223 2420 2281 2476 id
2303 2422 2628 2478 abalienare
2650 2424 2832 2496 potuit
2857 2424 2885 2478 ‘l
2913 2423 3195 2496 Requisiti
3254 2428 3466 2506 itaque
3485 2432 3545 2493 in

1893 2505 2009 2560 hoc
2031 2506 2199 2577 hujus
2220 2510 2395 2565 nostri
2419 2514 2753 2568 monasterii
2783 2511 3142 2583 libripolitici
3160 2529 3206 2567 a
3252 2505 3543 2596 tempori-

2020 2596 2224 2689 ‘Magni
2257 2600 2443 2654 Caroli
2483 2618 2630 2672 pene
2678 2604 2955 2657 vetustate
2987 2611 3366 2679 consumpti,
3391 2593 3540 2689 quid

1894 2682 2184 2779 aedificata
2209 2689 2448 2743 ecclesia
2476 2689 2617 2743 mihi
2668 2691 2929 2761 meisque
2973 2690 3261 2779 fratribus
3287 2682 3530 2779 debeat,

1897 2768 2291 2844 innotescunt;
2315 2777 2455 2849 quid
2486 2781 2691 2833 contra
2704 2780 2801 2833 illa
2823 2779 2970 2833 dotis
2986 2778 3232 2835 nomine
3251 2785 3398 2844 data
3410 2768 3529 2854 suis;
3578 2834 3585 2841 .

1889 2859 2335 2918 burdationibus
2356 2866 2775 2931 solvat,ibidem
2794 2866 3521 2938 perpenditprocuratoris

1891 2945 2212 3017 diligentia.
2223 2953 2937 3024 Porroquodtealiquando
2951 2954 3052 3006 sub
3065 2953 3182 3006 mei
3194 2969 3514 3024 praesentia

1888 3034 2311 3099 turbavit,dum
2342 3040 2629 3095 diceretur
2649 3041 2804 3114 quod
2829 3039 3092 3095 monachi
3116 3043 3389 3102 ecclesias
3417 3054 3504 3107 te-

183 3150 240 3205 de
263 3168 436 3209 manu
478 3154 643 3208 hanc
671 3128 874 3206 fixisse-
898 3150 1421 3224 signiﬁcationem,
1455 3148 1789 3201 recordetur
1810 3142 1855 3201 C
1890 3138 2027 3176 “em
2083 3128 2415 3224 ῖξθίίυίνεῗιξίν
2456 3146 2693 3224 ξ’θῖξὶοδξθ
2722 3131 2794 3224 δξῙ)
2823 3130 3016 3184 animo
3046 3146 3059 3197 ἓ
3087 3133 3145 3185 θί
3169 3132 3314 3188 seu"
3341 3140 3501 3206 (Ῑοοά

181 3240 313 3310 quod
335 3244 622 3313 peccator
651 3240 884 3313 pavidus
906 3241 977 3295 de
999 3256 1181 3294 manu
1199 3235 1408 3292 mortis
1439 3252 1497 3289 se
1514 3236 1790 3305 frequen-

180 3326 272 3382 tius
298 3333 422 3384 orat
449 3328 632 3400 eripi.
663 3331 789 3400 Ipsa
810 3328 1045 3384 tandem
1060 3326 1320 3382 Ecclesia
1345 3324 1504 3395 cujus
1521 3323 1613 3389 sit,
1632 3324 1789 3379 Chri-

180 3418 278 3470 stus
304 3417 679 3474 manifestius
737 3417 898 3472 dicit:
925 3417 1009 3471 Tu
1029 3434 1081 3471 es
1132 3416 1353 3480 Petrus,
1396 3419 1447 3465 et
1474 3428 1630 3482 super
1652 3413 1787 3469 hanc

179 3502 381 3560 Petram
410 3505 693 3575 aediﬁcabo
731 3504 1028 3559 Ecclesium
1056 3519 1232 3559 meam
1262 3499 1494 3572 (Matth.
1522 3517 1640 3569 xw,
1676 3502 1782 3575 l8).

178 3590 355 3663 Meam,
386 3596 611 3669 inquit,
644 3612 762 3650 non
814 3602 983 3649 luam.
1020 3593 1079 3649 Si
1135 3609 1278 3665 ergo
1314 3589 1505 3646 omnis
1535 3590 1783 3647 Ecclesia

182 3681 363 3739 Christi
391 3689 506 3753 est,
542 3684 698 3739 nulla
719 3688 912 3739 autem
944 3683 1118 3750 Petri,
1152 3682 1253 3736 aut
1284 3679 1526 3748 alicujus
1557 3681 1660 3746 est,
1692 3697 1785 3735 re-

182 3774 277 3826 stat
303 3776 362 3827 ut
390 3773 712 3830 hominum
732 3771 1030 3827 altercatio
1063 3771 1135 3825 de
1164 3769 1423 3843 pestibus
1476 3784 1574 3821 seu
1618 3768 1783 3825 bonis

182 3859 284 3928 qius
301 3862 459 3917 nulla
485 3878 619 3916 esse
639 3861 866 3925 debeat,
883 3857 1365 3932 quandoquidem
1378 3855 1502 3926 ejus
1531 3858 1618 3909 est
1628 3872 1778 3927 pars,

179 3950 316 4020 cujus
334 3955 420 4006 est
450 3952 669 4007 totum.
691 3948 749 4004 Si
780 3949 920 4021 quid
952 3964 1083 4004 vero
1117 3948 1190 4002 de
1219 3942 1639 4016 temporalibus
1661 3946 1781 4016 ejus

181 4035 323 4093 bonis
336 4039 719 4110 partiendum
738 4037 961 4105 est,illis
975 4037 1148 4091 debet
1164 4032 1492 4107 specialiter
1508 4034 1778 4105 prodesse

181 4125 261 4194 qui
287 4129 547 4182 ecclesme
571 4126 903 4199 spiritaliter
916 4124 1275 4181 desserviunt
1305 4122 1396 4177 die
1423 4137 1489 4176 ac
1516 4124 1704 4182 nocte.

238 4215 646 4271 Verumtamen
678 4231 795 4270 non
819 4212 1198 4270 mediocriter
1219 4226 1462 4266 moveor
1484 4208 1621 4282 quid
1640 4212 1778 4269 illud

179 4299 241 4355 sit
258 4305 426 4375 quod,
461 4320 602 4359 cum
616 4320 818 4358 omnes
830 4303 1070 4358 decimae
1093 4302 1153 4357 in
1180 4317 1358 4356 manu
1376 4298 1773 4371 episcopisint,

181 4392 385 4447 tertiam
417 4409 523 4447 seu
535 4393 1007 4465 potiusquartam
1031 4393 1260 4461 partem
1289 4387 1557 4460 episcopo
1579 4393 1773 4445 aucto-

1890 3214 2231 3285 monachus,
2266 3218 2375 3273 nisi
2404 3219 2477 3273 ad
2524 3219 2862 3274 clericatum
2894 3224 3214 3290 promotus,
3243 3225 3497 3283 ecclesiae

1888 3302 2817 3377 retentisministeriis,deservire,
2851 3326 2924 3363 ne
2955 3310 3088 3380 quid
3123 3310 3194 3365 de
3218 3312 3499 3370 reditibus

1888 3387 2010 3477 ejus
2054 3407 2157 3445 seu
2188 3395 2581 3452 oblationibus
2612 3399 2798 3453 vivere
2832 3398 3040 3452 debeat
3069 3403 3127 3454 et
3146 3401 3324 3473 possit
3350 3403 3492 3477 (25).

1888 3476 2017 3529 Haec
2040 3480 2242 3536 omnia
2260 3485 2372 3538 tum
2385 3484 2740 3541 fraternitati
2762 3486 3035 3549 scribens,
3050 3488 3393 3560 quibusdam
3406 3476 3497 3548 ca-

1885 3562 2079 3634 pitulis
2093 3570 2634 3644 ecclesieefsubjectis
2646 3574 2954 3630 sollicitum
2972 3578 3031 3635 et
3043 3581 3273 3634 cautum
3293 3585 3498 3638 contra

1887 3653 2269 3724 obloquentes
2291 3660 2535 3717 reddere
2559 3663 2733 3726 volui,
2749 3681 2821 3718 ne
2850 3664 3490 3738 imparatuminveniat,

1884 3740 1982 3811 qui
2013 3745 2222 3799 nostris
2249 3747 2586 3804 utilitatibus
2619 3752 2887 3822 derogat;
2930 3752 3214 3824 siquidem
3244 3758 3342 3829 qui
3386 3776 3494 3814 nos

1881 3828 2313 3899 simplicitatem
2344 3838 2558 3893 habere
2574 3840 2805 3894 monuit
2834 3828 3491 3918 columbinam,serpen-

1881 3915 2066 4008 tinam
2098 3922 2369 3978 astutiam
2402 3927 2719 3981 tenendam
2750 3927 3031 4000 praemisit
3045 3929 3269 4001 (Matth.
3303 3915 3487 4008 x,l6),

1880 4021 1955 4059 ne
1977 4005 2216 4080 alicujus
2238 4010 2386 4067 ﬁctae
2419 4013 2688 4069 amicitias
2711 4015 3018 4071 malefacta
3046 4021 3235 4089 gratia
3272 4005 3488 4091 illiciat,

1880 4111 1953 4150 ne
1982 4102 2209 4153 versuta
2228 4100 2509 4156 calliditas
2524 4101 2863 4158 innocentes
2880 4108 3489 4175 opprimat.Quoniam

1879 4184 1937 4238 in
1973 4186 2220 4242 Canticis
2253 4190 2612 4245 canticorum
2650 4192 3027 4264 praecipimur
3056 4211 3262 4270 capere
3295 4202 3488 4271 vulpe-

1878 4275 2032 4329 culas
2063 4292 2189 4346 quae
2214 4277 2608 4333 demoliuntur
2627 4280 2820 4334 vineas
2845 4296 2857 4334 :
2878 4297 3014 4336 nam
3042 4281 3214 4339 flores
3230 4301 3485 4358 apparne

1876 4367 2014 4417 runt
2038 4363 2098 4417 in
2114 4369 2270 4419 terra
2287 4370 2483 4427 nostra
2506 4366 2695 4436 (Cant.
2717 4368 3110 4438 11,15),divinze
3125 4374 3324 4444 gratiae
3337 4391 3482 4447 pra:-

178 4454 604 4537 ι-ίιθπεωοηηίη
621 4454 905 4535 ροηξθάη,
933 4454 1209 4534 Cui-enim
1228 4454 1416 4532 ιοιίηη
1439 4454 1773 4534 αδηεθεευηὶ
1795 4463 1849 4524 D
1875 4454 2138 4521 rogativa
2161 4454 2366 4525 quibus
2381 4457 2693 4524 nutrimur,
2723 4458 2879 4512 velut
2904 4459 3115 4515 hazduli
3134 4462 3484 4534 quipascun-

181 4570 270 4633 est,
299 4574 353 4623 et
384 4586 549 4645 pars;
586 4569 671 4624 sin
702 4573 897 4624 autem
933 4571 991 4623 et
1018 4583 1152 4639 pars
1192 4566 1551 4632 conceditur,
1586 4569 1773 4624 totum

181 4667 498 4713 concessum
527 4658 699 4713 fuisse
755 4659 973 4713 frustra
1019 4656 1431 4712 contenditur:
1470 4654 1576 4710 nisi
1625 4658 1773 4714 forte

180 4740 304 4799 illud
318 4751 505 4802 totum
528 4747 603 4802 ad
619 4746 1057 4803 ordinationem
1073 4745 1475 4817 episcopi,non
1492 4748 1682 4801 autem
1700 4748 1774 4803 ad

180 4828 318 4888 illam
350 4834 671 4891 cessionem
712 4836 864 4907 juris
892 4835 1184 4906 pertineat
1211 4835 1273 4887 ut
1305 4833 1465 4900 dare,
1500 4835 1771 4905 vendere,

179 4935 262 4974 seu
274 4922 326 4977 in
344 4924 608 4996 proprios
633 4942 764 4979 usus
790 4924 1045 4979 retinere
1062 4920 1404 4995 queat.Quis
1422 4922 1580 4977 enim
1598 4924 1738 4996 igno
1752 4956 1774 4966 -

179 5011 257 5061 rat
279 5011 515 5067 clericos
529 5015 587 5068 et
612 5012 1025 5068 ecclesiasticas
1036 5027 1126 5066 res
1139 5008 1452 5065 consistere
1468 5012 1571 5066 sub
1594 5030 1772 5069 manu

180 5096 431 5172 episc0pi,
450 5101 547 5172 qui
561 5118 665 5173 per
682 5110 1024 5157 aeconomos
1045 5098 1412 5174 dispensandi
1427 5100 1659 5155 easdem
1680 5118 1771 5156 res

179 5189 507 5253 potestatem
550 5190 790 5261 accepit.
828 5189 1116 5244 Caeterum
1145 5190 1216 5245 de
1248 5190 1419 5245 tertia
1448 5206 1549 5244 seu
1578 5191 1771 5261 potius

181 5278 367 5342 quarta
388 5280 570 5348 parte,
614 5278 667 5332 ei
696 5278 769 5333 ad
797 5280 997 5333 votum
1031 5279 1311 5348 competit
1358 5278 1660 5351 quidquid,
1710 5283 1772 5335 ut

180 5363 536 5421 ecclesiastico
554 5365 1139 5438 dispensatori,agere
1157 5367 1437 5437 placuerit
1460 5387 1473 5423 :
1509 5368 1768 5440 quando-

1874 4544 1970 4595 tur
2015 4541 2074 4596 in
2134 4541 2358 4609 liliis(1,
2391 4544 2543 4611 ibi(l.,
2580 4546 2690 4617 l6),
2739 4550 3110 4616 peccatorum
3147 4556 3481 4609 nostrorum

1875 4631 2086 4686 conscii
2111 4632 2215 4686 sub
2245 4633 2582 4703 magisterio
2614 4637 2673 4689 et
2702 4636 2905 4708 regula
2930 4637 3278 4709 legislatoris
3302 4643 3482 4697 Bene-

1875 4719 2030 4788 dicti;
2063 4720 2161 4792 qui
2187 4720 2363 4775 etiam
2391 4722 3132 4797 ingemiscimus,quoniam
3160 4746 3363 4785 eorum
3394 4731 3479 4785 fe-

1873 4808 2033 4863 rinos
2063 4808 2240 4864 rictus
2270 4809 2547 4880 patimur,
2576 4829 2721 4884 quos
2747 4814 2819 4868 ab
2846 4814 2971 4869 aliis
3003 4833 3199 4889 passos
3216 4819 3483 4889 graviora

1876 4915 1995 4953 non
2018 4898 2356 4971 ignoramus
2389 4916 2401 4953 :
2434 4917 2538 4955 nec
2565 4901 2623 4955 in
2657 4920 2753 4958 cos
2777 4903 2994 4958 audent
3012 4908 3351 4979 retorquere
3365 4909 3485 4963 vin-

1875 4986 2109 5055 dictam,
2133 4989 2233 5043 sed
2259 4988 2317 5042 in
2342 5005 2446 5044 nos
2494 4989 2768 5046 minimos
2799 4996 3174 5067 nostramque
3205 4996 3482 5052 innocen-

1872 5075 2013 5130 tiam
2045 5079 2282 5132 movent
2306 5078 2792 5149 persecutionem,
2812 5081 2979 5152 juxta
3007 5083 3151 5141 illud
3179 5086 3425 5141 Maronis
3457 5103 3470 5141 :

1963 5255 2125 5325 Iorva
2147 5253 2280 5325 laena
2320 5254 2488 5325 lupum
2515 5257 2758 5325 sequitur,
2782 5256 2935 5325 _lupus
2962 5260 3069 5324 ipse
3099 5262 3364 5325 capellam,

1967 5317 2250 5368 Florentem
2268 5317 2483 5381 cytisum
2519 5317 2746 5383 secjuitur
2777 5317 3202 5383 lasciva-capella.

2773 5385 2950 5448 (Vmo.,
2971 5385 3079 5437 Ecl.
3107 5402 3159 5449 n,
3187 5388 3286 5451 63).

373 5559 650 5623 Obscurus
671 5580 811 5622 sane
854 5564 1061 5635 locus;
1120 5581 1295 5640 quem
1333 5565 1606 5624 mutilum
1652 5570 1751 5625 aut
1798 5572 2135 5644 corruptum
2167 5570 2254 5628 vel
2298 5569 2487 5645 primo
2532 5569 2748 5629 intuitu
2774 5569 2943 5629 facile
2990 5571 3226 5647 quisque
3246 5566 3470 5641 judica-

181 5628 330 5688 verit.
