3922 6168
195 390 281 460 n5
1648 382 2021 447 EPISTOLIE.
3404 392 3509 451 ne

194 524 354 582 biliter
403 536 601 594 preces
657 511 940 581 effuderit,
983 511 1182 568 inditas
1233 514 1435 569 textus
1492 510 3511 589 petitionisAeumportinetquocunquemodo,qualibetexquisitione

191 614 451 679 informat,
486 626 592 683 pro
624 625 736 681 qua
760 624 821 662 re
839 603 1264 661 fraternitatem
1282 607 1456 659 tuam
1478 604 1780 659 hortamur
1882 600 2161 669 minuere,
2195 618 2299 657 nec
2330 601 2733 657 immissiones
2765 604 2851 657 vel
2880 603 3043 660 dolos
3064 606 3511 679 aliquosfacere.

191 709 255 769 ut,
275 703 510 757 obeunte
541 699 755 753 abbate
785 692 1114 751 monasterii
1148 692 1338 764 ipsius
1372 694 1652 760 ecclesice,
1683 696 1779 747 tua
1880 690 1988 744 Sed
2003 690 2330 762 siquaforte
2346 691 2700 746 causainter
2719 692 3113 750 Ravennatem
3132 696 3509 768 etpreefatum

188 791 338 859 [cura]
380 789 435 843 in
487 785 881 842 describendis
940 781 1447 855 providendisque
1492 781 1779 853 acquisitis
1881 779 2293 834 monasterium
2321 782 3059 851 evenerit,etpacilicenon
3085 784 3510 857 potueritordi-

188 876 587 953 acquirendisve
611 874 871 946 ejusdem
916 869 1261 927 monasterii
1291 870 1496 937 rebus,
1532 871 1688 924 nulla
1717 886 1776 924 se
1878 867 2027 930 nari,
2061 869 2212 939 apud
2231 870 2440 923 electos
2474 870 2797 939 apartibus
2816 873 3155 929 timentibus
3172 874 3506 940 Deum,sine

185 968 446 1024 occasione
478 964 847 1037 permisceat.
872 962 1152 1015 Abbatem
1169 976 1315 1013 vero
1350 958 1549 1013 eidem
1577 976 1778 1014 mona-
1877 956 2201 1011 voluntaria
2232 956 2535 1024 dilatione,
2559 959 2784 1014 mediis
2805 962 3508 1033 sacrnsanctisEvangeliis

185 1055 324 1110 sterio
352 1070 466 1109 non
502 1052 714 1118 alium,
747 1050 1021 1120 sedquem
1048 1047 1304 1117 dignum
1323 1045 1590 1100 moribus
1604 1049 1776 1118 atque
1877 1044 2132 1099 finiatur.
2165 1045 2446 1099 Defuncto
2478 1062 2623 1100 vero
2657 1050 2865 1106 abbate
2897 1069 3016 1106 non
3048 1057 3378 1119 extraneas,
3399 1052 3507 1108 nisi

182 1149 376 1199 actuum
406 1141 733 1212 disciplinae
764 1137 1107 1193 monachica:
1136 1133 1455 1189 communi
1491 1150 1777 1189 consensu
1882 1132 1953 1187 de
1983 1134 2187 1188 eadem
2220 1134 2711 1205 congregatione,
2736 1157 2907 1211 quem
2933 1141 3037 1195 sibi
3057 1139 3292 1213 prOpria
3312 1141 3511 1196 volun-

182 1230 520 1303 congregatio
556 1232 689 1284 tota
717 1225 1053 1298 poposcerit,
1081 1223 1369 1279 ordinare
1396 1225 1451 1275 te
1483 1224 1772 1276 volumus.
1880 1225 1999 1276 tate
2039 1221 2409 1294 congregatio
2437 1223 2715 1294 elegerit,
2749 1232 2805 1283 et
2835 1230 2933 1301 qui
2964 1230 3177 1283 electus
3199 1229 3504 1287 fueritsine

179 1321 333 1375 Missas
360 1322 556 1373 autem
582 1312 1435 1387 illicpublicasperepisc0pum
1462 1309 1584 1363 fieri
1610 1310 1779 1364 omni
1884 1311 2017 1365 dolo
2044 1313 2131 1365 vel
2162 1311 2468 1365 venalitate
2498 1313 2707 1386 aliqua
2725 1317 3274 1382 ordiuetnr.Quodsi
3302 1322 3500 1391 aptam

182 1408 323 1463 modo
344 1407 751 1480 prohibemus,
780 1420 849 1458 ne
879 1403 932 1457 in
962 1417 1268 1457 servorum
1291 1397 1397 1453 Dei
1432 1399 1779 1463 recessibus,
1884 1398 2037 1453 inter
2056 1417 2112 1454 se
2136 1400 2729 1472 personaminvenire
2750 1406 3407 1478 nequiverint,solertem
3433 1408 3502 1463 de

179 1496 514 1569 popularibus
538 1493 768 1549 occasio
798 1493 1115 1565 praebeatur
1148 1490 1271 1543 ulla
1302 1484 1785 1551 conventibus,et
1888 1487 2010 1541 aliis
2032 1489 2393 1544 monasteriis
2419 1489 2529 1543 sibi
2544 1491 2822 1550 similiter
2849 1496 3065 1566 eligant
3087 1496 3499 1564 ordinandum;

179 1586 518 1657 simpliciores
550 1601 629 1639 ex
658 1582 987 1638 hocanimas
1021 1573 1572 1652 plerumque,quod
1597 1574 1779 1629 absit!
1889 1594 2078 1649 neque
2099 1578 2351 1632 venienti
2368 1578 2564 1633 abbati
2594 1599 2959 1656 quascunque
2981 1602 3229 1657 persona
3250 1587 3503 1658 qualibet.

180 1675 223 1729 in
237 1675 553 1729 scandalum
590 1673 788 1727 trahat
815 1670 1172 1743 frequentior
1196 1680 1433 1738 quoque
1467 1661 1787 1717 muliebris
1891 1667 2183 1721 occasione
2215 1667 2273 1720 in
2304 1683 2405 1721 suo
2438 1673 2804 1727 monasterio
2834 1675 3501 1746 praeponaturmisiforte

179 1763 427 1816 introitus.
446 1763 615 1817 Hanc
642 1763 831 1814 autem
864 1759 1213 1830 scriptorum
1247 1756 1591 1807 nostrorum
1620 1752 1787 1824 pagi-
1809 1823 1858 1834 _
1887 1756 2255 1821 exstantibus,
2287 1756 2441 1826 quod
2460 1756 2634 1812 absit!
2661 1761 2997 1817 criminibus
3019 1781 3145 1834 quae
3162 1764 3306 1818 sacri
3328 1781 3501 1819 cano-

180 1868 288 1905 nam
307 1851 463 1905 omni
481 1852 539 1905 in
560 1851 761 1905 futuro
777 1852 1032 1919 tempore
1059 1846 1151 1899 vel
1166 1844 1303 1915 post
1320 1839 1611 1913 episcopis
1628 1842 1784 1897 ordi-
1806 1823 1861 1883 B
1885 1861 1987 1898 nes
2013 1844 2216 1914 punire
2235 1847 2586 1899 monstrant.
2605 1849 2827 1904 Pariter
2848 1855 3042 1906 autem
3061 1853 3503 1909 custodiendum

180 1940 351 1993 nandis
379 1940 642 1995 formam
677 1937 987 2001 statuimus,
1020 1934 1436 2000 illibatamque
1467 1929 1781 1997 servari,ut
1886 1936 1972 1986 est
2004 1937 2083 2000 ut,
2113 1932 2289 1988 invito
2311 1933 2577 2002 ejusdem
2604 1939 2943 1993 monasterii
2976 1940 3203 2009 abbate,
3238 1943 3313 1996 ad
3343 1943 3498 1997 ordi-

178 2030 335 2082 tecum
362 2033 461 2083 tua
499 2027 780 2093 Ecclesia,
805 2026 1038 2096 juvante
1070 2020 1360 2084 Domino,
1394 2032 1496 2070 suo
1519 2019 1781 2072 tantum-
1883 2021 2080 2076 nanda
2106 2022 2218 2076 alia
2249 2024 2634 2091 monasteria,
2669 2031 2767 2081 aut
2790 2026 2864 2080 ad
2907 2028 3136 2083 ordines
3172 2046 3383 2097 sacros,
3416 2031 3505 2086 vel

181 2115 323 2169 modo
352 2116 421 2169 sit
437 2116 581 2186 jure
617 2115 977 2180 contenta,et
1007 2108 1444 2167 monasterium
1465 2105 1750 2168 illud,null

1880 2111 2181 2165 clericatus
2194 2110 2447 2165 officium
2466 2113 2593 2167 tolli
2611 2115 2817 2170 exinde
2830 2117 3103 2171 monachi
3120 2134 3235 2172 non
3252 2096 3502 2173 debeant

182 2203 380 2257 alterius
415 2204 645 2275 aliique
677 2201 930 2275 generali
959 2198 1338 2256 canonicmve
1376 2192 1775 2264 jurisdiclioni
1879 2200 1980 2254 sed
2012 2201 2057 2253 si
2085 2200 2446 2254 abundantes
2477 2201 2698 2258 fuerint
2733 2205 2831 2276 qui
2866 2205 2940 2259 ad
2969 2207 3342 2262 celebrandas
3381 2209 3497 2264 Deo

183 2289 491 2358 deserviens,
516 2291 774 2347 remotis
792 2289 1189 2345 vexationibus
1216 2301 1283 2339 ac
1317 2280 1543 2337 cunctis
1570 2299 1772 2353 grava-
1876 2288 2077 2342 laudes
2124 2290 2209 2342 vel
2252 2288 2529 2345 utilitates
2573 2293 3068 2348 monasteriorum
3120 2297 3496 2365 complendas

182 2369 1771 2450 minibus,divinumopuscumsummaanimidevotione
1874 2376 2184 2443 sufﬁciant,
2220 2377 2397 2431 abbas
2429 2394 2565 2434 cum
2608 2381 2917 2445 devotione
2952 2382 3021 2437 de
3051 2383 3141 2437 his
3169 2384 3269 2455 qui
3291 2402 3492 2457 super-

182 2468 459 2535 perticiant.
492 2472 648 2524 Data
668 2485 862 2523 mense
888 2467 1057 2535 Julio,
1082 2465 1293 2520 indict.
1327 2476 1439 2515 xw.
1477 2460 1522 2511 θ’
1871 2464 2090 2519 fuerint
2117 2464 2320 2521 offerat
2347 2483 2493 2538 quos
2523 2469 2735 2541 dignos
2773 2487 2976 2525 coram
3023 2472 3139 2526 Deo
3182 2474 3487 2543 putaverit.

237 2554 385 2618 Quod
413 2573 535 2611 non
586 2556 757 2610 debet
803 2556 1098 2627 episcopus
1142 2546 1578 2606 monasterium
1619 2546 1767 2601 inhi-
1873 2552 2036 2617 Quod
2065 2554 2109 2607 si
2140 2554 2495 2611 sufficienter
2519 2558 2743 2613 habens
2768 2559 2910 2613 dare
2942 2560 3209 2627 noluerit,
3231 2564 3365 2616 tunc
3386 2564 3494 2620 Ra-

181 2642 290 2696 bere
318 2661 349 2698 a
377 2644 575 2699 missis
601 2660 705 2697 nec
736 2660 769 2697 a
796 2645 1085 2714 sepultura
1119 2659 1133 2697 :
1172 2663 1201 2691 ‹‹
1224 2635 1542 2709 Gregorius
1559 2636 1767 2690 Joanni
1867 2641 2132 2696 vennatis
2160 2643 2545 2715 episcopusad
2575 2647 2906 2702 ordinanda
2927 2647 3039 2701 alia
3052 2651 3405 2706 monasteria
3420 2652 3495 2709 de

180 2730 413 2802 episcopo
450 2733 524 2787 de
559 2724 713 2787 Urbe
748 2731 944 2786 Vetere
993 2729 1223 2804 (Epist,
1278 2744 1317 2793 1,
1386 2724 1494 2794 12).
1554 2722 1750 2794 Αεθρὶη

1868 2728 1957 2784 his
1988 2730 2083 2801 qui
2115 2736 2423 2801 supersunt
2474 2735 2659 2789 tollat.
2688 2735 2775 2789 Ad
2806 2735 3254 2792 ecclesiasticum
3285 2741 3489 2798 tamen

180 2820 250 2872 tus
264 2820 428 2875 abbas
440 2818 783 2875 monasterii
806 2819 996 2874 Sancti
1010 2816 1247 2888 Georgii
1269 2811 1587 2869 insinuavit
1604 2812 1769 2867 nobis
1869 2816 2127 2872 officium
2150 2820 2338 2874 nullus
2358 2820 2563 2875 exinde
2581 2824 2957 2892 producatur,
2983 2822 3088 2877 nisi
3107 2842 3282 2895 quem
3313 2829 3494 2885 abbas

180 2907 396 2976 plurima
406 2912 746 2976 se[a]vestra
760 2908 1057 2963 sanctitate
1081 2902 1432 2979 gravamina
1464 2900 1765 2968 sustinere,
1870 2906 1980 2961 loci
2001 2906 2333 2961 admonitus
2345 2909 2583 2979 prOpria
2600 2912 2897 2964 voluntate
2916 2910 3487 2987 obtulerit.0uisquis

180 2998 226 3048 et
249 3013 352 3051 non
383 3001 578 3052 solum
600 2997 659 3051 in
683 2997 770 3052 his
791 2997 990 3065 [ad,vel
1016 2995 1251 3053 contra]
1269 3008 1401 3065 quae
1419 2989 1769 3045 necessitatis
1871 2997 2069 3048 autem
2100 3011 2166 3048 ex
2199 2995 2475 3065 praedicto
2515 2997 2871 3052 monasterio
2905 2997 2979 3051 ad
3031 2999 3481 3060 ecclesiasticum

182 3088 408 3158 tempore
425 3087 1095 3160 aliquodmonasterium
1108 3085 1293 3158 possit
1311 3080 1574 3137 subferre
1591 3081 1769 3135 subsi-
1797 3092 1845 3151 α
1869 3082 2214 3153 pervenerit,
2241 3084 2475 3138 ulterius
2495 3085 2606 3140 illic
2633 3103 2705 3140 ne
2726 3088 3077 3157 potestatem
3103 3087 3353 3157 aliquam
3376 3110 3484 3148 nec

182 3172 543 3245 dium,verum
567 3176 945 3247 etiaminipso
968 3172 1329 3231 monasterio
1351 3170 1555 3225 missas
1566 3169 1750 3239 prohi-

1866 3170 2159 3226 licentiam
2190 3172 2400 3227 habeat
2429 3173 2750 3229 habitandi.
2786 3175 3218 3230 Observandum
3250 3195 3483 3252 quoque

181 3261 293 3316 beas
313 3265 616 3332 celebrari,
630 3265 855 3337 sepeliri
868 3265 1043 3319 etiam
1065 3262 1292 3318 ibidem
1307 3261 1571 3314 mortuos
1591 3256 1765 3313 inter—
1867 3263 1953 3315 est
1972 3259 2344 3332 utdescriptio
2359 3277 2555 3317 rerum
2575 3267 2671 3318 aut
2684 3266 2975 3319 cartarum
2998 3265 3258 3335 ejusdem
3277 3285 3484 3325 mona-

181 3348 340 3406 dicas:
374 3354 537 3425 quod
568 3353 610 3407 si
635 3353 715 3408 ita
743 3357 847 3421 est,
880 3354 1023 3409 atali
1044 3370 1144 3409 vos
1171 3346 1765 3407 hortamurinhuma-
1865 3348 2021 3403 sterii
2044 3348 2114 3402 ab
2145 3348 2533 3405 ecclesiasticis
2563 3350 2686 3406 fieri
2730 3368 2850 3407 non
2891 3352 3119 3420 debeat,
3166 3353 3211 3408 si
3239 3358 3475 3428 quando

179 3438 330 3495 nitate
364 3442 665 3514 suspendi,
696 3447 753 3498 et
806 3443 1031 3516 sepeliri
1073 3442 1297 3497 ibidem
1332 3438 1616 3504 mortuos,
1676 3440 1763 3493 vel
1866 3436 2180 3508 resexigit;
2226 3437 2327 3492 sed
2344 3438 2791 3495 abbaslocicum
2809 3440 3112 3496 abbatibus
3131 3441 3254 3497 aliis
3279 3461 3469 3501 rerum

178 3528 422 3585 celebrari
453 3532 680 3599 missas,
713 3531 1120 3587 nullaulterius
1138 3528 1340 3585 habita
1360 3524 1767 3582 contradictio-
1865 3525 2251 3581 inventarium
2274 3525 2464 3582 faciat.
2483 3527 2715 3592 Quoties
2727 3534 2925 3584 autem
2938 3544 3043 3600 pro
3076 3530 3323 3587 utilitate
3345 3549 3473 3589 mo-

180 3621 687 3690 ne,permittas;nec
708 3621 896 3676 denuo
915 3622 1214 3693 querelam
1246 3619 1319 3673 de
1339 3616 1432 3671 his
1455 3630 1583 3687 qua:
1616 3614 1767 3671 dicta
1868 3614 2102 3670 nasterii
2130 3616 2215 3670 sui
2244 3615 2318 3670 ad
2347 3617 2680 3687 pontiﬁcem
2712 3619 3043 3673 Romanum
3070 3619 3247 3675 abbas
3275 3622 3470 3678 venire

176 3708 1349 3781 suntprazdictusvirvenerabilisdeponere
1363 3703 1763 3775 compellatur;
1866 3704 1955 3758 vel
1986 3704 2379 3758 transmittere
2399 3705 2549 3759 forte
2582 3706 2845 3773 voluerit,
2900 3706 2953 3760 ei
2982 3707 3170 3763 modis
3201 3709 3470 3765 omnibus

179 3795 307 3863 quod
327 3813 440 3852 non
464 3797 680 3852 debeat
697 3797 995 3870 episcopus
1012 3794 1436 3852 monasterium
1452 3792 1714 3850 inhibere
1732 3813 1766 3851 a
1865 3791 2051 3846 liceat.
2092 3794 2397 3861 Praeterea,
2430 3809 2562 3848 cum
2594 3794 2995 3866 episcoporum
3028 3796 3305 3853 adventus
3327 3798 3470 3852 desi-

178 3882 353 3942 missis.
382 3906 414 3938 ι»
448 3888 598 3941 [tem
627 3885 962 3941 Martiniano
993 3886 1263 3957 episcopo
1297 3882 1427 3955 (10.,
1475 3881 1630 3944 ibid.,
1662 3900 1759 3951 vn,
1865 3881 2137 3937 deranter
2171 3899 2205 3937 a
2236 3881 2601 3937 monasteriis
2641 3882 2891 3937 debeant
2940 3884 3276 3954 exspectari,
3333 3886 3468 3958 quia

184 3971 517 4047 l8.lndict.i):
543 3974 759 4039 «Quam
775 3973 1246 4030 sitnecessarium
1264 3969 1759 4028 monasteriorum
1860 3971 2059 4025 tamen
2089 3969 2419 4043 hospitandi
2445 3970 2744 4026 occasione
2787 3968 3132 4040 praedictum
3171 3977 3463 4028 monaste-

181 4060 329 4130 quieti
347 4064 679 4137 prospicere
721 4068 780 4120 et
805 4066 875 4120 de
897 4080 1099 4120 eorum
1143 4061 1451 4119 securitate
1480 4064 1760 4132 perpetua
1860 4058 2013 4114 rium
2036 4060 2394 4131 temporibus
2410 4058 2723 4114 decessoris
2750 4057 2916 4112 vestri
2940 4059 3103 4114 nobis
3125 4059 3298 4115 fuisse
3312 4078 3460 4116 nun-

182 4151 415 4221 tractare,
444 4157 780 4209 anteactum
796 4170 892 4210 vos
906 4152 1183 4220 officium,
1206 4150 1363 4222 quod
1390 4148 1448 4204 in
1471 4148 1758 4220 regimine

183 4242 493 4298 monasterii
523 4242 873 4306 exhibuistis,
893 4240 1266 4297 informat.Et
1291 4238 1445 4301 ideo,
1479 4238 1615 4310 quia
1638 4256 1760 4296 mo-

181 4330 463 4385 nasterium
512 4331 811 4385 beatorum
849 4329 1086 4385 Joannis
1130 4326 1478 4399 etStephani
1527 4327 1757 4399 quodin

185 4413 464 4476 Classitana
496 4420 714 4475 civitate
743 4420 1124 4475 constitutum
1162 4424 1268 4486 est,
1300 4419 1391 4473 cui
1422 4420 1751 4474 communis

184 4502 306 4561 ﬁlius
320 4508 588 4564 Claudius
616 4509 792 4564 abbas
820 4525 1063 4580 praeesse
1096 4506 1477 4579 dignoscitur,
1514 4508 1697 4563 multa
1720 4527 1754 4565 a

184 4595 670 4662 praedecessoribus
686 4597 880 4652 vestris
890 4597 1025 4668 prazj
1036 4596 1224 4651 ndicia
1235 4599 1405 4668 atque
1416 4597 1757 4667 gravamina

185 4685 448 4749 pertulisse
460 4686 1154 4757 cognovimus,oportetut
1166 4684 1542 4739 fraternitatis
1554 4689 1754 4743 vestrae

186 4773 401 4838 provisio
419 4790 622 4830 eorum
645 4774 715 4828 de
735 4773 927 4828 futura
946 4773 1137 4845 quiete
1150 4772 1365 4828 salubri
1386 4772 1752 4830 ordinatione

187 4856 727 4935 disponat,quatenus
739 4864 1142 4918 conversantes
1159 4861 1274 4915 illic
1296 4861 1353 4916 in
1381 4862 1480 4916 Dei
1498 4864 1748 4928 servitio,

189 4942 334 5015 ipsius
349 4969 573 5024 quoque
587 4952 772 5023 gratia
795 4950 1167 5021 suffragante,
1181 4950 1345 5004 liberi
1359 4957 1727 5021 perseverent

191 5032 279 5092 Sed
293 5057 379 5108 ne,
406 5059 469 5096 ex
486 5059 556 5096 ea
582 5059 708 5113 quae
736 5041 921 5114 magis
940 5040 1310 5096 emendanda
1340 5044 1427 5095 est
1452 5045 1749 5096 consuetu-

193 5121 318 5194 dine,
346 5129 577 5201 quisque
593 5129 971 5201 illicquolibet
1000 5133 1265 5199 tempore
1284 5128 1539 5200 quidque
1564 5131 1747 5185 mole-

192 5212 290 5268 stia:
323 5221 625 5286 praesumat
668 5218 904 5284 inferre,
960 5233 1195 5271 necesse
1244 5220 1330 5271 est
1383 5220 1444 5271 ut
1473 5218 1594 5273 haec
1622 5235 1750 5290 quas

192 5295 399 5359 inferius
433 5307 823 5361 enumeranda
848 5305 1191 5373 curavimus,
1240 5304 1323 5360 ita
1368 5305 1750 5364 fraternitatis

194 5394 363 5447 vestra:
381 5395 561 5450 studio
584 5395 834 5449 debeant
850 5393 1144 5456 custodiri,
1165 5397 1228 5449 ut
1247 5411 1314 5450 ex
1341 5394 1420 5450 eis
1438 5412 1555 5451 non
1574 5399 1752 5469 possit

196 5477 399 5536 ulterius
434 5482 745 5538 inferendae
772 5481 1187 5555 inquietudinis
1212 5485 1433 5540 occasio
1478 5488 1746 5558 reperiri.

198 5562 362 5623 Nullus
404 5572 565 5642 igitur
597 5574 745 5627 ultra
785 5572 992 5628 audeat
1022 5572 1092 5626 de
1118 5568 1415 5642 reditibus,
1463 5576 1632 5630 rebus
1662 5579 1747 5634 vel

198 5656 338 5713 certis
361 5660 601 5732 praedicti
625 5660 981 5727 monasterii,
999 5660 1088 5718 vel
1112 5659 1184 5717 de
1212 5661 1338 5719 loco
1357 5663 1546 5739 aliquo
1570 5666 1668 5740 qui
1680 5668 1755 5726 ad

1779 4379 1834 4438 D

1858 4146 2067 4202 tiatum
2081 4150 2167 4203 est
2187 4148 2867 4220 praegravatumpportet
2887 4147 2949 4198 ut
2963 4145 3072 4200 hoc
3093 4149 3363 4204 sanctitas
3376 4166 3469 4205 ve-

1860 4239 1978 4290 stra
2002 4237 2273 4290 decenter
2288 4235 2498 4290 debeat
2518 4239 2865 4306 temperare,
2899 4236 2961 4287 ut
2972 4234 3240 4291 visitandi
3254 4239 3459 4293 exhor-

1858 4325 2137 4397 tandique
2157 4324 2344 4397 gratia
2355 4325 2429 4379 ad
2442 4323 2883 4390 monasterium,
2918 4325 3143 4395 quoties
3158 4327 3458 4397 placuerit,

1860 4414 1931 4468 ab
1947 4414 2207 4485 ejusdem
2225 4413 2464 4468 civitatis
2476 4412 2728 4469 antistite
2741 4413 3048 4469 accedatur
3069 4431 3083 4469 :
3112 4415 3213 4470 sed
3228 4415 3305 4470 sic
3323 4417 3457 4472 cha-

1858 4501 2042 4558 ritatis
2064 4503 2320 4559 officium
2340 4502 2452 4556 illic
2473 4501 3042 4574 episcOpusimpleat,
3065 4505 3128 4557 ut
3140 4519 3458 4575 gravamen

1858 4592 2091 4664 aliquod
2122 4590 2537 4648 monasterium
2561 4607 2679 4646 non
2704 4591 2978 4646 incurrat.
3011 4592 3273 4649 Vestram
3324 4611 3459 4650 vero

1856 4681 2285 4737 fraternitatem
2320 4680 2629 4751 praedictus
2658 4680 2836 4736 abbas
2856 4696 2972 4735 non
2986 4683 3174 4737 solum
3194 4699 3308 4738 non
3331 4700 3460 4738 me-

1855 4770 1964 4824 tuit
1977 4770 2049 4825 ad
2069 4769 2487 4825 monasterium
2501 4769 2837 4840 frequenter
2860 4770 3260 4838 accedere,sed
3276 4770 3457 4825 etiam

1854 4857 2306 4913 desiderabiliter
2328 4858 2697 4929 concupiscit,
2714 4858 2898 4913 sciens
2919 4859 3075 4929 quod
3094 4874 3199 4929 per
3214 4875 3310 4914 vos
3330 4858 3462 4914 sub-

1853 4946 2063 5001 stantia
2085 4944 2419 5000 monasterii
2451 4946 2694 5000 omnino
2718 4946 2943 5018 gravari
2977 4963 3095 5001 non
3125 4946 3317 5017 possit.
3356 4968 3383 4996 ››

1921 5036 1992 5090 Ut
2021 5034 2315 5106 privilegia
2335 5033 2797 5089 etordinationes
2819 5038 2877 5089 et
2897 5034 3128 5090 decreta
3150 5036 3303 5090 beati
3322 5036 3459 5091 Gre-

1850 5123 1995 5196 gorii
2025 5126 2082 5177 et
2102 5122 2348 5177 aliorum
2360 5125 2691 5177 sanctorum
2709 5123 2831 5177 sine
2849 5121 3040 5195 aliqua
3060 5123 3451 5194 refragatione

1851 5216 2149 5268 serventur
2177 5228 2189 5266 :
2225 5230 2255 5264 «
2287 5210 2574 5266 Bonifacio
2602 5210 2793 5281 primo
2829 5211 3122 5267 defensori
3147 5211 3278 5284 (ld.,
3313 5211 3440 5268 ibid.

1851 5319 1943 5371 vn,
1982 5302 2068 5374 l7)
2113 5317 2125 5354 :
2184 5300 2587 5355 Ecclesiasticis
2616 5299 2958 5355 utilitatibus
2986 5301 3237 5383 ﬁdeliter
3289 5301 3446 5357 insu-

1852 5392 2055 5447 dantes
2082 5406 2337 5462 congruo
2364 5392 2497 5444 sunt
2524 5387 2804 5444 beneflcio
2866 5389 3275 5460 prosequendi,
3303 5394 3366 5444 ut
3392 5394 3451 5444 et

1852 5497 1956 5536 nos
1984 5478 2346 5551 respondisse
2375 5493 2578 5533 eorum
2606 5476 2782 5547 digne
2803 5476 3090 5549 obsequiis
3119 5476 3439 5540 videamur,

1850 5573 1908 5624 et
1935 5570 2016 5624 illi
2040 5572 2098 5623 et
2117 5568 2340 5623 indulta
2369 5567 2554 5639 gratia
2587 5565 2840 5621 utiliores
2870 5566 3133 5622 existant.
3166 5586 3195 5615 »
3220 5565 3288 5617 Et
3316 5567 3444 5635 post

1850 5668 2078 5745 aliqua:
2113 5690 2143 5721 ››
2168 5667 2298 5725 Htec
2322 5666 2515 5741 itaque
2541 5663 2914 5726 institutionis
2963 5667 3175 5722 nostrae
3217 5661 3448 5718 decreta
