3922 6168
429 368 534 425 447

1495 360 1552 417 S.
1579 361 1875 417 ABBONIS
1905 356 2202 419 ABBONIS
2235 360 2728 421 FLORIACENSIS

3640 362 3777 421 448

431 506 561 564 qu'e
593 506 695 562 pro
713 488 1080 544 defensorum
1110 476 1557 557 suntprivilegiis
1579 485 1636 537 et
1666 481 2029 538 ordinatione
2067 485 2125 545 Α
2147 485 2417 541 dictione.
2453 486 2594 540 Item
2626 483 2911 556 aequitatis
2950 483 3045 555 jus
3074 482 3245 555 exigit
3273 486 3335 537 ut
3376 484 3490 539 hoc
3522 458 3709 556 qtiod
3744 500 3786 537 ει

438 578 731 647 disposita,
754 580 1032 649 perpetua
1058 575 1369 630 stabilitate
1397 576 1454 627 et
1481 573 1603 627 sine
1619 570 2029 643 aliquaconsti-

436 666 649 720 luimus
676 666 764 722 ref
765 666 1060 737 ragatione
1080 664 1311 725 servari,
1335 663 1446 717 sive
1466 678 1590 733 quae
1612 660 1820 731 scripto
1835 660 2030 714 decre-

434 754 638 815 vimus,
669 771 767 808 seu
798 772 925 825 qua:
952 754 1010 808 in
1043 753 1196 807 eisin
1215 755 1412 807 nostra
1442 749 1747 823 prresentia
1767 748 2033 802 videntur

435 857 555 896 esse
587 842 1004 913 disposita,nec
1030 859 1064 896 a
1089 856 1380 912 quoquam
1413 838 1822 909 poutificumin
1846 840 2033 891 totum

433 930 523 985 vel
553 932 780 1003 partem
811 932 896 985 vel
932 947 998 985 ex
1052 930 1307 1001 qualibet
1337 927 1633 982 occasione
1666 925 1905 981 convelli
1935 924 2032 978 de-

432 1018 744 1086 cernimus,
776 1021 862 1073 vel
894 1019 1105 1073 mutari
1131 1030 1146 1076 :
1181 1035 1318 1073 nam
1372 1016 1543 1071 nimis
1569 1018 1654 1069 est
1682 1031 1949 1085 asperum
1976 1016 2037 1067 et

435 1107 723 1179 praecipue
752 1108 917 1163 bonis
947 1108 1310 1162 sacerdotum
1326 1105 1582 1159 moribus
1604 1101 2034 1169 inimicum,niti

434 1197 767 1268 quempiam
802 1212 1142 1267 quacunque
1160 1194 1404 1249 rationis
1420 1192 1802 1259 excusatione,
1835 1194 2034 1262 utquaa

431 1283 581 1338 bene
594 1282 1423 1353 suntordinataLrescindere,et
1435 1282 1698 1352 exemplo
1715 1296 1814 1335 suo
1829 1279 2035 1333 docere

433 1376 673 1427 caeteros
721 1389 823 1426 sua
860 1372 1207 1443 quandoque
1266 1387 1431 1441 posse
1477 1369 1787 1425 constituta
1836 1368 2032 1422 dlSSOl-

432 1476 585 1515 vere.
601 1480 629 1508 »
658 1460 1223 1530 —JoanniEpiscopo
1239 1458 1552 1525 Scillitano,
1571 1458 1708 1512 item
1741 1458 1811 1511 de
1829 1457 2033 1511 eadem

435 1565 496 1602 re
525 1548 826 1616 [ID.,ibz'd.,
851 1556 945 1615 vri,
980 1551 1101 1608 32):
1140 1571 1167 1597 «
1194 1548 1371 1602 Grave
1401 1547 1572 1601 nimis
1617 1551 1675 1601 et
1712 1550 1913 1600 contra
1952 1563 2037 1600 sa-

434 1636 723 1691 cerdotale
749 1639 974 1692 constat
994 1654 1113 1691 esse
1132 1635 1604 1708 propositum,ch
1628 1635 1899 1706 cujusque
1916 1650 2035 1689 mo-

436 1725 667 1779 nasterii
699 1725 997 1797 privilegia
1025 1725 1162 1779 olim
1212 1725 1434 1779 indulta
1460 1723 1835 1790 confundere,
1872 1726 1928 1778 et
1962 1724 2035 1777 ad

2138 574 2654 645 praedecessoribus
2684 571 2893 627 nostris
2911 572 3143 643 cognita
3168 572 3402 627 veritate
3429 576 3520 627 est
3544 571 3784 627 reddi-

2135 668 2255 718 tum
2266 705 2279 730 ,
2298 666 2494 718 nostra
2506 663 2696 717 debite
2710 662 2897 716 denuo
2910 662 3107 716 ecclesi
3118 666 3353 732 a_tenere
3367 680 3487 717 non
3506 662 3783 728 debeat;

2136 771 2230 819 ne,
2265 751 2419 822 quod
2474 751 2714 806 omnino
2758 754 2961 805 contra
2998 750 3326 822 religiosum
3356 754 3591 806 constat
3632 767 3786 805 esse

2136 842 2515 913 propositum,
2552 856 2670 894 non
2719 856 2873 907 vera,
2914 839 3014 893 sed
3066 839 3409 911 imaginaria
3437 856 3506 894 ac
3554 839 3789 911 magis

2138 930 2334 985 dolosa
2363 928 2532 984 fuisse
2560 928 2843 984 restitutio
2876 928 3154 983 videatur.
3191 928 3256 982 Et
3293 927 3788 999 ideo,quoniam

2138 1018 2462 1089 Stephanus
2522 1018 2699 1073 abbas
2756 1017 3093 1072 monasterii
3141 1016 3329 1071 Sancti
3359 1017 3531 1071 Marci
3590 1014 3789 1088 quod

2137 1108 2516 1163 constitutum
2541 1108 2705 1178 juxta
2727 1123 2921 1161 muros
2962 1106 3273 1178 Spolitanaa
3321 1105 3572 1160 civitatis
3632 1122 3787 1160 esse

2137 1197 2516 1268 dignoscitur,
2549 1200 2779 1267 questus
2816 1195 2983 1250 nobis
3009 1198 3094 1249 est
3120 1195 3354 1250 Massam
3386 1194 3645 1249 Veneris
3710 1193 3781 1247 in

2137 1286 2430 1358 provincia
2470 1284 2801 1357 Campania:
2822 1284 2991 1339 sitam
3011 1283 3300 1338 territorio
3328 1283 3781 1350 Miutnrnensi,

2136 1394 2311 1449 quam
2330 1375 2382 1430 ei
2399 1377 2581 1430 beata:
2603 1372 2900 1429 memoriae
2918 1371 3230 1427 decessoris
3245 1371 3425 1427 nostri
3442 1371 3784 1426 Benedicti

2135 1465 2425 1521 redditam
2446 1462 2833 1537 przeceptione
2847 1461 3243 1533 cognovimus,
3262 1460 3331 1515 ab
3351 1460 3606 1515 ecclesia
3628 1476 3788 1514 nos-

2136 1562 2225 1612 tra
2251 1572 2401 1610 nunc
2420 1553 2675 1608 indebite
2695 1549 3168 1617 retineri;idcirco
3186 1549 3289 1604 hac
3311 1548 3412 1603 tibi
3426 1548 3786 1603 auctorita-

2133 1648 2190 1699 te
2209 1643 2572 1715 prmcipimus
2587 1639 2717 1706 ut,si
2735 1638 3037 1693 manifeste
3060 1639 3131 1694 ab
3145 1636 3392 1692 ecclesia:
3408 1640 3635 1691 nostra?
3652 1638 3779 1691 lio-

2136 1734 2387 1788 minibus
2413 1728 2927 1798 detinetur,injure
2951 1743 3082 1781 eam
3114 1726 3370 1798 praedicti
3402 1725 3779 1780 monasterii

435 1811 664 1868 irritum
678 1831 804 1885 quas
824 1817 958 1868 sunt
976 1830 1081 1884 pro
1097 1813 1289 1885 quiete
1312 1812 1584 1885 disposita
1603 1812 1706 1866 niti
1721 1812 2033 1866 deducere:

2140 1822 2259 1876 sine
2280 1820 2473 1891 aliqua
2503 1834 2669 1873 mora
2696 1818 2783 1871 vel
2811 1816 3187 1869 altercatione
3213 1814 3497 1869 restituas.
3527 1812 3593 1867 Si
3622 1831 3779 1868 vero

437 1903 622 1974 questi
656 1920 906 1975 namque
938 1903 1104 1958 nobis
1135 1906 1269 1957 sunt
1315 1902 1583 1957 monachi
1621 1902 2034 1969 Castellienses,

436 1991 591 2063 quod
613 1991 668 2044 in
682 1992 1056 2047 fraternitatis
1073 1996 1270 2046 vestra:
1288 1991 1513 2047 civitate
1533 1995 1618 2046 est
1639 1992 2034 2058 constitutum,

434 2079 568 2151 quia
593 2080 780 2135 eidem
804 2082 1153 2136 monasterio
1177 2081 1443 2153 quaedam
1468 2098 1595 2152 quae
1608 2080 2038 2153 praedecessori-

429 2167 536 2223 bus
565 2168 762 2223 vestris
791 2169 1069 2239 permissa
1094 2186 1157 2223 ac
1190 2169 1602 2224 consuetudine
1622 2170 1795 2239 longa
1817 2171 2037 2223 servata

431 2260 585 2323 sunt,
612 2256 889 2311 festinetis
914 2257 1269 2324 inducere,et
1294 2257 1591 2328 antiquam
1605 2256 2036 2311 ordinationem

435 2344 685 2416 quadam
701 2347 835 2416 prmj
847 2345 1017 2400 udicii
1041 2346 1287 2400 novitate
1302 2345 1810 2399 turbare.Proinde
1823 2345 1908 2399 his
1929 2344 2039 2398 fra-

436 2432 773 2488 ternitatem
804 2438 1054 2489 vestram
1085 2434 1389 2488 hortamur
1421 2433 1707 2500 affatibus,
1748 2436 1829 2498 ut,
1885 2433 1928 2487 si
1960 2432 2041 2487 ita

434 2520 616 2587 est,ab
636 2522 759 2592 ejus
792 2539 852 2577 se
877 2522 1145 2577 molestia
1166 2522 1287 2576 sine
1308 2521 1496 2594 aliqua
1524 2520 1884 2576 excusatione
1908 2538 2038 2576 con-

433 2607 635 2676 tineat,
661 2612 719 2663 et
748 2626 875 2681 qua:
906 2609 988 2665 eis
1012 2614 1145 2664 sunt
1162 2609 1377 2664 diutius
1400 2609 1699 2677 custodita,
1720 2609 1927 2663 nullius
1948 2626 2038 2663 oc-

440 2696 683 2752 casionis
713 2701 899 2752 tentet
931 2698 1303 2769 usurpatione
1330 2700 1671 2766 convellere,
1714 2699 1813 2753 sed
1832 2702 2037 2753 cuncta

436 2785 653 2841 illibate
685 2790 741 2842 et
772 2788 894 2842 sine
924 2789 1115 2861 aliqua
1136 2789 1362 2844 studeat
1389 2788 1778 2861 refragatione
1810 2806 2035 2844 servare

436 2878 495 2929 et
522 2877 646 2945 plus
660 2877 765 2932 sibi
799 2877 856 2931 in
888 2879 1095 2933 eodem
1123 2878 1684 2950 monasterio,quam
1716 2879 2034 2949 praedeces-

436 2963 660 3020 soribus
685 2966 799 3020 suis
848 2967 1029 3034 licuit,
1063 2967 1288 3021 noverit
1348 2984 1464 3023 non
1498 2968 1692 3022 licere.
1728 2967 1870 3031 Quia
1901 2984 2035 3021 vero

434 3053 652 3124 pariter
681 3055 864 3151 questi
895 3059 1026 3110 sunt
1057 3055 1476 3110 fraternitatem
1495 3058 1653 3110 tuam
1672 3056 1937 3126 quaedam
1966 3055 2035 3110 de
2060 3092 2108 3151 Ο

432 3142 789 3198 monasterio
821 3145 923 3198 sub
936 3144 1084 3198 xenii
1100 3144 1259 3215 quasi
1280 3144 1465 3215 specie
1484 3144 2035 3210 abstulissemecesse

434 3233 521 3285 est
552 3233 634 3293 ut,
669 3231 712 3285 si
739 3231 876 3302 quid
904 3235 958 3286 te
990 3231 1326 3286 indecenter
1348 3231 1551 3286 recolis
1576 3233 1878 3302 accepisse,
1913 3232 2035 3285 sine

434 3318 711 3374 dilatione
753 3320 1038 3387 restituas,
1075 3336 1147 3374 ne
1186 3320 1435 3375 avaritiae
1488 3324 1544 3375 te
1583 3321 1832 3391 graviter
1869 3321 2037 3389 culpa

429 3406 765 3476 redarguat,
814 3424 987 3477 quem
1043 3410 1268 3478 largum
1300 3425 1439 3479 erga
1470 3408 1820 3465 monasteria
1848 3425 2033 3463 sacer-

434 3492 643 3548 dotalis
670 3494 1557 3566 debueratﬁmagismuniﬁcentia
1577 3497 2035 3553 demonstrare.»

433 3583 580 3636 ltem
600 3585 728 3651 post
739 3599 975 3655 paucam
1010 3584 1411 3639 lndicaverunt
1425 3583 1600 3638 etiam
1623 3584 1881 3639 monachi
1909 3601 2034 3639 mo-

441 3669 676 3725 nasterii
710 3675 961 3727 castrum
992 3673 1150 3744 quod
1201 3673 1526 3728 Scillacium
1565 3672 1791 3741 dicitur,
1825 3673 1882 3727 in
1912 3675 2035 3729 solo

425 3757 572 3829 juris
591 3761 929 3815 monasterii
956 3779 1156 3818 eorum
1171 3779 1290 3817 esse
1304 3763 1812 3835 fundatum,atque
1834 3764 1906 3819 ob
1928 3766 2037 3820 hoc

432 3846 760 3905 habitantes
785 3848 900 3905 illic
922 3851 1085 3906 factis
1109 3851 1314 3906 libellis
1326 3852 1588 3907 solatium
1620 3853 1859 3923 singulis
1872 3855 2039 3910 annis

433 3938 790 4011 expendisse;
814 3942 1137 4012 persolvere
1153 3941 1253 3996 sed
1283 3945 1484 4013 postea
1508 3943 1939 4014 contempsisse,
1982 3947 2039 3998 et

433 4026 505 4080 ab
529 4027 733 4082 eadem
757 4046 817 4082 se
843 4030 1292 4100 praesentatione
1316 4046 1661 4102 supervacue
1678 4032 2035 4102 supendisse.

433 4113 791 4171 Fraternitas
822 4134 961 4189 ergo
1018 4121 1207 4174 vestra
1235 4119 1519 4174 subtiliter
1543 4119 1846 4174 veritatem
1877 4122 2040 4174 curet

431 4202 749 4271 addiscere,
781 4209 858 4273 et,
893 4206 938 4261 si
968 4206 1049 4260 ita
1078 4207 1381 4280 repererit,
1414 4208 1695 4263 instanter
1722 4209 1952 4264 studeat
1978 4210 2038 4262 ut

430 4307 500 4344 ea
527 4308 653 4361 quae
687 4294 1101 4364 promiserunt,
1137 4296 1270 4368 quia
1298 4299 1355 4351 et
1386 4297 1533 4352 ratio
1558 4297 1637 4352 ita
1667 4297 1859 4369 exigit,
1888 4314 2035 4368 praa~

2140 1927 2258 1966 non
2290 1926 2323 1964 a
2353 1906 2583 1973 nostris,
2611 1904 2711 1960 sed
2733 1922 2767 1959 a
2795 1903 3142 1975 quibusdam
3167 1902 3407 1957 forsitan
3454 1901 3779 1956 extraneis

2139 1997 2453 2057 detinetur,
2472 1998 2706 2049 strenua
2726 1997 2778 2048 te
2792 2008 2963 2063 agere
2981 1990 3361 2046 sollicitudine
3378 1991 3681 2057 volumus,
3708 1992 3781 2044 ut

2137 2087 2333 2157 injure
2356 2083 2542 2140 modis
2568 2082 2837 2138 omnibus
2858 2080 3165 2136 memorati
3181 2079 3388 2134 debeat
3404 2077 3776 2134 monasterii

2137 2174 2466 2240 reformari,
2501 2176 2782 2245 quatenus
2830 2173 2888 2223 et
2918 2170 3103 2240 ipsum
3147 2167 3301 2241 quod
3355 2184 3525 2222 suum
3560 2172 3659 2222 est
3712 2171 3776 2221 te

2137 2263 2476 2319 sollicitante
2492 2261 2615 2317 sine
2628 2260 2818 2331 aliqua
2829 2257 3167 2329 fatigatione
3180 2256 3417 2327 recipiat
3421 2260 3504 2323 ,et
3519 2257 3678 2310 alter
3693 2254 3775 2310 de

2138 2352 2440 2425 dispendio
2468 2348 2805 2405 monasterii
2836 2347 3043 2417 injuste
3072 2348 3293 2401 lucrum
3322 2362 3437 2400 non
3472 2345 3772 2399 habeat.»

2210 2443 2336 2507 (10.,
2369 2439 2520 2506 ibid.,
2542 2456 2603 2504 ιι,
2635 2436 2749 2508 39.)
2775 2437 2899 2490 «De
2931 2433 3323 2490 ecclesiasticis
3352 2450 3487 2489 vero
3514 2434 3767 2504 privile-

2138 2530 2245 2602 giis
2276 2529 2430 2602 quod
2459 2531 2645 2583 vestra
2678 2525 3005 2582 fraternitas
3043 2523 3257 2590 scribit,
3288 2524 3395 2578 hoc
3424 2522 3772 2595 postposita

2138 2618 2496 2673 dubitatione
2528 2619 2742 2681 teneat,
2766 2613 2920 2687 quia,
2954 2614 3104 2668 sicut
3130 2615 3327 2667 nostra
3355 2610 3767 2672 defendimus,

2137 2704 2220 2759 ita
2248 2704 2487 2776 singulis
2539 2703 2859 2775 quibusque
2874 2700 3148 2755 ecclesiiis
3162 2699 3403 2770 suajura
3423 2715 3764 2764 servamus,

2137 2810 2242 2849 nec
2273 2793 2507 2848 cuilibet
2535 2790 2762 2845 favente
2793 2789 2980 2861 gratia
2997 2790 3145 2843 ultra
3166 2803 3339 2859 quam
3362 2786 3766 2841 mereturim-

2139 2882 2354 2956 pertior
2384 2899 2488 2937 nec
2521 2881 2619 2935 ulli
2647 2880 2753 2934 hoc
2784 2877 2940 2949 quod
2970 2876 3053 2930 sui
3079 2875 3224 2949 juris
3251 2878 3353 2943 est,
3384 2874 3615 2929 ambitu
3663 2874 3768 2928 sti-

2137 2974 2416 3039 mulante,
2451 2969 2783 3041 derogabo;
2816 2967 2913 3021 sed
2944 2967 3150 3021 fratres
3197 2982 3357 3019 meos
3387 2980 3495 3036 per
3549 2963 3769 3018 omnia

2138 3060 2428 3116 honorare
2455 3059 2642 3131 cupio,
2669 3057 2861 3129 sicque
2916 3055 3117 3111 studeo
3143 3055 3395 3109 honores
3433 3054 3495 3107 in
3554 3054 3766 3107 oculos

2137 3151 2393 3218 subvehi,
2410 3147 2728 3204 dummodo
2749 3164 2865 3203 non
2883 3145 2956 3199 sit
2971 3145 3127 3217 quod
3144 3143 3304 3199 alteri
3320 3144 3449 3214 jure
3470 3142 3545 3196 ab
3559 3144 3758 3196 altero

2137 3238 2316 3308 possit
2333 3236 2566 3309 opponi.
2587 3233 3024 3307 Responsalium
3055 3250 3187 3287 vero
3220 3235 3547 3285 vestrorum
3568 3229 3757 3284 mori-

2136 3327 2241 3381 bus
2266 3327 2427 3382 valde
2454 3324 2811 3396 congaudeo,
2844 3322 2900 3376 in
2933 3322 3139 3394 quibus
3170 3319 3311 3374 mihi
3341 3323 3644 3374 ostensum
3670 3320 3765 3372 est

2139 3420 2423 3486 quantum
2454 3430 2549 3467 me
2582 3411 2839 3484 diligitis,
2864 3428 2959 3482 qui
2992 3410 3066 3464 ad
3097 3426 3190 3464 me
3221 3409 3429 3463 electos
3455 3407 3675 3461 fratres
3702 3408 3764 3460 et

2138 3502 2288 3558 filios
2320 3501 2733 3558 transmisistis.
2763 3523 2789 3549 ››
2819 3531 2887 3557 τ-
2918 3499 3046 3572 (lo.,
3079 3497 3229 3563 z'bid.,
3262 3514 3335 3563 xi,
3364 3498 3472 3565 32.)
3504 3515 3536 3547 ε
3592 3493 3765 3549 Licet

2137 3592 2564 3647 fraternitatem
2596 3594 2841 3645 vestram
2862 3604 3001 3658 erga
3026 3584 3512 3641 monasteriorum
3546 3599 3763 3638 curam

2139 3682 2414 3751 pastorali
2444 3679 2747 3751 vigilantia
2791 3676 3099 3731 credamus
3146 3689 3266 3729 esse
3297 3672 3631 3739 sollicitam,
3687 3690 3764 3728 ea

2140 3772 2338 3824 tamen
2368 3785 2497 3840 quae
2538 3767 2607 3822 de
2637 3763 2991 3822 monasterio
3044 3764 3101 3817 in
3152 3761 3420 3817 Africana
3446 3760 3763 3833 provincia

2142 3858 2327 3931 posito
2360 3856 2755 3928 cognovimus,
2806 3853 2965 3908 vobis
3013 3850 3763 3923 necessarioﬁprasvidimus

2140 3945 2397 4001 indicare
2414 3943 2804 4007 illa.Queritur
2832 3945 3027 3996 autem
3050 3938 3383 3996 Concodeus
3397 3938 3578 3994 abbas
3600 3939 3762 3993 lator

2140 4033 2514 4106 praesentium
2568 4032 2725 4103 quia,
2776 4031 2821 4085 si
2876 4030 3109 4102 quando
3162 4028 3483 4083 monachos
3538 4027 3760 4098 quibus

2139 4139 2384 4194 praeesse
2405 4120 2762 4192 dignoscitur
2776 4119 2879 4173 sub
2910 4118 3161 4189 regulari
3176 4117 3418 4171 voluerit
3444 4115 3760 4187 disciplina

2139 4207 2934 4283 restringere,monasterium
2958 4210 3177 4261 temere
3204 4204 3559 4267 deserant,et
3592 4204 3756 4259 licito

2142 4316 2485 4372 quocunque
2524 4298 2809 4353 voluerint
2836 4299 3108 4367 vagantes
3149 4294 3415 4350 existant.
3464 4293 3568 4357 Qui
3603 4310 3755 4364 ergo

429 4377 567 4434 bere
606 4396 723 4434 non
783 4382 1091 4452 differant;
1125 4364 1408 4456 quatenus
1438 4389 1495 4439 et
1526 4385 1602 4439 illi
1634 4364 1826 4456 quiete
1881 4364 2111 4457 quod.D
2139 4364 2247 4443 hoc
2275 4391 2332 4443 et
2359 4364 2491 4458 ipsis
2534 4386 2774 4441 omnino
2830 4364 3215 4455 perniciosum
3249 4387 3356 4446 est,
3398 4382 3521 4436 aliis
3549 4382 3754 4453 perdi-

428 4468 631 4522 tenent
658 4471 1009 4540 possideant,
1041 4476 1097 4529 et
1128 4474 1464 4530 monasterii
1486 4475 1622 4544 jura
1636 4474 2034 4544 praejudicium

430 4571 548 4610 non
566 4556 884 4614 incurrant.
902 4562 1190 4618 Praeterea
1203 4562 1385 4633 questi
1412 4561 1575 4616 nobis
1608 4564 1741 4616 sunt
1776 4562 2034 4631 praedicti

430 4645 698 4700 monachi
729 4649 1064 4703 monasterii
1090 4650 1358 4705 abbatem
1373 4665 1539 4704 suum
1556 4648 1706 4703 intra
1719 4649 2033 4706 Scillanum

429 4736 678 4789 castrum
707 4737 861 4808 quod
880 4741 1175 4793 sexcentos
1204 4737 1379 4810 pedes
1410 4737 1738 4793 extenditur
1768 4741 1871 4794 sub
1884 4757 2031 4811 pra:-

426 4823 582 4876 textu
596 4824 947 4879 fabricanda:
960 4826 1206 4881 ecclesiae
1222 4826 1567 4881 fraternitati
1584 4830 1694 4883 tuas
1708 4828 2035 4884 donationis

427 4910 591 4966 titulo
624 4913 1052 4976 concessissc,et
1069 4915 1198 4970 ideo
1211 4916 1400 4969 velum
1410 4933 1472 4970 us
1486 4918 1768 4987 quantum
1786 4916 2034 4989 parietes

426 5003 666 5069 possunt
688 5001 985 5055 aedificatae
999 5003 1249 5057 ecclesia:
1264 5002 1608 5060 circumdari
1619 5046 1632 5071 ,
1641 5005 1663 5076 j
1674 5006 1757 5060 uri
1782 5006 2034 5062 ecclesiae

426 5086 723 5142 vindicari.
770 5087 1061 5160 Quidquid
1111 5108 1243 5146 vero
1275 5096 1435 5147 extra
1474 5093 1725 5165 parietes
1774 5095 2034 5165 ejusdem

425 5175 677 5230 ecclesiae
704 5191 826 5230 esse
851 5179 1202 5247 potuerit,ad
1216 5180 1353 5249 jura
1380 5182 1713 5237 monasterii
1740 5182 1861 5236 sine
1885 5183 2035 5237 difﬁ-

426 5261 634 5317 cultate
653 5263 844 5334 aliqua
871 5270 1217 5336 revertatur;
1252 5269 1385 5341 quia
1442 5288 1547 5326 nec
1603 5271 2037 5326 mundanarum

422 5343 645 5420 legum,
679 5368 784 5407 nec
812 5370 1106 5410 sacrorum
1136 5373 1427 5413 canonum
1450 5362 1665 5414 statuta
1693 5359 2041 5431 permittunt

425 5455 516 5493 res
547 5442 884 5497 monasterii
901 5443 971 5498 de
978 5445 1109 5516 jure
1128 5447 1175 5517 ej
1187 5464 1247 5501 us
1266 5448 1522 5519 quolibet
1542 5449 1703 5503 titulo
1718 5450 2032 5521 segregari.

426 5526 788 5602 Quapropter
805 5530 1184 5590 donationem
1206 5536 1466 5608 ejusdem
1482 5540 1805 5609 terrea,quaa
1829 5542 2033 5594 contra

423 5618 722 5679 rationem
758 5621 917 5681 facta
966 5628 1073 5697 est,
1104 5625 1227 5684 sine
1266 5626 1457 5702 aliqua
1504 5626 1740 5684 restitue
1798 5631 2025 5686 contra-

2122 4478 2310 4550 ‘tionis
2338 4478 2625 4531 monstrat
2645 4473 3307 4546 exemplum,horlamur
3320 4470 3756 4526 fraternitatem

2137 4568 2384 4620 vestram
2420 4567 2501 4627 ut,
2549 4565 2592 4617 si
2623 4563 2703 4617 ita
2734 4564 2838 4629 est,
2870 4561 3310 4616 ecclesiasticam
3342 4560 3401 4615 in
3451 4559 3577 4613 illos
3628 4576 3757 4615 cor-

2133 4653 2453 4709 rectionem
2491 4655 2775 4716 exerceat,
2800 4653 2857 4705 et
2885 4667 3016 4704 cum
3040 4650 3197 4721 gravi
3222 4667 3322 4704 eos
3348 4647 3565 4704 ultione
3586 4665 3621 4703 a
3647 4649 3753 4703 tali

2136 4742 2331 4814 procul
2365 4740 2538 4795 dubio
2562 4738 3551 4813 praesumptionecompescatgatque
3579 4736 3660 4791 ita
3676 4736 3755 4791 ad

2135 4829 2524 4886 obediendum
2541 4828 2751 4883 salubri
2773 4826 3096 4898 provisione
3109 4826 3507 4899 superbientes
3518 4825 3755 4880 animos

2126 4918 2271 4990 jugo
2295 4917 2581 4989 diciplinaz
2604 4916 2888 4987 subjiciat,
2911 4917 2974 4970 ut
2994 4931 3140 4986 quos
3173 4915 3245 4969 ad
3266 4912 3596 4985 hujusmodi
3615 4930 3752 4985 pra-

2135 5006 2327 5061 vitatis
2346 5022 2639 5061 excessum
2661 5021 2860 5059 eorum
2877 5006 3106 5076 poterat
3123 5002 3372 5057 imitatio
3404 5018 3749 5074 provocare,

2138 5094 2468 5150 emendatio
2500 5111 2533 5148 a
2558 5093 2724 5164 culpa
2747 5094 2996 5155 revocet,
3030 5095 3088 5145 ct
3116 5090 3252 5156 suis,
3285 5093 3347 5145 ut
3380 5090 3624 5162 dignum
3643 5095 3750 5158 est,

2139 5183 2342 5239 doceat
2364 5182 2683 5255 praepositis
2710 5181 2963 5236 obedire.
2999 5179 3145 5244 Quia
3176 5196 3307 5235 vero
3339 5196 3373 5233 a
3400 5179 3752 5252 quibusdam

2144 5272 2424 5345 episcopis
2454 5271 2795 5327 excedentes
2808 5268 3123 5325 monachos
3147 5268 3416 5341 perhibet
3433 5267 3751 5325 defensarii

2141 5360 2472 5416 fraternitas
2518 5363 2703 5414 vestra
2733 5359 2791 5412 in
2822 5361 2929 5413 hoc
2960 5359 3188 5413 studeat
3212 5375 3334 5412 esse
3387 5357 3659 5425 sollicita,
3693 5361 3752 5411 et

2143 5467 2239 5505 eos
2268 5450 2415 5504 atali
2446 5449 2780 5504 defensione
2793 5464 2893 5501 sua
2915 5447 3101 5501 modis
3119 5447 3390 5501 omnibus
3408 5445 3753 5500 intermina-

2137 5539 2299 5593 tione
2327 5537 2641 5611 suspendat
2668 5538 2773 5603 In.,
2802 5535 2955 5599 z'bid.,
2982 5552 3085 5602 vn,
3124 5534 3269 5607 115).
3296 5534 3437 5589 Cum
3469 5533 3578 5605 pia:
3604 5534 3753 5589 desi-

2136 5627 2363 5685 derium
2393 5625 2703 5685 voluntatis
2735 5627 2792 5683 et
2806 5623 3112 5684 laudandae
3144 5622 3462 5683 devotionis
3489 5622 3744 5681 intentio
