3876 6172
184 450 262 510 449

1567 424 1939 487 EPISTOLE.

3316 428 3420 491 450

183 567 553 635 sacerdotalibus
587 562 660 622 sit
694 577 922 638 semper
964 559 1163 618 studiis
1190 556 1534 632 adjuvanda,
1580 573 1717 612 cura
1736 568 1792 629 Α
1811 554 2163 628 jussionibus
2185 571 2386 630 parere
2400 552 2723 627 debuit,sed
2736 557 2910 615 etiam
2924 556 3063 616 alios
3086 574 3159 617 ne
3181 564 3419 633 praeter

183 671 243 722 est
266 657 624 718 sollicitudinis
654 653 1004 718 adhibenda,
1039 655 1100 705 ut
1136 668 1202 705 ea
1229 667 1355 721 quae
1388 665 1495 721 pro
1524 646 1715 719 quiete

180 750 417 824 religionis
443 750 495 803 et
524 741 977 801 conversatlonis
1007 740 1123 795 sint
1151 738 1437 804 ordinata,
1462 753 1533 790 ne
1555 733 1716 789 dissi-

178 824 1719 906 mulationenegligere,nequadamvalcatprzesumptione

179 929 459 1005 perturbare
488 924 616 993 (27);
647 921 766 986 sed,
800 920 944 974 sicut
973 920 1080 972 hoc
1103 914 1432 1005 quod_ratip
1460 911 1724 1005 exigebat

175 1001 263 1074 non
285 1017 430 1071 aliter
462 1010 715 1085 oportuit
740 1006 990 1071 definiri,
1020 1005 1099 1059 ita
1129 1002 1284 1075 quod
1312 1001 1614 1056 definitum
1638 1002 1723 1053 est

177 1124 263 1162 non
286 1105 433 1159 debet
449 1098 668 1155 violari.
695 1098 872 1170 Igitur
892 1093 1154 1167 gloriosae
1173 1089 1469 1146 memoriae
1496 1087 1721 1143 Childe-

173 1197 323 1251 bedus
346 1192 690 1245 Francorum
733 1202 830 1240 rex
861 1181 1152 1237 catholicae
1197 1178 1492 1250 religionis
1520 1193 1719 1231 amore

174 1297 436 1346 succensus,
468 1278 624 1331 intra
656 1290 855 1330 muros
902 1268 1246 1326 Arelatensis
1300 1266 1542 1320 civitatis
1593 1281 1719 1319 mo-

172 1370 432 1426 nasterium
465 1366 747 1430 virorum,
777 1365 840 1416 ut
870 1359 1080 1431 scripto
1112 1355 1454 1428 reperimus,
1487 1368 1591 1425 pro
1622 1368 1724 1405 sua

173 1457 385 1513 mercede
411 1454 783 1518 constituens,
810 1447 1075 1521 quaedam
1104 1443 1314 1498 ibidem
1334 1458 1435 1514 pro
1462 1440 1726 1495 habitan-

172 1547 281 1601 tium
306 1542 708 1599 sustentatione
756 1535 1064 1600 concessit;
1117 1533 1277 1603 cujus
1336 1547 1407 1584 ne
1465 1530 1727 1583 voluntas

172 1651 375 1706 unquam
398 1632 704 1687 duceretur
723 1626 783 1681 in
815 1625 1062 1689 irritum,
1091 1626 1149 1675 et
1176 1637 1245 1675 ea
1266 1636 1391 1691 qua:
1415 1634 1519 1690 pro
1538 1621 1727 1688 qurete

171 1723 541 1778 monachorum
557 1715 830 1787 disposita
842 1714 1071 1768 fuerant
1086 1710 1726 1777 turbarentur,quzeque

170 1818 254 1884 (pro
280 1809 643 1883 quacunque)
669 1800 914 1859 contulit
935 1801 1134 1871 injure
1154 1797 1413 1868 ejusdem
1443 1798 1728 1884 monaste-

171 1882 218 1955 rii
232 1882 453 1973 epistolis
470 1897 590 1952 suis
607 1892 919 1968 apostolica
939 1889 1104 1963 petiit
1117 1886 1457 1942 auctoritate
1483 1882 1723 1949 firmari;

167 1991 247 2044 hoc
272 2004 479 2061 quoque
494 2001 613 2039 sua:
644 1979 905 2055 petitioni
921 1978 1041 2047 subj
1055 1992 1294 2047 ungens,
1311 1978 1372 2028 ut
1389 1973 1576 2028 eidem
1598 1988 1725 2061 mo-

169 2077 368 2132 nasterio
387 2080 507 2128 tam
544 2073 602 2127 in
636 2068 1004 2142 dispositione
1023 2081 1217 2119 rerum
1236 2078 1409 2134 quam
1428 2062 1486 2114 in
1500 2060 1727 2114 ordina-

166 2170 284 2221 tione
296 2163 507 2218 abbatis
520 2160 789 2233 quzedam
810 2155 1026 2229 pariter
1045 2148 1722 2225 privrlegialargirenlur:

165 2253 306 2308 sciens
332 2252 544 2324 quippe
576 2264 705 2303 earn
746 2243 1072 2316 apostolicae
1127 2240 1246 2295 sedi
1277 2236 1661 2293 reverentiam
1694 2251 1728 2288 a

165 2341 377 2396 ﬁdelibus
425 2337 712 2402 exhiberi,
763 2337 824 2387 ut
868 2348 993 2404 quas
1040 2331 1163 2400 ejus
1212 2327 1447 2382 fuissent
1496 2325 1725 2379 decreto

165 2429 389 2503 disposita
412 2427 631 2483 nullius
663 2423 931 2494 deinceps
952 2419 1159 2473 illicitae
1181 2412 1573 2503 usurpationis
1601 2427 1726 2465 mo-

162 2501 287 2572 lestia
313 2517 714 2590 quaterentur.
736 2511 922 2575 Unde,
939 2508 1072 2580 quia
1089 2505 1356 2559 effectum
1378 2506 1434 2556 et
1454 2501 1616 2572 regia
1630 2517 1728 2590 vo-

161 2608 308 2661 luntas
330 2588 386 2661 et
410 2623 503 2659 res
547 2602 708 2657 valde
741 2598 1064 2654 desiderata
1092 2592 1385 2667 poscebat,
1433 2606 1466 2643 a
1505 2588 1726 2660 praede-

161 2711 341 2751 cessare
370 2698 575 2749 nostro
605 2690 810 2762 Vigilio
861 2688 1135 2740 Romanae
1176 2679 1327 2735 sedis
1375 2676 1626 2733 antistite
1654 2674 1729 2730 ad

158 2784 604 2854 predecessorem
618 2772 1162 2833 vestrumAurelium
1178 2764 1729 2840 scriptatransmissa

156 2876 275 2939 sunt,
306 2872 393 2927 ubi
426 2870 639 2926 omnia
664 2884 791 2940 quas
827 2859 1247 2935 amplectendm
1277 2854 1587 2910 voluntatis
1608 2856 1724 2906 stu-

157 2960 282 3015 dium
329 2959 683 3033 deposcebat
738 2952 1065 3026 apostolicae
1121 2943 1476 3003 auctoritatis
1522 2940 1724 3033 libenti

138 3036 312 3105 animo
341 3030 688 3105 subﬁrmata
712 3047 881 3108 sunt;
911 3040 1046 3112 quia
1076 3035 1440 3092 difficultates
1459 3030 1727 3104 patianon

154 3139 302 3209 potuit
325 3139 418 3209 huj
427 3134 667 3192 usmodi
678 3150 766 3188 res
778 3130 977 3203 petita.
1002 3126 1116 3183 Sed
1129 3128 1189 3179 ut
1204 3121 1533 3178 fraternitas
1544 3122 1731 3209 vestra

155 3207 253 3299 quae
264 3207 469 3282 fuerint
481 3229 757 3296 tempore
774 3220 871 3274 illo
887 3218 1118 3273 decreta
1129 3213 1461 3299 cognoscat,
1480 3207 1731 3299 antedic-

154 3295 184 3368 ti
208 3295 633 3387 prtedecessoris
646 3308 824 3364 nostri
837 3305 1046 3376 scripta
1066 3302 1153 3356 his
1174 3298 1543 3373 praevidimus
1558 3295 1733 3387 scrip-

156 3385 484 3476 tisiadjungi;
527 3400 734 3472 quibus
763 3394 1008 3451 lectione
1035 3388 1314 3464 percussis
1346 3388 1648 3476 hortamur
1668 3385 1732 3437 ut

155 3494 316 3547 omnia
344 3474 715 3553 sacerdotali,
743 3484 1087 3548 sicutdecet,
1105 3477 1293 3533 studio
1312 3474 1583 3529 inviolata
1600 3489 1732 3527 con-

154 3597 323 3649 serves,
351 3580 617 3650 nihilque
649 3575 763 3630 illic
795 3574 865 3628 de
908 3570 1115 3637 vetitis,
1152 3565 1293 3621 nihil
1324 3562 1632 3650 permittas
1660 3561 1730 3615 de

153 3667 341 3723 illicitis.
378 3670 453 3723 Ex
491 3649 819 3721 abundanti
867 3664 1062 3714 tamen
1093 3657 1300 3710 cuncta
1329 3668 1457 3724 quae
1488 3665 1594 3723 pro
1624 3649 1730 3704 hu-

147 3755 219 3824 jus
237 3757 309 3811 rei
336 3758 538 3829 quiete
570 3771 605 3809 a
654 3750 1071 3825 praedecessore
1104 3745 1299 3798 nostro
1333 3743 1545 3795 statuta
1575 3741 1727 3807 sunt,

154 3849 311 3900 nostra
339 3828 560 3901 iterum
593 3839 934 3897 auctoritate
966 3836 1025 3889 in
1058 3830 1329 3888 omnibus
1358 3828 1730 3882 roboramus.

154 3930 459 3989 Fraternitas
490 3947 640 4003 ergo
687 3931 874 3983 vestra
926 3925 1005 3979 ita
1055 3939 1112 3976 se
1145 3921 1202 3974 in
1235 3915 1621 3973 custodiendis
1651 3914 1732 3969 eis

152 4022 395 4090 exhibeat,
424 4023 721 4096 quatenus
764 4020 822 4072 et
850 4027 1088 4070 omnem
1120 4003 1537 4096 inquietudinis
1568 4019 1732 4096 occa-

152 4109 337 4167 sionem
366 4092 658 4175 excludat,
689 4110 747 4162 et
772 4105 896 4160 aliis
924 4103 1035 4157 hoc
1066 4096 1293 4170 operari
1319 4094 1565 4156 studeat,
1591 4092 1729 4146 dum

149 4213 195 4251 se
219 4198 267 4253 in
286 4196 670 4255 custodienda
690 4191 945 4251 defuncti
970 4188 1227 4261 piissima
1246 4184 1538 4239 voluntate
1570 4180 1723 4235 solli-

150 4286 310 4353 Cilam,
335 4293 395 4343 ut
428 4289 623 4352 decet,
653 4280 972 4339 exhibuerit
993 4280 1051 4332 et
1071 4276 1361 4331 devotam.
1391 4292 1418 4320 »

204 4374 328 4430 Item
359 4376 430 4431 de
462 4370 765 4429 servandis
795 4365 1105 4442 privilegiis
1133 4359 1439 4433 Gregorius
1462 4357 1729 4412 omnibus

150 4463 391 4537 episc0pis
409 4482 422 4519 :
439 4488 467 4513 ‹‹
484 4464 531 4517 Ν
543 4461 638 4516 υἰιὶ
650 4461 736 4514 fas
748 4461 832 4512 est
851 4458 936 4510 vel
962 4455 1105 4510 velle
1124 4452 1210 4505 vel
1226 4464 1394 4521 posse
1410 4445 1730 4537 transgredi

150 4533 441 4621 apostolica:
494 4550 648 4606 sedis
674 4549 964 4621 praecepta
1003 4559 1107 4598 nec
1161 4541 1283 4611 ejus
1343 4533 1729 4608 dispositionis

149 4640 527 4707 ministerium,
563 4638 721 4712 quod
750 4634 1013 4690 omnium
1046 4625 1457 4704 Oportetsequi
1483 4623 1726 4678 charita-

150 4730 261 4782 tem.
282 4728 361 4784 Sit
387 4746 531 4801 ergo
563 4727 748 4782 ruinae
769 4741 884 4779 suae
918 4724 1114 4778 dolore
1132 4719 1453 4792 prostratus
1478 4712 1731 4786 quisquis

149 4819 439 4885 apostolicis
490 4816 739 4872 voluerit
788 4811 1075 4869 contraire
1109 4806 1373 4873 decretis,
1403 4820 1509 4858 nec
1541 4804 1730 4857 locum

149 4901 382 4979 deinceps
412 4907 569 4960 inter
601 4903 926 4959 sacerdotes
970 4900 1210 4964 habeat;
1268 4893 1369 4948 sed
1414 4890 1657 4946 extorris
1701 4906 1735 4944 a

150 4998 313 5048 sancto
340 4994 668 5049 ministerio
691 4993 813 5053 fiat,
846 5007 917 5044 ne
946 4989 1015 5043 de
1037 4988 1158 5057 ejus
1183 4982 1403 5056 judicio
1431 4981 1737 5052 quisquam

147 5085 532 5148 posteacuram
547 5077 1060 5151 habeat,quoniam
1072 5092 1195 5146 jam
1213 5073 1523 5127 damnatus
1540 5086 1573 5122 a
1587 5083 1747 5121 sanc-

148 5170 248 5223 laet
259 5168 822 5244 apostolicaEcclesia
836 5167 1070 5238 ejusque
1085 5161 1424 5218 auctoritate
1443 5162 1499 5211 et
1512 5156 1749 5229 propria

150 5253 511 5315 inobedientia
525 5254 1142 5331 alquepraasumptione
1155 5269 1189 5305 a
1203 5252 1616 5322 quoquamess‘e
1635 5259 1749 5299 non

147 5341 580 5419 dubitaturzquia
600 5345 835 5416 majoris
855 5335 1749 5405 cxcommunationisdejectione

149 5436 217 5484 est
240 5436 570 5507 exigendus,
600 5436 689 5489 cui
718 5438 925 5489 sanctae
950 5431 1214 5485 Ecclesiae
1242 5426 1552 5483 commissa
1572 5424 1745 5491 fuerit

149 5519 438 5595 disciplina,
474 5525 574 5596 qui
599 5541 717 5579 non
748 5524 931 5578 solum
961 5520 1217 5592 praelatae
1244 5521 1457 5572 sancta:
1477 5513 1737 5569 Ecclesiae

1749 1853 1799 1913 Β

1818 645 1971 699 irent
1998 645 2503 720 insinuare,sitqne
2529 648 2747 702 alienus
2769 666 2802 703 a
2823 649 3028 704 divinis
3044 654 3101 705 et
3128 652 3425 723 pontifica-

1818 733 1968 787 libus
2013 734 2236 801 officiis,
2280 736 2375 807 qui
2439 737 2624 791 noluit
2670 738 2968 808 praeceptis
3017 740 3423 812 obtemperare

1823 822 2167 891 apostolicis.
2201 844 2226 871 ››
2246 824 2407 878 Dicta
2422 824 2575 878 beati
2590 824 2920 897 Hieronymi
2939 826 3011 881 ad
3031 828 3419 900 Iovinianum;

1824 910 2008 981 qualis
2027 910 2235 966 debeat
2251 912 2893 985 eligiepiscopnsiLibro
2918 932 2936 968 1
2979 915 3237 970 adversus
3263 917 3423 973 Jovi-

1822 1000 2065 1063 m’anum)
2100 1015 2113 1052 :
2144 1022 2171 1047 «
2203 1000 2327 1054 Non
2360 1002 2438 1055 ait
2467 1004 2770 1074 Apostolus
2802 1021 2815 1058 :
2849 1003 3096 1075 eligatur
3123 1006 3424 1079 episcopus

1823 1087 1919 1158 qui
1950 1105 2126 1143 unam
2156 1088 2327 1144 ducat
2353 1106 2587 1145 uxorem
2615 1094 2673 1146 et
2698 1092 2843 1147 filios
2871 1093 3071 1161 faciat;
3105 1095 3247 1150 »δρᾶ
3273 1114 3303 1147 ‹‹
3325 1096 3422 1167 qui

1823 1191 2000 1229 unam
2032 1177 2298 1231 habuerit
2336 1194 2573 1233 uxorem
2593 1183 2650 1233 et
2676 1180 2821 1235 filios
2850 1181 2910 1234 in
2938 1181 3099 1236 omni
3126 1182 3426 1256 disciplina

1822 1263 2137 1318 subditos.»
2156 1265 2320 1319 Certe
2336 1266 2627 1321 confiteris
2644 1284 2759 1322 non
2775 1285 2937 1339 posse
2955 1286 3074 1325 esse
3092 1271 3424 1344 episcopum

1826 1352 1921 1424 qui
1942 1352 1999 1406 in
2024 1353 2355 1425 episcopatu
2372 1355 2726 1424 faciatlilios,
2744 1357 3019 1429 alioquin,
3039 1359 3083 1413 si
3104 1360 3426 1430 deprehenn

1827 1458 1919 1495 sus
1949 1442 2267 1508 fuerit.non
2294 1444 2451 1515 quasi
2484 1445 3003 1513 virtenebitur,sed
3022 1448 3183 1520 quasi
3201 1448 3428 1505 adulter

1830 1530 2220 1585 damnabitur.
2250 1535 2359 1586 Aut
2407 1535 2676 1605 permitte
2725 1536 3115 1591 sacerdotibus
3162 1553 3428 1593 exercere

1831 1635 2010 1690 opera
2032 1621 2361 1692 nuptiarum
2375 1626 2456 1687 ,ut
2475 1623 2627 1677 idem
2652 1624 2765 1677 sint
2780 1625 3032 1696 virgines
3045 1627 3199 1697 quod
3215 1627 3427 1695 mariti;

1830 1711 1946 1776 aut,
1971 1709 2014 1762 si
2038 1711 2427 1765 sacerdotibus
2450 1728 2650 1765 uxores
2682 1729 2798 1766 non
2820 1712 2951 1765 licet
2973 1718 3231 1785 tangere,
3263 1714 3323 1769 in
3362 1731 3431 1769 eo

1829 1797 2007 1850 sancti
2040 1800 2175 1851 sunt
2198 1798 2335 1869 quia
2362 1798 2663 1853 imitantur
2690 1800 3026 1869 pudicitiam
3065 1801 3428 1873 virginalem.

1828 1883 1937 1938 Sed
1958 1888 2015 1939 et
2035 1886 2142 1940 hoc
2163 1886 2603 1953 inferendum,si
2631 1888 2805 1942 laicus
2824 1892 2882 1942 et
2902 1889 3227 1961 quicunque
3247 1890 3434 1945 fidelis

1829 1989 1994 2026 orare
2021 1990 2135 2027 non
2157 1978 2343 2045 potest
2361 1975 2467 2028 nisi
2482 1979 2674 2030 careat
2697 1976 2884 2031 ofﬁcio
2904 1977 3214 2047 conjugali,
3243 1993 3431 2031 sacer-

1829 2061 1949 2116 doti
1980 2062 2068 2115 cui
2096 2079 2328 2133 semper
2344 2080 2447 2135 pro
2467 2065 2679 2135 pepulo
2698 2063 2995 2119 offerenda
3014 2065 3434 2120 suntsacrificia

1828 2166 2057 2220 semper
2110 2151 2396 2205 orandum
2440 2154 2564 2206 est:
2599 2152 2643 2206 si
2670 2168 2900 2223 semper
2937 2154 3245 2220 orandum,
3291 2170 3431 2225 ergo

1828 2255 2057 2310 semper
2068 2240 2383 2294 carendum
2400 2240 2941 2296 matrimonio.Nam
2957 2246 3013 2296 et
3035 2242 3094 2296 in
3113 2242 3290 2297 veteri
3306 2245 3434 2313 lege

1830 2327 1928 2397 qui
1962 2344 2065 2398 pro
2100 2329 2312 2400 populo
2345 2328 2559 2383 bestias
2591 2329 2929 2397 offerebant,
2964 2347 3081 2385 non
3138 2332 3321 2385 solum
3373 2331 3431 2385 in

1831 2415 2097 2470 domibus
2147 2417 2260 2470 suis
2309 2432 2427 2470 non
2472 2421 2659 2484 erant,
2710 2418 2812 2472 sed
2862 2418 3317 2489 purificabantur
3361 2418 3435 2474 ad

1831 2507 2058 2576 tempus
2081 2505 2150 2558 ab
2174 2505 2441 2559 uxoribus
2472 2506 2741 2576 separati,
2772 2509 2828 2560 et
2852 2507 3051 2561 vinum
3082 2508 3171 2560 vel
3194 2506 3435 2562 siceram

1829 2609 1946 2645 non
1968 2592 2401 2664 hibebant,quas
2424 2594 2611 2647 solent
2627 2594 2924 2649 libidinem
2950 2610 3282 2665 provocare.
3307 2618 3333 2645 »
3357 2597 3438 2650 De

1831 2681 2113 2753 episcopis
2143 2681 2241 2754 qui
2282 2698 2412 2736 cum
2456 2682 2795 2737 mulieribus
2843 2684 3149 2739 habitant:
3184 2707 3211 2734 ‹‹
3244 2685 3439 2740 Nullus

1830 2772 2130 2844 episcopus
2156 2787 2287 2825 cum
2310 2770 2550 2825 muliere
2576 2771 2799 2826 habitet
2828 2773 3088 2845 penitus;
3124 2774 3210 2828 sin
3243 2778 3438 2829 autem

1831 2860 2106 2932 probatus
2127 2859 2304 2914 fuerit
2322 2860 2432 2913 hoc
2455 2876 2571 2913 non
2599 2861 2948 2924 observasse,
2964 2862 3322 2933 episcopatus
3342 2864 3441 2918 h0-

1832 2965 1973 3003 nore
2001 2947 2316 3019 rejiciatur,
2341 2948 2476 3019 quia
2508 2947 2630 3019 ipse
2659 2965 2719 3003 se
2767 2948 3074 3019 indignum
3120 2950 3439 3005 sacerdotio

1833 3036 2105 3091 ostendit.
2144 3057 2170 3085 »
2203 3037 2282 3090 De
2313 3035 2532 3089 clericis
2572 3035 2668 3107 qui
2714 3036 2984 3089 mulieres
3023 3037 3082 3090 in
3132 3037 3307 3091 domo
3340 3052 3442 3093 sua

1831 3124 2051 3179 habent
2085 3141 2096 3178 :
2133 3146 2157 3172 ‹‹
2187 3123 2539 3195 Presbyteris
2562 3128 2619 3178 et
2645 3124 2901 3178 diaconis
2930 3126 2988 3178 et
3030 3123 3088 3178 in
3133 3125 3284 3179 clero
3316 3125 3443 3180 aliis

1835 3212 2058 3284 scriptis
2080 3229 2198 3267 non
2228 3213 2571 3267 habentibus
2603 3229 2823 3279 uxores,
2856 3212 3172 3268 secundum
3222 3212 3442 3268 divinas

1835 3302 2066 3372 regulas
2093 3301 2493 3356 interdicimus
2508 3306 2563 3356 et
2588 3317 2691 3355 nos
2714 3301 3015 3355 mulierem
3033 3302 3248 3356 habere
3266 3301 3323 3355 in
3342 3318 3443 3357 sua

1836 3390 2303 3461 domo,exceptis
2318 3393 2503 3444 matre
2516 3393 2573 3444 et
2599 3390 2785 3444 filiaet
2804 3407 3001 3445 sorore
3022 3393 3079 3444 et
3104 3390 3228 3445 aliis
3244 3406 3441 3461 perso-

1839 3479 1922 3533 nis
1937 3496 2065 3551 qua!
2082 3495 2320 3533 omnem
2344 3480 2641 3551 querelam
2661 3478 3444 3551 effugiunt,permittimus.Si

1834 3569 1963 3640 quis
1981 3572 2175 3624 autem
2195 3569 2461 3623 adversus
2475 3570 2643 3623 istam
2659 3569 3121 3624 observationem
3140 3568 3445 3623 mulierem

1836 3657 1891 3710 in
1909 3657 2085 3713 domo
2106 3675 2205 3711 sua
2216 3657 2481 3712 habuerit
2494 3674 2619 3728 qua:
2634 3661 2824 3728 potest
2839 3657 3220 3729 suscipionem
3234 3657 3448 3713 inferre

1834 3745 2227 3818 turpitudinis,
2252 3750 2309 3800 et
2338 3747 2433 3800 ille
2460 3763 2493 3799 a
2524 3745 2856 3800 conclericis
2885 3746 2999 3800 suis
3039 3746 3285 3801 audierit
3313 3762 3444 3800 cum
3516 3810 3523 3813 ν

1834 3833 1937 3887 tali
1964 3835 2208 3888 muliere
2226 3834 2575 3895 habitare,et
2592 3834 2843 3888 noluerit
2855 3851 2983 3889 eam
2998 3851 3031 3889 a
3044 3835 3217 3889 domo
3240 3852 3340 3889 sua
3354 3851 3446 3889 re-

1834 3924 2165 3992 pellere,vel
2181 3925 2511 3977 accusatore
2526 3927 2866 3994 emergente
2884 3923 3161 3993 probatus
3182 3923 3354 3977 fuerit
3370 3922 3454 3977 in-

1834 4012 2075 4066 honeste
2094 4028 2224 4065 cum
2249 4011 2347 4065 tali
2373 4011 2613 4064 muliere
2640 4011 2875 4079 versari,
2899 4015 3032 4065 tunc
3050 4010 3348 4082 episcopus
3367 4027 3450 4065 se-

1836 4100 2089 4154 cundum
2104 4099 2510 4154 ecclesiasticos
2524 4114 2772 4153 canones
2786 4115 2815 4153 a
2831 4101 2982 4153 clero
3000 4115 3133 4153 eum
3150 4100 3449 4169 repellat.»

1838 4189 1918 4242 De
1941 4188 2155 4258 nuptiis
2173 4187 2574 4241 clericorum.«
2593 4186 2650 4240 Si
2675 4185 2950 4241 diaconus
2965 4186 3052 4240 vel
3067 4186 3450 4242 subdiaconus

1837 4275 2061 4330 futurus
2079 4292 2196 4330 non
2217 4274 2427 4329 habeat
2450 4274 3034 4341 uxorem,secundum
3055 4291 3123 4329 ea
3139 4291 3267 4347 quin
3288 4291 3450 4348 supe-

1837 4364 1955 4418 rius
1974 4362 2360 4434 exposuimus,
2393 4362 2498 4417 sibi
2518 4363 2910 4433 conjunctam,
2928 4380 3046 4417 non
3061 4363 3229 4418 aliter
3249 4380 3450 4419 conse-

1842 4457 2034 4507 cretur
2050 4452 2154 4505 nisi
2176 4452 2333 4524 prius
2359 4468 2392 4505 a
2413 4456 2813 4506 consecratore
2829 4451 3215 4524 interrogatus
3234 4453 3449 4523 promi-

1834 4543 1970 4596 serit
1995 4557 2159 4611 posse
2179 4543 2307 4611 post
2323 4542 2817 4595 consecrationem
2836 4541 3024 4595 etsine
3043 4542 3303 4612 legitima
3320 4557 3450 4598 uxo-

1833 4648 1894 4686 re
1913 4634 2064 4684 caste
2081 4629 2409 4694 vivere,non
2423 4630 2794 4684 concedendo
2815 4633 3214 4684 consecratore
3232 4633 3454 4701 tempo-

1841 4736 1903 4773 re
1918 4717 2366 4773 consecrationis
2389 4717 2630 4772 diacono
2649 4719 2735 4771 vel
2755 4718 3105 4772 subdiacono
3124 4718 3313 4773 futuro
3328 4735 3454 4790 per-

1840 4808 2072 4861 mittere
2120 4809 2181 4859 ut
2210 4809 2339 4876 post
2373 4805 2870 4860 consecrationem
2908 4821 3146 4860 uxorem
3192 4805 3449 4877 accipiat.

1846 4895 2008 4959 Quod
2032 4895 2077 4948 si
2098 4895 2207 4949 hoc
2228 4894 2550 4964 permiserit
2570 4894 2716 4961 fieri,
2738 4894 3069 4966 episcopatu
3083 4909 3183 4948 suo
3205 4895 3451 4965 repella-

1850 4987 1960 5037 tur.
1987 4983 2291 5053 Presbyter
2311 4986 2503 5036 autem
2528 4983 2615 5037 vel
2648 4982 2924 5037 diaconus
2957 4983 3043 5036 vel
3074 4982 3454 5037 subdiaconus

1852 5072 1947 5144 qui
1968 5087 2203 5126 uxorem
2226 5070 2473 5134 duxerit,
2491 5071 2804 5141 repellatur
2826 5070 3059 5142 quidem
3074 5070 3144 5125 de
3162 5072 3336 5137 clero,
3358 5086 3453 5124 cu-

1853 5161 1952 5214 ria:
1978 5162 2171 5213 autem
2195 5159 2315 5229 ejus
2333 5159 2575 5212 civitatis
2596 5159 2652 5212 in
2685 5176 2799 5229 qua
2817 5158 3053 5213 clericus
3070 5161 3344 5213 eratcum
3369 5157 3451 5211 fa-

1855 5248 2158 5302 cultatibus
2176 5247 2290 5300 suis
2322 5247 2601 5302 tradatur.
2628 5248 2726 5302 Sin
2756 5251 2951 5303 autem
2978 5248 3157 5301 lector
3178 5243 3455 5300 secundas

1855 5336 2083 5406 nuptias
2102 5336 2471 5403 contraxerit,
2504 5337 2586 5389 vel
2610 5336 2826 5405 primas
2838 5335 3093 5407 quidem,
3116 5333 3214 5387 sed
3233 5331 3456 5387 duxerit

1852 5440 2091 5479 uxorem
2110 5423 2340 5478 viduam
2366 5426 2449 5477 vel
2466 5424 2809 5495 disjunctam
2830 5442 2863 5478 a
2887 5421 3206 5489 marito,vel
3224 5419 3456 5475 canoni-

1847 5514 1953 5568 bus
1973 5512 2291 5584 vellegibus
2311 5513 2482 5567 sacris
2508 5514 2900 5585 reprobatam,
2920 5511 2979 5564 in
2998 5509 3177 5564 alium
3207 5507 3452 5578 gradum

214 5720 311 5791 (27)
342 5719 576 5777 Ultimis
604 5720 691 5775 his
717 5718 933 5774 duabus
963 5714 1224 5771 clausulis
1250 5710 1465 5784 aliquid
1498 5710 1692 5766 deesse
1711 5707 1953 5763 videtur.
