  <div class='ocr_page' id='page_1' title='image "/cluster/home/n/w/nwhite01/storage/ocr_20150623/139/hvd.32044054759998/231.png"; bbox 0 0 3922 6168; ppageno 0'>
   <div class='ocr_carea' id='block_1_1' title="bbox 388 402 485 462">
    <p class='ocr_par' dir='ltr' id='par_1_1' title="bbox 388 402 485 462">
     <span class='ocr_line' id='line_1_1' title="bbox 388 402 485 462; baseline -0.01 0"><span class='ocrx_word' id='word_1_1' title='bbox 388 402 485 462; x_wconf 71' lang='grc'><strong>451</strong></span> 
     </span>
    </p>
   </div>
   <div class='ocr_carea' id='block_1_2' title="bbox 1468 391 2699 455">
    <p class='ocr_par' dir='ltr' id='par_1_2' title="bbox 1468 391 2699 455">
     <span class='ocr_line' id='line_1_2' title="bbox 1468 391 2699 455; baseline 0.002 -4"><span class='ocrx_word' id='word_1_2' title='bbox 1468 392 1529 451; x_wconf 89' lang='lat' dir='ltr'><strong>S.</strong></span> <span class='ocrx_word' id='word_1_3' title='bbox 1558 391 1853 452; x_wconf 77' lang='lat' dir='ltr'><strong>ABBONIS</strong></span> <span class='ocrx_word' id='word_1_4' title='bbox 1878 392 2166 455; x_wconf 82' lang='lat' dir='ltr'><strong>ABBBTIS</strong></span> <span class='ocrx_word' id='word_1_5' title='bbox 2202 392 2699 455; x_wconf 79' lang='lat' dir='ltr'><strong>FLOBIACENSIS</strong></span> 
     </span>
    </p>
   </div>
   <div class='ocr_carea' id='block_1_3' title="bbox 3603 392 3743 461">
    <p class='ocr_par' dir='ltr' id='par_1_3' title="bbox 3603 392 3743 461">
     <span class='ocr_line' id='line_1_3' title="bbox 3603 392 3743 461; baseline 0.043 -7"><span class='ocrx_word' id='word_1_6' title='bbox 3603 392 3743 461; x_wconf 58' lang='lat'><strong>452</strong></span> 
     </span>
    </p>
   </div>
   <div class='ocr_carea' id='block_1_4' title="bbox 391 515 3740 595">
    <p class='ocr_par' dir='ltr' id='par_1_4' title="bbox 391 515 3740 595">
     <span class='ocr_line' id='line_1_4' title="bbox 391 515 3740 595; baseline -0.001 -12"><span class='ocrx_word' id='word_1_7' title='bbox 391 520 652 585; x_wconf 80' lang='lat' dir='ltr'><strong>Ecclesiae</strong></span> <span class='ocrx_word' id='word_1_8' title='bbox 682 537 800 580; x_wconf 89' lang='lat' dir='ltr'><strong>non</strong></span> <span class='ocrx_word' id='word_1_9' title='bbox 817 516 1112 595; x_wconf 74' lang='lat' dir='ltr'><strong>procedat.</strong></span> <span class='ocrx_word' id='word_1_10' title='bbox 1132 515 1247 578; x_wconf 88' lang='lat' dir='ltr'><strong>Sed</strong></span> <span class='ocrx_word' id='word_1_11' title='bbox 1266 517 1312 576; x_wconf 90' lang='lat' dir='ltr'><strong>si</strong></span> <span class='ocrx_word' id='word_1_12' title='bbox 1344 533 1711 593; x_wconf 87' lang='lat' dir='ltr'><strong>quocumque</strong></span> <span class='ocrx_word' id='word_1_13' title='bbox 1733 517 1912 576; x_wconf 88' lang='lat' dir='ltr'><strong>modo</strong></span> <span class='ocrx_word' id='word_1_14' title='bbox 1940 518 2000 575; x_wconf 90' lang='lat' dir='ltr'><strong>in</strong></span> <span class='ocrx_word' id='word_1_15' title='bbox 2021 525 2076 585; x_wconf 82' lang='grc' dir='ltr'><strong>Α</strong></span> <span class='ocrx_word' id='word_1_16' title='bbox 2096 519 2869 593; x_wconf 87' lang='lat' dir='ltr'><strong>reprehensibilis,etiterum</strong></span> <span class='ocrx_word' id='word_1_17' title='bbox 2892 517 3058 579; x_wconf 85' lang='lat' dir='ltr'><strong>bonis</strong></span> <span class='ocrx_word' id='word_1_18' title='bbox 3069 516 3406 579; x_wconf 78' lang='lat' dir='ltr'><strong>testimoniis</strong></span> <span class='ocrx_word' id='word_1_19' title='bbox 3417 516 3740 579; x_wconf 84' lang='lat' dir='ltr'><strong>muniatur</strong></span> 
     </span>
    </p>
   </div>
   <div class='ocr_carea' id='block_1_5' title="bbox 395 608 2000 687">
    <p class='ocr_par' dir='ltr' id='par_1_5' title="bbox 395 608 2000 687">
     <span class='ocr_line' id='line_1_5' title="bbox 395 608 2000 687; baseline -0.005 -16"><span class='ocrx_word' id='word_1_20' title='bbox 395 616 680 687; x_wconf 80' lang='lat' dir='ltr'><strong>majorem</strong></span> <span class='ocrx_word' id='word_1_21' title='bbox 702 613 947 685; x_wconf 88' lang='lat' dir='ltr'><strong>gradum</strong></span> <span class='ocrx_word' id='word_1_22' title='bbox 972 610 1283 682; x_wconf 90' lang='lat' dir='ltr'><strong>productus</strong></span> <span class='ocrx_word' id='word_1_23' title='bbox 1305 609 1397 677; x_wconf 93' lang='lat' dir='ltr'><strong>sit,</strong></span> <span class='ocrx_word' id='word_1_24' title='bbox 1420 608 1710 680; x_wconf 89' lang='lat' dir='ltr'><strong>rejiciatur</strong></span> <span class='ocrx_word' id='word_1_25' title='bbox 1732 609 1803 664; x_wconf 89' lang='lat' dir='ltr'><strong>ab</strong></span> <span class='ocrx_word' id='word_1_26' title='bbox 1823 626 1914 675; x_wconf 90' lang='lat' dir='ltr'><strong>eo,</strong></span> <span class='ocrx_word' id='word_1_27' title='bbox 1941 612 2000 663; x_wconf 86' lang='lat' dir='ltr'><strong>et</strong></span> 
     </span>
    </p>
   </div>
   <div class='ocr_carea' id='block_1_6' title="bbox 396 696 1998 777">
    <p class='ocr_par' dir='ltr' id='par_1_6' title="bbox 396 696 1998 777">
     <span class='ocr_line' id='line_1_6' title="bbox 396 696 1998 777; baseline -0.006 -17"><span class='ocrx_word' id='word_1_28' title='bbox 396 704 571 777; x_wconf 83' lang='lat' dir='ltr'><strong>priori</strong></span> <span class='ocrx_word' id='word_1_29' title='bbox 601 702 958 759; x_wconf 88' lang='lat' dir='ltr'><strong>restituatur.</strong></span> <span class='ocrx_word' id='word_1_30' title='bbox 1008 721 1035 748; x_wconf 90' lang='grc'><strong>››</strong></span> <span class='ocrx_word' id='word_1_31' title='bbox 1069 701 1148 754; x_wconf 94' lang='lat' dir='ltr'><strong>De</strong></span> <span class='ocrx_word' id='word_1_32' title='bbox 1193 698 1415 752; x_wconf 84' lang='lat' dir='ltr'><strong>clericis</strong></span> <span class='ocrx_word' id='word_1_33' title='bbox 1455 696 1551 770; x_wconf 87' lang='lat' dir='ltr'><strong>qui</strong></span> <span class='ocrx_word' id='word_1_34' title='bbox 1588 696 1818 769; x_wconf 84' lang='lat' dir='ltr'><strong>nuptias</strong></span> <span class='ocrx_word' id='word_1_35' title='bbox 1859 713 1998 751; x_wconf 81' lang='lat' dir='ltr'><strong>con-</strong></span> 
     </span>
    </p>
   </div>
   <div class='ocr_carea' id='block_1_7' title="bbox 393 786 1999 857">
    <p class='ocr_par' dir='ltr' id='par_1_7' title="bbox 393 786 1999 857">
     <span class='ocr_line' id='line_1_7' title="bbox 393 786 1999 857; baseline -0.006 -8"><span class='ocrx_word' id='word_1_36' title='bbox 393 794 624 849; x_wconf 90' lang='lat' dir='ltr'><strong>trahere</strong></span> <span class='ocrx_word' id='word_1_37' title='bbox 654 808 773 845; x_wconf 91' lang='lat' dir='ltr'><strong>non</strong></span> <span class='ocrx_word' id='word_1_38' title='bbox 807 790 1044 854; x_wconf 74' lang='lat' dir='ltr'><strong>possunt</strong></span> <span class='ocrx_word' id='word_1_39' title='bbox 1074 803 1135 841; x_wconf 69' lang='grc' dir='ltr'><strong>ια</strong></span> <span class='ocrx_word' id='word_1_40' title='bbox 1163 786 1415 841; x_wconf 88' lang='lat' dir='ltr'><strong>Clericus</strong></span> <span class='ocrx_word' id='word_1_41' title='bbox 1439 786 1536 857; x_wconf 88' lang='lat' dir='ltr'><strong>qui</strong></span> <span class='ocrx_word' id='word_1_42' title='bbox 1558 802 1730 855; x_wconf 83' lang='lat' dir='ltr'><strong>supra</strong></span> <span class='ocrx_word' id='word_1_43' title='bbox 1760 786 1999 839; x_wconf 87' lang='lat' dir='ltr'><strong>lectores</strong></span> 
     </span>
    </p>
   </div>
   <div class='ocr_carea' id='block_1_8' title="bbox 390 873 1996 944">
    <p class='ocr_par' dir='ltr' id='par_1_8' title="bbox 390 873 1996 944">
     <span class='ocr_line' id='line_1_8' title="bbox 390 873 1996 944; baseline -0.006 -7"><span class='ocrx_word' id='word_1_44' title='bbox 390 887 448 938; x_wconf 90' lang='lat' dir='ltr'><strong>et</strong></span> <span class='ocrx_word' id='word_1_45' title='bbox 490 883 754 936; x_wconf 89' lang='lat' dir='ltr'><strong>cantores</strong></span> <span class='ocrx_word' id='word_1_46' title='bbox 789 881 893 944; x_wconf 90' lang='lat' dir='ltr'><strong>est,</strong></span> <span class='ocrx_word' id='word_1_47' title='bbox 935 875 1108 931; x_wconf 92' lang='lat' dir='ltr'><strong>veluti</strong></span> <span class='ocrx_word' id='word_1_48' title='bbox 1149 875 1531 929; x_wconf 87' lang='lat' dir='ltr'><strong>subdiaconus</strong></span> <span class='ocrx_word' id='word_1_49' title='bbox 1575 875 1664 928; x_wconf 88' lang='lat' dir='ltr'><strong>vel</strong></span> <span class='ocrx_word' id='word_1_50' title='bbox 1705 873 1996 940; x_wconf 83' lang='lat' dir='ltr'><strong>diaconus,</strong></span> 
     </span>
    </p>
   </div>
   <div class='ocr_carea' id='block_1_9' title="bbox 387 962 1997 1040">
    <p class='ocr_par' dir='ltr' id='par_1_9' title="bbox 387 962 1997 1040">
     <span class='ocr_line' id='line_1_9' title="bbox 387 962 1997 1040; baseline -0.006 -13"><span class='ocrx_word' id='word_1_51' title='bbox 387 972 574 1027; x_wconf 90' lang='lat' dir='ltr'><strong>nullas</strong></span> <span class='ocrx_word' id='word_1_52' title='bbox 587 968 814 1040; x_wconf 86' lang='lat' dir='ltr'><strong>nuptias</strong></span> <span class='ocrx_word' id='word_1_53' title='bbox 825 965 1166 1021; x_wconf 86' lang='lat' dir='ltr'><strong>contrahere</strong></span> <span class='ocrx_word' id='word_1_54' title='bbox 1179 964 1389 1018; x_wconf 87' lang='lat' dir='ltr'><strong>audeat</strong></span> <span class='ocrx_word' id='word_1_55' title='bbox 1409 962 1665 1034; x_wconf 87' lang='lat' dir='ltr'><strong>alioquin</strong></span> <span class='ocrx_word' id='word_1_56' title='bbox 1681 962 1997 1017; x_wconf 90' lang='lat' dir='ltr'><strong>sacerdotio</strong></span> 
     </span>
    </p>
   </div>
   <div class='ocr_carea' id='block_1_10' title="bbox 389 1050 1995 1127">
    <p class='ocr_par' dir='ltr' id='par_1_10' title="bbox 389 1050 1995 1127">
     <span class='ocr_line' id='line_1_10' title="bbox 389 1050 1995 1127; baseline -0.008 -11"><span class='ocrx_word' id='word_1_57' title='bbox 389 1061 575 1116; x_wconf 87' lang='lat' dir='ltr'><strong>cadat.</strong></span> <span class='ocrx_word' id='word_1_58' title='bbox 601 1059 803 1113; x_wconf 85' lang='lat' dir='ltr'><strong>Lector</strong></span> <span class='ocrx_word' id='word_1_59' title='bbox 829 1070 1057 1127; x_wconf 91' lang='lat' dir='ltr'><strong>quoque</strong></span> <span class='ocrx_word' id='word_1_60' title='bbox 1109 1052 1154 1106; x_wconf 91' lang='lat' dir='ltr'><strong>si</strong></span> <span class='ocrx_word' id='word_1_61' title='bbox 1184 1051 1464 1106; x_wconf 87' lang='lat' dir='ltr'><strong>secundas</strong></span> <span class='ocrx_word' id='word_1_62' title='bbox 1511 1050 1859 1105; x_wconf 82' lang='lat' dir='ltr'><strong>contraxerit</strong></span> <span class='ocrx_word' id='word_1_63' title='bbox 1890 1067 1995 1104; x_wconf 89' lang='lat' dir='ltr'><strong>nu-</strong></span> 
     </span>
    </p>
   </div>
   <div class='ocr_carea' id='block_1_11' title="bbox 390 1138 1999 1223">
    <p class='ocr_par' dir='ltr' id='par_1_11' title="bbox 390 1138 1999 1223">
     <span class='ocr_line' id='line_1_11' title="bbox 390 1138 1999 1223; baseline -0.006 -20"><span class='ocrx_word' id='word_1_64' title='bbox 390 1149 558 1223; x_wconf 89' lang='lat' dir='ltr'><strong>ptias,</strong></span> <span class='ocrx_word' id='word_1_65' title='bbox 609 1147 682 1202; x_wconf 92' lang='lat' dir='ltr'><strong>ad</strong></span> <span class='ocrx_word' id='word_1_66' title='bbox 727 1145 1010 1215; x_wconf 76' lang='lat' dir='ltr'><strong>majorem</strong></span> <span class='ocrx_word' id='word_1_67' title='bbox 1059 1141 1305 1213; x_wconf 85' lang='lat' dir='ltr'><strong>gradum</strong></span> <span class='ocrx_word' id='word_1_68' title='bbox 1364 1139 1725 1195; x_wconf 88' lang='lat' dir='ltr'><strong>ecclesiastici</strong></span> <span class='ocrx_word' id='word_1_69' title='bbox 1782 1138 1999 1194; x_wconf 90' lang='lat' dir='ltr'><strong>ordin-is</strong></span> 
     </span>
    </p>
   </div>
   <div class='ocr_carea' id='block_1_12' title="bbox 391 1227 1999 1310">
    <p class='ocr_par' dir='ltr' id='par_1_12' title="bbox 391 1227 1999 1310">
     <span class='ocr_line' id='line_1_12' title="bbox 391 1227 1999 1310; baseline -0.007 -17"><span class='ocrx_word' id='word_1_70' title='bbox 391 1237 769 1310; x_wconf 87' lang='lat' dir='ltr'><strong>prohibeatur</strong></span> <span class='ocrx_word' id='word_1_71' title='bbox 811 1231 1139 1287; x_wconf 86' lang='lat' dir='ltr'><strong>ascendere.</strong></span> <span class='ocrx_word' id='word_1_72' title='bbox 1186 1229 1383 1282; x_wconf 89' lang='lat' dir='ltr'><strong>Laicus</strong></span> <span class='ocrx_word' id='word_1_73' title='bbox 1428 1227 1606 1282; x_wconf 89' lang='lat' dir='ltr'><strong>etiam</strong></span> <span class='ocrx_word' id='word_1_74' title='bbox 1642 1229 1687 1282; x_wconf 92' lang='lat' dir='ltr'><strong>si</strong></span> <span class='ocrx_word' id='word_1_75' title='bbox 1725 1229 1999 1299; x_wconf 87' lang='lat' dir='ltr'><strong>appareat</strong></span> 
     </span>
    </p>
   </div>
   <div class='ocr_carea' id='block_1_13' title="bbox 392 1315 1996 1394">
    <p class='ocr_par' dir='ltr' id='par_1_13' title="bbox 392 1315 1996 1394">
     <span class='ocr_line' id='line_1_13' title="bbox 392 1315 1996 1394; baseline -0.007 -14"><span class='ocrx_word' id='word_1_76' title='bbox 392 1324 554 1381; x_wconf 81' lang='lat' dir='ltr'><strong>uxori</strong></span> <span class='ocrx_word' id='word_1_77' title='bbox 585 1324 924 1394; x_wconf 87' lang='lat' dir='ltr'><strong>conjunctus</strong></span> <span class='ocrx_word' id='word_1_78' title='bbox 950 1336 1070 1373; x_wconf 90' lang='lat' dir='ltr'><strong>esse</strong></span> <span class='ocrx_word' id='word_1_79' title='bbox 1100 1334 1228 1389; x_wconf 65' lang='lat' dir='ltr'><strong>quae</strong></span> <span class='ocrx_word' id='word_1_80' title='bbox 1257 1316 1434 1372; x_wconf 88' lang='lat' dir='ltr'><strong>alium</strong></span> <span class='ocrx_word' id='word_1_81' title='bbox 1469 1316 1743 1371; x_wconf 91' lang='lat' dir='ltr'><strong>maritum</strong></span> <span class='ocrx_word' id='word_1_82' title='bbox 1776 1315 1996 1381; x_wconf 83' lang='lat' dir='ltr'><strong>habuit,</strong></span> 
     </span>
    </p>
   </div>
   <div class='ocr_carea' id='block_1_14' title="bbox 392 1404 1997 1482">
    <p class='ocr_par' dir='ltr' id='par_1_14' title="bbox 392 1404 1997 1482">
     <span class='ocr_line' id='line_1_14' title="bbox 392 1404 1997 1482; baseline -0.007 -14"><span class='ocrx_word' id='word_1_83' title='bbox 392 1412 830 1482; x_wconf 90' lang='lat' dir='ltr'><strong>autsinonjure</strong></span> <span class='ocrx_word' id='word_1_84' title='bbox 853 1408 1191 1479; x_wconf 87' lang='lat' dir='ltr'><strong>conjunctus</strong></span> <span class='ocrx_word' id='word_1_85' title='bbox 1224 1405 1316 1472; x_wconf 91' lang='lat' dir='ltr'><strong>sit,</strong></span> <span class='ocrx_word' id='word_1_86' title='bbox 1341 1408 1441 1459; x_wconf 90' lang='lat' dir='ltr'><strong>aut</strong></span> <span class='ocrx_word' id='word_1_87' title='bbox 1472 1404 1516 1458; x_wconf 91' lang='lat' dir='ltr'><strong>si</strong></span> <span class='ocrx_word' id='word_1_88' title='bbox 1547 1404 1639 1459; x_wconf 91' lang='lat' dir='ltr'><strong>ille</strong></span> <span class='ocrx_word' id='word_1_89' title='bbox 1662 1404 1834 1458; x_wconf 89' lang='lat' dir='ltr'><strong>aliam</strong></span> <span class='ocrx_word' id='word_1_90' title='bbox 1862 1418 1997 1457; x_wconf 88' lang='lat' dir='ltr'><strong>uxo-</strong></span> 
     </span>
    </p>
   </div>
   <div class='ocr_carea' id='block_1_15' title="bbox 391 1492 1995 1569">
    <p class='ocr_par' dir='ltr' id='par_1_15' title="bbox 391 1492 1995 1569">
     <span class='ocr_line' id='line_1_15' title="bbox 391 1492 1995 1569; baseline -0.007 -13"><span class='ocrx_word' id='word_1_91' title='bbox 391 1518 517 1557; x_wconf 91' lang='lat' dir='ltr'><strong>rem</strong></span> <span class='ocrx_word' id='word_1_92' title='bbox 546 1498 768 1564; x_wconf 91' lang='lat' dir='ltr'><strong>habuit,</strong></span> <span class='ocrx_word' id='word_1_93' title='bbox 811 1513 999 1569; x_wconf 88' lang='lat' dir='ltr'><strong>neque</strong></span> <span class='ocrx_word' id='word_1_94' title='bbox 1043 1495 1445 1559; x_wconf 87' lang='lat' dir='ltr'><strong>subdiaconus,</strong></span> <span class='ocrx_word' id='word_1_95' title='bbox 1480 1509 1669 1565; x_wconf 90' lang='lat' dir='ltr'><strong>neque</strong></span> <span class='ocrx_word' id='word_1_96' title='bbox 1701 1492 1995 1558; x_wconf 89' lang='lat' dir='ltr'><strong>diaconus,</strong></span> 
     </span>
    </p>
   </div>
   <div class='ocr_carea' id='block_1_16' title="bbox 391 1578 1999 1661">
    <p class='ocr_par' dir='ltr' id='par_1_16' title="bbox 391 1578 1999 1661">
     <span class='ocr_line' id='line_1_16' title="bbox 391 1578 1999 1661; baseline -0.007 -17"><span class='ocrx_word' id='word_1_97' title='bbox 391 1606 579 1661; x_wconf 88' lang='lat' dir='ltr'><strong>neque</strong></span> <span class='ocrx_word' id='word_1_98' title='bbox 610 1587 907 1658; x_wconf 85' lang='lat' dir='ltr'><strong>presbyter</strong></span> <span class='ocrx_word' id='word_1_99' title='bbox 937 1584 1060 1638; x_wconf 75' lang='lat' dir='ltr'><strong>fieri</strong></span> <span class='ocrx_word' id='word_1_100' title='bbox 1084 1582 1316 1653; x_wconf 92' lang='lat' dir='ltr'><strong>poterit.</strong></span> <span class='ocrx_word' id='word_1_101' title='bbox 1336 1583 1479 1635; x_wconf 85' lang='lat' dir='ltr'><strong>Nam</strong></span> <span class='ocrx_word' id='word_1_102' title='bbox 1506 1581 1610 1635; x_wconf 88' lang='lat' dir='ltr'><strong>etsi</strong></span> <span class='ocrx_word' id='word_1_103' title='bbox 1628 1578 1999 1634; x_wconf 88' lang='lat' dir='ltr'><strong>clandestinis</strong></span> 
     </span>
    </p>
   </div>
   <div class='ocr_carea' id='block_1_17' title="bbox 392 1667 1997 1741">
    <p class='ocr_par' dir='ltr' id='par_1_17' title="bbox 392 1667 1997 1741">
     <span class='ocr_line' id='line_1_17' title="bbox 392 1667 1997 1741; baseline -0.007 -8"><span class='ocrx_word' id='word_1_104' title='bbox 392 1678 609 1735; x_wconf 89' lang='lat' dir='ltr'><strong>artibus</strong></span> <span class='ocrx_word' id='word_1_105' title='bbox 621 1676 695 1730; x_wconf 90' lang='lat' dir='ltr'><strong>ad</strong></span> <span class='ocrx_word' id='word_1_106' title='bbox 715 1673 1208 1729; x_wconf 88' lang='lat' dir='ltr'><strong>consecrationem</strong></span> <span class='ocrx_word' id='word_1_107' title='bbox 1228 1670 1742 1741; x_wconf 87' lang='lat' dir='ltr'><strong>irrepserit,honor</strong></span> <span class='ocrx_word' id='word_1_108' title='bbox 1760 1667 1883 1737; x_wconf 89' lang='lat' dir='ltr'><strong>ejus</strong></span> <span class='ocrx_word' id='word_1_109' title='bbox 1904 1682 1997 1721; x_wconf 88' lang='lat' dir='ltr'><strong>ca-</strong></span> 
     </span>
    </p>
   </div>
   <div class='ocr_carea' id='block_1_18' title="bbox 391 1755 1998 1836">
    <p class='ocr_par' dir='ltr' id='par_1_18' title="bbox 391 1755 1998 1836">
     <span class='ocr_line' id='line_1_18' title="bbox 391 1755 1998 1836; baseline -0.008 -16"><span class='ocrx_word' id='word_1_110' title='bbox 391 1766 492 1821; x_wconf 90' lang='lat' dir='ltr'><strong>dit.</strong></span> <span class='ocrx_word' id='word_1_111' title='bbox 518 1767 662 1818; x_wconf 90' lang='lat' dir='ltr'><strong>ltem</strong></span> <span class='ocrx_word' id='word_1_112' title='bbox 683 1762 779 1836; x_wconf 89' lang='lat' dir='ltr'><strong>qui</strong></span> <span class='ocrx_word' id='word_1_113' title='bbox 808 1763 948 1816; x_wconf 90' lang='lat' dir='ltr'><strong>duas</strong></span> <span class='ocrx_word' id='word_1_114' title='bbox 969 1759 1197 1832; x_wconf 88' lang='lat' dir='ltr'><strong>nuptias</strong></span> <span class='ocrx_word' id='word_1_115' title='bbox 1217 1758 1590 1824; x_wconf 84' lang='lat' dir='ltr'><strong>contraxerit,</strong></span> <span class='ocrx_word' id='word_1_116' title='bbox 1616 1756 1891 1810; x_wconf 89' lang='lat' dir='ltr'><strong>diaconus</strong></span> <span class='ocrx_word' id='word_1_117' title='bbox 1912 1755 1998 1809; x_wconf 91' lang='lat' dir='ltr'><strong>vel</strong></span> 
     </span>
    </p>
   </div>
   <div class='ocr_carea' id='block_1_19' title="bbox 2100 611 3743 668">
    <p class='ocr_par' dir='ltr' id='par_1_19' title="bbox 2100 611 3743 668">
     <span class='ocr_line' id='line_1_19' title="bbox 2100 611 3743 668; baseline 0.002 -4"><span class='ocrx_word' id='word_1_118' title='bbox 2100 627 2173 665; x_wconf 89' lang='lat' dir='ltr'><strong>an</strong></span> <span class='ocrx_word' id='word_1_119' title='bbox 2208 629 2345 666; x_wconf 93' lang='lat' dir='ltr'><strong>non.</strong></span> <span class='ocrx_word' id='word_1_120' title='bbox 2374 612 2485 668; x_wconf 87' lang='lat' dir='ltr'><strong>Sed</strong></span> <span class='ocrx_word' id='word_1_121' title='bbox 2516 616 2573 667; x_wconf 91' lang='lat' dir='ltr'><strong>et</strong></span> <span class='ocrx_word' id='word_1_122' title='bbox 2600 613 2644 667; x_wconf 90' lang='lat' dir='ltr'><strong>si</strong></span> <span class='ocrx_word' id='word_1_123' title='bbox 2671 612 2929 668; x_wconf 80' lang='lat' dir='ltr'><strong>officialis</strong></span> <span class='ocrx_word' id='word_1_124' title='bbox 2977 613 3063 667; x_wconf 86' lang='lat' dir='ltr'><strong>vel</strong></span> <span class='ocrx_word' id='word_1_125' title='bbox 3097 611 3321 667; x_wconf 89' lang='lat' dir='ltr'><strong>curialis</strong></span> <span class='ocrx_word' id='word_1_126' title='bbox 3362 611 3743 667; x_wconf 85' lang='lat' dir='ltr'><strong>conditionis</strong></span> 
     </span>
    </p>
   </div>
   <div class='ocr_carea' id='block_1_20' title="bbox 2099 698 3744 774">
    <p class='ocr_par' dir='ltr' id='par_1_20' title="bbox 2099 698 3744 774">
     <span class='ocr_line' id='line_1_20' title="bbox 2099 698 3744 774; baseline 0.002 -22"><span class='ocrx_word' id='word_1_127' title='bbox 2099 698 2190 766; x_wconf 90' lang='lat' dir='ltr'><strong>sit,</strong></span> <span class='ocrx_word' id='word_1_128' title='bbox 2224 701 2564 771; x_wconf 87' lang='lat' dir='ltr'><strong>prohibetur</strong></span> <span class='ocrx_word' id='word_1_129' title='bbox 2592 702 2889 774; x_wconf 87' lang='lat' dir='ltr'><strong>episcopus</strong></span> <span class='ocrx_word' id='word_1_130' title='bbox 2938 700 3084 767; x_wconf 80' lang='lat' dir='ltr'><strong>ﬁeri,</strong></span> <span class='ocrx_word' id='word_1_131' title='bbox 3119 700 3223 754; x_wconf 91' lang='lat' dir='ltr'><strong>nisi</strong></span> <span class='ocrx_word' id='word_1_132' title='bbox 3254 700 3401 755; x_wconf 88' lang='lat' dir='ltr'><strong>forte</strong></span> <span class='ocrx_word' id='word_1_133' title='bbox 3452 718 3486 755; x_wconf 89' lang='lat' dir='ltr'><strong>a</strong></span> <span class='ocrx_word' id='word_1_134' title='bbox 3513 704 3744 756; x_wconf 77' lang='lat' dir='ltr'><strong>tenera</strong></span> 
     </span>
    </p>
   </div>
   <div class='ocr_carea' id='block_1_21' title="bbox 2098 788 3744 861">
    <p class='ocr_par' dir='ltr' id='par_1_21' title="bbox 2098 788 3744 861">
     <span class='ocr_line' id='line_1_21' title="bbox 2098 788 3744 861; baseline 0.002 -21"><span class='ocrx_word' id='word_1_135' title='bbox 2098 790 2268 841; x_wconf 75' lang='lat' dir='ltr'><strong>aetate</strong></span> <span class='ocrx_word' id='word_1_136' title='bbox 2283 788 2340 842; x_wconf 91' lang='lat' dir='ltr'><strong>in</strong></span> <span class='ocrx_word' id='word_1_137' title='bbox 2367 790 2719 845; x_wconf 91' lang='lat' dir='ltr'><strong>monasterio</strong></span> <span class='ocrx_word' id='word_1_138' title='bbox 2743 789 2868 844; x_wconf 83' lang='lat' dir='ltr'><strong>fuit.</strong></span> <span class='ocrx_word' id='word_1_139' title='bbox 2893 790 3086 861; x_wconf 85' lang='lat' dir='ltr'><strong>quue</strong></span> <span class='ocrx_word' id='word_1_140' title='bbox 3105 789 3277 843; x_wconf 90' lang='lat' dir='ltr'><strong>modo</strong></span> <span class='ocrx_word' id='word_1_141' title='bbox 3292 788 3575 844; x_wconf 90' lang='lat' dir='ltr'><strong>liberatus</strong></span> <span class='ocrx_word' id='word_1_142' title='bbox 3590 792 3744 843; x_wconf 83' lang='lat' dir='ltr'><strong>esta</strong></span> 
     </span>
    </p>
   </div>
   <div class='ocr_carea' id='block_1_22' title="bbox 2100 876 3744 949">
    <p class='ocr_par' dir='ltr' id='par_1_22' title="bbox 2100 876 3744 949">
     <span class='ocr_line' id='line_1_22' title="bbox 2100 876 3744 949; baseline 0.002 -20"><span class='ocrx_word' id='word_1_143' title='bbox 2100 876 2389 946; x_wconf 70' lang='lat' dir='ltr'><strong>prtedictis</strong></span> <span class='ocrx_word' id='word_1_144' title='bbox 2410 877 2868 947; x_wconf 88' lang='lat' dir='ltr'><strong>conditionibus;</strong></span> <span class='ocrx_word' id='word_1_145' title='bbox 2894 877 2971 932; x_wconf 90' lang='lat' dir='ltr'><strong>ita</strong></span> <span class='ocrx_word' id='word_1_146' title='bbox 2990 881 3189 931; x_wconf 83' lang='lat' dir='ltr'><strong>tamen</strong></span> <span class='ocrx_word' id='word_1_147' title='bbox 3216 881 3277 931; x_wconf 94' lang='lat' dir='ltr'><strong>ut</strong></span> <span class='ocrx_word' id='word_1_148' title='bbox 3289 881 3560 949; x_wconf 86' lang='lat' dir='ltr'><strong>quartam</strong></span> <span class='ocrx_word' id='word_1_149' title='bbox 3593 893 3744 949; x_wconf 85' lang='lat' dir='ltr'><strong>por-</strong></span> 
     </span>
    </p>
   </div>
   <div class='ocr_carea' id='block_1_23' title="bbox 2100 964 3741 1036">
    <p class='ocr_par' dir='ltr' id='par_1_23' title="bbox 2100 964 3741 1036">
     <span class='ocr_line' id='line_1_23' title="bbox 2100 964 3741 1036; baseline 0.001 -19"><span class='ocrx_word' id='word_1_150' title='bbox 2100 964 2319 1020; x_wconf 89' lang='lat' dir='ltr'><strong>tionem</strong></span> <span class='ocrx_word' id='word_1_151' title='bbox 2351 966 2685 1021; x_wconf 61' lang='lat' dir='ltr'><strong>substantiae</strong></span> <span class='ocrx_word' id='word_1_152' title='bbox 2740 983 2856 1020; x_wconf 69' lang='lat' dir='ltr'><strong>suae</strong></span> <span class='ocrx_word' id='word_1_153' title='bbox 2887 966 3056 1021; x_wconf 77' lang='lat' dir='ltr'><strong>curiae</strong></span> <span class='ocrx_word' id='word_1_154' title='bbox 3108 969 3355 1036; x_wconf 61' lang='lat' dir='ltr'><strong>praestet,</strong></span> <span class='ocrx_word' id='word_1_155' title='bbox 3393 964 3741 1020; x_wconf 87' lang='lat' dir='ltr'><strong>secundum</strong></span> 
     </span>
    </p>
   </div>
   <div class='ocr_carea' id='block_1_24' title="bbox 2100 1038 3739 1127">
    <p class='ocr_par' dir='ltr' id='par_1_24' title="bbox 2100 1038 3739 1127">
     <span class='ocr_line' id='line_1_24' title="bbox 2100 1038 3739 1127; baseline 0.002 -20"><span class='ocrx_word' id='word_1_156' title='bbox 2100 1038 2242 1126; x_wconf 77' lang='lat' dir='ltr'><strong>1egis</strong></span> <span class='ocrx_word' id='word_1_157' title='bbox 2273 1055 2720 1111; x_wconf 84' lang='lat' dir='ltr'><strong>observantiam.</strong></span> <span class='ocrx_word' id='word_1_158' title='bbox 2774 1054 2887 1109; x_wconf 86' lang='lat' dir='ltr'><strong>Sed</strong></span> <span class='ocrx_word' id='word_1_159' title='bbox 2926 1071 3114 1127; x_wconf 90' lang='lat' dir='ltr'><strong>neque</strong></span> <span class='ocrx_word' id='word_1_160' title='bbox 3145 1072 3211 1109; x_wconf 84' lang='lat' dir='ltr'><strong>ex</strong></span> <span class='ocrx_word' id='word_1_161' title='bbox 3241 1054 3383 1109; x_wconf 90' lang='lat' dir='ltr'><strong>laico</strong></span> <span class='ocrx_word' id='word_1_162' title='bbox 3409 1056 3619 1109; x_wconf 88' lang='lat' dir='ltr'><strong>statim</strong></span> <span class='ocrx_word' id='word_1_163' title='bbox 3656 1054 3739 1110; x_wconf 90' lang='lat' dir='ltr'><strong>ad</strong></span> 
     </span>
    </p>
   </div>
   <div class='ocr_carea' id='block_1_25' title="bbox 2099 1142 3743 1216">
    <p class='ocr_par' dir='ltr' id='par_1_25' title="bbox 2099 1142 3743 1216">
     <span class='ocr_line' id='line_1_25' title="bbox 2099 1142 3743 1216; baseline 0.001 -19"><span class='ocrx_word' id='word_1_164' title='bbox 2099 1143 2496 1216; x_wconf 88' lang='lat' dir='ltr'><strong>episcopatum</strong></span> <span class='ocrx_word' id='word_1_165' title='bbox 2510 1143 2983 1210; x_wconf 89' lang='lat' dir='ltr'><strong>ascenderelicet,</strong></span> <span class='ocrx_word' id='word_1_166' title='bbox 3005 1159 3193 1214; x_wconf 91' lang='lat' dir='ltr'><strong>neque</strong></span> <span class='ocrx_word' id='word_1_167' title='bbox 3213 1142 3512 1197; x_wconf 81' lang='lat' dir='ltr'><strong>clericatus</strong></span> <span class='ocrx_word' id='word_1_168' title='bbox 3528 1143 3743 1198; x_wconf 82' lang='lat' dir='ltr'><strong>hono-</strong></span> 
     </span>
    </p>
   </div>
   <div class='ocr_carea' id='block_1_26' title="bbox 2101 1231 3741 1304">
    <p class='ocr_par' dir='ltr' id='par_1_26' title="bbox 2101 1231 3741 1304">
     <span class='ocr_line' id='line_1_26' title="bbox 2101 1231 3741 1304; baseline 0.001 -20"><span class='ocrx_word' id='word_1_169' title='bbox 2101 1247 2225 1287; x_wconf 88' lang='lat' dir='ltr'><strong>rem</strong></span> <span class='ocrx_word' id='word_1_170' title='bbox 2252 1232 2586 1288; x_wconf 84' lang='lat' dir='ltr'><strong>simulatum</strong></span> <span class='ocrx_word' id='word_1_171' title='bbox 2613 1231 2873 1287; x_wconf 89' lang='lat' dir='ltr'><strong>habuisse</strong></span> <span class='ocrx_word' id='word_1_172' title='bbox 2898 1231 3125 1287; x_wconf 82' lang='lat' dir='ltr'><strong>sufficit.</strong></span> <span class='ocrx_word' id='word_1_173' title='bbox 3177 1231 3413 1304; x_wconf 87' lang='lat' dir='ltr'><strong>Oportet</strong></span> <span class='ocrx_word' id='word_1_174' title='bbox 3444 1248 3590 1286; x_wconf 90' lang='lat' dir='ltr'><strong>eum</strong></span> <span class='ocrx_word' id='word_1_175' title='bbox 3630 1231 3741 1303; x_wconf 85' lang='lat' dir='ltr'><strong>qui</strong></span> 
     </span>
    </p>
   </div>
   <div class='ocr_carea' id='block_1_27' title="bbox 2100 1320 3740 1393">
    <p class='ocr_par' dir='ltr' id='par_1_27' title="bbox 2100 1320 3740 1393">
     <span class='ocr_line' id='line_1_27' title="bbox 2100 1320 3740 1393; baseline -0.001 -19"><span class='ocrx_word' id='word_1_176' title='bbox 2100 1321 2401 1393; x_wconf 89' lang='lat' dir='ltr'><strong>episcopus</strong></span> <span class='ocrx_word' id='word_1_177' title='bbox 2417 1322 2489 1376; x_wconf 88' lang='lat' dir='ltr'><strong>sit</strong></span> <span class='ocrx_word' id='word_1_178' title='bbox 2507 1338 2695 1393; x_wconf 90' lang='lat' dir='ltr'><strong>neque</strong></span> <span class='ocrx_word' id='word_1_179' title='bbox 2714 1337 2951 1376; x_wconf 84' lang='lat' dir='ltr'><strong>uxorem</strong></span> <span class='ocrx_word' id='word_1_180' title='bbox 2974 1320 3209 1388; x_wconf 90' lang='lat' dir='ltr'><strong>habere,</strong></span> <span class='ocrx_word' id='word_1_181' title='bbox 3239 1336 3424 1392; x_wconf 91' lang='lat' dir='ltr'><strong>neque</strong></span> <span class='ocrx_word' id='word_1_182' title='bbox 3437 1320 3740 1375; x_wconf 88' lang='lat' dir='ltr'><strong>concubi-</strong></span> 
     </span>
    </p>
   </div>
   <div class='ocr_carea' id='block_1_28' title="bbox 2102 1408 3739 1482">
    <p class='ocr_par' dir='ltr' id='par_1_28' title="bbox 2102 1408 3739 1482">
     <span class='ocr_line' id='line_1_28' title="bbox 2102 1408 3739 1482; baseline 0.001 -20"><span class='ocrx_word' id='word_1_183' title='bbox 2102 1426 2261 1480; x_wconf 88' lang='lat' dir='ltr'><strong>nam,</strong></span> <span class='ocrx_word' id='word_1_184' title='bbox 2297 1426 2482 1482; x_wconf 89' lang='lat' dir='ltr'><strong>neque</strong></span> <span class='ocrx_word' id='word_1_185' title='bbox 2514 1410 2679 1478; x_wconf 82' lang='lat' dir='ltr'><strong>filios,</strong></span> <span class='ocrx_word' id='word_1_186' title='bbox 2710 1426 2897 1482; x_wconf 89' lang='lat' dir='ltr'><strong>neque</strong></span> <span class='ocrx_word' id='word_1_187' title='bbox 2918 1412 3264 1480; x_wconf 85' lang='lat' dir='ltr'><strong>nepotesseu</strong></span> <span class='ocrx_word' id='word_1_188' title='bbox 3283 1408 3585 1480; x_wconf 86' lang='lat' dir='ltr'><strong>legitimos</strong></span> <span class='ocrx_word' id='word_1_189' title='bbox 3609 1408 3739 1464; x_wconf 86' lang='lat' dir='ltr'><strong>sive</strong></span> 
     </span>
    </p>
   </div>
   <div class='ocr_carea' id='block_1_29' title="bbox 2100 1496 3742 1569">
    <p class='ocr_par' dir='ltr' id='par_1_29' title="bbox 2100 1496 3742 1569">
     <span class='ocr_line' id='line_1_29' title="bbox 2100 1496 3742 1569; baseline 0.001 -18"><span class='ocrx_word' id='word_1_190' title='bbox 2100 1497 2325 1569; x_wconf 84' lang='lat' dir='ltr'><strong>legibus</strong></span> <span class='ocrx_word' id='word_1_191' title='bbox 2353 1497 2678 1569; x_wconf 91' lang='lat' dir='ltr'><strong>incognitos</strong></span> <span class='ocrx_word' id='word_1_192' title='bbox 2701 1516 2715 1565; x_wconf 90' lang='lat'><strong>;</strong></span> <span class='ocrx_word' id='word_1_193' title='bbox 2749 1501 2807 1553; x_wconf 90' lang='lat' dir='ltr'><strong>et</strong></span> <span class='ocrx_word' id='word_1_194' title='bbox 2822 1498 2867 1552; x_wconf 92' lang='lat' dir='ltr'><strong>si</strong></span> <span class='ocrx_word' id='word_1_195' title='bbox 2893 1496 3018 1569; x_wconf 89' lang='lat' dir='ltr'><strong>quis</strong></span> <span class='ocrx_word' id='word_1_196' title='bbox 3038 1500 3241 1552; x_wconf 87' lang='lat' dir='ltr'><strong>contra</strong></span> <span class='ocrx_word' id='word_1_197' title='bbox 3261 1497 3381 1551; x_wconf 75' lang='lat' dir='ltr'><strong>haec</strong></span> <span class='ocrx_word' id='word_1_198' title='bbox 3400 1496 3644 1564; x_wconf 85' lang='lat' dir='ltr'><strong>fecerit,</strong></span> <span class='ocrx_word' id='word_1_199' title='bbox 3677 1501 3742 1553; x_wconf 85' lang='lat' dir='ltr'><strong>et</strong></span> 
     </span>
    </p>
   </div>
   <div class='ocr_carea' id='block_1_30' title="bbox 2100 1584 3745 1658">
    <p class='ocr_par' dir='ltr' id='par_1_30' title="bbox 2100 1584 3745 1658">
     <span class='ocr_line' id='line_1_30' title="bbox 2100 1584 3745 1658; baseline 0 -19"><span class='ocrx_word' id='word_1_200' title='bbox 2100 1586 2145 1640; x_wconf 90' lang='lat' dir='ltr'><strong>is</strong></span> <span class='ocrx_word' id='word_1_201' title='bbox 2171 1586 2268 1658; x_wconf 90' lang='lat' dir='ltr'><strong>qui</strong></span> <span class='ocrx_word' id='word_1_202' title='bbox 2298 1586 2481 1640; x_wconf 85' lang='lat' dir='ltr'><strong>factus</strong></span> <span class='ocrx_word' id='word_1_203' title='bbox 2510 1590 2615 1653; x_wconf 89' lang='lat' dir='ltr'><strong>est,</strong></span> <span class='ocrx_word' id='word_1_204' title='bbox 2649 1589 2706 1641; x_wconf 93' lang='lat' dir='ltr'><strong>et</strong></span> <span class='ocrx_word' id='word_1_205' title='bbox 2726 1585 2771 1640; x_wconf 90' lang='lat' dir='ltr'><strong>is</strong></span> <span class='ocrx_word' id='word_1_206' title='bbox 2787 1586 2883 1657; x_wconf 88' lang='lat' dir='ltr'><strong>qui</strong></span> <span class='ocrx_word' id='word_1_207' title='bbox 2909 1601 3041 1640; x_wconf 91' lang='lat' dir='ltr'><strong>eum</strong></span> <span class='ocrx_word' id='word_1_208' title='bbox 3066 1584 3222 1652; x_wconf 83' lang='lat' dir='ltr'><strong>fecit,</strong></span> <span class='ocrx_word' id='word_1_209' title='bbox 3243 1584 3620 1656; x_wconf 87' lang='lat' dir='ltr'><strong>episcopatus</strong></span> <span class='ocrx_word' id='word_1_210' title='bbox 3643 1602 3745 1639; x_wconf 81' lang='lat' dir='ltr'><strong>ex-</strong></span> 
     </span>
    </p>
   </div>
   <div class='ocr_carea' id='block_1_31' title="bbox 2101 1672 3738 1747">
    <p class='ocr_par' dir='ltr' id='par_1_31' title="bbox 2101 1672 3738 1747">
     <span class='ocr_line' id='line_1_31' title="bbox 2101 1672 3738 1747; baseline 0.001 -19"><span class='ocrx_word' id='word_1_211' title='bbox 2101 1675 2349 1747; x_wconf 90' lang='lat' dir='ltr'><strong>pellatur</strong></span> <span class='ocrx_word' id='word_1_212' title='bbox 2362 1675 2689 1729; x_wconf 88' lang='lat' dir='ltr'><strong>honore.Ne</strong></span> <span class='ocrx_word' id='word_1_213' title='bbox 2703 1673 3131 1745; x_wconf 73' lang='lat' dir='ltr'><strong>liceatpecunize</strong></span> <span class='ocrx_word' id='word_1_214' title='bbox 3145 1672 3738 1745; x_wconf 88' lang='lat' dir='ltr'><strong>dationeepiscopum</strong></span> 
     </span>
    </p>
   </div>
   <div class='ocr_carea' id='block_1_32' title="bbox 2101 1761 3738 1835">
    <p class='ocr_par' dir='ltr' id='par_1_32' title="bbox 2101 1761 3738 1835">
     <span class='ocr_line' id='line_1_32' title="bbox 2101 1761 3738 1835; baseline -0.001 -18"><span class='ocrx_word' id='word_1_215' title='bbox 2101 1778 2242 1817; x_wconf 88' lang='lat' dir='ltr'><strong>esse.</strong></span> <span class='ocrx_word' id='word_1_216' title='bbox 2277 1764 2420 1817; x_wconf 85' lang='lat' dir='ltr'><strong>Eum</strong></span> <span class='ocrx_word' id='word_1_217' title='bbox 2442 1765 2636 1817; x_wconf 91' lang='lat' dir='ltr'><strong>autem</strong></span> <span class='ocrx_word' id='word_1_218' title='bbox 2668 1766 2898 1834; x_wconf 91' lang='lat' dir='ltr'><strong>oportet</strong></span> <span class='ocrx_word' id='word_1_219' title='bbox 2922 1762 3020 1835; x_wconf 92' lang='lat' dir='ltr'><strong>qui</strong></span> <span class='ocrx_word' id='word_1_220' title='bbox 3047 1761 3347 1835; x_wconf 90' lang='lat' dir='ltr'><strong>episcopus</strong></span> <span class='ocrx_word' id='word_1_221' title='bbox 3371 1761 3457 1823; x_wconf 82' lang='lat' dir='ltr'><strong>ﬁt,</strong></span> <span class='ocrx_word' id='word_1_222' title='bbox 3480 1763 3575 1816; x_wconf 87' lang='lat' dir='ltr'><strong>vel</strong></span> <span class='ocrx_word' id='word_1_223' title='bbox 3597 1778 3738 1816; x_wconf 83' lang='lat' dir='ltr'><strong>mo-</strong></span> 
     </span>
    </p>
   </div>
   <div class='ocr_carea' id='block_1_33' title="bbox 389 1841 3733 1927">
    <p class='ocr_par' dir='ltr' id='par_1_33' title="bbox 389 1841 3733 1927">
     <span class='ocr_line' id='line_1_33' title="bbox 389 1841 3733 1927; baseline -0.003 -19"><span class='ocrx_word' id='word_1_224' title='bbox 389 1854 687 1927; x_wconf 86' lang='lat' dir='ltr'><strong>presbyter</strong></span> <span class='ocrx_word' id='word_1_225' title='bbox 716 1850 839 1905; x_wconf 85' lang='lat' dir='ltr'><strong>ﬁeri</strong></span> <span class='ocrx_word' id='word_1_226' title='bbox 876 1849 1229 1922; x_wconf 81' lang='lat' dir='ltr'><strong>prohibetur.</strong></span> <span class='ocrx_word' id='word_1_227' title='bbox 1265 1846 1378 1901; x_wconf 85' lang='lat' dir='ltr'><strong>Sed</strong></span> <span class='ocrx_word' id='word_1_228' title='bbox 1406 1848 1465 1899; x_wconf 90' lang='lat' dir='ltr'><strong>et</strong></span> <span class='ocrx_word' id='word_1_229' title='bbox 1494 1844 1539 1899; x_wconf 87' lang='lat' dir='ltr'><strong>si</strong></span> <span class='ocrx_word' id='word_1_230' title='bbox 1567 1844 1869 1898; x_wconf 84' lang='lat' dir='ltr'><strong>mulierem</strong></span> <span class='ocrx_word' id='word_1_231' title='bbox 1892 1841 2001 1896; x_wconf 89' lang='lat' dir='ltr'><strong>dis-</strong></span> <span class='ocrx_word' id='word_1_232' title='bbox 2029 1842 2078 1900; x_wconf 89' lang='grc' dir='ltr'>Β</span> <span class='ocrx_word' id='word_1_233' title='bbox 2100 1852 2374 1917; x_wconf 79' lang='lat' dir='ltr'><strong>nachum,</strong></span> <span class='ocrx_word' id='word_1_234' title='bbox 2399 1852 2484 1905; x_wconf 86' lang='lat' dir='ltr'><strong>vel</strong></span> <span class='ocrx_word' id='word_1_235' title='bbox 2515 1851 2820 1905; x_wconf 78' lang='lat' dir='ltr'><strong>clericum:</strong></span> <span class='ocrx_word' id='word_1_236' title='bbox 2855 1851 2934 1905; x_wconf 81' lang='lat' dir='ltr'><strong>ita</strong></span> <span class='ocrx_word' id='word_1_237' title='bbox 2964 1854 3160 1905; x_wconf 81' lang='lat' dir='ltr'><strong>tamen</strong></span> <span class='ocrx_word' id='word_1_238' title='bbox 3188 1853 3386 1905; x_wconf 81' lang='lat' dir='ltr'><strong>utnon</strong></span> <span class='ocrx_word' id='word_1_239' title='bbox 3405 1849 3613 1905; x_wconf 78' lang='lat' dir='ltr'><strong>minus</strong></span> <span class='ocrx_word' id='word_1_240' title='bbox 3628 1867 3733 1905; x_wconf 85' lang='lat' dir='ltr'><strong>sex</strong></span> 
     </span>
    </p>
   </div>
   <div class='ocr_carea' id='block_1_34' title="bbox 384 1931 1999 2013">
    <p class='ocr_par' dir='ltr' id='par_1_34' title="bbox 384 1931 1999 2013">
     <span class='ocr_line' id='line_1_34' title="bbox 384 1931 1999 2013; baseline -0.009 -16"><span class='ocrx_word' id='word_1_241' title='bbox 384 1942 647 2013; x_wconf 90' lang='lat' dir='ltr'><strong>junctam</strong></span> <span class='ocrx_word' id='word_1_242' title='bbox 681 1956 715 1993; x_wconf 94' lang='lat' dir='ltr'><strong>a</strong></span> <span class='ocrx_word' id='word_1_243' title='bbox 746 1937 954 1992; x_wconf 87' lang='lat' dir='ltr'><strong>marito</strong></span> <span class='ocrx_word' id='word_1_244' title='bbox 982 1951 1083 1990; x_wconf 89' lang='lat' dir='ltr'><strong>suo</strong></span> <span class='ocrx_word' id='word_1_245' title='bbox 1116 1951 1289 2005; x_wconf 89' lang='lat' dir='ltr'><strong>quem</strong></span> <span class='ocrx_word' id='word_1_246' title='bbox 1321 1934 1445 2005; x_wconf 92' lang='lat' dir='ltr'><strong>ipsa</strong></span> <span class='ocrx_word' id='word_1_247' title='bbox 1473 1931 1729 2004; x_wconf 75' lang='lat' dir='ltr'><strong>reliquit,</strong></span> <span class='ocrx_word' id='word_1_248' title='bbox 1760 1945 1999 1984; x_wconf 84' lang='lat' dir='ltr'><strong>uxorem</strong></span> 
     </span>
    </p>
   </div>
   <div class='ocr_carea' id='block_1_35' title="bbox 391 2018 2001 2103">
    <p class='ocr_par' dir='ltr' id='par_1_35' title="bbox 391 2018 2001 2103">
     <span class='ocr_line' id='line_1_35' title="bbox 391 2018 2001 2103; baseline -0.009 -18"><span class='ocrx_word' id='word_1_249' title='bbox 391 2030 676 2103; x_wconf 88' lang='lat' dir='ltr'><strong>quispiam</strong></span> <span class='ocrx_word' id='word_1_250' title='bbox 705 2024 990 2091; x_wconf 88' lang='lat' dir='ltr'><strong>habuerit,</strong></span> <span class='ocrx_word' id='word_1_251' title='bbox 1026 2039 1211 2094; x_wconf 90' lang='lat' dir='ltr'><strong>neque</strong></span> <span class='ocrx_word' id='word_1_252' title='bbox 1243 2022 1519 2076; x_wconf 86' lang='lat' dir='ltr'><strong>diaconus</strong></span> <span class='ocrx_word' id='word_1_253' title='bbox 1550 2036 1738 2091; x_wconf 91' lang='lat' dir='ltr'><strong>neque</strong></span> <span class='ocrx_word' id='word_1_254' title='bbox 1770 2018 2001 2089; x_wconf 83' lang='lat' dir='ltr'><strong>presby-</strong></span> 
     </span>
    </p>
   </div>
   <div class='ocr_carea' id='block_1_36' title="bbox 390 2107 1997 2188">
    <p class='ocr_par' dir='ltr' id='par_1_36' title="bbox 390 2107 1997 2188">
     <span class='ocr_line' id='line_1_36' title="bbox 390 2107 1997 2188; baseline -0.009 -15"><span class='ocrx_word' id='word_1_255' title='bbox 390 2122 480 2173; x_wconf 89' lang='lat' dir='ltr'><strong>ter</strong></span> <span class='ocrx_word' id='word_1_256' title='bbox 526 2117 648 2173; x_wconf 83' lang='lat' dir='ltr'><strong>ﬁeri</strong></span> <span class='ocrx_word' id='word_1_257' title='bbox 691 2117 900 2188; x_wconf 90' lang='lat' dir='ltr'><strong>potest.</strong></span> <span class='ocrx_word' id='word_1_258' title='bbox 932 2112 1090 2167; x_wconf 90' lang='lat' dir='ltr'><strong>Idem</strong></span> <span class='ocrx_word' id='word_1_259' title='bbox 1142 2115 1227 2165; x_wconf 91' lang='lat' dir='ltr'><strong>est</strong></span> <span class='ocrx_word' id='word_1_260' title='bbox 1264 2110 1308 2165; x_wconf 92' lang='lat' dir='ltr'><strong>si</strong></span> <span class='ocrx_word' id='word_1_261' title='bbox 1350 2108 1731 2164; x_wconf 91' lang='lat' dir='ltr'><strong>concubinam</strong></span> <span class='ocrx_word' id='word_1_262' title='bbox 1780 2107 1997 2160; x_wconf 88' lang='lat' dir='ltr'><strong>habue-</strong></span> 
     </span>
    </p>
   </div>
   <div class='ocr_carea' id='block_1_37' title="bbox 389 2194 1997 2277">
    <p class='ocr_par' dir='ltr' id='par_1_37' title="bbox 389 2194 1997 2277">
     <span class='ocr_line' id='line_1_37' title="bbox 389 2194 1997 2277; baseline -0.01 -15"><span class='ocrx_word' id='word_1_263' title='bbox 389 2207 485 2274; x_wconf 90' lang='lat' dir='ltr'><strong>rit,</strong></span> <span class='ocrx_word' id='word_1_264' title='bbox 517 2206 729 2277; x_wconf 89' lang='lat' dir='ltr'><strong>quippe</strong></span> <span class='ocrx_word' id='word_1_265' title='bbox 756 2205 897 2257; x_wconf 88' lang='lat' dir='ltr'><strong>tales</strong></span> <span class='ocrx_word' id='word_1_266' title='bbox 927 2201 1194 2256; x_wconf 86' lang='lat' dir='ltr'><strong>homines</strong></span> <span class='ocrx_word' id='word_1_267' title='bbox 1223 2216 1355 2254; x_wconf 91' lang='lat' dir='ltr'><strong>cum</strong></span> <span class='ocrx_word' id='word_1_268' title='bbox 1386 2200 1647 2252; x_wconf 76' lang='lat' dir='ltr'><strong>castitate</strong></span> <span class='ocrx_word' id='word_1_269' title='bbox 1675 2196 1863 2249; x_wconf 89' lang='lat' dir='ltr'><strong>vivere</strong></span> <span class='ocrx_word' id='word_1_270' title='bbox 1897 2194 1997 2247; x_wconf 91' lang='lat' dir='ltr'><strong>de-</strong></span> 
     </span>
    </p>
   </div>
   <div class='ocr_carea' id='block_1_38' title="bbox 387 2283 1997 2360">
    <p class='ocr_par' dir='ltr' id='par_1_38' title="bbox 387 2283 1997 2360">
     <span class='ocr_line' id='line_1_38' title="bbox 387 2283 1997 2360; baseline -0.01 -11"><span class='ocrx_word' id='word_1_271' title='bbox 387 2297 512 2360; x_wconf 88' lang='lat' dir='ltr'><strong>cet;</strong></span> <span class='ocrx_word' id='word_1_272' title='bbox 544 2297 727 2348; x_wconf 91' lang='lat' dir='ltr'><strong>castus</strong></span> <span class='ocrx_word' id='word_1_273' title='bbox 749 2294 943 2345; x_wconf 88' lang='lat' dir='ltr'><strong>autem</strong></span> <span class='ocrx_word' id='word_1_274' title='bbox 966 2292 1051 2342; x_wconf 89' lang='lat' dir='ltr'><strong>est</strong></span> <span class='ocrx_word' id='word_1_275' title='bbox 1077 2287 1173 2359; x_wconf 91' lang='lat' dir='ltr'><strong>qui</strong></span> <span class='ocrx_word' id='word_1_276' title='bbox 1205 2287 1381 2340; x_wconf 86' lang='lat' dir='ltr'><strong>habet</strong></span> <span class='ocrx_word' id='word_1_277' title='bbox 1411 2287 1497 2339; x_wconf 90' lang='lat' dir='ltr'><strong>vel</strong></span> <span class='ocrx_word' id='word_1_278' title='bbox 1532 2283 1732 2337; x_wconf 89' lang='lat' dir='ltr'><strong>habuit</strong></span> <span class='ocrx_word' id='word_1_279' title='bbox 1757 2297 1997 2335; x_wconf 87' lang='lat' dir='ltr'><strong>uxorem</strong></span> 
     </span>
    </p>
   </div>
   <div class='ocr_carea' id='block_1_39' title="bbox 391 2369 2001 2450">
    <p class='ocr_par' dir='ltr' id='par_1_39' title="bbox 391 2369 2001 2450">
     <span class='ocr_line' id='line_1_39' title="bbox 391 2369 2001 2450; baseline -0.009 -13"><span class='ocrx_word' id='word_1_280' title='bbox 391 2384 630 2447; x_wconf 88' lang='lat' dir='ltr'><strong>castam,</strong></span> <span class='ocrx_word' id='word_1_281' title='bbox 659 2384 717 2433; x_wconf 91' lang='lat' dir='ltr'><strong>et</strong></span> <span class='ocrx_word' id='word_1_282' title='bbox 741 2380 922 2450; x_wconf 89' lang='lat' dir='ltr'><strong>ipsam</strong></span> <span class='ocrx_word' id='word_1_283' title='bbox 966 2375 1271 2448; x_wconf 84' lang='lat' dir='ltr'><strong>virginem,</strong></span> <span class='ocrx_word' id='word_1_284' title='bbox 1305 2378 1362 2427; x_wconf 90' lang='lat' dir='ltr'><strong>et</strong></span> <span class='ocrx_word' id='word_1_285' title='bbox 1398 2374 1470 2427; x_wconf 90' lang='lat' dir='ltr'><strong>ab</strong></span> <span class='ocrx_word' id='word_1_286' title='bbox 1503 2373 1623 2443; x_wconf 90' lang='lat' dir='ltr'><strong>ipso</strong></span> <span class='ocrx_word' id='word_1_287' title='bbox 1656 2369 1875 2441; x_wconf 83' lang='lat' dir='ltr'><strong>virgine</strong></span> <span class='ocrx_word' id='word_1_288' title='bbox 1906 2387 2001 2424; x_wconf 87' lang='lat' dir='ltr'><strong>re-</strong></span> 
     </span>
    </p>
   </div>
   <div class='ocr_carea' id='block_1_40' title="bbox 390 2459 2003 2541">
    <p class='ocr_par' dir='ltr' id='par_1_40' title="bbox 390 2459 2003 2541">
     <span class='ocr_line' id='line_1_40' title="bbox 390 2459 2003 2541; baseline -0.009 -16"><span class='ocrx_word' id='word_1_289' title='bbox 390 2474 641 2541; x_wconf 91' lang='lat' dir='ltr'><strong>ceptam.</strong></span> <span class='ocrx_word' id='word_1_290' title='bbox 672 2467 729 2521; x_wconf 92' lang='lat' dir='ltr'><strong>Si</strong></span> <span class='ocrx_word' id='word_1_291' title='bbox 761 2466 886 2538; x_wconf 90' lang='lat' dir='ltr'><strong>quis</strong></span> <span class='ocrx_word' id='word_1_292' title='bbox 920 2468 1115 2519; x_wconf 90' lang='lat' dir='ltr'><strong>autem</strong></span> <span class='ocrx_word' id='word_1_293' title='bbox 1149 2463 1445 2532; x_wconf 78' lang='lat' dir='ltr'><strong>presbyter</strong></span> <span class='ocrx_word' id='word_1_294' title='bbox 1485 2462 1572 2514; x_wconf 89' lang='lat' dir='ltr'><strong>vel</strong></span> <span class='ocrx_word' id='word_1_295' title='bbox 1603 2459 1877 2513; x_wconf 90' lang='lat' dir='ltr'><strong>diaconus</strong></span> <span class='ocrx_word' id='word_1_296' title='bbox 1904 2461 2003 2512; x_wconf 90' lang='lat' dir='ltr'><strong>aut</strong></span> 
     </span>
    </p>
   </div>
   <div class='ocr_carea' id='block_1_41' title="bbox 392 2547 1999 2616">
    <p class='ocr_par' dir='ltr' id='par_1_41' title="bbox 392 2547 1999 2616">
     <span class='ocr_line' id='line_1_41' title="bbox 392 2547 1999 2616; baseline -0.008 -3"><span class='ocrx_word' id='word_1_297' title='bbox 392 2556 777 2613; x_wconf 87' lang='lat' dir='ltr'><strong>subdiaconus</strong></span> <span class='ocrx_word' id='word_1_298' title='bbox 806 2568 1042 2607; x_wconf 82' lang='lat' dir='ltr'><strong>uxorem</strong></span> <span class='ocrx_word' id='word_1_299' title='bbox 1074 2550 1319 2616; x_wconf 87' lang='lat' dir='ltr'><strong>duxerit,</strong></span> <span class='ocrx_word' id='word_1_300' title='bbox 1362 2551 1450 2603; x_wconf 88' lang='lat' dir='ltr'><strong>vel</strong></span> <span class='ocrx_word' id='word_1_301' title='bbox 1476 2547 1864 2603; x_wconf 88' lang='lat' dir='ltr'><strong>concubinam</strong></span> <span class='ocrx_word' id='word_1_302' title='bbox 1896 2547 1999 2601; x_wconf 86' lang='lat' dir='ltr'><strong>ha-</strong></span> 
     </span>
    </p>
   </div>
   <div class='ocr_carea' id='block_1_42' title="bbox 392 2636 1998 2712">
    <p class='ocr_par' dir='ltr' id='par_1_42' title="bbox 392 2636 1998 2712">
     <span class='ocr_line' id='line_1_42' title="bbox 392 2636 1998 2712; baseline -0.009 -9"><span class='ocrx_word' id='word_1_303' title='bbox 392 2645 582 2703; x_wconf 87' lang='lat' dir='ltr'><strong>buerit</strong></span> <span class='ocrx_word' id='word_1_304' title='bbox 605 2643 720 2698; x_wconf 91' lang='lat' dir='ltr'><strong>sive</strong></span> <span class='ocrx_word' id='word_1_305' title='bbox 750 2643 899 2696; x_wconf 89' lang='lat' dir='ltr'><strong>clam</strong></span> <span class='ocrx_word' id='word_1_306' title='bbox 928 2641 1039 2694; x_wconf 88' lang='lat' dir='ltr'><strong>sive</strong></span> <span class='ocrx_word' id='word_1_307' title='bbox 1067 2640 1259 2712; x_wconf 88' lang='lat' dir='ltr'><strong>palam</strong></span> <span class='ocrx_word' id='word_1_308' title='bbox 1292 2638 1406 2692; x_wconf 90' lang='lat' dir='ltr'><strong>sive</strong></span> <span class='ocrx_word' id='word_1_309' title='bbox 1437 2638 1539 2691; x_wconf 90' lang='lat' dir='ltr'><strong>sub</strong></span> <span class='ocrx_word' id='word_1_310' title='bbox 1571 2636 1764 2708; x_wconf 89' lang='lat' dir='ltr'><strong>aliqua</strong></span> <span class='ocrx_word' id='word_1_311' title='bbox 1795 2636 1998 2706; x_wconf 82' lang='lat' dir='ltr'><strong>ﬁgura,</strong></span> 
     </span>
    </p>
   </div>
   <div class='ocr_carea' id='block_1_43' title="bbox 392 2724 1997 2798">
    <p class='ocr_par' dir='ltr' id='par_1_43' title="bbox 392 2724 1997 2798">
     <span class='ocr_line' id='line_1_43' title="bbox 392 2724 1997 2798; baseline -0.008 -7"><span class='ocrx_word' id='word_1_312' title='bbox 392 2736 561 2791; x_wconf 88' lang='lat' dir='ltr'><strong>cadat</strong></span> <span class='ocrx_word' id='word_1_313' title='bbox 602 2730 899 2787; x_wconf 88' lang='lat' dir='ltr'><strong>clericatus</strong></span> <span class='ocrx_word' id='word_1_314' title='bbox 944 2730 1188 2795; x_wconf 86' lang='lat' dir='ltr'><strong>hohore,</strong></span> <span class='ocrx_word' id='word_1_315' title='bbox 1220 2730 1279 2782; x_wconf 91' lang='lat' dir='ltr'><strong>et</strong></span> <span class='ocrx_word' id='word_1_316' title='bbox 1321 2727 1393 2781; x_wconf 88' lang='lat' dir='ltr'><strong>sit</strong></span> <span class='ocrx_word' id='word_1_317' title='bbox 1424 2727 1675 2798; x_wconf 86' lang='lat' dir='ltr'><strong>privatus</strong></span> <span class='ocrx_word' id='word_1_318' title='bbox 1718 2728 1776 2779; x_wconf 92' lang='lat' dir='ltr'><strong>et</strong></span> <span class='ocrx_word' id='word_1_319' title='bbox 1803 2724 1997 2779; x_wconf 90' lang='lat' dir='ltr'><strong>laicus.</strong></span> 
     </span>
    </p>
   </div>
   <div class='ocr_carea' id='block_1_44' title="bbox 396 2814 2004 2893">
    <p class='ocr_par' dir='ltr' id='par_1_44' title="bbox 396 2814 2004 2893">
     <span class='ocr_line' id='line_1_44' title="bbox 396 2814 2004 2893; baseline -0.007 -14"><span class='ocrx_word' id='word_1_320' title='bbox 396 2828 539 2879; x_wconf 90' lang='lat' dir='ltr'><strong>ltem</strong></span> <span class='ocrx_word' id='word_1_321' title='bbox 572 2839 640 2877; x_wconf 91' lang='lat' dir='ltr'><strong>ea</strong></span> <span class='ocrx_word' id='word_1_322' title='bbox 661 2838 788 2893; x_wconf 67' lang='lat' dir='ltr'><strong>qum</strong></span> <span class='ocrx_word' id='word_1_323' title='bbox 819 2820 888 2873; x_wconf 90' lang='lat' dir='ltr'><strong>de</strong></span> <span class='ocrx_word' id='word_1_324' title='bbox 928 2817 1145 2872; x_wconf 87' lang='lat' dir='ltr'><strong>clericis</strong></span> <span class='ocrx_word' id='word_1_325' title='bbox 1177 2816 1422 2871; x_wconf 84' lang='lat' dir='ltr'><strong>diximus</strong></span> <span class='ocrx_word' id='word_1_326' title='bbox 1466 2818 1707 2869; x_wconf 90' lang='lat' dir='ltr'><strong>teneant</strong></span> <span class='ocrx_word' id='word_1_327' title='bbox 1736 2814 1913 2869; x_wconf 90' lang='lat' dir='ltr'><strong>etiam</strong></span> <span class='ocrx_word' id='word_1_328' title='bbox 1945 2816 2004 2867; x_wconf 90' lang='lat' dir='ltr'><strong>et</strong></span> 
     </span>
    </p>
   </div>
   <div class='ocr_carea' id='block_1_45' title="bbox 396 2903 2001 2970">
    <p class='ocr_par' dir='ltr' id='par_1_45' title="bbox 396 2903 2001 2970">
     <span class='ocr_line' id='line_1_45' title="bbox 396 2903 2001 2970; baseline -0.007 -1"><span class='ocrx_word' id='word_1_329' title='bbox 396 2915 455 2970; x_wconf 92' lang='lat' dir='ltr'><strong>in</strong></span> <span class='ocrx_word' id='word_1_330' title='bbox 487 2906 1209 2967; x_wconf 89' lang='lat' dir='ltr'><strong>diaconissis.Diaconissas</strong></span> <span class='ocrx_word' id='word_1_331' title='bbox 1238 2907 1432 2959; x_wconf 87' lang='lat' dir='ltr'><strong>autem</strong></span> <span class='ocrx_word' id='word_1_332' title='bbox 1456 2903 1637 2958; x_wconf 90' lang='lat' dir='ltr'><strong>creari</strong></span> <span class='ocrx_word' id='word_1_333' title='bbox 1669 2903 2001 2957; x_wconf 91' lang='lat' dir='ltr'><strong>constitutio</strong></span> 
     </span>
    </p>
   </div>
   <div class='ocr_carea' id='block_1_46' title="bbox 394 2991 2004 3073">
    <p class='ocr_par' dir='ltr' id='par_1_46' title="bbox 394 2991 2004 3073">
     <span class='ocr_line' id='line_1_46' title="bbox 394 2991 2004 3073; baseline -0.007 -17"><span class='ocrx_word' id='word_1_334' title='bbox 394 3000 563 3073; x_wconf 58' lang='lat' dir='ltr'><strong>praeci</strong></span> <span class='ocrx_word' id='word_1_335' title='bbox 572 2998 722 3072; x_wconf 74' lang='lat' dir='ltr'><strong>pit,si</strong></span> <span class='ocrx_word' id='word_1_336' title='bbox 737 2993 1159 3069; x_wconf 85' lang='lat' dir='ltr'><strong>quinquaginta</strong></span> <span class='ocrx_word' id='word_1_337' title='bbox 1170 3009 1458 3048; x_wconf 88' lang='lat' dir='ltr'><strong>annorum</strong></span> <span class='ocrx_word' id='word_1_338' title='bbox 1472 2996 1702 3046; x_wconf 59' lang='lat' dir='ltr'><strong>aetatem</strong></span> <span class='ocrx_word' id='word_1_339' title='bbox 1718 2991 2004 3063; x_wconf 85' lang='lat' dir='ltr'><strong>agunt,ita</strong></span> 
     </span>
    </p>
   </div>
   <div class='ocr_carea' id='block_1_47' title="bbox 396 3080 2001 3158">
    <p class='ocr_par' dir='ltr' id='par_1_47' title="bbox 396 3080 2001 3158">
     <span class='ocr_line' id='line_1_47' title="bbox 396 3080 2001 3158; baseline -0.007 -14"><span class='ocrx_word' id='word_1_340' title='bbox 396 3094 591 3144; x_wconf 89' lang='lat' dir='ltr'><strong>tamen</strong></span> <span class='ocrx_word' id='word_1_341' title='bbox 610 3091 673 3141; x_wconf 91' lang='lat' dir='ltr'><strong>ut</strong></span> <span class='ocrx_word' id='word_1_342' title='bbox 688 3085 940 3158; x_wconf 89' lang='lat' dir='ltr'><strong>virgines</strong></span> <span class='ocrx_word' id='word_1_343' title='bbox 955 3082 1088 3146; x_wconf 88' lang='lat' dir='ltr'><strong>sint,</strong></span> <span class='ocrx_word' id='word_1_344' title='bbox 1108 3082 1195 3137; x_wconf 81' lang='lat' dir='ltr'><strong>vel</strong></span> <span class='ocrx_word' id='word_1_345' title='bbox 1209 3081 1253 3134; x_wconf 87' lang='lat' dir='ltr'><strong>si</strong></span> <span class='ocrx_word' id='word_1_346' title='bbox 1269 3098 1449 3135; x_wconf 91' lang='lat' dir='ltr'><strong>unum</strong></span> <span class='ocrx_word' id='word_1_347' title='bbox 1474 3080 1749 3134; x_wconf 88' lang='lat' dir='ltr'><strong>maritum</strong></span> <span class='ocrx_word' id='word_1_348' title='bbox 1775 3084 2001 3135; x_wconf 89' lang='lat' dir='ltr'><strong>tantum</strong></span> 
     </span>
    </p>
   </div>
   <div class='ocr_carea' id='block_1_48' title="bbox 399 3168 2008 3240">
    <p class='ocr_par' dir='ltr' id='par_1_48' title="bbox 399 3168 2008 3240">
     <span class='ocr_line' id='line_1_48' title="bbox 399 3168 2008 3240; baseline -0.007 -7"><span class='ocrx_word' id='word_1_349' title='bbox 399 3175 811 3233; x_wconf 89' lang='lat' dir='ltr'><strong>babuerunt.Si</strong></span> <span class='ocrx_word' id='word_1_350' title='bbox 829 3176 1023 3228; x_wconf 89' lang='lat' dir='ltr'><strong>autem</strong></span> <span class='ocrx_word' id='word_1_351' title='bbox 1048 3171 1274 3235; x_wconf 89' lang='lat' dir='ltr'><strong>mulier,</strong></span> <span class='ocrx_word' id='word_1_352' title='bbox 1294 3172 1532 3240; x_wconf 90' lang='lat' dir='ltr'><strong>propter</strong></span> <span class='ocrx_word' id='word_1_353' title='bbox 1543 3168 1796 3239; x_wconf 88' lang='lat' dir='ltr'><strong>aliquam</strong></span> <span class='ocrx_word' id='word_1_354' title='bbox 1817 3185 2008 3222; x_wconf 85' lang='lat' dir='ltr'><strong>neces-</strong></span> 
     </span>
    </p>
   </div>
   <div class='ocr_carea' id='block_1_49' title="bbox 403 3257 2008 3332">
    <p class='ocr_par' dir='ltr' id='par_1_49' title="bbox 403 3257 2008 3332">
     <span class='ocr_line' id='line_1_49' title="bbox 403 3257 2008 3332; baseline -0.007 -10"><span class='ocrx_word' id='word_1_355' title='bbox 403 3268 657 3332; x_wconf 87' lang='lat' dir='ltr'><strong>sitatem,</strong></span> <span class='ocrx_word' id='word_1_356' title='bbox 685 3263 876 3317; x_wconf 88' lang='lat' dir='ltr'><strong>minor</strong></span> <span class='ocrx_word' id='word_1_357' title='bbox 892 3259 1316 3332; x_wconf 88' lang='lat' dir='ltr'><strong>quinquaginta</strong></span> <span class='ocrx_word' id='word_1_358' title='bbox 1331 3258 1499 3311; x_wconf 88' lang='lat' dir='ltr'><strong>annis</strong></span> <span class='ocrx_word' id='word_1_359' title='bbox 1516 3257 1833 3310; x_wconf 88' lang='lat' dir='ltr'><strong>diaconissa</strong></span> <span class='ocrx_word' id='word_1_360' title='bbox 1857 3257 2008 3311; x_wconf 88' lang='lat' dir='ltr'><strong>facta</strong></span> 
     </span>
    </p>
   </div>
   <div class='ocr_carea' id='block_1_50' title="bbox 399 3344 2006 3420">
    <p class='ocr_par' dir='ltr' id='par_1_50' title="bbox 399 3344 2006 3420">
     <span class='ocr_line' id='line_1_50' title="bbox 399 3344 2006 3420; baseline -0.007 -10"><span class='ocrx_word' id='word_1_361' title='bbox 399 3355 593 3420; x_wconf 80' lang='lat' dir='ltr'><strong>fuerit,</strong></span> <span class='ocrx_word' id='word_1_362' title='bbox 614 3369 728 3406; x_wconf 91' lang='lat' dir='ltr'><strong>non</strong></span> <span class='ocrx_word' id='word_1_363' title='bbox 745 3348 982 3404; x_wconf 84' lang='lat' dir='ltr'><strong>liceatei</strong></span> <span class='ocrx_word' id='word_1_364' title='bbox 1005 3347 1138 3401; x_wconf 90' lang='lat' dir='ltr'><strong>alibi</strong></span> <span class='ocrx_word' id='word_1_365' title='bbox 1159 3347 1371 3417; x_wconf 87' lang='lat' dir='ltr'><strong>degere</strong></span> <span class='ocrx_word' id='word_1_366' title='bbox 1393 3361 1568 3416; x_wconf 91' lang='lat' dir='ltr'><strong>quam</strong></span> <span class='ocrx_word' id='word_1_367' title='bbox 1588 3344 1647 3398; x_wconf 91' lang='lat' dir='ltr'><strong>in</strong></span> <span class='ocrx_word' id='word_1_368' title='bbox 1671 3345 2006 3399; x_wconf 87' lang='lat' dir='ltr'><strong>archisterio</strong></span> 
     </span>
    </p>
   </div>
   <div class='ocr_carea' id='block_1_51' title="bbox 402 3433 2006 3503">
    <p class='ocr_par' dir='ltr' id='par_1_51' title="bbox 402 3433 2006 3503">
     <span class='ocr_line' id='line_1_51' title="bbox 402 3433 2006 3503; baseline -0.007 -5"><span class='ocrx_word' id='word_1_369' title='bbox 402 3438 932 3498; x_wconf 89' lang='lat' dir='ltr'><strong>sanctimonialium</strong></span> <span class='ocrx_word' id='word_1_370' title='bbox 961 3435 1292 3500; x_wconf 89' lang='lat' dir='ltr'><strong>mulierum,</strong></span> <span class='ocrx_word' id='word_1_371' title='bbox 1312 3433 1408 3487; x_wconf 91' lang='lat' dir='ltr'><strong>ubi</strong></span> <span class='ocrx_word' id='word_1_372' title='bbox 1443 3449 1628 3503; x_wconf 88' lang='lat' dir='ltr'><strong>neque</strong></span> <span class='ocrx_word' id='word_1_373' title='bbox 1662 3449 1848 3486; x_wconf 85' lang='lat' dir='ltr'><strong>mares</strong></span> <span class='ocrx_word' id='word_1_374' title='bbox 1870 3450 2006 3488; x_wconf 91' lang='lat' dir='ltr'><strong>con-</strong></span> 
     </span>
    </p>
   </div>
   <div class='ocr_carea' id='block_1_52' title="bbox 404 3520 2005 3596">
    <p class='ocr_par' dir='ltr' id='par_1_52' title="bbox 404 3520 2005 3596">
     <span class='ocr_line' id='line_1_52' title="bbox 404 3520 2005 3596; baseline -0.005 -11"><span class='ocrx_word' id='word_1_375' title='bbox 404 3531 725 3593; x_wconf 87' lang='lat' dir='ltr'><strong>versantur,</strong></span> <span class='ocrx_word' id='word_1_376' title='bbox 760 3542 946 3596; x_wconf 87' lang='lat' dir='ltr'><strong>neque</strong></span> <span class='ocrx_word' id='word_1_377' title='bbox 990 3524 1173 3577; x_wconf 81' lang='lat' dir='ltr'><strong>vivere</strong></span> <span class='ocrx_word' id='word_1_378' title='bbox 1223 3523 1390 3576; x_wconf 88' lang='lat' dir='ltr'><strong>liceat</strong></span> <span class='ocrx_word' id='word_1_379' title='bbox 1434 3520 1484 3575; x_wconf 90' lang='lat' dir='ltr'><strong>ei</strong></span> <span class='ocrx_word' id='word_1_380' title='bbox 1527 3522 1820 3592; x_wconf 91' lang='lat' dir='ltr'><strong>quomodo</strong></span> <span class='ocrx_word' id='word_1_381' title='bbox 1854 3523 2005 3577; x_wconf 87' lang='lat' dir='ltr'><strong>velit.</strong></span> 
     </span>
    </p>
   </div>
   <div class='ocr_carea' id='block_1_53' title="bbox 408 3610 2006 3681">
    <p class='ocr_par' dir='ltr' id='par_1_53' title="bbox 408 3610 2006 3681">
     <span class='ocr_line' id='line_1_53' title="bbox 408 3610 2006 3681; baseline -0.005 -7"><span class='ocrx_word' id='word_1_382' title='bbox 408 3621 549 3674; x_wconf 84' lang='lat' dir='ltr'><strong>Nam</strong></span> <span class='ocrx_word' id='word_1_383' title='bbox 575 3614 906 3670; x_wconf 66' lang='lat' dir='ltr'><strong>diaconissze</strong></span> <span class='ocrx_word' id='word_1_384' title='bbox 938 3627 1109 3681; x_wconf 85' lang='lat' dir='ltr'><strong>super</strong></span> <span class='ocrx_word' id='word_1_385' title='bbox 1129 3627 1186 3663; x_wconf 90' lang='lat' dir='ltr'><strong>se</strong></span> <span class='ocrx_word' id='word_1_386' title='bbox 1216 3610 1478 3665; x_wconf 87' lang='lat' dir='ltr'><strong>habitare</strong></span> <span class='ocrx_word' id='word_1_387' title='bbox 1512 3610 1746 3677; x_wconf 90' lang='lat' dir='ltr'><strong>debent,</strong></span> <span class='ocrx_word' id='word_1_388' title='bbox 1764 3612 1849 3664; x_wconf 88' lang='lat' dir='ltr'><strong>vel</strong></span> <span class='ocrx_word' id='word_1_389' title='bbox 1882 3614 2006 3667; x_wconf 87' lang='lat' dir='ltr'><strong>nul-</strong></span> 
     </span>
    </p>
   </div>
   <div class='ocr_carea' id='block_1_54' title="bbox 407 3698 2007 3765">
    <p class='ocr_par' dir='ltr' id='par_1_54' title="bbox 407 3698 2007 3765">
     <span class='ocr_line' id='line_1_54' title="bbox 407 3698 2007 3765; baseline -0.006 -3"><span class='ocrx_word' id='word_1_390' title='bbox 407 3710 529 3763; x_wconf 89' lang='lat' dir='ltr'><strong>lum</strong></span> <span class='ocrx_word' id='word_1_391' title='bbox 561 3704 738 3760; x_wconf 85' lang='lat' dir='ltr'><strong>alium</strong></span> <span class='ocrx_word' id='word_1_392' title='bbox 765 3700 1068 3756; x_wconf 89' lang='lat' dir='ltr'><strong>admittere</strong></span> <span class='ocrx_word' id='word_1_393' title='bbox 1094 3715 1310 3765; x_wconf 91' lang='lat' dir='ltr'><strong>secum,</strong></span> <span class='ocrx_word' id='word_1_394' title='bbox 1344 3698 1451 3753; x_wconf 89' lang='lat' dir='ltr'><strong>nisi</strong></span> <span class='ocrx_word' id='word_1_395' title='bbox 1484 3715 1683 3753; x_wconf 90' lang='lat' dir='ltr'><strong>revera</strong></span> <span class='ocrx_word' id='word_1_396' title='bbox 1726 3699 2007 3765; x_wconf 81' lang='lat' dir='ltr'><strong>fratrem;</strong></span> 
     </span>
    </p>
   </div>
   <div class='ocr_carea' id='block_1_55' title="bbox 407 3787 2012 3862">
    <p class='ocr_par' dir='ltr' id='par_1_55' title="bbox 407 3787 2012 3862">
     <span class='ocr_line' id='line_1_55' title="bbox 407 3787 2012 3862; baseline -0.004 -11"><span class='ocrx_word' id='word_1_397' title='bbox 407 3797 494 3851; x_wconf 91' lang='lat' dir='ltr'><strong>sin</strong></span> <span class='ocrx_word' id='word_1_398' title='bbox 527 3796 722 3849; x_wconf 89' lang='lat' dir='ltr'><strong>autem</strong></span> <span class='ocrx_word' id='word_1_399' title='bbox 753 3791 945 3862; x_wconf 88' lang='lat' dir='ltr'><strong>aliqua</strong></span> <span class='ocrx_word' id='word_1_400' title='bbox 969 3787 1210 3860; x_wconf 86' lang='lat' dir='ltr'><strong>suspicio</strong></span> <span class='ocrx_word' id='word_1_401' title='bbox 1239 3788 1310 3842; x_wconf 91' lang='lat' dir='ltr'><strong>sit</strong></span> <span class='ocrx_word' id='word_1_402' title='bbox 1327 3788 1488 3860; x_wconf 89' lang='lat' dir='ltr'><strong>quasi</strong></span> <span class='ocrx_word' id='word_1_403' title='bbox 1509 3787 1805 3843; x_wconf 86' lang='lat' dir='ltr'><strong>simulatus</strong></span> <span class='ocrx_word' id='word_1_404' title='bbox 1835 3788 2012 3844; x_wconf 86' lang='lat' dir='ltr'><strong>frater</strong></span> 
     </span>
    </p>
   </div>
   <div class='ocr_carea' id='block_1_56' title="bbox 406 3876 2007 3952">
    <p class='ocr_par' dir='ltr' id='par_1_56' title="bbox 406 3876 2007 3952">
     <span class='ocr_line' id='line_1_56' title="bbox 406 3876 2007 3952; baseline -0.004 -12"><span class='ocrx_word' id='word_1_405' title='bbox 406 3902 535 3940; x_wconf 92' lang='lat' dir='ltr'><strong>cum</strong></span> <span class='ocrx_word' id='word_1_406' title='bbox 564 3900 632 3938; x_wconf 90' lang='lat' dir='ltr'><strong>ea</strong></span> <span class='ocrx_word' id='word_1_407' title='bbox 662 3882 854 3952; x_wconf 87' lang='lat' dir='ltr'><strong>degat,</strong></span> <span class='ocrx_word' id='word_1_408' title='bbox 886 3879 969 3932; x_wconf 89' lang='lat' dir='ltr'><strong>vel</strong></span> <span class='ocrx_word' id='word_1_409' title='bbox 1010 3878 1082 3931; x_wconf 86' lang='lat' dir='ltr'><strong>ab</strong></span> <span class='ocrx_word' id='word_1_410' title='bbox 1123 3876 1288 3934; x_wconf 90' lang='lat' dir='ltr'><strong>initio</strong></span> <span class='ocrx_word' id='word_1_411' title='bbox 1331 3894 1449 3932; x_wconf 92' lang='lat' dir='ltr'><strong>non</strong></span> <span class='ocrx_word' id='word_1_412' title='bbox 1489 3881 1872 3945; x_wconf 88' lang='lat' dir='ltr'><strong>consecretur,</strong></span> <span class='ocrx_word' id='word_1_413' title='bbox 1900 3880 2007 3946; x_wconf 90' lang='lat' dir='ltr'><strong>vel,</strong></span> 
     </span>
    </p>
   </div>
   <div class='ocr_carea' id='block_1_57' title="bbox 406 3966 1677 4033">
    <p class='ocr_par' dir='ltr' id='par_1_57' title="bbox 406 3966 1677 4033">
     <span class='ocr_line' id='line_1_57' title="bbox 406 3966 1677 4033; baseline -0.009 -4"><span class='ocrx_word' id='word_1_414' title='bbox 406 3976 451 4029; x_wconf 88' lang='lat' dir='ltr'><strong>si</strong></span> <span class='ocrx_word' id='word_1_415' title='bbox 478 3974 811 4028; x_wconf 88' lang='lat' dir='ltr'><strong>consecrata</strong></span> <span class='ocrx_word' id='word_1_416' title='bbox 838 3966 1031 4033; x_wconf 89' lang='lat' dir='ltr'><strong>fuerit,</strong></span> <span class='ocrx_word' id='word_1_417' title='bbox 1064 3966 1293 4020; x_wconf 88' lang='lat' dir='ltr'><strong>amittat</strong></span> <span class='ocrx_word' id='word_1_418' title='bbox 1314 3966 1619 4020; x_wconf 90' lang='lat' dir='ltr'><strong>honorem.</strong></span> <span class='ocrx_word' id='word_1_419' title='bbox 1647 3985 1677 4018; x_wconf 72' lang='lat'>»</span> 
     </span>
    </p>
   </div>
   <div class='ocr_carea' id='block_1_58' title="bbox 478 4053 2011 4127">
    <p class='ocr_par' dir='ltr' id='par_1_58' title="bbox 478 4053 2011 4127">
     <span class='ocr_line' id='line_1_58' title="bbox 478 4053 2011 4127; baseline -0.005 -10"><span class='ocrx_word' id='word_1_420' title='bbox 478 4064 558 4117; x_wconf 88' lang='lat' dir='ltr'><strong>De</strong></span> <span class='ocrx_word' id='word_1_421' title='bbox 609 4058 827 4115; x_wconf 76' lang='lat' dir='ltr'><strong>clericis</strong></span> <span class='ocrx_word' id='word_1_422' title='bbox 862 4074 875 4112; x_wconf 93' lang='lat'><strong>:</strong></span> <span class='ocrx_word' id='word_1_423' title='bbox 914 4078 941 4107; x_wconf 83' lang='lat'><strong>«</strong></span> <span class='ocrx_word' id='word_1_424' title='bbox 982 4056 1162 4109; x_wconf 78' lang='lat' dir='ltr'><strong>Nemo</strong></span> <span class='ocrx_word' id='word_1_425' title='bbox 1194 4053 1430 4108; x_wconf 86' lang='lat' dir='ltr'><strong>clericus</strong></span> <span class='ocrx_word' id='word_1_426' title='bbox 1460 4054 1560 4107; x_wconf 82' lang='lat' dir='ltr'><strong>ﬁat</strong></span> <span class='ocrx_word' id='word_1_427' title='bbox 1589 4053 1694 4107; x_wconf 90' lang='lat' dir='ltr'><strong>nisi</strong></span> <span class='ocrx_word' id='word_1_428' title='bbox 1738 4054 1784 4109; x_wconf 93' lang='lat' dir='ltr'><strong>is</strong></span> <span class='ocrx_word' id='word_1_429' title='bbox 1826 4055 1922 4127; x_wconf 91' lang='lat' dir='ltr'><strong>qui</strong></span> <span class='ocrx_word' id='word_1_430' title='bbox 1954 4060 2011 4110; x_wconf 93' lang='lat' dir='ltr'><strong>et</strong></span> 
     </span>
    </p>
   </div>
   <div class='ocr_carea' id='block_1_59' title="bbox 407 4142 2009 4209">
    <p class='ocr_par' dir='ltr' id='par_1_59' title="bbox 407 4142 2009 4209">
     <span class='ocr_line' id='line_1_59' title="bbox 407 4142 2009 4209; baseline -0.006 -2"><span class='ocrx_word' id='word_1_431' title='bbox 407 4154 626 4207; x_wconf 85' lang='lat' dir='ltr'><strong>bonum</strong></span> <span class='ocrx_word' id='word_1_432' title='bbox 672 4144 1069 4201; x_wconf 90' lang='lat' dir='ltr'><strong>testimonium</strong></span> <span class='ocrx_word' id='word_1_433' title='bbox 1112 4143 1286 4197; x_wconf 89' lang='lat' dir='ltr'><strong>habet</strong></span> <span class='ocrx_word' id='word_1_434' title='bbox 1326 4145 1385 4196; x_wconf 91' lang='lat' dir='ltr'><strong>et</strong></span> <span class='ocrx_word' id='word_1_435' title='bbox 1424 4142 1705 4197; x_wconf 89' lang='lat' dir='ltr'><strong>litteratus</strong></span> <span class='ocrx_word' id='word_1_436' title='bbox 1752 4148 1855 4198; x_wconf 89' lang='lat' dir='ltr'><strong>est.</strong></span> <span class='ocrx_word' id='word_1_437' title='bbox 1904 4144 2009 4209; x_wconf 88' lang='lat' dir='ltr'><strong>Qui</strong></span> 
     </span>
    </p>
   </div>
   <div class='ocr_carea' id='block_1_60' title="bbox 410 4231 2008 4302">
    <p class='ocr_par' dir='ltr' id='par_1_60' title="bbox 410 4231 2008 4302">
     <span class='ocr_line' id='line_1_60' title="bbox 410 4231 2008 4302; baseline -0.004 -8"><span class='ocrx_word' id='word_1_438' title='bbox 410 4239 567 4294; x_wconf 89' lang='lat' dir='ltr'><strong>enim</strong></span> <span class='ocrx_word' id='word_1_439' title='bbox 598 4237 818 4291; x_wconf 86' lang='lat' dir='ltr'><strong>litteras</strong></span> <span class='ocrx_word' id='word_1_440' title='bbox 850 4251 965 4289; x_wconf 91' lang='lat' dir='ltr'><strong>non</strong></span> <span class='ocrx_word' id='word_1_441' title='bbox 998 4232 1120 4301; x_wconf 88' lang='lat' dir='ltr'><strong>scit,</strong></span> <span class='ocrx_word' id='word_1_442' title='bbox 1140 4231 1377 4286; x_wconf 86' lang='lat' dir='ltr'><strong>clericus</strong></span> <span class='ocrx_word' id='word_1_443' title='bbox 1394 4249 1513 4285; x_wconf 88' lang='lat' dir='ltr'><strong>esse</strong></span> <span class='ocrx_word' id='word_1_444' title='bbox 1537 4248 1652 4285; x_wconf 92' lang='lat' dir='ltr'><strong>non</strong></span> <span class='ocrx_word' id='word_1_445' title='bbox 1670 4234 1886 4302; x_wconf 87' lang='lat' dir='ltr'><strong>potest:</strong></span> <span class='ocrx_word' id='word_1_446' title='bbox 1908 4233 2008 4288; x_wconf 91' lang='lat' dir='ltr'><strong>do-</strong></span> 
     </span>
    </p>
   </div>
   <div class='ocr_carea' id='block_1_61' title="bbox 410 4319 2011 4396">
    <p class='ocr_par' dir='ltr' id='par_1_61' title="bbox 410 4319 2011 4396">
     <span class='ocr_line' id='line_1_61' title="bbox 410 4319 2011 4396; baseline -0.005 -14"><span class='ocrx_word' id='word_1_447' title='bbox 410 4330 647 4382; x_wconf 91' lang='lat' dir='ltr'><strong>ceantur</strong></span> <span class='ocrx_word' id='word_1_448' title='bbox 663 4327 720 4378; x_wconf 90' lang='lat' dir='ltr'><strong>et</strong></span> <span class='ocrx_word' id='word_1_449' title='bbox 750 4319 1065 4396; x_wconf 79' lang='lat' dir='ltr'><strong>presbyteri</strong></span> <span class='ocrx_word' id='word_1_450' title='bbox 1094 4322 1150 4372; x_wconf 90' lang='lat' dir='ltr'><strong>et</strong></span> <span class='ocrx_word' id='word_1_451' title='bbox 1174 4319 1399 4373; x_wconf 87' lang='lat' dir='ltr'><strong>diaconi</strong></span> <span class='ocrx_word' id='word_1_452' title='bbox 1427 4336 1613 4373; x_wconf 83' lang='lat' dir='ltr'><strong>sacras</strong></span> <span class='ocrx_word' id='word_1_453' title='bbox 1644 4320 1933 4375; x_wconf 84' lang='lat' dir='ltr'><strong>orationes</strong></span> <span class='ocrx_word' id='word_1_454' title='bbox 1954 4324 2011 4374; x_wconf 93' lang='lat' dir='ltr'><strong>et</strong></span> 
     </span>
    </p>
   </div>
   <div class='ocr_carea' id='block_1_62' title="bbox 2100 1938 3734 2011">
    <p class='ocr_par' dir='ltr' id='par_1_62' title="bbox 2100 1938 3734 2011">
     <span class='ocr_line' id='line_1_62' title="bbox 2100 1938 3734 2011; baseline -0.001 -17"><span class='ocrx_word' id='word_1_455' title='bbox 2100 1940 2394 1994; x_wconf 77' lang='lat' dir='ltr'><strong>mensibus</strong></span> <span class='ocrx_word' id='word_1_456' title='bbox 2424 1942 2701 2011; x_wconf 90' lang='lat' dir='ltr'><strong>appareat</strong></span> <span class='ocrx_word' id='word_1_457' title='bbox 2721 1955 2855 1993; x_wconf 89' lang='lat' dir='ltr'><strong>eum</strong></span> <span class='ocrx_word' id='word_1_458' title='bbox 2887 1939 2944 1993; x_wconf 92' lang='lat' dir='ltr'><strong>in</strong></span> <span class='ocrx_word' id='word_1_459' title='bbox 2974 1938 3245 1993; x_wconf 90' lang='lat' dir='ltr'><strong>clericatu</strong></span> <span class='ocrx_word' id='word_1_460' title='bbox 3267 1938 3456 1993; x_wconf 85' lang='lat' dir='ltr'><strong>fuisse.</strong></span> <span class='ocrx_word' id='word_1_461' title='bbox 3496 1938 3734 2009; x_wconf 82' lang='lat' dir='ltr'><strong>Legere</strong></span> 
     </span>
    </p>
   </div>
   <div class='ocr_carea' id='block_1_63' title="bbox 2100 2028 3735 2099">
    <p class='ocr_par' dir='ltr' id='par_1_63' title="bbox 2100 2028 3735 2099">
     <span class='ocr_line' id='line_1_63' title="bbox 2100 2028 3735 2099; baseline 0.001 -19"><span class='ocrx_word' id='word_1_462' title='bbox 2100 2030 2295 2081; x_wconf 89' lang='lat' dir='ltr'><strong>autem</strong></span> <span class='ocrx_word' id='word_1_463' title='bbox 2322 2028 2494 2082; x_wconf 89' lang='lat' dir='ltr'><strong>debet</strong></span> <span class='ocrx_word' id='word_1_464' title='bbox 2519 2030 2576 2082; x_wconf 89' lang='lat' dir='ltr'><strong>et</strong></span> <span class='ocrx_word' id='word_1_465' title='bbox 2606 2044 2795 2082; x_wconf 89' lang='lat' dir='ltr'><strong>sacros</strong></span> <span class='ocrx_word' id='word_1_466' title='bbox 2824 2043 3097 2093; x_wconf 86' lang='lat' dir='ltr'><strong>canones,</strong></span> <span class='ocrx_word' id='word_1_467' title='bbox 3121 2043 3305 2098; x_wconf 89' lang='lat' dir='ltr'><strong>eoque</strong></span> <span class='ocrx_word' id='word_1_468' title='bbox 3320 2030 3593 2097; x_wconf 87' lang='lat' dir='ltr'><strong>tempore</strong></span> <span class='ocrx_word' id='word_1_469' title='bbox 3607 2042 3735 2099; x_wconf 86' lang='lat' dir='ltr'><strong>quo</strong></span> 
     </span>
    </p>
   </div>
   <div class='ocr_carea' id='block_1_64' title="bbox 2099 2112 3737 2186">
    <p class='ocr_par' dir='ltr' id='par_1_64' title="bbox 2099 2112 3737 2186">
     <span class='ocr_line' id='line_1_64' title="bbox 2099 2112 3737 2186; baseline 0.001 -18"><span class='ocrx_word' id='word_1_470' title='bbox 2099 2118 2489 2183; x_wconf 87' lang='lat' dir='ltr'><strong>consecratur,</strong></span> <span class='ocrx_word' id='word_1_471' title='bbox 2523 2117 2854 2171; x_wconf 87' lang='lat' dir='ltr'><strong>consulatur</strong></span> <span class='ocrx_word' id='word_1_472' title='bbox 2902 2132 3037 2169; x_wconf 92' lang='lat' dir='ltr'><strong>eum</strong></span> <span class='ocrx_word' id='word_1_473' title='bbox 3086 2114 3134 2169; x_wconf 91' lang='lat' dir='ltr'><strong>is</strong></span> <span class='ocrx_word' id='word_1_474' title='bbox 3189 2114 3287 2186; x_wconf 91' lang='lat' dir='ltr'><strong>qui</strong></span> <span class='ocrx_word' id='word_1_475' title='bbox 3317 2118 3653 2182; x_wconf 78' lang='lat' dir='ltr'><strong>consecrat,</strong></span> <span class='ocrx_word' id='word_1_476' title='bbox 3687 2112 3737 2169; x_wconf 88' lang='lat' dir='ltr'><strong>si</strong></span> 
     </span>
    </p>
   </div>
   <div class='ocr_carea' id='block_1_65' title="bbox 2100 2202 3738 2276">
    <p class='ocr_par' dir='ltr' id='par_1_65' title="bbox 2100 2202 3738 2276">
     <span class='ocr_line' id='line_1_65' title="bbox 2100 2202 3738 2276; baseline 0 -18"><span class='ocrx_word' id='word_1_477' title='bbox 2100 2204 2276 2276; x_wconf 91' lang='lat' dir='ltr'><strong>possit</strong></span> <span class='ocrx_word' id='word_1_478' title='bbox 2298 2204 2485 2258; x_wconf 86' lang='lat' dir='ltr'><strong>facere</strong></span> <span class='ocrx_word' id='word_1_479' title='bbox 2499 2207 2670 2275; x_wconf 87' lang='lat' dir='ltr'><strong>atque</strong></span> <span class='ocrx_word' id='word_1_480' title='bbox 2683 2203 2969 2258; x_wconf 90' lang='lat' dir='ltr'><strong>custodire</strong></span> <span class='ocrx_word' id='word_1_481' title='bbox 2996 2202 3192 2258; x_wconf 90' lang='lat' dir='ltr'><strong>omnia</strong></span> <span class='ocrx_word' id='word_1_482' title='bbox 3219 2220 3345 2275; x_wconf 62' lang='lat' dir='ltr'><strong>qua;</strong></span> <span class='ocrx_word' id='word_1_483' title='bbox 3369 2202 3547 2257; x_wconf 83' lang='lat' dir='ltr'><strong>divini</strong></span> <span class='ocrx_word' id='word_1_484' title='bbox 3572 2220 3738 2275; x_wconf 73' lang='lat' dir='ltr'><strong>pra:-</strong></span> 
     </span>
    </p>
   </div>
   <div class='ocr_carea' id='block_1_66' title="bbox 2101 2290 3736 2364">
    <p class='ocr_par' dir='ltr' id='par_1_66' title="bbox 2101 2290 3736 2364">
     <span class='ocr_line' id='line_1_66' title="bbox 2101 2290 3736 2364; baseline 0.001 -19"><span class='ocrx_word' id='word_1_485' title='bbox 2101 2291 2321 2364; x_wconf 89' lang='lat' dir='ltr'><strong>cipiunt</strong></span> <span class='ocrx_word' id='word_1_486' title='bbox 2377 2308 2650 2358; x_wconf 87' lang='lat' dir='ltr'><strong>canones,</strong></span> <span class='ocrx_word' id='word_1_487' title='bbox 2687 2295 2745 2345; x_wconf 91' lang='lat' dir='ltr'><strong>et</strong></span> <span class='ocrx_word' id='word_1_488' title='bbox 2774 2291 3058 2362; x_wconf 91' lang='lat' dir='ltr'><strong>siquidem</strong></span> <span class='ocrx_word' id='word_1_489' title='bbox 3092 2290 3389 2361; x_wconf 81' lang='lat' dir='ltr'><strong>negaverit</strong></span> <span class='ocrx_word' id='word_1_490' title='bbox 3441 2306 3503 2345; x_wconf 89' lang='lat' dir='ltr'><strong>se</strong></span> <span class='ocrx_word' id='word_1_491' title='bbox 3555 2307 3736 2362; x_wconf 87' lang='lat' dir='ltr'><strong>posse</strong></span> 
     </span>
    </p>
   </div>
   <div class='ocr_carea' id='block_1_67' title="bbox 2102 2378 3736 2451">
    <p class='ocr_par' dir='ltr' id='par_1_67' title="bbox 2102 2378 3736 2451">
     <span class='ocr_line' id='line_1_67' title="bbox 2102 2378 3736 2451; baseline -0.001 -16"><span class='ocrx_word' id='word_1_492' title='bbox 2102 2380 2408 2447; x_wconf 91' lang='lat' dir='ltr'><strong>custodire,</strong></span> <span class='ocrx_word' id='word_1_493' title='bbox 2435 2397 2552 2434; x_wconf 93' lang='lat' dir='ltr'><strong>non</strong></span> <span class='ocrx_word' id='word_1_494' title='bbox 2575 2382 2976 2447; x_wconf 85' lang='lat' dir='ltr'><strong>consecretur;</strong></span> <span class='ocrx_word' id='word_1_495' title='bbox 2999 2379 3044 2433; x_wconf 90' lang='lat' dir='ltr'><strong>si</strong></span> <span class='ocrx_word' id='word_1_496' title='bbox 3072 2382 3265 2433; x_wconf 89' lang='lat' dir='ltr'><strong>autem</strong></span> <span class='ocrx_word' id='word_1_497' title='bbox 3283 2378 3575 2451; x_wconf 89' lang='lat' dir='ltr'><strong>pollicitus</strong></span> <span class='ocrx_word' id='word_1_498' title='bbox 3603 2380 3736 2434; x_wconf 84' lang='lat' dir='ltr'><strong>fue-</strong></span> 
     </span>
    </p>
   </div>
   <div class='ocr_carea' id='block_1_68' title="bbox 2103 2466 3739 2539">
    <p class='ocr_par' dir='ltr' id='par_1_68' title="bbox 2103 2466 3739 2539">
     <span class='ocr_line' id='line_1_68' title="bbox 2103 2466 3739 2539; baseline 0 -17"><span class='ocrx_word' id='word_1_499' title='bbox 2103 2468 2176 2522; x_wconf 89' lang='lat' dir='ltr'><strong>rit</strong></span> <span class='ocrx_word' id='word_1_500' title='bbox 2189 2468 2619 2522; x_wconf 86' lang='lat' dir='ltr'><strong>observaturum</strong></span> <span class='ocrx_word' id='word_1_501' title='bbox 2638 2484 2696 2522; x_wconf 93' lang='lat' dir='ltr'><strong>se</strong></span> <span class='ocrx_word' id='word_1_502' title='bbox 2710 2470 2993 2539; x_wconf 90' lang='lat' dir='ltr'><strong>quantum</strong></span> <span class='ocrx_word' id='word_1_503' title='bbox 3009 2466 3340 2521; x_wconf 91' lang='lat' dir='ltr'><strong>hominibus</strong></span> <span class='ocrx_word' id='word_1_504' title='bbox 3351 2466 3634 2538; x_wconf 89' lang='lat' dir='ltr'><strong>possibile</strong></span> <span class='ocrx_word' id='word_1_505' title='bbox 3648 2471 3739 2522; x_wconf 88' lang='lat' dir='ltr'><strong>est</strong></span> 
     </span>
    </p>
   </div>
   <div class='ocr_carea' id='block_1_69' title="bbox 2104 2554 3738 2627">
    <p class='ocr_par' dir='ltr' id='par_1_69' title="bbox 2104 2554 3738 2627">
     <span class='ocr_line' id='line_1_69' title="bbox 2104 2554 3738 2627; baseline -0.001 -16"><span class='ocrx_word' id='word_1_506' title='bbox 2104 2559 2300 2611; x_wconf 87' lang='lat' dir='ltr'><strong>sancta</strong></span> <span class='ocrx_word' id='word_1_507' title='bbox 2329 2572 2619 2611; x_wconf 90' lang='lat' dir='ltr'><strong>canonum</strong></span> <span class='ocrx_word' id='word_1_508' title='bbox 2668 2559 2978 2627; x_wconf 68' lang='lat' dir='ltr'><strong>praecepta,</strong></span> <span class='ocrx_word' id='word_1_509' title='bbox 3022 2559 3158 2610; x_wconf 89' lang='lat' dir='ltr'><strong>tunc</strong></span> <span class='ocrx_word' id='word_1_510' title='bbox 3210 2555 3256 2609; x_wconf 78' lang='lat' dir='ltr'><strong>is</strong></span> <span class='ocrx_word' id='word_1_511' title='bbox 3284 2554 3382 2627; x_wconf 91' lang='lat' dir='ltr'><strong>qui</strong></span> <span class='ocrx_word' id='word_1_512' title='bbox 3421 2559 3738 2610; x_wconf 83' lang='lat' dir='ltr'><strong>consecrat</strong></span> 
     </span>
    </p>
   </div>
   <div class='ocr_carea' id='block_1_70' title="bbox 2103 2642 3734 2715">
    <p class='ocr_par' dir='ltr' id='par_1_70' title="bbox 2103 2642 3734 2715">
     <span class='ocr_line' id='line_1_70' title="bbox 2103 2642 3734 2715; baseline 0 -17"><span class='ocrx_word' id='word_1_513' title='bbox 2103 2661 2235 2699; x_wconf 90' lang='lat' dir='ltr'><strong>eum</strong></span> <span class='ocrx_word' id='word_1_514' title='bbox 2259 2644 2576 2699; x_wconf 86' lang='lat' dir='ltr'><strong>admonere</strong></span> <span class='ocrx_word' id='word_1_515' title='bbox 2599 2647 2771 2715; x_wconf 90' lang='lat' dir='ltr'><strong>atque</strong></span> <span class='ocrx_word' id='word_1_516' title='bbox 2803 2644 3116 2715; x_wconf 64' lang='lat' dir='ltr'><strong>praedicere</strong></span> <span class='ocrx_word' id='word_1_517' title='bbox 3143 2644 3312 2698; x_wconf 87' lang='lat' dir='ltr'><strong>debet</strong></span> <span class='ocrx_word' id='word_1_518' title='bbox 3343 2642 3501 2715; x_wconf 88' lang='lat' dir='ltr'><strong>quod</strong></span> <span class='ocrx_word' id='word_1_519' title='bbox 3523 2643 3571 2697; x_wconf 91' lang='lat' dir='ltr'><strong>si</strong></span> <span class='ocrx_word' id='word_1_520' title='bbox 3609 2660 3734 2698; x_wconf 90' lang='lat' dir='ltr'><strong>non</strong></span> 
     </span>
    </p>
   </div>
   <div class='ocr_carea' id='block_1_71' title="bbox 2104 2730 3733 2801">
    <p class='ocr_par' dir='ltr' id='par_1_71' title="bbox 2104 2730 3733 2801">
     <span class='ocr_line' id='line_1_71' title="bbox 2104 2730 3733 2801; baseline 0.001 -15"><span class='ocrx_word' id='word_1_521' title='bbox 2104 2732 2483 2801; x_wconf 86' lang='lat' dir='ltr'><strong>observaverit</strong></span> <span class='ocrx_word' id='word_1_522' title='bbox 2511 2748 2762 2786; x_wconf 88' lang='lat' dir='ltr'><strong>canones</strong></span> <span class='ocrx_word' id='word_1_523' title='bbox 2778 2735 3026 2799; x_wconf 89' lang='lat' dir='ltr'><strong>sanctos,</strong></span> <span class='ocrx_word' id='word_1_524' title='bbox 3049 2736 3107 2786; x_wconf 88' lang='lat' dir='ltr'><strong>et</strong></span> <span class='ocrx_word' id='word_1_525' title='bbox 3135 2731 3353 2785; x_wconf 90' lang='lat' dir='ltr'><strong>alienus</strong></span> <span class='ocrx_word' id='word_1_526' title='bbox 3378 2730 3490 2785; x_wconf 91' lang='lat' dir='ltr'><strong>erit</strong></span> <span class='ocrx_word' id='word_1_527' title='bbox 3516 2748 3551 2785; x_wconf 91' lang='lat' dir='ltr'><strong>a</strong></span> <span class='ocrx_word' id='word_1_528' title='bbox 3586 2733 3733 2801; x_wconf 89' lang='lat' dir='ltr'><strong>Deo,</strong></span> 
     </span>
    </p>
   </div>
   <div class='ocr_carea' id='block_1_72' title="bbox 2104 2819 3733 2892">
    <p class='ocr_par' dir='ltr' id='par_1_72' title="bbox 2104 2819 3733 2892">
     <span class='ocr_line' id='line_1_72' title="bbox 2104 2819 3733 2892; baseline 0 -17"><span class='ocrx_word' id='word_1_529' title='bbox 2104 2823 2161 2875; x_wconf 92' lang='lat' dir='ltr'><strong>et</strong></span> <span class='ocrx_word' id='word_1_530' title='bbox 2194 2820 2477 2892; x_wconf 88' lang='lat' dir='ltr'><strong>religiosis</strong></span> <span class='ocrx_word' id='word_1_531' title='bbox 2503 2820 2785 2892; x_wconf 88' lang='lat' dir='ltr'><strong>episcopis</strong></span> <span class='ocrx_word' id='word_1_532' title='bbox 2837 2836 2955 2875; x_wconf 88' lang='lat' dir='ltr'><strong>non</strong></span> <span class='ocrx_word' id='word_1_533' title='bbox 2986 2819 3504 2875; x_wconf 89' lang='lat' dir='ltr'><strong>connumerahitur</strong></span> <span class='ocrx_word' id='word_1_534' title='bbox 3532 2835 3546 2874; x_wconf 94' lang='lat'>:</span> <span class='ocrx_word' id='word_1_535' title='bbox 3586 2836 3733 2875; x_wconf 88' lang='lat' dir='ltr'><strong>nam</strong></span> 
     </span>
    </p>
   </div>
   <div class='ocr_carea' id='block_1_73' title="bbox 2104 2908 3735 2979">
    <p class='ocr_par' dir='ltr' id='par_1_73' title="bbox 2104 2908 3735 2979">
     <span class='ocr_line' id='line_1_73' title="bbox 2104 2908 3735 2979; baseline 0 -16"><span class='ocrx_word' id='word_1_536' title='bbox 2104 2923 2353 2964; x_wconf 89' lang='lat' dir='ltr'><strong>canones</strong></span> <span class='ocrx_word' id='word_1_537' title='bbox 2385 2910 2618 2962; x_wconf 89' lang='lat' dir='ltr'><strong>Patrum</strong></span> <span class='ocrx_word' id='word_1_538' title='bbox 2651 2908 2767 2961; x_wconf 85' lang='lat' dir='ltr'><strong>vim</strong></span> <span class='ocrx_word' id='word_1_539' title='bbox 2815 2908 3011 2979; x_wconf 86' lang='lat' dir='ltr'><strong>legum</strong></span> <span class='ocrx_word' id='word_1_540' title='bbox 3042 2909 3255 2963; x_wconf 90' lang='lat' dir='ltr'><strong>habere</strong></span> <span class='ocrx_word' id='word_1_541' title='bbox 3310 2910 3564 2979; x_wconf 87' lang='lat' dir='ltr'><strong>oportet.</strong></span> <span class='ocrx_word' id='word_1_542' title='bbox 3628 2908 3735 2963; x_wconf 90' lang='lat' dir='ltr'><strong>Sin</strong></span> 
     </span>
    </p>
   </div>
   <div class='ocr_carea' id='block_1_74' title="bbox 2104 2995 3735 3069">
    <p class='ocr_par' dir='ltr' id='par_1_74' title="bbox 2104 2995 3735 3069">
     <span class='ocr_line' id='line_1_74' title="bbox 2104 2995 3735 3069; baseline -0.001 -17"><span class='ocrx_word' id='word_1_543' title='bbox 2104 3000 2297 3052; x_wconf 82' lang='lat' dir='ltr'><strong>autem</strong></span> <span class='ocrx_word' id='word_1_544' title='bbox 2331 2996 2538 3068; x_wconf 89' lang='lat' dir='ltr'><strong>aliquis</strong></span> <span class='ocrx_word' id='word_1_545' title='bbox 2566 2995 2873 3069; x_wconf 90' lang='lat' dir='ltr'><strong>pecuniam</strong></span> <span class='ocrx_word' id='word_1_546' title='bbox 2905 2995 3150 3062; x_wconf 90' lang='lat' dir='ltr'><strong>dederit,</strong></span> <span class='ocrx_word' id='word_1_547' title='bbox 3184 2995 3513 3067; x_wconf 86' lang='lat' dir='ltr'><strong>eodemque</strong></span> <span class='ocrx_word' id='word_1_548' title='bbox 3544 2996 3735 3050; x_wconf 86' lang='lat' dir='ltr'><strong>modo</strong></span> 
     </span>
    </p>
   </div>
   <div class='ocr_carea' id='block_1_75' title="bbox 2106 3083 3737 3163">
    <p class='ocr_par' dir='ltr' id='par_1_75' title="bbox 2106 3083 3737 3163">
     <span class='ocr_line' id='line_1_75' title="bbox 2106 3083 3737 3163; baseline -0.001 -22"><span class='ocrx_word' id='word_1_549' title='bbox 2106 3086 2402 3158; x_wconf 88' lang='lat' dir='ltr'><strong>episcopus</strong></span> <span class='ocrx_word' id='word_1_550' title='bbox 2427 3087 2650 3163; x_wconf 75' lang='lat' dir='ltr'><strong>creatus</strong></span> <span class='ocrx_word' id='word_1_551' title='bbox 2679 3084 2874 3152; x_wconf 88' lang='lat' dir='ltr'><strong>fuerit,</strong></span> <span class='ocrx_word' id='word_1_552' title='bbox 2892 3100 3009 3139; x_wconf 88' lang='lat' dir='ltr'><strong>non</strong></span> <span class='ocrx_word' id='word_1_553' title='bbox 3023 3086 3207 3139; x_wconf 84' lang='lat' dir='ltr'><strong>solum</strong></span> <span class='ocrx_word' id='word_1_554' title='bbox 3235 3084 3377 3157; x_wconf 87' lang='lat' dir='ltr'><strong>ipse,</strong></span> <span class='ocrx_word' id='word_1_555' title='bbox 3410 3084 3515 3139; x_wconf 90' lang='lat' dir='ltr'><strong>sed</strong></span> <span class='ocrx_word' id='word_1_556' title='bbox 3541 3083 3737 3139; x_wconf 83' lang='lat' dir='ltr'><strong>etiam</strong></span> 
     </span>
    </p>
   </div>
   <div class='ocr_carea' id='block_1_76' title="bbox 2106 3171 3738 3246">
    <p class='ocr_par' dir='ltr' id='par_1_76' title="bbox 2106 3171 3738 3246">
     <span class='ocr_line' id='line_1_76' title="bbox 2106 3171 3738 3246; baseline 0 -19"><span class='ocrx_word' id='word_1_557' title='bbox 2106 3174 2203 3246; x_wconf 82' lang='lat' dir='ltr'><strong>qui</strong></span> <span class='ocrx_word' id='word_1_558' title='bbox 2245 3173 2596 3229; x_wconf 89' lang='lat' dir='ltr'><strong>consecravit</strong></span> <span class='ocrx_word' id='word_1_559' title='bbox 2620 3190 2752 3228; x_wconf 89' lang='lat' dir='ltr'><strong>eum</strong></span> <span class='ocrx_word' id='word_1_560' title='bbox 2796 3173 2947 3227; x_wconf 89' lang='lat' dir='ltr'><strong>inter</strong></span> <span class='ocrx_word' id='word_1_561' title='bbox 2971 3173 3266 3245; x_wconf 66' lang='lat' dir='ltr'><strong>episcopos</strong></span> <span class='ocrx_word' id='word_1_562' title='bbox 3294 3188 3413 3226; x_wconf 91' lang='lat' dir='ltr'><strong>non</strong></span> <span class='ocrx_word' id='word_1_563' title='bbox 3454 3172 3592 3238; x_wconf 89' lang='lat' dir='ltr'><strong>erit,</strong></span> <span class='ocrx_word' id='word_1_564' title='bbox 3624 3171 3738 3227; x_wconf 84' lang='lat' dir='ltr'><strong>sed</strong></span> 
     </span>
    </p>
   </div>
   <div class='ocr_carea' id='block_1_77' title="bbox 2106 3260 3737 3333">
    <p class='ocr_par' dir='ltr' id='par_1_77' title="bbox 2106 3260 3737 3333">
     <span class='ocr_line' id='line_1_77' title="bbox 2106 3260 3737 3333; baseline 0 -18"><span class='ocrx_word' id='word_1_565' title='bbox 2106 3262 2364 3333; x_wconf 63' lang='lat' dir='ltr'><strong>peCuniaa</strong></span> <span class='ocrx_word' id='word_1_566' title='bbox 2396 3263 2479 3315; x_wconf 91' lang='lat' dir='ltr'><strong>vel</strong></span> <span class='ocrx_word' id='word_1_567' title='bbox 2513 3277 2604 3315; x_wconf 83' lang='lat' dir='ltr'><strong>res</strong></span> <span class='ocrx_word' id='word_1_568' title='bbox 2628 3261 2775 3315; x_wconf 73' lang='lat' dir='ltr'><strong>datae</strong></span> <span class='ocrx_word' id='word_1_569' title='bbox 2807 3260 3255 3316; x_wconf 88' lang='lat' dir='ltr'><strong>consecrationis</strong></span> <span class='ocrx_word' id='word_1_570' title='bbox 3308 3276 3481 3315; x_wconf 84' lang='lat' dir='ltr'><strong>causa</strong></span> <span class='ocrx_word' id='word_1_571' title='bbox 3528 3277 3737 3315; x_wconf 88' lang='lat' dir='ltr'><strong>sacro-</strong></span> 
     </span>
    </p>
   </div>
   <div class='ocr_carea' id='block_1_78' title="bbox 2108 3347 3741 3420">
    <p class='ocr_par' dir='ltr' id='par_1_78' title="bbox 2108 3347 3741 3420">
     <span class='ocr_line' id='line_1_78' title="bbox 2108 3347 3741 3420; baseline -0.001 -17"><span class='ocrx_word' id='word_1_572' title='bbox 2108 3354 2321 3405; x_wconf 68' lang='lat' dir='ltr'><strong>sanctae</strong></span> <span class='ocrx_word' id='word_1_573' title='bbox 2354 3349 2611 3404; x_wconf 64' lang='lat' dir='ltr'><strong>Ecclesiae</strong></span> <span class='ocrx_word' id='word_1_574' title='bbox 2642 3349 3003 3416; x_wconf 88' lang='lat' dir='ltr'><strong>addicantur,</strong></span> <span class='ocrx_word' id='word_1_575' title='bbox 3026 3349 3141 3403; x_wconf 90' lang='lat' dir='ltr'><strong>sive</strong></span> <span class='ocrx_word' id='word_1_576' title='bbox 3159 3349 3479 3420; x_wconf 88' lang='lat' dir='ltr'><strong>episcopus,</strong></span> <span class='ocrx_word' id='word_1_577' title='bbox 3500 3347 3623 3403; x_wconf 90' lang='lat' dir='ltr'><strong>sive</strong></span> <span class='ocrx_word' id='word_1_578' title='bbox 3642 3350 3741 3403; x_wconf 86' lang='lat' dir='ltr'><strong>est</strong></span> 
     </span>
    </p>
   </div>
   <div class='ocr_carea' id='block_1_79' title="bbox 2110 3436 3737 3509">
    <p class='ocr_par' dir='ltr' id='par_1_79' title="bbox 2110 3436 3737 3509">
     <span class='ocr_line' id='line_1_79' title="bbox 2110 3436 3737 3509; baseline -0.001 -17"><span class='ocrx_word' id='word_1_579' title='bbox 2110 3438 2207 3509; x_wconf 90' lang='lat' dir='ltr'><strong>qui</strong></span> <span class='ocrx_word' id='word_1_580' title='bbox 2233 3438 2410 3493; x_wconf 84' lang='lat' dir='ltr'><strong>dedit.</strong></span> <span class='ocrx_word' id='word_1_581' title='bbox 2427 3440 2475 3491; x_wconf 85' lang='lat' dir='ltr'><strong>Is</strong></span> <span class='ocrx_word' id='word_1_582' title='bbox 2496 3441 2689 3492; x_wconf 88' lang='lat' dir='ltr'><strong>autem</strong></span> <span class='ocrx_word' id='word_1_583' title='bbox 2714 3437 2809 3507; x_wconf 88' lang='lat' dir='ltr'><strong>qui</strong></span> <span class='ocrx_word' id='word_1_584' title='bbox 2836 3437 3072 3508; x_wconf 90' lang='lat' dir='ltr'><strong>accepit,</strong></span> <span class='ocrx_word' id='word_1_585' title='bbox 3096 3454 3210 3492; x_wconf 92' lang='lat' dir='ltr'><strong>non</strong></span> <span class='ocrx_word' id='word_1_586' title='bbox 3229 3438 3417 3492; x_wconf 76' lang='lat' dir='ltr'><strong>solum</strong></span> <span class='ocrx_word' id='word_1_587' title='bbox 3438 3453 3533 3490; x_wconf 81' lang='lat' dir='ltr'><strong>res</strong></span> <span class='ocrx_word' id='word_1_588' title='bbox 3552 3436 3737 3491; x_wconf 87' lang='lat' dir='ltr'><strong>amit-</strong></span> 
     </span>
    </p>
   </div>
   <div class='ocr_carea' id='block_1_80' title="bbox 2112 3524 3734 3597">
    <p class='ocr_par' dir='ltr' id='par_1_80' title="bbox 2112 3524 3734 3597">
     <span class='ocr_line' id='line_1_80' title="bbox 2112 3524 3734 3597; baseline -0.001 -17"><span class='ocrx_word' id='word_1_589' title='bbox 2112 3530 2213 3591; x_wconf 90' lang='lat' dir='ltr'><strong>tat,</strong></span> <span class='ocrx_word' id='word_1_590' title='bbox 2248 3527 2345 3581; x_wconf 91' lang='lat' dir='ltr'><strong>sed</strong></span> <span class='ocrx_word' id='word_1_591' title='bbox 2376 3526 2549 3581; x_wconf 90' lang='lat' dir='ltr'><strong>etiam</strong></span> <span class='ocrx_word' id='word_1_592' title='bbox 2585 3526 2830 3597; x_wconf 87' lang='lat' dir='ltr'><strong>gradum</strong></span> <span class='ocrx_word' id='word_1_593' title='bbox 2873 3529 3046 3597; x_wconf 86' lang='lat' dir='ltr'><strong>atque</strong></span> <span class='ocrx_word' id='word_1_594' title='bbox 3084 3526 3365 3580; x_wconf 90' lang='lat' dir='ltr'><strong>honorem</strong></span> <span class='ocrx_word' id='word_1_595' title='bbox 3401 3524 3734 3580; x_wconf 87' lang='lat' dir='ltr'><strong>clericatus.</strong></span> 
     </span>
    </p>
   </div>
   <div class='ocr_carea' id='block_1_81' title="bbox 2111 3613 3740 3686">
    <p class='ocr_par' dir='ltr' id='par_1_81' title="bbox 2111 3613 3740 3686">
     <span class='ocr_line' id='line_1_81' title="bbox 2111 3613 3740 3686; baseline 0.001 -17"><span class='ocrx_word' id='word_1_596' title='bbox 2111 3614 2590 3669; x_wconf 87' lang='lat' dir='ltr'><strong>Similiteraulem</strong></span> <span class='ocrx_word' id='word_1_597' title='bbox 2609 3617 2667 3668; x_wconf 88' lang='lat' dir='ltr'><strong>et</strong></span> <span class='ocrx_word' id='word_1_598' title='bbox 2696 3613 2741 3668; x_wconf 92' lang='lat' dir='ltr'><strong>si</strong></span> <span class='ocrx_word' id='word_1_599' title='bbox 2774 3613 2949 3668; x_wconf 90' lang='lat' dir='ltr'><strong>laicus</strong></span> <span class='ocrx_word' id='word_1_600' title='bbox 2978 3613 3050 3668; x_wconf 93' lang='lat' dir='ltr'><strong>sit</strong></span> <span class='ocrx_word' id='word_1_601' title='bbox 3074 3614 3171 3686; x_wconf 91' lang='lat' dir='ltr'><strong>qui</strong></span> <span class='ocrx_word' id='word_1_602' title='bbox 3190 3613 3496 3685; x_wconf 91' lang='lat' dir='ltr'><strong>pecuniam</strong></span> <span class='ocrx_word' id='word_1_603' title='bbox 3519 3616 3607 3669; x_wconf 90' lang='lat' dir='ltr'><strong>vel</strong></span> <span class='ocrx_word' id='word_1_604' title='bbox 3638 3630 3740 3670; x_wconf 87' lang='lat' dir='ltr'><strong>res</strong></span> 
     </span>
    </p>
   </div>
   <div class='ocr_carea' id='block_1_82' title="bbox 2111 3701 3737 3775">
    <p class='ocr_par' dir='ltr' id='par_1_82' title="bbox 2111 3701 3737 3775">
     <span class='ocr_line' id='line_1_82' title="bbox 2111 3701 3737 3775; baseline 0 -17"><span class='ocrx_word' id='word_1_605' title='bbox 2111 3703 2348 3774; x_wconf 84' lang='lat' dir='ltr'><strong>accepit,</strong></span> <span class='ocrx_word' id='word_1_606' title='bbox 2382 3707 2437 3756; x_wconf 90' lang='lat' dir='ltr'><strong>et</strong></span> <span class='ocrx_word' id='word_1_607' title='bbox 2467 3702 2614 3775; x_wconf 90' lang='lat' dir='ltr'><strong>ipsas</strong></span> <span class='ocrx_word' id='word_1_608' title='bbox 2646 3701 2896 3769; x_wconf 90' lang='lat' dir='ltr'><strong>amittat,</strong></span> <span class='ocrx_word' id='word_1_609' title='bbox 2928 3705 2987 3756; x_wconf 90' lang='lat' dir='ltr'><strong>et</strong></span> <span class='ocrx_word' id='word_1_610' title='bbox 3006 3702 3161 3757; x_wconf 83' lang='lat' dir='ltr'><strong>aliud</strong></span> <span class='ocrx_word' id='word_1_611' title='bbox 3183 3705 3413 3757; x_wconf 84' lang='lat' dir='ltr'><strong>tantum</strong></span> <span class='ocrx_word' id='word_1_612' title='bbox 3436 3706 3737 3775; x_wconf 89' lang='lat' dir='ltr'><strong>quantum</strong></span> 
     </span>
    </p>
   </div>
   <div class='ocr_carea' id='block_1_83' title="bbox 2111 3789 3739 3863">
    <p class='ocr_par' dir='ltr' id='par_1_83' title="bbox 2111 3789 3739 3863">
     <span class='ocr_line' id='line_1_83' title="bbox 2111 3789 3739 3863; baseline 0 -16"><span class='ocrx_word' id='word_1_613' title='bbox 2111 3792 2329 3863; x_wconf 87' lang='lat' dir='ltr'><strong>accepit</strong></span> <span class='ocrx_word' id='word_1_614' title='bbox 2353 3790 2610 3862; x_wconf 70' lang='lat' dir='ltr'><strong>pecunias</strong></span> <span class='ocrx_word' id='word_1_615' title='bbox 2641 3789 2881 3844; x_wconf 87' lang='lat' dir='ltr'><strong>nomine</strong></span> <span class='ocrx_word' id='word_1_616' title='bbox 2910 3794 3123 3846; x_wconf 64' lang='lat' dir='ltr'><strong>sancte</strong></span> <span class='ocrx_word' id='word_1_617' title='bbox 3157 3791 3415 3846; x_wconf 56' lang='lat' dir='ltr'><strong>Ecclesia</strong></span> <span class='ocrx_word' id='word_1_618' title='bbox 3447 3795 3739 3862; x_wconf 68' lang='lat' dir='ltr'><strong>praestare</strong></span> 
     </span>
    </p>
   </div>
   <div class='ocr_carea' id='block_1_84' title="bbox 2111 3877 3740 3952">
    <p class='ocr_par' dir='ltr' id='par_1_84' title="bbox 2111 3877 3740 3952">
     <span class='ocr_line' id='line_1_84' title="bbox 2111 3877 3740 3952; baseline 0.001 -18"><span class='ocrx_word' id='word_1_619' title='bbox 2111 3880 2521 3951; x_wconf 90' lang='lat' dir='ltr'><strong>compellatur;</strong></span> <span class='ocrx_word' id='word_1_620' title='bbox 2555 3877 2654 3932; x_wconf 87' lang='lat' dir='ltr'><strong>sed</strong></span> <span class='ocrx_word' id='word_1_621' title='bbox 2684 3881 2741 3932; x_wconf 90' lang='lat' dir='ltr'><strong>et</strong></span> <span class='ocrx_word' id='word_1_622' title='bbox 2758 3877 2800 3931; x_wconf 91' lang='lat' dir='ltr'><strong>si</strong></span> <span class='ocrx_word' id='word_1_623' title='bbox 2825 3878 3229 3950; x_wconf 84' lang='lat' dir='ltr'><strong>magistratum</strong></span> <span class='ocrx_word' id='word_1_624' title='bbox 3250 3883 3435 3950; x_wconf 86' lang='lat' dir='ltr'><strong>gerat,</strong></span> <span class='ocrx_word' id='word_1_625' title='bbox 3456 3878 3514 3933; x_wconf 89' lang='lat' dir='ltr'><strong>in</strong></span> <span class='ocrx_word' id='word_1_626' title='bbox 3545 3881 3740 3952; x_wconf 85' lang='lat' dir='ltr'><strong>magi-</strong></span> 
     </span>
    </p>
   </div>
   <div class='ocr_carea' id='block_1_85' title="bbox 2113 3965 3737 4034">
    <p class='ocr_par' dir='ltr' id='par_1_85' title="bbox 2113 3965 3737 4034">
     <span class='ocr_line' id='line_1_85' title="bbox 2113 3965 3737 4034; baseline 0.001 -12"><span class='ocrx_word' id='word_1_627' title='bbox 2113 3972 2293 4023; x_wconf 78' lang='lat' dir='ltr'><strong>stratu</strong></span> <span class='ocrx_word' id='word_1_628' title='bbox 2307 3985 2428 4022; x_wconf 89' lang='lat' dir='ltr'><strong>esse</strong></span> <span class='ocrx_word' id='word_1_629' title='bbox 2441 3966 2685 4034; x_wconf 88' lang='lat' dir='ltr'><strong>desinat,</strong></span> <span class='ocrx_word' id='word_1_630' title='bbox 2707 3968 2764 4020; x_wconf 91' lang='lat' dir='ltr'><strong>et</strong></span> <span class='ocrx_word' id='word_1_631' title='bbox 2777 3965 2834 4020; x_wconf 91' lang='lat' dir='ltr'><strong>in</strong></span> <span class='ocrx_word' id='word_1_632' title='bbox 2856 3967 3051 4023; x_wconf 84' lang='lat' dir='ltr'><strong>exsilio</strong></span> <span class='ocrx_word' id='word_1_633' title='bbox 3070 3967 3425 4023; x_wconf 84' lang='lat' dir='ltr'><strong>irrevocabili</strong></span> <span class='ocrx_word' id='word_1_634' title='bbox 3443 3968 3737 4023; x_wconf 84' lang='lat' dir='ltr'><strong>condem-</strong></span> 
     </span>
    </p>
   </div>
   <div class='ocr_carea' id='block_1_86' title="bbox 2113 4054 3737 4127">
    <p class='ocr_par' dir='ltr' id='par_1_86' title="bbox 2113 4054 3737 4127">
     <span class='ocr_line' id='line_1_86' title="bbox 2113 4054 3737 4127; baseline 0 -16"><span class='ocrx_word' id='word_1_635' title='bbox 2113 4057 2361 4111; x_wconf 89' lang='lat' dir='ltr'><strong>nabitur.</strong></span> <span class='ocrx_word' id='word_1_636' title='bbox 2397 4056 2497 4109; x_wconf 92' lang='lat' dir='ltr'><strong>Sin</strong></span> <span class='ocrx_word' id='word_1_637' title='bbox 2530 4059 2724 4111; x_wconf 90' lang='lat' dir='ltr'><strong>autem</strong></span> <span class='ocrx_word' id='word_1_638' title='bbox 2773 4054 2976 4127; x_wconf 89' lang='lat' dir='ltr'><strong>aliquis</strong></span> <span class='ocrx_word' id='word_1_639' title='bbox 3006 4056 3304 4127; x_wconf 87' lang='lat' dir='ltr'><strong>presbyter</strong></span> <span class='ocrx_word' id='word_1_640' title='bbox 3331 4057 3416 4110; x_wconf 86' lang='lat' dir='ltr'><strong>vel</strong></span> <span class='ocrx_word' id='word_1_641' title='bbox 3448 4055 3737 4111; x_wconf 75' lang='lat' dir='ltr'><strong>diaconus</strong></span> 
     </span>
    </p>
   </div>
   <div class='ocr_carea' id='block_1_87' title="bbox 2111 4143 3734 4216">
    <p class='ocr_par' dir='ltr' id='par_1_87' title="bbox 2111 4143 3734 4216">
     <span class='ocr_line' id='line_1_87' title="bbox 2111 4143 3734 4216; baseline -0.001 -17"><span class='ocrx_word' id='word_1_642' title='bbox 2111 4144 2450 4200; x_wconf 90' lang='lat' dir='ltr'><strong>constitutus</strong></span> <span class='ocrx_word' id='word_1_643' title='bbox 2462 4145 2706 4215; x_wconf 87' lang='lat' dir='ltr'><strong>pecunia</strong></span> <span class='ocrx_word' id='word_1_644' title='bbox 2723 4144 2856 4199; x_wconf 88' lang='lat' dir='ltr'><strong>data</strong></span> <span class='ocrx_word' id='word_1_645' title='bbox 2868 4144 2943 4199; x_wconf 88' lang='lat' dir='ltr'><strong>ad</strong></span> <span class='ocrx_word' id='word_1_646' title='bbox 2968 4144 3361 4216; x_wconf 81' lang='lat' dir='ltr'><strong>episcOpatum</strong></span> <span class='ocrx_word' id='word_1_647' title='bbox 3377 4143 3734 4215; x_wconf 85' lang='lat' dir='ltr'><strong>pervenerit,</strong></span> 
     </span>
    </p>
   </div>
   <div class='ocr_carea' id='block_1_88' title="bbox 2112 4231 3734 4304">
    <p class='ocr_par' dir='ltr' id='par_1_88' title="bbox 2112 4231 3734 4304">
     <span class='ocr_line' id='line_1_88' title="bbox 2112 4231 3734 4304; baseline 0 -17"><span class='ocrx_word' id='word_1_648' title='bbox 2112 4250 2228 4287; x_wconf 91' lang='lat' dir='ltr'><strong>non</strong></span> <span class='ocrx_word' id='word_1_649' title='bbox 2245 4233 2432 4286; x_wconf 90' lang='lat' dir='ltr'><strong>solum</strong></span> <span class='ocrx_word' id='word_1_650' title='bbox 2448 4232 2747 4304; x_wconf 87' lang='lat' dir='ltr'><strong>episcopus</strong></span> <span class='ocrx_word' id='word_1_651' title='bbox 2763 4248 2884 4286; x_wconf 90' lang='lat' dir='ltr'><strong>esse</strong></span> <span class='ocrx_word' id='word_1_652' title='bbox 2903 4231 3251 4297; x_wconf 89' lang='lat' dir='ltr'><strong>desinat,sed</strong></span> <span class='ocrx_word' id='word_1_653' title='bbox 3277 4231 3452 4285; x_wconf 89' lang='lat' dir='ltr'><strong>etiam</strong></span> <span class='ocrx_word' id='word_1_654' title='bbox 3469 4231 3734 4302; x_wconf 86' lang='lat' dir='ltr'><strong>priorem</strong></span> 
     </span>
    </p>
   </div>
   <div class='ocr_carea' id='block_1_89' title="bbox 2112 4318 3737 4393">
    <p class='ocr_par' dir='ltr' id='par_1_89' title="bbox 2112 4318 3737 4393">
     <span class='ocr_line' id='line_1_89' title="bbox 2112 4318 3737 4393; baseline 0 -18"><span class='ocrx_word' id='word_1_655' title='bbox 2112 4320 2357 4393; x_wconf 86' lang='lat' dir='ltr'><strong>gradum</strong></span> <span class='ocrx_word' id='word_1_656' title='bbox 2372 4320 2800 4390; x_wconf 81' lang='lat' dir='ltr'><strong>presbyteratus</strong></span> <span class='ocrx_word' id='word_1_657' title='bbox 2813 4320 2899 4373; x_wconf 88' lang='lat' dir='ltr'><strong>vel</strong></span> <span class='ocrx_word' id='word_1_658' title='bbox 2914 4318 3158 4373; x_wconf 88' lang='lat' dir='ltr'><strong>diaconii</strong></span> <span class='ocrx_word' id='word_1_659' title='bbox 3173 4319 3419 4373; x_wconf 88' lang='lat' dir='ltr'><strong>amittat.</strong></span> <span class='ocrx_word' id='word_1_660' title='bbox 3443 4318 3519 4373; x_wconf 86' lang='lat' dir='ltr'><strong>Co</strong></span> <span class='ocrx_word' id='word_1_661' title='bbox 3529 4336 3737 4375; x_wconf 85' lang='lat' dir='ltr'><strong>nsecra</strong></span> 
     </span>
    </p>
   </div>
   <div class='ocr_carea' id='block_1_90' title="bbox 412 4407 3733 4479">
    <p class='ocr_par' dir='ltr' id='par_1_90' title="bbox 412 4407 3733 4479">
     <span class='ocr_line' id='line_1_90' title="bbox 412 4407 3733 4479; baseline -0.003 -8"><span class='ocrx_word' id='word_1_662' title='bbox 412 4412 818 4471; x_wconf 72' lang='lat' dir='ltr'><strong>ecclesiasticos</strong></span> <span class='ocrx_word' id='word_1_663' title='bbox 863 4425 1113 4463; x_wconf 86' lang='lat' dir='ltr'><strong>canones</strong></span> <span class='ocrx_word' id='word_1_664' title='bbox 1161 4424 1172 4460; x_wconf 93' lang='lat'>:</span> <span class='ocrx_word' id='word_1_665' title='bbox 1214 4424 1357 4479; x_wconf 87' lang='lat' dir='ltr'><strong>quos</strong></span> <span class='ocrx_word' id='word_1_666' title='bbox 1416 4407 1633 4461; x_wconf 85' lang='lat' dir='ltr'><strong>scilicet</strong></span> <span class='ocrx_word' id='word_1_667' title='bbox 1691 4410 2013 4463; x_wconf 69' lang='lat' dir='ltr'><strong>consecrari</strong></span> <span class='ocrx_word' id='word_1_668' title='bbox 2035 4408 2087 4465; x_wconf 93' lang='lat' dir='ltr'><strong>D</strong></span> <span class='ocrx_word' id='word_1_669' title='bbox 2116 4409 2192 4462; x_wconf 92' lang='lat' dir='ltr'><strong>tio</strong></span> <span class='ocrx_word' id='word_1_670' title='bbox 2225 4412 2417 4461; x_wconf 88' lang='lat' dir='ltr'><strong>autem</strong></span> <span class='ocrx_word' id='word_1_671' title='bbox 2450 4408 2700 4478; x_wconf 79' lang='lat' dir='ltr'><strong>episcopi</strong></span> <span class='ocrx_word' id='word_1_672' title='bbox 2730 4410 2827 4461; x_wconf 82' lang='lat' dir='ltr'><strong>ﬁat</strong></span> <span class='ocrx_word' id='word_1_673' title='bbox 2848 4410 2984 4461; x_wconf 89' lang='lat' dir='ltr'><strong>ante</strong></span> <span class='ocrx_word' id='word_1_674' title='bbox 3004 4424 3240 4462; x_wconf 88' lang='lat' dir='ltr'><strong>omnem</strong></span> <span class='ocrx_word' id='word_1_675' title='bbox 3265 4408 3546 4478; x_wconf 89' lang='lat' dir='ltr'><strong>populum</strong></span> <span class='ocrx_word' id='word_1_676' title='bbox 3567 4408 3733 4463; x_wconf 83' lang='lat' dir='ltr'><strong>Chri-</strong></span> 
     </span>
    </p>
   </div>
   <div class='ocr_carea' id='block_1_91' title="bbox 410 4495 2013 4576">
    <p class='ocr_par' dir='ltr' id='par_1_91' title="bbox 410 4495 2013 4576">
     <span class='ocr_line' id='line_1_91' title="bbox 410 4495 2013 4576; baseline -0.006 -15"><span class='ocrx_word' id='word_1_677' title='bbox 410 4505 639 4576; x_wconf 89' lang='lat' dir='ltr'><strong>oportet</strong></span> <span class='ocrx_word' id='word_1_678' title='bbox 657 4502 778 4557; x_wconf 89' lang='lat' dir='ltr'><strong>sine</strong></span> <span class='ocrx_word' id='word_1_679' title='bbox 801 4495 2013 4569; x_wconf 85' lang='lat' dir='ltr'><strong>reprehensione,sinecontradictione,sine</strong></span> 
     </span>
    </p>
   </div>
   <div class='ocr_carea' id='block_1_92' title="bbox 411 4582 2015 4666">
    <p class='ocr_par' dir='ltr' id='par_1_92' title="bbox 411 4582 2015 4666">
     <span class='ocr_line' id='line_1_92' title="bbox 411 4582 2015 4666; baseline -0.007 -17"><span class='ocrx_word' id='word_1_680' title='bbox 411 4592 786 4666; x_wconf 89' lang='lat' dir='ltr'><strong>pecuniarum</strong></span> <span class='ocrx_word' id='word_1_681' title='bbox 818 4587 1075 4650; x_wconf 91' lang='lat' dir='ltr'><strong>datione,</strong></span> <span class='ocrx_word' id='word_1_682' title='bbox 1108 4582 1379 4637; x_wconf 90' lang='lat' dir='ltr'><strong>liberatos</strong></span> <span class='ocrx_word' id='word_1_683' title='bbox 1421 4588 1537 4637; x_wconf 88' lang='lat' dir='ltr'><strong>tam</strong></span> <span class='ocrx_word' id='word_1_684' title='bbox 1580 4584 1808 4637; x_wconf 79' lang='lat' dir='ltr'><strong>officiali</strong></span> <span class='ocrx_word' id='word_1_685' title='bbox 1841 4601 2015 4655; x_wconf 86' lang='lat' dir='ltr'><strong>quam</strong></span> 
     </span>
    </p>
   </div>
   <div class='ocr_carea' id='block_1_93' title="bbox 412 4671 2019 4737">
    <p class='ocr_par' dir='ltr' id='par_1_93' title="bbox 412 4671 2019 4737">
     <span class='ocr_line' id='line_1_93' title="bbox 412 4671 2019 4737; baseline -0.007 0"><span class='ocrx_word' id='word_1_686' title='bbox 412 4682 607 4737; x_wconf 89' lang='lat' dir='ltr'><strong>curiali</strong></span> <span class='ocrx_word' id='word_1_687' title='bbox 638 4676 991 4737; x_wconf 89' lang='lat' dir='ltr'><strong>conditione,</strong></span> <span class='ocrx_word' id='word_1_688' title='bbox 1022 4671 1129 4724; x_wconf 90' lang='lat' dir='ltr'><strong>nisi</strong></span> <span class='ocrx_word' id='word_1_689' title='bbox 1160 4671 1308 4724; x_wconf 84' lang='lat' dir='ltr'><strong>forte</strong></span> <span class='ocrx_word' id='word_1_690' title='bbox 1332 4671 1646 4725; x_wconf 89' lang='lat' dir='ltr'><strong>secundum</strong></span> <span class='ocrx_word' id='word_1_691' title='bbox 1674 4672 2019 4728; x_wconf 85' lang='lat' dir='ltr'><strong>observatio-</strong></span> 
     </span>
    </p>
   </div>
   <div class='ocr_carea' id='block_1_94' title="bbox 414 4758 2021 4841">
    <p class='ocr_par' dir='ltr' id='par_1_94' title="bbox 414 4758 2021 4841">
     <span class='ocr_line' id='line_1_94' title="bbox 414 4758 2021 4841; baseline -0.007 -15"><span class='ocrx_word' id='word_1_692' title='bbox 414 4787 547 4826; x_wconf 89' lang='lat' dir='ltr'><strong>nem</strong></span> <span class='ocrx_word' id='word_1_693' title='bbox 567 4784 741 4841; x_wconf 90' lang='lat' dir='ltr'><strong>quam</strong></span> <span class='ocrx_word' id='word_1_694' title='bbox 766 4764 821 4817; x_wconf 92' lang='lat' dir='ltr'><strong>in</strong></span> <span class='ocrx_word' id='word_1_695' title='bbox 846 4762 1033 4832; x_wconf 91' lang='lat' dir='ltr'><strong>primo</strong></span> <span class='ocrx_word' id='word_1_696' title='bbox 1056 4759 1240 4828; x_wconf 91' lang='lat' dir='ltr'><strong>capite</strong></span> <span class='ocrx_word' id='word_1_697' title='bbox 1273 4758 1569 4827; x_wconf 70' lang='lat' dir='ltr'><strong>praesentis</strong></span> <span class='ocrx_word' id='word_1_698' title='bbox 1598 4760 2021 4815; x_wconf 89' lang='lat' dir='ltr'><strong>constitutionis</strong></span> 
     </span>
    </p>
   </div>
   <div class='ocr_carea' id='block_1_95' title="bbox 414 4846 2020 4928">
    <p class='ocr_par' dir='ltr' id='par_1_95' title="bbox 414 4846 2020 4928">
     <span class='ocr_line' id='line_1_95' title="bbox 414 4846 2020 4928; baseline -0.005 -17"><span class='ocrx_word' id='word_1_699' title='bbox 414 4855 796 4928; x_wconf 85' lang='lat' dir='ltr'><strong>exposuimus.</strong></span> <span class='ocrx_word' id='word_1_700' title='bbox 824 4852 965 4903; x_wconf 91' lang='lat' dir='ltr'><strong>ltem</strong></span> <span class='ocrx_word' id='word_1_701' title='bbox 992 4846 1102 4900; x_wconf 88' lang='lat' dir='ltr'><strong>sive</strong></span> <span class='ocrx_word' id='word_1_702' title='bbox 1121 4846 1319 4912; x_wconf 79' lang='lat' dir='ltr'><strong>lector,</strong></span> <span class='ocrx_word' id='word_1_703' title='bbox 1343 4846 1459 4899; x_wconf 83' lang='lat' dir='ltr'><strong>sive</strong></span> <span class='ocrx_word' id='word_1_704' title='bbox 1481 4847 1881 4915; x_wconf 85' lang='lat' dir='ltr'><strong>subdiaconus,</strong></span> <span class='ocrx_word' id='word_1_705' title='bbox 1906 4849 2020 4903; x_wconf 88' lang='lat' dir='ltr'><strong>sive</strong></span> 
     </span>
    </p>
   </div>
   <div class='ocr_carea' id='block_1_96' title="bbox 417 4935 2018 5016">
    <p class='ocr_par' dir='ltr' id='par_1_96' title="bbox 417 4935 2018 5016">
     <span class='ocr_line' id='line_1_96' title="bbox 417 4935 2018 5016; baseline -0.004 -19"><span class='ocrx_word' id='word_1_706' title='bbox 417 4944 714 5016; x_wconf 78' lang='lat' dir='ltr'><strong>presbyter</strong></span> <span class='ocrx_word' id='word_1_707' title='bbox 743 4937 1041 4993; x_wconf 87' lang='lat' dir='ltr'><strong>clericatus</strong></span> <span class='ocrx_word' id='word_1_708' title='bbox 1072 4935 1361 4989; x_wconf 88' lang='lat' dir='ltr'><strong>honorem</strong></span> <span class='ocrx_word' id='word_1_709' title='bbox 1410 4937 1843 5005; x_wconf 83' lang='lat' dir='ltr'><strong>contempserit,</strong></span> <span class='ocrx_word' id='word_1_710' title='bbox 1874 4940 1931 4991; x_wconf 92' lang='lat' dir='ltr'><strong>et</strong></span> <span class='ocrx_word' id='word_1_711' title='bbox 1960 4937 2018 4991; x_wconf 91' lang='lat' dir='ltr'><strong>in</strong></span> 
     </span>
    </p>
   </div>
   <div class='ocr_carea' id='block_1_97' title="bbox 415 5022 2020 5088">
    <p class='ocr_par' dir='ltr' id='par_1_97' title="bbox 415 5022 2020 5088">
     <span class='ocr_line' id='line_1_97' title="bbox 415 5022 2020 5088; baseline -0.006 -1"><span class='ocrx_word' id='word_1_712' title='bbox 415 5032 588 5088; x_wconf 90' lang='lat' dir='ltr'><strong>aliam</strong></span> <span class='ocrx_word' id='word_1_713' title='bbox 608 5028 781 5082; x_wconf 90' lang='lat' dir='ltr'><strong>vitam</strong></span> <span class='ocrx_word' id='word_1_714' title='bbox 801 5022 1115 5088; x_wconf 87' lang='lat' dir='ltr'><strong>transierit,</strong></span> <span class='ocrx_word' id='word_1_715' title='bbox 1139 5023 1387 5077; x_wconf 90' lang='lat' dir='ltr'><strong>duorum</strong></span> <span class='ocrx_word' id='word_1_716' title='bbox 1408 5022 1654 5076; x_wconf 89' lang='lat' dir='ltr'><strong>alterum</strong></span> <span class='ocrx_word' id='word_1_717' title='bbox 1675 5025 1745 5077; x_wconf 88' lang='lat' dir='ltr'><strong>sit</strong></span> <span class='ocrx_word' id='word_1_718' title='bbox 1770 5042 1782 5078; x_wconf 87' lang='lat'><strong>:</strong></span> <span class='ocrx_word' id='word_1_719' title='bbox 1808 5026 1891 5078; x_wconf 83' lang='lat' dir='ltr'><strong>vel</strong></span> <span class='ocrx_word' id='word_1_720' title='bbox 1927 5041 2020 5078; x_wconf 89' lang='lat' dir='ltr'><strong>cu-</strong></span> 
     </span>
    </p>
   </div>
   <div class='ocr_carea' id='block_1_98' title="bbox 417 5109 2019 5182">
    <p class='ocr_par' dir='ltr' id='par_1_98' title="bbox 417 5109 2019 5182">
     <span class='ocr_line' id='line_1_98' title="bbox 417 5109 2019 5182; baseline -0.005 -8"><span class='ocrx_word' id='word_1_721' title='bbox 417 5117 613 5174; x_wconf 91' lang='lat' dir='ltr'><strong>curiali</strong></span> <span class='ocrx_word' id='word_1_722' title='bbox 636 5110 955 5169; x_wconf 86' lang='lat' dir='ltr'><strong>conditioni</strong></span> <span class='ocrx_word' id='word_1_723' title='bbox 990 5126 1121 5163; x_wconf 90' lang='lat' dir='ltr'><strong>cum</strong></span> <span class='ocrx_word' id='word_1_724' title='bbox 1141 5109 1258 5163; x_wconf 90' lang='lat' dir='ltr'><strong>suis</strong></span> <span class='ocrx_word' id='word_1_725' title='bbox 1284 5109 1652 5164; x_wconf 87' lang='lat' dir='ltr'><strong>facultatibus</strong></span> <span class='ocrx_word' id='word_1_726' title='bbox 1668 5112 2019 5182; x_wconf 83' lang='lat' dir='ltr'><strong>subjiciatur,</strong></span> 
     </span>
    </p>
   </div>
   <div class='ocr_carea' id='block_1_99' title="bbox 416 5196 2021 5276">
    <p class='ocr_par' dir='ltr' id='par_1_99' title="bbox 416 5196 2021 5276">
     <span class='ocr_line' id='line_1_99' title="bbox 416 5196 2021 5276; baseline -0.005 -14"><span class='ocrx_word' id='word_1_727' title='bbox 416 5210 502 5262; x_wconf 89' lang='lat' dir='ltr'><strong>vel</strong></span> <span class='ocrx_word' id='word_1_728' title='bbox 532 5206 577 5259; x_wconf 90' lang='lat' dir='ltr'><strong>si</strong></span> <span class='ocrx_word' id='word_1_729' title='bbox 609 5204 799 5276; x_wconf 89' lang='lat' dir='ltr'><strong>plures</strong></span> <span class='ocrx_word' id='word_1_730' title='bbox 820 5199 1060 5253; x_wconf 87' lang='lat' dir='ltr'><strong>curiales</strong></span> <span class='ocrx_word' id='word_1_731' title='bbox 1098 5196 1352 5252; x_wconf 86' lang='lat' dir='ltr'><strong>civitates</strong></span> <span class='ocrx_word' id='word_1_732' title='bbox 1380 5197 1608 5263; x_wconf 88' lang='lat' dir='ltr'><strong>habeat,</strong></span> <span class='ocrx_word' id='word_1_733' title='bbox 1643 5198 1779 5266; x_wconf 89' lang='lat' dir='ltr'><strong>sive,</strong></span> <span class='ocrx_word' id='word_1_734' title='bbox 1813 5203 1874 5253; x_wconf 89' lang='lat' dir='ltr'><strong>ut</strong></span> <span class='ocrx_word' id='word_1_735' title='bbox 1903 5200 2021 5270; x_wconf 90' lang='lat' dir='ltr'><strong>ipse</strong></span> 
     </span>
    </p>
   </div>
   <div class='ocr_carea' id='block_1_100' title="bbox 417 5286 2026 5358">
    <p class='ocr_par' dir='ltr' id='par_1_100' title="bbox 417 5286 2026 5358">
     <span class='ocr_line' id='line_1_100' title="bbox 417 5286 2026 5358; baseline -0.004 -9"><span class='ocrx_word' id='word_1_736' title='bbox 417 5294 583 5349; x_wconf 89' lang='lat' dir='ltr'><strong>vilior</strong></span> <span class='ocrx_word' id='word_1_737' title='bbox 601 5289 772 5358; x_wconf 88' lang='lat' dir='ltr'><strong>sit,ad</strong></span> <span class='ocrx_word' id='word_1_738' title='bbox 787 5286 1095 5343; x_wconf 82' lang='lat' dir='ltr'><strong>ofﬁcialem</strong></span> <span class='ocrx_word' id='word_1_739' title='bbox 1119 5286 1515 5339; x_wconf 88' lang='lat' dir='ltr'><strong>conditionem</strong></span> <span class='ocrx_word' id='word_1_740' title='bbox 1542 5287 1821 5354; x_wconf 88' lang='lat' dir='ltr'><strong>trahatur,</strong></span> <span class='ocrx_word' id='word_1_741' title='bbox 1854 5288 1909 5341; x_wconf 93' lang='lat' dir='ltr'><strong>id</strong></span> <span class='ocrx_word' id='word_1_742' title='bbox 1941 5293 2026 5344; x_wconf 89' lang='lat' dir='ltr'><strong>est</strong></span> 
     </span>
    </p>
   </div>
   <div class='ocr_carea' id='block_1_101' title="bbox 417 5374 2023 5445">
    <p class='ocr_par' dir='ltr' id='par_1_101' title="bbox 417 5374 2023 5445">
     <span class='ocr_line' id='line_1_101' title="bbox 417 5374 2023 5445; baseline -0.005 -6"><span class='ocrx_word' id='word_1_743' title='bbox 417 5381 766 5439; x_wconf 79' lang='lat' dir='ltr'><strong>taxioticam.</strong></span> <span class='ocrx_word' id='word_1_744' title='bbox 800 5397 829 5429; x_wconf 78' lang='grc'><strong>»</strong></span> <span class='ocrx_word' id='word_1_745' title='bbox 875 5378 955 5430; x_wconf 90' lang='lat' dir='ltr'><strong>De</strong></span> <span class='ocrx_word' id='word_1_746' title='bbox 1007 5374 1310 5445; x_wconf 74' lang='lat' dir='ltr'><strong>episcopis.</strong></span> <span class='ocrx_word' id='word_1_747' title='bbox 1344 5394 1373 5425; x_wconf 67' lang='grc' dir='ltr'><strong>α</strong></span> <span class='ocrx_word' id='word_1_748' title='bbox 1408 5374 1533 5427; x_wconf 61' lang='lat' dir='ltr'><strong>Haec</strong></span> <span class='ocrx_word' id='word_1_749' title='bbox 1581 5376 1911 5430; x_wconf 89' lang='lat' dir='ltr'><strong>constitutio</strong></span> <span class='ocrx_word' id='word_1_750' title='bbox 1965 5377 2023 5431; x_wconf 92' lang='lat' dir='ltr'><strong>in</strong></span> 
     </span>
    </p>
   </div>
   <div class='ocr_carea' id='block_1_102' title="bbox 416 5461 2027 5546">
    <p class='ocr_par' dir='ltr' id='par_1_102' title="bbox 416 5461 2027 5546">
     <span class='ocr_line' id='line_1_102' title="bbox 416 5461 2027 5546; baseline -0.004 -19"><span class='ocrx_word' id='word_1_751' title='bbox 416 5472 605 5546; x_wconf 89' lang='lat' dir='ltr'><strong>primo</strong></span> <span class='ocrx_word' id='word_1_752' title='bbox 633 5466 816 5538; x_wconf 90' lang='lat' dir='ltr'><strong>capite</strong></span> <span class='ocrx_word' id='word_1_753' title='bbox 848 5462 1298 5520; x_wconf 85' lang='lat' dir='ltr'><strong>consecrationis</strong></span> <span class='ocrx_word' id='word_1_754' title='bbox 1340 5461 1743 5533; x_wconf 90' lang='lat' dir='ltr'><strong>episcoporum</strong></span> <span class='ocrx_word' id='word_1_755' title='bbox 1776 5465 2027 5537; x_wconf 88' lang='lat' dir='ltr'><strong>loquitur</strong></span> 
     </span>
    </p>
   </div>
   <div class='ocr_carea' id='block_1_103' title="bbox 416 5550 2026 5635">
    <p class='ocr_par' dir='ltr' id='par_1_103' title="bbox 416 5550 2026 5635">
     <span class='ocr_line' id='line_1_103' title="bbox 416 5550 2026 5635; baseline -0.003 -19"><span class='ocrx_word' id='word_1_756' title='bbox 416 5554 910 5635; x_wconf 87' lang='lat' dir='ltr'><strong>quemadmodum</strong></span> <span class='ocrx_word' id='word_1_757' title='bbox 929 5555 1159 5626; x_wconf 81' lang='lat' dir='ltr'><strong>Oportet</strong></span> <span class='ocrx_word' id='word_1_758' title='bbox 1174 5550 1751 5624; x_wconf 80' lang='lat' dir='ltr'><strong>procedere.Necesse</strong></span> <span class='ocrx_word' id='word_1_759' title='bbox 1765 5556 1849 5606; x_wconf 91' lang='lat' dir='ltr'><strong>est</strong></span> <span class='ocrx_word' id='word_1_760' title='bbox 1870 5555 2026 5611; x_wconf 89' lang='lat' dir='ltr'><strong>enim</strong></span> 
     </span>
    </p>
   </div>
   <div class='ocr_carea' id='block_1_104' title="bbox 415 5639 2024 5726">
    <p class='ocr_par' dir='ltr' id='par_1_104' title="bbox 415 5639 2024 5726">
     <span class='ocr_line' id='line_1_104' title="bbox 415 5639 2024 5726; baseline -0.004 -19"><span class='ocrx_word' id='word_1_761' title='bbox 415 5651 571 5726; x_wconf 90' lang='lat' dir='ltr'><strong>prius</strong></span> <span class='ocrx_word' id='word_1_762' title='bbox 600 5642 902 5717; x_wconf 88' lang='lat' dir='ltr'><strong>disceptari</strong></span> <span class='ocrx_word' id='word_1_763' title='bbox 930 5642 999 5697; x_wconf 92' lang='lat' dir='ltr'><strong>de</strong></span> <span class='ocrx_word' id='word_1_764' title='bbox 1024 5642 1139 5697; x_wconf 89' lang='lat' dir='ltr'><strong>vita</strong></span> <span class='ocrx_word' id='word_1_765' title='bbox 1164 5639 1436 5712; x_wconf 89' lang='lat' dir='ltr'><strong>episcopi,</strong></span> <span class='ocrx_word' id='word_1_766' title='bbox 1459 5643 1655 5695; x_wconf 88' lang='lat' dir='ltr'><strong>utrum</strong></span> <span class='ocrx_word' id='word_1_767' title='bbox 1675 5640 1831 5697; x_wconf 87' lang='lat' dir='ltr'><strong>bona</strong></span> <span class='ocrx_word' id='word_1_768' title='bbox 1851 5643 1922 5697; x_wconf 92' lang='lat' dir='ltr'><strong>sit</strong></span> <span class='ocrx_word' id='word_1_769' title='bbox 1950 5661 2024 5701; x_wconf 89' lang='lat' dir='ltr'><strong>an</strong></span> 
     </span>
    </p>
   </div>
   <div class='ocr_carea' id='block_1_105' title="bbox 2115 4495 3733 4567">
    <p class='ocr_par' dir='ltr' id='par_1_105' title="bbox 2115 4495 3733 4567">
     <span class='ocr_line' id='line_1_105' title="bbox 2115 4495 3733 4567; baseline 0.001 -18"><span class='ocrx_word' id='word_1_770' title='bbox 2115 4496 2438 4560; x_wconf 87' lang='lat' dir='ltr'><strong>stianitatis,</strong></span> <span class='ocrx_word' id='word_1_771' title='bbox 2465 4499 2526 4549; x_wconf 94' lang='lat' dir='ltr'><strong>ut</strong></span> <span class='ocrx_word' id='word_1_772' title='bbox 2546 4496 2616 4549; x_wconf 87' lang='lat' dir='ltr'><strong>sit</strong></span> <span class='ocrx_word' id='word_1_773' title='bbox 2641 4497 2883 4549; x_wconf 86' lang='lat' dir='ltr'><strong>facultas</strong></span> <span class='ocrx_word' id='word_1_774' title='bbox 2920 4496 3227 4567; x_wconf 89' lang='lat' dir='ltr'><strong>unicuique</strong></span> <span class='ocrx_word' id='word_1_775' title='bbox 3259 4495 3304 4549; x_wconf 91' lang='lat' dir='ltr'><strong>si</strong></span> <span class='ocrx_word' id='word_1_776' title='bbox 3338 4496 3471 4550; x_wconf 90' lang='lat' dir='ltr'><strong>velit</strong></span> <span class='ocrx_word' id='word_1_777' title='bbox 3496 4500 3733 4551; x_wconf 82' lang='lat' dir='ltr'><strong>contra-</strong></span> 
     </span>
    </p>
   </div>
   <div class='ocr_carea' id='block_1_106' title="bbox 2118 4584 3738 4654">
    <p class='ocr_par' dir='ltr' id='par_1_106' title="bbox 2118 4584 3738 4654">
     <span class='ocr_line' id='line_1_106' title="bbox 2118 4584 3738 4654; baseline 0 -15"><span class='ocrx_word' id='word_1_778' title='bbox 2118 4585 2326 4639; x_wconf 89' lang='lat' dir='ltr'><strong>dicere.</strong></span> <span class='ocrx_word' id='word_1_779' title='bbox 2363 4585 2428 4637; x_wconf 89' lang='lat' dir='ltr'><strong>Et</strong></span> <span class='ocrx_word' id='word_1_780' title='bbox 2457 4584 2739 4654; x_wconf 86' lang='lat' dir='ltr'><strong>siquidem</strong></span> <span class='ocrx_word' id='word_1_781' title='bbox 2771 4588 2905 4638; x_wconf 89' lang='lat' dir='ltr'><strong>ante</strong></span> <span class='ocrx_word' id='word_1_782' title='bbox 2934 4584 3426 4639; x_wconf 87' lang='lat' dir='ltr'><strong>consecrationem</strong></span> <span class='ocrx_word' id='word_1_783' title='bbox 3450 4585 3602 4639; x_wconf 78' lang='lat' dir='ltr'><strong>facta</strong></span> <span class='ocrx_word' id='word_1_784' title='bbox 3616 4586 3738 4639; x_wconf 86' lang='lat' dir='ltr'><strong>fue-</strong></span> 
     </span>
    </p>
   </div>
   <div class='ocr_carea' id='block_1_107' title="bbox 2120 4672 3737 4745">
    <p class='ocr_par' dir='ltr' id='par_1_107' title="bbox 2120 4672 3737 4745">
     <span class='ocr_line' id='line_1_107' title="bbox 2120 4672 3737 4745; baseline 0.001 -18"><span class='ocrx_word' id='word_1_785' title='bbox 2120 4672 2195 4727; x_wconf 90' lang='lat' dir='ltr'><strong>rit</strong></span> <span class='ocrx_word' id='word_1_786' title='bbox 2227 4672 2625 4739; x_wconf 89' lang='lat' dir='ltr'><strong>contradictio,</strong></span> <span class='ocrx_word' id='word_1_787' title='bbox 2681 4689 2796 4727; x_wconf 89' lang='lat' dir='ltr'><strong>non</strong></span> <span class='ocrx_word' id='word_1_788' title='bbox 2834 4673 2988 4743; x_wconf 88' lang='lat' dir='ltr'><strong>prius</strong></span> <span class='ocrx_word' id='word_1_789' title='bbox 3028 4677 3393 4728; x_wconf 83' lang='lat' dir='ltr'><strong>consecretur</strong></span> <span class='ocrx_word' id='word_1_790' title='bbox 3433 4673 3737 4745; x_wconf 91' lang='lat' dir='ltr'><strong>episcopus</strong></span> 
     </span>
    </p>
   </div>
   <div class='ocr_carea' id='block_1_108' title="bbox 2123 4760 3739 4832">
    <p class='ocr_par' dir='ltr' id='par_1_108' title="bbox 2123 4760 3739 4832">
     <span class='ocr_line' id='line_1_108' title="bbox 2123 4760 3739 4832; baseline 0.002 -17"><span class='ocrx_word' id='word_1_791' title='bbox 2123 4761 2228 4815; x_wconf 90' lang='lat' dir='ltr'><strong>nisi</strong></span> <span class='ocrx_word' id='word_1_792' title='bbox 2260 4760 2595 4832; x_wconf 90' lang='lat' dir='ltr'><strong>disceptatio</strong></span> <span class='ocrx_word' id='word_1_793' title='bbox 2628 4761 2698 4816; x_wconf 90' lang='lat' dir='ltr'><strong>de</strong></span> <span class='ocrx_word' id='word_1_794' title='bbox 2722 4762 3177 4818; x_wconf 91' lang='lat' dir='ltr'><strong>contradictione</strong></span> <span class='ocrx_word' id='word_1_795' title='bbox 3206 4762 3355 4816; x_wconf 81' lang='lat' dir='ltr'><strong>facta</strong></span> <span class='ocrx_word' id='word_1_796' title='bbox 3376 4763 3471 4831; x_wconf 90' lang='lat' dir='ltr'><strong>sit,</strong></span> <span class='ocrx_word' id='word_1_797' title='bbox 3495 4767 3550 4817; x_wconf 91' lang='lat' dir='ltr'><strong>et</strong></span> <span class='ocrx_word' id='word_1_798' title='bbox 3572 4763 3739 4818; x_wconf 86' lang='lat' dir='ltr'><strong>undi-</strong></span> 
     </span>
    </p>
   </div>
   <div class='ocr_carea' id='block_1_109' title="bbox 2122 4849 3738 4921">
    <p class='ocr_par' dir='ltr' id='par_1_109' title="bbox 2122 4849 3738 4921">
     <span class='ocr_line' id='line_1_109' title="bbox 2122 4849 3738 4921; baseline 0.002 -18"><span class='ocrx_word' id='word_1_799' title='bbox 2122 4867 2233 4920; x_wconf 87' lang='lat' dir='ltr'><strong>que</strong></span> <span class='ocrx_word' id='word_1_800' title='bbox 2261 4853 2537 4920; x_wconf 85' lang='lat' dir='ltr'><strong>appareat</strong></span> <span class='ocrx_word' id='word_1_801' title='bbox 2568 4849 2850 4904; x_wconf 86' lang='lat' dir='ltr'><strong>innoxius.</strong></span> <span class='ocrx_word' id='word_1_802' title='bbox 2883 4851 2931 4903; x_wconf 90' lang='lat' dir='ltr'><strong>ls</strong></span> <span class='ocrx_word' id='word_1_803' title='bbox 2962 4854 3156 4904; x_wconf 88' lang='lat' dir='ltr'><strong>autem</strong></span> <span class='ocrx_word' id='word_1_804' title='bbox 3188 4851 3284 4921; x_wconf 91' lang='lat' dir='ltr'><strong>qui</strong></span> <span class='ocrx_word' id='word_1_805' title='bbox 3317 4867 3450 4905; x_wconf 92' lang='lat' dir='ltr'><strong>eum</strong></span> <span class='ocrx_word' id='word_1_806' title='bbox 3503 4856 3738 4907; x_wconf 88' lang='lat' dir='ltr'><strong>contra-</strong></span> 
     </span>
    </p>
   </div>
   <div class='ocr_carea' id='block_1_110' title="bbox 2123 4937 3739 5010">
    <p class='ocr_par' dir='ltr' id='par_1_110' title="bbox 2123 4937 3739 5010">
     <span class='ocr_line' id='line_1_110' title="bbox 2123 4937 3739 5010; baseline 0.003 -19"><span class='ocrx_word' id='word_1_807' title='bbox 2123 4937 2281 5004; x_wconf 85' lang='lat' dir='ltr'><strong>dixit,</strong></span> <span class='ocrx_word' id='word_1_808' title='bbox 2303 4938 2705 5005; x_wconf 85' lang='lat' dir='ltr'><strong>calumniator,</strong></span> <span class='ocrx_word' id='word_1_809' title='bbox 2722 4938 2765 4992; x_wconf 89' lang='lat' dir='ltr'><strong>si</strong></span> <span class='ocrx_word' id='word_1_810' title='bbox 2793 4938 3553 5010; x_wconf 88' lang='lat' dir='ltr'><strong>contradictionisjudicium</strong></span> <span class='ocrx_word' id='word_1_811' title='bbox 3576 4942 3739 4996; x_wconf 89' lang='lat' dir='ltr'><strong>dese-</strong></span> 
     </span>
    </p>
   </div>
   <div class='ocr_carea' id='block_1_111' title="bbox 2123 5025 3741 5099">
    <p class='ocr_par' dir='ltr' id='par_1_111' title="bbox 2123 5025 3741 5099">
     <span class='ocr_line' id='line_1_111' title="bbox 2123 5025 3741 5099; baseline 0.005 -23"><span class='ocrx_word' id='word_1_812' title='bbox 2123 5026 2323 5092; x_wconf 90' lang='lat' dir='ltr'><strong>ruerit,</strong></span> <span class='ocrx_word' id='word_1_813' title='bbox 2342 5025 2455 5079; x_wconf 91' lang='lat' dir='ltr'><strong>etsi</strong></span> <span class='ocrx_word' id='word_1_814' title='bbox 2481 5043 2597 5081; x_wconf 91' lang='lat' dir='ltr'><strong>non</strong></span> <span class='ocrx_word' id='word_1_815' title='bbox 2623 5026 3741 5099; x_wconf 82' lang='lat' dir='ltr'><strong>peregeritcausam,prohibeatursacra</strong></span> 
     </span>
    </p>
   </div>
   <div class='ocr_carea' id='block_1_112' title="bbox 2124 5114 3737 5189">
    <p class='ocr_par' dir='ltr' id='par_1_112' title="bbox 2124 5114 3737 5189">
     <span class='ocr_line' id='line_1_112' title="bbox 2124 5114 3737 5189; baseline 0.002 -21"><span class='ocrx_word' id='word_1_816' title='bbox 2124 5115 2537 5169; x_wconf 90' lang='lat' dir='ltr'><strong>communione</strong></span> <span class='ocrx_word' id='word_1_817' title='bbox 2558 5114 2615 5167; x_wconf 91' lang='lat' dir='ltr'><strong>in</strong></span> <span class='ocrx_word' id='word_1_818' title='bbox 2640 5115 2798 5169; x_wconf 89' lang='lat' dir='ltr'><strong>omni</strong></span> <span class='ocrx_word' id='word_1_819' title='bbox 2821 5115 2933 5169; x_wconf 87' lang='lat' dir='ltr'><strong>vita</strong></span> <span class='ocrx_word' id='word_1_820' title='bbox 2954 5131 3054 5169; x_wconf 88' lang='lat' dir='ltr'><strong>sua</strong></span> <span class='ocrx_word' id='word_1_821' title='bbox 3072 5117 3144 5170; x_wconf 90' lang='lat' dir='ltr'><strong>ab</strong></span> <span class='ocrx_word' id='word_1_822' title='bbox 3162 5133 3229 5171; x_wconf 91' lang='lat' dir='ltr'><strong>eo</strong></span> <span class='ocrx_word' id='word_1_823' title='bbox 3248 5117 3344 5189; x_wconf 91' lang='lat' dir='ltr'><strong>qui</strong></span> <span class='ocrx_word' id='word_1_824' title='bbox 3364 5133 3737 5172; x_wconf 82' lang='lat' dir='ltr'><strong>consecrave-</strong></span> 
     </span>
    </p>
   </div>
   <div class='ocr_carea' id='block_1_113' title="bbox 2125 5202 2624 5273">
    <p class='ocr_par' dir='ltr' id='par_1_113' title="bbox 2125 5202 2624 5273">
     <span class='ocr_line' id='line_1_113' title="bbox 2125 5202 2624 5273; baseline -0.01 -17"><span class='ocrx_word' id='word_1_825' title='bbox 2125 5202 2199 5256; x_wconf 90' lang='lat' dir='ltr'><strong>rit</strong></span> <span class='ocrx_word' id='word_1_826' title='bbox 2229 5203 2563 5273; x_wconf 90' lang='lat' dir='ltr'><strong>episcopum</strong></span> <span class='ocrx_word' id='word_1_827' title='bbox 2597 5224 2624 5251; x_wconf 70' lang='grc' dir='ltr'><strong>υ</strong></span> 
     </span>
    </p>
   </div>
   <div class='ocr_carea' id='block_1_114' title="bbox 2197 5291 3740 5362">
    <p class='ocr_par' dir='ltr' id='par_1_114' title="bbox 2197 5291 3740 5362">
     <span class='ocr_line' id='line_1_114' title="bbox 2197 5291 3740 5362; baseline 0.003 -18"><span class='ocrx_word' id='word_1_828' title='bbox 2197 5292 2274 5344; x_wconf 87' lang='lat' dir='ltr'><strong>De</strong></span> <span class='ocrx_word' id='word_1_829' title='bbox 2290 5291 2633 5362; x_wconf 83' lang='lat' dir='ltr'><strong>presbyteris</strong></span> <span class='ocrx_word' id='word_1_830' title='bbox 2658 5292 3068 5346; x_wconf 82' lang='lat' dir='ltr'><strong>constituendis</strong></span> <span class='ocrx_word' id='word_1_831' title='bbox 3082 5296 3359 5349; x_wconf 90' lang='lat' dir='ltr'><strong>statutum</strong></span> <span class='ocrx_word' id='word_1_832' title='bbox 3374 5298 3513 5348; x_wconf 84' lang='lat' dir='ltr'><strong>est:«</strong></span> <span class='ocrx_word' id='word_1_833' title='bbox 3532 5295 3600 5349; x_wconf 87' lang='lat' dir='ltr'><strong>Ut</strong></span> <span class='ocrx_word' id='word_1_834' title='bbox 3614 5294 3740 5349; x_wconf 90' lang='lat' dir='ltr'><strong>sine</strong></span> 
     </span>
    </p>
   </div>
   <div class='ocr_carea' id='block_1_115' title="bbox 2126 5379 3739 5453">
    <p class='ocr_par' dir='ltr' id='par_1_115' title="bbox 2126 5379 3739 5453">
     <span class='ocr_line' id='line_1_115' title="bbox 2126 5379 3739 5453; baseline 0.004 -22"><span class='ocrx_word' id='word_1_835' title='bbox 2126 5379 2467 5434; x_wconf 89' lang='lat' dir='ltr'><strong>auctoritate</strong></span> <span class='ocrx_word' id='word_1_836' title='bbox 2498 5382 2581 5434; x_wconf 87' lang='lat' dir='ltr'><strong>vel</strong></span> <span class='ocrx_word' id='word_1_837' title='bbox 2600 5396 2881 5435; x_wconf 89' lang='lat' dir='ltr'><strong>consensu</strong></span> <span class='ocrx_word' id='word_1_838' title='bbox 2906 5381 3306 5453; x_wconf 87' lang='lat' dir='ltr'><strong>episcoporum</strong></span> <span class='ocrx_word' id='word_1_839' title='bbox 3338 5381 3657 5453; x_wconf 79' lang='lat' dir='ltr'><strong>presbyteri</strong></span> <span class='ocrx_word' id='word_1_840' title='bbox 3680 5382 3739 5438; x_wconf 89' lang='lat' dir='ltr'><strong>in</strong></span> 
     </span>
    </p>
   </div>
   <div class='ocr_carea' id='block_1_116' title="bbox 2128 5466 3741 5541">
    <p class='ocr_par' dir='ltr' id='par_1_116' title="bbox 2128 5466 3741 5541">
     <span class='ocr_line' id='line_1_116' title="bbox 2128 5466 3741 5541; baseline 0.004 -21"><span class='ocrx_word' id='word_1_841' title='bbox 2128 5466 2475 5538; x_wconf 81' lang='lat' dir='ltr'><strong>quibuslibet</strong></span> <span class='ocrx_word' id='word_1_842' title='bbox 2498 5468 2757 5523; x_wconf 85' lang='lat' dir='ltr'><strong>Ecclesiis</strong></span> <span class='ocrx_word' id='word_1_843' title='bbox 2770 5485 2873 5523; x_wconf 93' lang='lat' dir='ltr'><strong>nec</strong></span> <span class='ocrx_word' id='word_1_844' title='bbox 2891 5470 3317 5525; x_wconf 88' lang='lat' dir='ltr'><strong>constituantur</strong></span> <span class='ocrx_word' id='word_1_845' title='bbox 3335 5486 3439 5524; x_wconf 90' lang='lat' dir='ltr'><strong>nec</strong></span> <span class='ocrx_word' id='word_1_846' title='bbox 3452 5487 3515 5524; x_wconf 86' lang='lat' dir='ltr'><strong>ex</strong></span> <span class='ocrx_word' id='word_1_847' title='bbox 3522 5471 3741 5541; x_wconf 85' lang='lat' dir='ltr'><strong>pellan-</strong></span> 
     </span>
    </p>
   </div>
   <div class='ocr_carea' id='block_1_117' title="bbox 2132 5557 3742 5633">
    <p class='ocr_par' dir='ltr' id='par_1_117' title="bbox 2132 5557 3742 5633">
     <span class='ocr_line' id='line_1_117' title="bbox 2132 5557 3742 5633; baseline 0.003 -23"><span class='ocrx_word' id='word_1_848' title='bbox 2132 5560 2306 5623; x_wconf 91' lang='lat' dir='ltr'><strong>tur,et</strong></span> <span class='ocrx_word' id='word_1_849' title='bbox 2323 5558 2365 5611; x_wconf 91' lang='lat' dir='ltr'><strong>si</strong></span> <span class='ocrx_word' id='word_1_850' title='bbox 2389 5557 2513 5612; x_wconf 92' lang='lat' dir='ltr'><strong>laici</strong></span> <span class='ocrx_word' id='word_1_851' title='bbox 2527 5560 2762 5614; x_wconf 87' lang='lat' dir='ltr'><strong>clericos</strong></span> <span class='ocrx_word' id='word_1_852' title='bbox 2774 5558 3087 5630; x_wconf 88' lang='lat' dir='ltr'><strong>probabilis</strong></span> <span class='ocrx_word' id='word_1_853' title='bbox 3101 5559 3229 5614; x_wconf 66' lang='lat' dir='ltr'><strong>vita:</strong></span> <span class='ocrx_word' id='word_1_854' title='bbox 3244 5563 3300 5613; x_wconf 90' lang='lat' dir='ltr'><strong>et</strong></span> <span class='ocrx_word' id='word_1_855' title='bbox 3313 5559 3742 5633; x_wconf 62' lang='lat' dir='ltr'><strong>doctrinwepis-</strong></span> 
     </span>
    </p>
   </div>
   <div class='ocr_carea' id='block_1_118' title="bbox 2128 5646 3744 5720">
    <p class='ocr_par' dir='ltr' id='par_1_118' title="bbox 2128 5646 3744 5720">
     <span class='ocr_line' id='line_1_118' title="bbox 2128 5646 3744 5720; baseline 0.004 -20"><span class='ocrx_word' id='word_1_856' title='bbox 2128 5646 2283 5718; x_wconf 92' lang='lat' dir='ltr'><strong>copis</strong></span> <span class='ocrx_word' id='word_1_857' title='bbox 2317 5648 2733 5703; x_wconf 83' lang='lat' dir='ltr'><strong>consecrandos</strong></span> <span class='ocrx_word' id='word_1_858' title='bbox 2754 5647 2979 5720; x_wconf 89' lang='lat' dir='ltr'><strong>suisque</strong></span> <span class='ocrx_word' id='word_1_859' title='bbox 3011 5647 3068 5702; x_wconf 91' lang='lat' dir='ltr'><strong>in</strong></span> <span class='ocrx_word' id='word_1_860' title='bbox 3102 5646 3359 5703; x_wconf 72' lang='lat' dir='ltr'><strong>Ecclesiis</strong></span> <span class='ocrx_word' id='word_1_861' title='bbox 3385 5648 3744 5706; x_wconf 86' lang='lat' dir='ltr'><strong>constituen-</strong></span> 
     </span>
    </p>
   </div>
  </div>
