3876 6172
193 396 272 460 ιόό
1572 393 1955 455 ΕΡΙΒΤΟΗΕ.
3323 394 3429 459 454

190 515 1298 593 dosobtulerintmullaQualibetoccasione
1311 535 1408 576 eos
1422 518 1719 593 rejiciant»
1741 526 1797 587 Α
1825 517 2159 577 Ambrosius
2183 517 2241 576 in
2271 518 2416 577 libro
2441 520 2511 578 de
2538 520 2815 579 Trinitate
2855 517 2945 579 his
2990 519 3179 580 verbis
3222 518 3283 580 in
3324 537 3431 580 im-

187 610 449 667 lnconcilio
472 610 1036 681 CarthaginensizuUt
1052 626 1183 665 cum
1201 610 1720 667 omnibusomnino
1824 628 2090 666 mensum
2120 611 2285 666 effert
2313 628 2326 667 :
2364 634 2391 663 «
2421 614 2498 667 De
2526 613 2778 667 conciliis
2817 614 2902 668 vel
2948 613 3310 684 potissimum
3340 630 3428 669 se-

186 700 357 757 clericis
378 701 647 753 extranea
675 699 907 753 femina
939 716 1052 754 non
1083 700 1436 766 cohabitent,
1463 700 1561 754 sed
1587 702 1721 756 sola
1823 717 1967 771 quur
1998 700 2151 771 quod
2182 700 2421 755 trecenti
2444 701 2657 756 decem
2689 705 2746 756 et
2772 706 2899 756 octo
2927 702 3272 770 sacerdotes,
3297 706 3427 758 tan-

181 792 370 853 matres,
399 786 545 852 avia,
580 790 932 853 matertera,
962 788 1177 854 amita,
1221 805 1468 854 sorores,
1502 791 1560 843 et
1587 788 1720 843 ﬁlia
1821 805 1996 859 quam
2027 789 2269 843 Abraha
2304 789 2432 844 lecti
2473 790 2712 861 judicio,
2738 806 2992 844 consona
3040 790 3173 845 ﬁdei
3220 790 3425 848 virtute

180 879 375 931 fratrum
404 876 482 929 vel
501 891 788 930 sororum.
837 896 866 925 »
914 878 1057 931 Item
1087 876 1147 931 in
1184 876 1393 931 eodem
1425 876 1665 931 concilio
1703 893 1715 932 :
1820 874 2081 943 victores,
2100 876 2252 931 velut
2272 876 2597 946 trophaum
2620 880 2740 931 toto
2769 877 2909 933 orbe
2926 877 3173 932 subactis
3193 877 3427 950 perﬁdis

180 990 201 1015 α
222 968 277 1022 Ut
292 964 455 1020 clerici
485 966 569 1018 vel
597 963 962 1019 continentes
1006 964 1081 1019 ad
1106 964 1303 1020 viduas
1325 966 1411 1019 vel
1451 965 1715 1036 virgines,
1819 966 2145 1019 extulerunt
2168 982 2181 1019 :
2203 967 2265 1018 ut
2285 965 2427 1019 mihi
2449 965 2709 1021 videatur
2723 966 2833 1020 hoc
2852 983 2972 1020 esse
2993 965 3250 1020 divinum
3271 967 3427 1039 quod

178 1055 259 1109 nisi
274 1055 477 1123 exjussu
493 1056 550 1107 et
571 1052 854 1124 permissu
872 1053 1428 1124 episcoporum,non
1444 1054 1720 1109 accedant
1818 1052 2025 1107 eodem
2059 1070 2301 1108 numero
2332 1052 2390 1107 in
2422 1054 2679 1108 conciliis
2703 1054 2837 1109 ﬁdei
2878 1055 3193 1110 habeamus
3222 1071 3424 1110 oracu-

177 1143 320 1196 ethoc
336 1158 437 1196 non
461 1140 923 1207 solifaciant,sed
947 1159 1078 1196 cum
1098 1143 1335 1210 clericis,
1360 1146 1457 1197 aut
1483 1160 1614 1198 cum
1632 1144 1718 1200 his
1816 1141 1958 1207 lum,
1993 1142 2148 1213 quod
2179 1141 2238 1195 in
2264 1142 2502 1197 historia
2531 1143 2757 1212 pietatis
2783 1145 3134 1215 exemplum.
3159 1165 3187 1193 »
3221 1146 3283 1199 In
3315 1146 3423 1200 De-

172 1248 270 1286 cum
292 1230 473 1302 quibus
493 1230 793 1302 episcopus
800 1230 1054 1300 jusserit.
1080 1232 1191 1286 Nec
1211 1231 1316 1303 ipsi
1350 1231 1599 1303 episcopi
1620 1236 1719 1287 aut
1817 1230 2144 1296 cretalihus;
2170 1247 2297 1302 qua
2316 1230 2549 1285 femina
2576 1231 2983 1285 habitentcum
2998 1232 3249 1287 clericis:
3278 1255 3305 1282 «
3322 1233 3423 1288 Fe-

176 1317 436 1390 presbyteri
456 1317 563 1373 soli
594 1318 846 1373 habeant
867 1336 1154 1374 accessum
1183 1321 1255 1375 ad
1281 1320 1612 1391 hujusmodi
1634 1320 1717 1374 fc-
1817 1318 2004 1372 minas
2031 1334 2163 1372 vero
2187 1335 2304 1372 non
2324 1318 2463 1373 alias
2478 1335 2598 1373 esse
2621 1319 2877 1390 patimur
2893 1320 2950 1374 in
2971 1320 3236 1375 domibus
3258 1320 3424 1375 cleri-

168 1406 429 1473 minas,sed
450 1409 550 1461 aut
570 1406 668 1460 ubi
691 1406 880 1485 clerici
897 1412 1206 1479 prasentes
1220 1412 1373 1476 sunt,
1398 1413 1497 1463 aut
1516 1425 1717 1478 graves
1817 1423 2042 1472 corum,
2062 1406 2166 1460 nisi
2181 1424 2276 1461 eas
2293 1410 2520 1461 tantum
2553 1424 2693 1478 quas
2720 1412 2957 1481 propter
2992 1409 3138 1463 solas
3181 1409 3424 1464 necessi-

168 1496 303 1567 aliqui
324 1494 641 1550 Christiani.
676 1514 708 1547 ι
736 1496 796 1549 In
816 1497 1119 1568 Ancyrano
1134 1496 1375 1552 concilio
1395 1514 1408 1551 :
1428 1516 1456 1549 α
1478 1497 1715 1551 Diaconi
1814 1496 2084 1550 tudinum
2115 1512 2313 1549 causas
2342 1496 2601 1551 habitare
2634 1514 2764 1551 cum
2793 1496 3018 1551 hisdem
3047 1497 3297 1569 synodus
3328 1497 3421 1551 Ni-

168 1601 266 1638 cum
289 1583 640 1650 ordinantur,
671 1584 717 1638 si
749 1584 808 1638 in
849 1584 970 1655 ipsa
1015 1584 1381 1647 ordinatione
1412 1586 1715 1656 protestati
1814 1601 1974 1639 cana
2016 1583 2296 1655 permisit.
2342 1606 2371 1635 »
2413 1586 2473 1639 In
2518 1585 2758 1640 concilio
2806 1585 3137 1640 Laodicensi
3176 1603 3189 1639 :
3224 1605 3254 1637 ς
3279 1585 3426 1640 Viris

168 1675 267 1725 sunt
299 1671 545 1727 dicentes
574 1673 717 1727 velle
745 1689 804 1726 se
833 1672 1048 1727 habere
1079 1690 1301 1740 uxores,
1337 1690 1523 1745 neque
1550 1691 1715 1746 posse
1816 1689 1946 1727 cum
1980 1672 2316 1727 mulieribus
2347 1673 2571 1727 lavacra
2596 1689 2712 1727 non
2736 1673 3282 1738 celebranda.Qnod
3305 1690 3425 1729 non

165 1760 408 1814 mutinere
436 1777 449 1813 :
473 1759 535 1814 hi
564 1763 763 1831 postea
792 1761 836 1815 si
864 1760 937 1815 ad
955 1760 1184 1832 nuptias
1210 1762 1491 1828 venerint,
1512 1780 1712 1818 mane-
1816 1764 2078 1833 oporteat
2111 1761 2283 1816 sacris
2310 1760 2512 1816 ofﬁciis
2541 1761 2765 1815 deditos
2786 1765 2884 1815 aut
2900 1762 3136 1816 clericos
3166 1764 3264 1817 aut
3288 1779 3425 1817 con-

163 1852 234 1901 ant
253 1848 302 1901 in
330 1849 473 1902 clero
508 1851 762 1914 tantum,
806 1852 863 1903 et
902 1865 936 1903 a
981 1848 1300 1905 ministerio
1346 1850 1710 1920 abjiciantur.
1738 1848 1788 1907 B
1816 1850 2085 1917 tinentes,
2118 1852 2199 1903 vel
2235 1867 2472 1905 omnem
2514 1850 2719 1905 laicum
2771 1850 3160 1905 Christianum
3201 1852 3427 1905 lavacra

164 1936 444 2008 Quicunque
474 1954 619 1991 sane
648 1940 951 1992 tacuerunt
990 1941 1047 1991 et
1092 1942 1466 2009 susceperunt
1509 1957 1714 1995 manus
1813 1954 1945 1991 cum
1976 1937 2314 1992 mulieribus
2346 1938 2659 2004 celebrare,
2682 1937 2817 2009 quia
2846 1939 2966 1991 hac
2998 1938 3150 2010 apud
3182 1938 3426 2009 gentiles

159 2025 537 2096 impositionem
567 2026 805 2097 professi
839 2026 1282 2093 continentiam,
1315 2031 1372 2083 et
1402 2031 1602 2099 postea
1641 2029 1714 2083 ad
1813 2025 2003 2097 prima
2020 2026 2393 2098 reprehensio
2415 2029 2518 2079 est.
2544 2048 2568 2073 ››
2590 2027 2712 2080 Νοιι
2752 2026 2924 2079 licere
2958 2025 3425 2080 clericisludicris

156 2115 336 2185 nuptias
362 2118 779 2181 convenerunt,
812 2132 845 2170 a
875 2115 1196 2170 ministerio
1228 2119 1286 2170 et
1310 2119 1462 2171 clero
1491 2133 1711 2171 cessare
1812 2119 1870 2169 et
1889 2115 2226 2186 spectaculis
2244 2114 2546 2169 interesse:
2569 2138 2594 2165 ‹‹
2621 2115 2859 2185 Oportet
2886 2113 3182 2168 ministros
3203 2113 3419 2181 altaris,

155 2202 412 2270 debebunt,
441 2202 656 2257 laicam
676 2206 902 2257 tantum
919 2202 1395 2259 communionem
1426 2204 1709 2277 recipien-
1812 2204 1897 2257 vel
1920 2203 2454 2275 quoslibetclericos
2467 2204 2802 2273 spectaculis
2818 2202 3101 2273 aliquibus
3113 2218 3239 2273 qua
3253 2201 3422 2256 autin

155 2293 228 2344 ιω.
253 2312 276 2337 »
301 2293 354 2344 In
376 2291 773 2346 Decretalibus
796 2307 959 2363 papa
983 2291 1187 2346 Leonis
1216 2309 1229 2347 :
1257 2315 1283 2342 «
1304 2292 1466 2357 Quod
1480 2294 1709 2347 subdia-
1812 2292 2025 2363 nuptiis
2054 2295 2152 2346 aut
2182 2292 2239 2346 in
2261 2291 2436 2347 canis
2457 2291 2799 2346 exhibentur
2823 2291 3119 2356 interesse,
3137 2291 3236 2344 sed
3257 2293 3423 2344 ante-

150 2379 270 2432 conis
285 2380 506 2434 carnale
522 2379 880 2434 connubium
902 2380 1392 2451 denegetur.Nam
1406 2398 1535 2435 cum
1552 2385 1712 2437 extra
1811 2396 1987 2451 quam
2018 2379 2274 2434 cemelici
2305 2383 2414 2445 (28)
2443 2380 2866 2451 ingrediantur,
2906 2395 3140 2450 surgere
3181 2377 3417 2433 eosdem

151 2466 438 2521 clericorum
468 2468 744 2523 ordinem
763 2468 1086 2523 constitutis
1102 2469 1434 2540 nuptiarum
1452 2469 1710 2525 societati
1810 2468 2069 2523 convivio
2089 2471 2145 2522 et
2168 2468 2326 2548 abire
2341 2468 2607 2522 debere.»
2625 2470 2685 2521 ln
2709 2467 2928 2537 synodo
2956 2467 3420 2537 Neocasariensi,

149 2557 190 2607 et
209 2555 581 2624 procreationi
636 2556 886 2610 ﬁliorum
919 2555 1147 2610 studere
1181 2556 1255 2610 sit
1284 2557 1528 2611 liberum
1564 2557 1712 2612 arbi-
1812 2557 2047 2629 capitul.
2084 2560 2104 2611 1
2143 2574 2155 2611 :
2190 2557 2545 2628 «Presbyter
2574 2556 2671 2628 qui
2702 2572 2939 2611 uxorem
2966 2556 3208 2621 duxerit,
3243 2556 3315 2610 ab
3336 2572 3426 2610 or-

148 2641 386 2707 trium,ad
403 2643 799 2697 exhibendam
824 2647 1019 2698 tamen
1042 2643 1312 2714 perfecta
1336 2644 1708 2700 continentia
1813 2645 1944 2700 dine
1976 2663 2077 2700 suo
2108 2646 2269 2701 illum
2298 2645 2512 2716 deponi
2558 2646 2789 2703 debere.
2825 2645 2989 2709 Quod
3027 2645 3073 2699 si
3116 2644 3429 2700 fornicatus

144 2730 430 2798 puritatem,
455 2748 572 2786 nec
593 2731 1205 2803 subdiaconisquidem
1224 2732 1714 2787 connubiumcar—
1811 2733 1986 2788 fuerit
2004 2736 2088 2788 vel
2123 2734 2470 2788 adulterium
2516 2733 2890 2795 commiserit,
2928 2735 3088 2787 extra
3124 2731 3426 2786 ecclesiam

145 2820 610 2885 naleconceditur,
640 2823 703 2874 ut
732 2822 1567 2893 etquihabentsinttanquam
1595 2840 1711 2878 non
1812 2822 2133 2892 abjiciatur,
2200 2825 2258 2876 et
2307 2822 2707 2893 panitentiam
2759 2819 2913 2875 inter
2952 2821 3125 2875 laicos
3164 2821 3431 2875 redactus

144 2906 462 2973 habentes,et
482 2907 591 2981 qui
609 2924 726 2963 non
754 2909 974 2963 habent
999 2910 1715 2981 permaneantsingulares
1814 2914 2003 2982 agat.»
2026 2911 2086 2964 In
2109 2910 2313 2964 eadem
2333 2909 2586 2980 Synodo,
2614 2909 2847 2981 capitul.
2875 2913 2939 2964 12
2965 2926 2978 2959 °.
3013 2931 3040 2958 «
3070 2908 3205 2972 Qua
3237 2910 3428 2963 forma

145 2994 273 3057 Quod
295 2998 337 3051 si
393 2997 452 3052 in
506 2998 625 3053 hoc
674 2997 898 3065 ordine,
933 2998 1029 3070 qui
1063 3002 1299 3068 quartus
1329 2998 1421 3053 θεῖ
1444 3016 1477 3053 a
1504 3000 1712 3070 capite,
1814 2998 2138 3054 servaturin
2163 2998 2403 3063 clericis,
2442 2998 2691 3052 maxime
2727 3014 2858 3051 cum
2890 2999 3052 3050 vetus
3090 2997 3289 3067 regula
3318 2996 3426 3050 hoc

142 3081 344 3153 dignum
374 3088 459 3139 est
488 3085 1018 3157 custodiri,quanto
1042 3086 1299 3157 magisin
1322 3087 1509 3158 primo
1538 3088 1718 3141 velse-
1740 3128 1787 3186 Ο
1814 3088 2025 3141 habeat
2046 3087 2361 3159 ntquisque
2376 3090 2661 3141 correctus
2686 3086 3004 3158 haptisatus
3040 3084 3275 3139 clericus
3304 3100 3426 3138 esse

141 3173 292 3227 cunde
322 3175 569 3229 tertiove
600 3175 943 3229 servandum
977 3179 1064 3229 est
1093 3191 1166 3229 ne
1197 3178 1296 3229 aut
1344 3176 1588 3240 levitico,
1622 3178 1718 3229 aut
1744 3172 1786 3186 “’“
1817 3175 2490 3246 voluisset,spondcretse
2515 3192 2750 3229 uxorem
2767 3173 3008 3228 omnino
3030 3190 3145 3227 non
3159 3172 3424 3227 ducere.»

142 3261 479 3332 presbyterali
550 3262 796 3329 honore,
853 3267 951 3318 aut
1002 3263 1311 3335 episcOpali
1384 3264 1720 3318 excellentia
1820 3265 1879 3316 ln
1920 3263 2138 3333 synodo
2173 3263 2631 3334 Carthaginensi,
2666 3263 2736 3317 de
2786 3260 3141 3316 continentia
3168 3260 3429 3314 Aurelius

141 3348 403 3419 quisquam
437 3350 737 3405 indoneus
778 3350 1117 3417 astimetur,
1140 3351 1236 3423 qui
1278 3368 1337 3406 se
1368 3369 1402 3406 a
1428 3354 1720 3422 voluptate
1821 3351 2118 3424 episcopus
2140 3351 2317 3405 dixit:
2344 3374 2369 3399 ‹‹
2403 3351 2545 3405 Cum
2576 3350 2868 3421 praterito
2902 3348 3145 3404 concilio
3163 3348 3232 3402 de
3253 3347 3433 3401 conti~

143 3436 295 3490 uxoris
316 3455 417 3492 nec
452 3439 605 3494 dum
649 3439 904 3493 frenasse
953 3439 1259 3510 detegitur.
1297 3462 1324 3488 ››
1357 3440 1723 3496 innocentius
1823 3439 2032 3493 nentia
2056 3441 2113 3492 et
2132 3438 2408 3492 castitatis
2423 3439 2825 3494 moderamine
2842 3435 3434 3508 tractaretur,gradus

141 3538 259 3594 papa
288 3542 301 3579 :
334 3546 362 3579 ι
390 3527 570 3591 Quod
600 3527 657 3581 hi
706 3528 805 3599 qui
837 3528 896 3581 in
929 3528 1284 3599 presbyterio
1325 3529 1473 3584 ﬁlios
1503 3546 1720 3600 genue-
1823 3527 1914 3582 isti
1942 3530 2076 3592 tres,
2110 3526 2205 3599 qui
2256 3527 2675 3599 conscriptione
2717 3529 2970 3599 quadarn
3010 3524 3284 3580 castitatis
3331 3537 3433 3593 per

143 3611 251 3678 rint,
270 3615 563 3670 removeri
608 3619 839 3686 oportet
868 3616 940 3670 ab
971 3615 1183 3670 ofﬁcio.
1210 3615 1316 3681 Qui
1345 3617 1463 3671 zelo
1498 3616 1631 3671 ﬁdei
1658 3633 1723 3672 ac
1823 3617 2282 3671 consecrationes
2303 3615 3281 3689 adnexisnnt,episcopos,inquam,
3310 3628 3436 3685 pre-

141 3699 417 3771 disciplina
450 3705 666 3759 doctus
706 3721 823 3759 non
866 3704 1083 3775 patitur
1110 3704 1418 3759 Ecclesiam
1445 3706 1622 3775 pollui
1652 3706 1723 3760 ab
1824 3706 2081 3776 sbyteros
2103 3708 2160 3759 et
2182 3705 2470 3771 diaconos,
2500 3706 2580 3759 ita
2594 3705 2828 3777 placuit,
2855 3709 2915 3759 ut
2948 3721 3139 3759 sacros
3159 3703 3437 3758 condecet

142 3786 354 3861 indignis
400 3792 762 3863 presbyteris
787 3809 929 3864 quos
958 3793 1015 3846 in
1033 3792 1389 3865 presbyterio
1412 3793 1559 3848 ﬁlios
1581 3810 1727 3848 asse-
1825 3794 2126 3859 antistites,
2172 3808 2235 3847 ac
2282 3793 2380 3847 Dei
2418 3793 2762 3859 sacerdotes,
2810 3809 2914 3846 nec
2952 3808 3070 3847 non
3118 3795 3176 3845 et
3213 3790 3433 3857 levitas,

140 3876 197 3931 rit
219 3895 576 3948 procreasse,
609 3880 764 3952 quod
805 3898 924 3935 non
976 3881 1146 3935 licere
1197 3897 1575 3952 exponerem,
1617 3881 1725 3935 nisi
1826 3884 1912 3937 vel
1944 3881 2040 3953 qui
2071 3881 2444 3935 sacramentis
2471 3880 2678 3935 divinis
2704 3880 3040 3945 inserviunt,
3074 3878 3436 3934 continentes

142 3979 333 4022 nossem
387 3973 655 4022 vestram
690 3968 1059 4039 prudentiam
1116 3969 1259 4040 legis
1306 3969 1480 4023 totius
1512 3969 1727 4023 habere
1828 3987 1948 4025 esse
1971 3971 2029 4024 in
2053 3969 2464 4040 omnibus,quo
2482 3968 3054 4041 possintsimpliciter
3078 3967 3232 4039 quod
3259 3984 3292 4021 a
3319 3968 3434 4020 Deo

140 4055 394 4111 notitiam.
418 4059 491 4112 Et
532 4056 911 4123 ideo,fratres
927 4057 1268 4124 charissimi,
1291 4058 1464 4112 libelli
1486 4058 1580 4129 qui
1602 4058 1729 4111 sub-
1828 4058 2123 4130 postulant
2146 4058 2459 4128 impetrare
2482 4074 2495 4123 ;
2530 4062 2590 4110 ut
2606 4056 2760 4127 quod
2776 4057 3017 4127 apostoli
3034 4055 3440 4120 docnerunt,et

136 4138 288 4206 iectus
312 4149 397 4199 est
426 4150 643 4200 tenore
686 4148 1006 4217 perspecto,
1061 4162 1157 4200 eos
1206 4146 1301 4217 qui
1354 4147 1490 4201 talia
1523 4163 1726 4217 perpe-
1828 4163 1953 4218 1psa
1982 4146 2224 4199 servavit
2255 4145 2589 4216 antiquitas,
2620 4160 2724 4198 nos
2743 4159 2969 4214 quoque
2992 4141 3437 4195 custodiamus.»

141 4230 287 4285 insse
316 4233 822 4303 dicunturjubete
865 4234 922 4287 in
958 4233 1152 4288 medio
1193 4235 1479 4302 collocari,
1515 4235 1725 4289 discus-
1898 4236 1959 4288 In
1991 4234 2194 4288 eadem
2227 4234 2469 4304 synodo,
2504 4233 2574 4287 de
2607 4233 2843 4286 diversis
2876 4230 3175 4285 ordinibus
3204 4230 3276 4283 ab
3308 4247 3442 4285 uxo-

142 4315 296 4387 sisque
312 4321 744 4391 objectionibus
761 4338 890 4393 qua
910 4321 1045 4392 ipsis
1061 4322 1727 4394 presbyterisimpingun
1828 4324 1983 4377 ribus
2014 4322 2373 4375 abstinendis
2400 4321 2697 4375 Faustinus
2728 4320 3028 4391 episcopus
3060 4318 3318 4373 Ecclesia
3334 4320 3440 4373 Po-

143 4405 564 4469 tur,siconvinci
587 4410 941 4479 potuerint,a
959 4409 1295 4464 sacerdotali
1318 4414 1729 4465 removeantur
1756 4408 1807 4465 D
1829 4411 2066 4466 tentina
2100 4410 2405 4482 provincia
2440 4408 2631 4463 Piceni
2677 4410 2897 4479 legatus
2938 4410 3148 4462 sancta
3183 4407 3443 4462 Ecclesia

142 4493 335 4562 ofﬁcio;
359 4498 503 4569 quia
541 4496 639 4569 qui
664 4498 845 4551 sancti
900 4514 1016 4552 non
1054 4501 1207 4563 sunt,
1253 4501 1452 4552 sancta
1481 4501 1729 4553 tractare
1830 4500 1969 4554 dixit
2008 4515 2021 4553 :
2054 4518 2084 4550 «
2117 4499 2307 4552 Placet
2344 4502 2405 4551 ut
2431 4496 2703 4569 episcopi,
2754 4495 3074 4568 presbyteri
3107 4497 3163 4549 et
3193 4493 3442 4549 diaconi.

141 4596 235 4637 non
264 4590 532 4654 possunt,
557 4589 730 4656 atque
750 4585 923 4639 alieni
954 4585 1283 4640 efﬁciuntur
1308 4603 1342 4640 a
1380 4586 1726 4654 ministerio,
1829 4589 1914 4643 vel
1937 4587 2033 4659 qui
2057 4590 2421 4656 sacramenta
2443 4588 2828 4651 contractant,
2865 4584 3154 4656 pudicitia
3184 4584 3450 4638 custodes

142 4672 271 4736 quod
304 4674 557 4727 vivendo
604 4673 799 4727 illicite
840 4674 1187 4744 polluerunt.
1219 4674 1495 4728 Miramur
1526 4679 1726 4729 autem
1830 4676 1903 4729 ab
1934 4675 2201 4729 uxoribus
2220 4691 2278 4728 se
2296 4674 2644 4730 abstineant.
2670 4693 2700 4724 θ
2726 4674 2811 4727 Ab
2846 4671 3123 4727 universis
3165 4670 3448 4741 episcopis

140 4753 241 4811 hac
274 4776 481 4815 eorum
508 4760 871 4815 dissimulare
907 4762 1224 4832 episcopos,
1247 4765 1307 4817 ut
1342 4766 1441 4815 aut
1460 4763 1729 4817 cohibere
1831 4763 2045 4817 dictum
2071 4765 2155 4816 est
2181 4779 2195 4817 :
2219 4785 2246 4812 «
2270 4763 2457 4816 Placet
2502 4765 2564 4815 ut
2592 4761 2651 4815 in
2684 4761 2954 4816 omnibus
2994 4760 3149 4815 etab
3182 4759 3451 4813 omnibus

144 4848 453 4915 connivere,
483 4849 822 4904 autnescire
842 4866 960 4904 esse
982 4850 1176 4904 illicita
1189 4850 1540 4920 judicentur.
1572 4872 1598 4897 ››
1830 4850 2105 4921 pudicitia
2131 4850 2485 4904 custodiatur
2514 4850 2609 4921 qui
2670 4849 2835 4903 altari
2868 4848 3206 4902 inserviunt.
3244 4869 3270 4895 ››
3305 4848 3452 4902 Pra-

199 4935 251 4988 ln
282 4937 520 4991 Nicano
536 4936 790 4993 Concilio
803 4937 874 4991 de
901 4937 1353 4992 subintroductis
1372 4938 1727 4993 mulieribus:
1834 4948 1994 4997 terea
2009 4955 2138 4992 cum
2163 4938 2233 4991 de
2252 4938 2643 5009 quorumdam
2664 4936 3286 5007 clericorumquamvis
3311 4952 3451 5007 erga

142 5024 475 5079 «Interdixit
513 5041 616 5096 per
646 5025 847 5079 omnia
880 5042 1093 5096 magna
1138 5026 1394 5097 synodus
1433 5044 1550 5079 non
1609 5026 1729 5096 epi-
1831 5042 2034 5080 uxores
2064 5026 2328 5097 prOprias
2368 5025 2793 5079 incontinentia
2822 5025 3158 5092 referretur,
3178 5046 3206 5074 ‹‹
3237 5024 3452 5096 placuit

141 5123 309 5181 scopo,
347 5130 472 5167 non
512 5114 875 5185 presbytero,
920 5130 1035 5167 non
1091 5113 1359 5181 diacono,
1406 5130 1511 5168 nec
1563 5113 1732 5173 alicui
1830 5111 3453 5186 episcoposetpresbyterosetdiaconossecundumpriora

143 5200 356 5255 omnino
387 5202 492 5272 qui
526 5201 583 5255 in
616 5202 768 5255 clero
797 5206 880 5255 est
911 5203 1082 5256 licere
1117 5202 1617 5256 subintroductam
1636 5203 1733 5257 ha—
1831 5207 2043 5258 statuta
2064 5202 2239 5255 etiam
2255 5202 2328 5256 ab
2347 5201 2956 5256 uxoribuscontinere:
2988 5199 3141 5271 quod
3168 5198 3273 5253 nisi
3300 5199 3450 5253 fece-

146 5284 258 5340 here
277 5289 734 5355 mul:erem,nisi
752 5290 899 5344 forte
914 5294 1183 5356 matrem,
1208 5294 1600 5355 autsororem,
1636 5294 1735 5344 aut
1835 5293 1972 5357 rint,
1997 5291 2067 5344 ab
2106 5289 2487 5344 ecclesiastico
2522 5292 2934 5343 removeantur
2966 5286 3184 5353 ofﬁcio;
3218 5290 3454 5341 cateros

145 5376 384 5445 amitam,
414 5380 510 5433 vel
544 5396 638 5433 eas
670 5383 895 5433 tantum
927 5397 1199 5451 personas
1225 5398 1354 5451 qua
1384 5380 1736 5452 suspiciones
1836 5384 2031 5433 autem
2049 5378 2284 5432 clericos
2303 5378 2376 5431 ad
2399 5379 2505 5431 hoc
2528 5395 2641 5433 non
2662 5377 2916 5449 cogi,sed
2938 5375 3255 5429 secundum
3288 5374 3453 5428 unius

148 5463 427 5537 eﬁ'ugiunt.
449 5487 484 5519 is
521 5468 632 5523 Hoc
664 5472 855 5522 autem
888 5469 1180 5524 Nicannm
1204 5470 1507 5524 concilium
1539 5471 1736 5523 beatus
1835 5466 2373 5539 cujusqueEcclesia
2387 5466 2864 5521 consuetudinem
2880 5462 3449 5517 observaridebere.»

210 5654 318 5727 (2.8)
346 5657 682 5728 Thymelicz',
716 5658 773 5713 id
804 5663 889 5715 est
918 5660 1180 5717 tibicines.
