3876 6172
448 373 552 435 455

1497 375 1553 436 S.
1578 376 1875 435 ABBONIS
1914 377 2203 437 ABBATIS
2257 376 2749 438 FLORIACENSIS

3597 390 3686 450 436

451 500 515 556 In
539 498 756 574 synodo
774 498 1039 557 Romana
1062 498 1151 555 cui
1181 497 1382 556 beatus
1398 497 1666 555 Silvester
1685 516 1833 574 papa
1855 516 2060 573 praese-
2081 507 2134 565 Α
2162 500 2262 557 lat.
2290 500 2651 558 Abstinentia
2681 503 2875 557 autem
2904 497 2965 556 in
2990 497 3687 585 fructibusspiritusabdpo-

454 589 537 644 dit
580 607 711 645 cum
774 590 1056 663 episcopis
1114 590 1371 645 ducentis
1425 589 1715 660 octoginta
1767 594 2057 661 quatuor:

451 701 477 728 «
518 679 694 734 Nemo
728 680 1030 751 presbyter
1056 697 1087 733 a
1119 679 1209 733 die
1240 677 1474 732 honoris
1507 677 1841 748 presbyterii
1870 681 2060 732 sumat

449 768 784 839 conjugium
815 785 828 823 :
855 768 1008 839 quod
1040 768 1083 822 si
1103 767 1228 839 quis
1247 768 1353 821 hoc
1377 767 1638 835 neglecto
1666 767 1833 819 aliter
1852 767 2054 837 egerit,

448 854 750 910 duodecim
768 856 936 910 annis
957 873 1089 909 eum
1113 855 1356 909 dicimus
1381 854 1589 925 privari
1611 855 1852 908 honore.
1893 854 2057 918 Quod

447 942 488 997 si
512 944 638 1015 quis
659 948 858 999 contra
877 946 985 999 hoc
1007 944 1456 1015 chirographum
1482 959 1733 1014 praesens
1755 944 1812 995 et
1832 941 2055 1012 publice

446 1032 665 1087 dictum
689 1033 891 1103 egerit,
910 1033 1393 1089 condemnabitur
1408 1032 1465 1086 in
1484 1034 1850 1102 perpetuum.
1879 1052 1905 1076 »
1922 1033 2055 1085 Am-

445 1122 669 1177 brosius
694 1123 753 1177 in
792 1123 1031 1195 epistola
1054 1123 1126 1176 ad
1153 1122 1344 1175 Titum
1388 1120 1541 1173 inter
1583 1122 1791 1174 caetera
1821 1120 1898 1173 sic
1930 1119 2008 1172 ait
2037 1136 2050 1173 :

445 1234 472 1261 ‹‹
503 1211 679 1266 Unius
711 1212 899 1267 uxoris
930 1212 1135 1278 virum,
1166 1210 1425 1282 quamvis
1465 1208 1774 1263 secundam
1808 1224 2051 1262 numero

440 1316 677 1355 uxorem
702 1318 819 1356 non
852 1301 923 1355 sit
952 1301 1166 1355 habere
1189 1298 1567 1370 prohibitum,
1600 1300 1663 1351 ut
1691 1301 1888 1351 tamen
1928 1296 2054 1368 quis

443 1388 651 1460 dignus
672 1389 743 1443 ad
762 1390 1153 1460 episcopatum
1175 1387 1446 1457 sit,etiam
1471 1386 1684 1440 licitam
1705 1386 1876 1440 debet
1894 1402 2050 1455 sper-

443 1493 583 1530 nere
603 1482 840 1549 propter
870 1477 1284 1532 sublimitatem
1316 1475 1489 1548 ipsius
1521 1474 1757 1542 ordinis,
1783 1474 1915 1545 quia
1942 1490 2047 1528 cae-

444 1564 584 1618 teris
611 1567 820 1622 melior
850 1567 1020 1622 debet
1051 1583 1170 1621 esse
1202 1565 1297 1637 qui
1331 1564 1568 1635 cupidus
1600 1567 1685 1616 est
1711 1563 1859 1617 sedis
1879 1563 2046 1617 illius.

447 1651 2046 1726 Sobrium,pudicum,ornatum,hospitalem,docibilem,

441 1740 2049 1807 nonobnoxiumvino,nonverberatorem,sedmodestum

2162 593 2306 645 stolo
2342 595 2648 647 numerata
2674 595 2777 646 est.
2806 613 2835 641 »

2232 680 2481 735 Isidorus
2508 680 2799 751 Spalensis
2826 680 3125 751 episcopus
3149 681 3204 735 in
3235 682 3370 739 libro
3406 684 3689 746 Officiorum

2158 785 2453 839 sacrorum
2489 786 2501 823 :
2542 792 2568 818 «
2606 769 2710 833 Qui
2741 768 2897 823 enim
2926 769 2982 823 in
3014 770 3332 826 erudiendis
3371 776 3525 845 atque
3550 776 3691 832 iusti.

2156 857 2387 911 tuendis
2415 858 2486 912 ad
2516 857 2787 911 virtutem
2821 856 3050 928 populis
3074 860 3312 930 praeerit,
3343 876 3547 917 necesse
3562 867 3696 921 estut

2155 946 2212 1000 in
2246 946 2515 1000 omnibus
2544 949 2773 1001 sanctus
2802 946 2895 1007 sit,
2929 948 2987 1000 et
3023 946 3080 1000 in
3106 948 3257 1001 nullo
3282 949 3696 1019 reprehensibilis

2154 1036 2456 1090 habeatur.
2489 1035 2595 1100 Qui
2624 1036 2781 1090 enim
2813 1034 2993 1090 alium
3022 1036 3093 1091 de
3125 1036 3362 1108 peccatis
3380 1039 3568 1109 arguit,
3601 1040 3699 1114 ipse

2156 1141 2189 1179 a
2230 1128 2466 1196 peccato
2498 1125 2671 1179 debet
2701 1141 2824 1179 esse
2854 1124 3094 1179 alienus.
3129 1125 3269 1180 Nam
3291 1142 3413 1180 cum
3431 1128 3700 1198 quafronte

2152 1215 2439 1285 subjectos
2500 1230 2743 1285 arguere
2785 1214 3020 1284 poterit,
3074 1230 3203 1268 cum
3235 1213 3311 1269 illi
3348 1216 3704 1292 statim‘possit

2153 1306 2450 1373 correptus
2475 1304 2742 1372 ingerere
2778 1319 2790 1357 :
2817 1303 2967 1357 Ante
2999 1306 3054 1357 te
3085 1302 3223 1358 doce
3254 1320 3375 1376 que
3398 1308 3541 1359 recta
3567 1310 3698 1373 sunt,

2153 1407 2186 1445 o
2220 1391 2484 1463 episc0pe
2518 1390 2530 1444 l
2570 1392 2984 1462 «Quapropter
3013 1391 3109 1462 qui
3158 1392 3394 1464 negligit
3418 1395 3562 1447 recta
3586 1394 3709 1450 face-

2150 1496 2236 1547 re,
2270 1480 2495 1534 desinat
2515 1482 2671 1534 recta
2701 1480 2942 1547 docere;
2970 1478 3126 1550 prius
3148 1480 3355 1552 quippe
3375 1481 3705 1551 semetipsum

2151 1570 2443 1640 corrigere
2472 1571 2645 1625 debet
2662 1570 2764 1642 qui
2787 1569 2930 1625 alios
2958 1569 3032 1624 ad
3060 1570 3210 1625 bene
3229 1569 3523 1624 vivendum
3542 1570 3713 1625 admo-

2152 1675 2290 1713 nere
2318 1659 2528 1722 studet,
2542 1659 2622 1713 ita
2642 1658 2773 1712 utin
2807 1657 3077 1713 omnibus
3097 1657 3467 1729 semetipsum
3492 1657 3708 1713 formam

2148 1747 2374 1802 vivendi
2408 1748 2684 1819 prmbeat,
2737 1752 3087 1818 cunctosque
3141 1746 3214 1802 ad
3272 1747 3484 1802 bonum
3511 1762 3639 1818 opus
3665 1749 3714 1801 et

442 1846 558 1885 non
576 1832 1036 1903 litigiosum,non
1051 1832 1589 1904 asperum,domum
1605 1845 1763 1883 suam
1785 1830 1933 1883 bene
1954 1845 2035 1882 re-

2150 1837 2413 1891 doetrina
2451 1839 2509 1891 et
2553 1852 2727 1907 opere
2775 1838 3066 1906 provocet.
3101 1835 3204 1890 Cui
3234 1834 3407 1889 etiam
3433 1838 3488 1889 et
3510 1833 3713 1888 scientia

437 1923 694 1990 gentem,
720 1921 865 1975 ﬁlios
882 1922 1194 1976 habentem
1208 1920 1465 1974 subditos
1477 1937 1606 1973 eum
1624 1918 1783 1974 omni
1806 1917 2047 1971 charita-

437 2009 696 2063 teztalem
714 2010 1013 2064 hominem
1026 2010 1141 2081 ,qui
1164 2010 1286 2064 hzec
1298 2009 1583 2064 custodiat
1598 2025 1723 2079 quae
1740 2010 2047 2061 enumerat

434 2097 1024 2164 bona,crearidebere
1043 2098 1179 2152 dicit
1192 2099 1676 2170 episcopumzhasc
1703 2097 1856 2151 enim
1881 2096 2045 2166 signa

437 2190 570 2240 sunt
595 2186 891 2256 dignitatis
920 2187 1274 2257 episcopalis.
1320 2186 1377 2240 Si
1418 2186 1543 2257 quis
1581 2189 1774 2240 autem
1818 2185 2044 2256 potiora

435 2278 679 2327 sectatus
708 2279 813 2341 est,
842 2291 1046 2346 corpus
1070 2279 1126 2329 et
1153 2275 1409 2328 animam
1437 2291 1599 2327 suam
1626 2275 1741 2328 Deo
1770 2272 2045 2326 dicaverit

434 2378 507 2415 ne
537 2379 596 2416 se
619 2364 846 2433 copulet
873 2363 1436 2429 matrimonio,tanto
1462 2362 1646 2434 magis
1661 2360 1891 2432 dignior
1910 2360 2040 2427 liet;

434 2450 565 2506 ideo
597 2450 754 2504 enim
787 2450 1124 2505 inferiorem
1161 2451 1368 2521 posuit,
1393 2453 1456 2505 ut
1487 2450 1560 2504 de
1592 2449 1815 2521 potiore
1867 2465 2042 2503 nemo

437 2539 743 2596 dubitaret.
766 2539 850 2594 Sit
870 2543 1065 2595 autem
1083 2540 1380 2613 episc0pus
1399 2539 1840 2610 pudicus,quem
1861 2538 2041 2593 Graeci

433 2630 666 2701 σὼφρονα
691 2634 915 2697 vocant,
939 2632 995 2684 et
1008 2628 1723 2701 Latinusinterpres,verbi
1754 2626 2040 2698 ambigui-

432 2720 548 2771 tate
576 2717 868 2789 deceptus,
886 2734 987 2790 pro
1027 2718 1232 2789 pudico
1262 2718 1608 2789 prudentem
1642 2716 1955 2771 transtulit.
1985 2714 2039 2769 Si

433 2809 627 2860 autem
656 2806 1151 2878 laicisimperalur
1174 2810 1233 2860 ut
1259 2810 1499 2879 propter
1519 2804 1843 2861 orationem
1874 2804 2044 2859 absti-

434 2898 612 2951 neant
647 2913 705 2950 se
736 2897 807 2951 ab
836 2914 1076 2952 uxorum
1108 2896 1281 2963 coitu,
1315 2896 1453 2968 quid
1496 2896 1565 2950 de
1611 2895 1879 2967 episcopo
1910 2911 2039 2948 sen-

431 2986 694 3040 tiendum
713 2986 920 3057 est,qui
936 2986 1190 3058 quotidie
1208 3001 1312 3057 pro
1333 2985 1446 3039 suis
1466 2984 1776 3056 populique
1793 2983 2040 3055 peccatis

2149 1926 2577 1997 Scripturarum
2621 1924 2942 1979 necessaria
2971 1927 3076 1991 est,
3111 1924 3250 1997 quia
3293 1924 3337 1978 si
3361 1922 3594 1995 episcopi
3614 1926 3717 1977 tan-

2146 2019 2266 2069 tum
2294 2018 2490 2069 sancta
2521 2014 2593 2068 sit
2617 2014 2752 2076 vita,
2781 2013 2884 2067 sibi
2917 2013 3022 2068 soli
3052 2016 3245 2084 potest
3270 2013 3532 2084 prodesse
3563 2011 3632 2066 sic
3656 2010 3718 2065 vi-

2143 2104 2348 2158 vendo.
2380 2107 2558 2158 Porro
2589 2102 2635 2156 si
2667 2105 2725 2156 et
2751 2101 3014 2156 doctrina
3035 2105 3093 2156 et
3120 2117 3392 2156 sermone
3423 2099 3587 2155 fuerit
3604 2115 3720 2154 eru-

2146 2191 2316 2257 ditus,
2350 2193 2538 2262 potest
2581 2207 2809 2262 quoque
2852 2194 3093 2245 caeteros
3126 2191 3434 2256 instruere,
3461 2191 3517 2242 et
3542 2187 3719 2242 docere

2143 2296 2293 2346 suos,
2335 2282 2391 2333 et
2420 2277 2779 2333 adversarios
2816 2281 3223 2349 repercutere;
3261 2276 3358 2349 qui
3386 2274 3491 2331 nisi
3518 2272 3721 2330 refutati

2144 2367 2360 2422 fuerint
2389 2371 2562 2439 atque
2608 2365 2870 2433 convicti,
2923 2366 3090 2420 facile
3142 2369 3369 2438 queunt
3405 2363 3722 2436 simplicium

2145 2455 2321 2509 corda
2347 2456 2700 2525 pervertere.
2754 2454 2931 2525 Hujus
2965 2456 3165 2508 autem
3210 2468 3410 2508 sermo
3439 2452 3602 2507 debet
3625 2465 3728 2505 esse

2143 2559 2339 2614 purus,
2364 2543 2603 2613 simplex
2626 2546 2684 2597 et
2704 2546 2871 2614 aptus
2894 2559 2907 2610 ;
2933 2542 3095 2612 cujus
3124 2558 3249 2613 pra
3277 2541 3499 2597 caeteris
3518 2538 3729 2612 speciale

2144 2631 2397 2685 officium
2429 2635 2513 2685 est
2541 2632 2860 2702 Scriptores
2886 2632 3461 2702 legere,percurrere
3488 2641 3728 2691 canones,

2144 2722 2409 2791 exempla
2446 2723 2777 2774 sanctorum
2809 2719 3047 2786 imitari,
3081 2719 3319 2790 vigiliis,
3340 2717 3594 2789 jejuniis,
3625 2731 3733 2770 ora-

2142 2807 2396 2862 tionibus
2427 2807 2785 2873 incumbere,
2817 2822 2949 2862 cum
2982 2807 3267 2863 fratribus
3291 2806 3506 2861 habere
3535 2814 3732 2876 pacem,

2144 2913 2249 2950 nec
2282 2911 2637 2968 quemquam
2668 2912 2733 2950 ex
2759 2895 3038 2950 membris
3062 2895 3184 2951 suis
3201 2896 3524 2968 despicere,
3540 2892 3737 2947 nullum

2142 2985 2421 3039 damnare
2456 2984 2563 3037 nisi
2593 2984 3057 3055 comprobatum,
3077 2984 3332 3039 "nullum
3364 2976 3735 3038 excommuni-

430 3073 676 3129 illibatas
713 3075 830 3128 Deo
878 3075 1172 3129 oblaturus
1216 3076 1302 3128 est
1349 3073 1658 3127 victimas?
1698 3073 2039 3142 Relegamus
2068 3108 2113 3169 C
2139 3088 2270 3127 care
2290 3071 2729 3127 nisidiscussum
2761 3088 2775 3126 :
2810 3070 3022 3144 quique
3060 3071 3147 3126 ita
3180 3071 3517 3127 humilitate
3545 3066 3742 3165 pariter

432 3163 650 3234 Regum
667 3162 929 3229 libros,et
946 3162 1308 3217 inveniemus
1329 3162 1685 3215 sacerdotem
1704 3160 2036 3214 Abimelech

432 3251 502 3307 de
518 3251 759 3323 panibus
770 3250 1179 3323 propositionis
1206 3251 1457 3305 noluisse
1471 3249 1631 3321 prius
1648 3249 1784 3303 dare
1806 3250 1872 3302 D.
1893 3251 1957 3306 D.
1979 3256 2037 3303 et

429 3340 621 3412 pueris
651 3340 791 3410 ejus,
828 3339 930 3393 nisi
964 3340 1351 3410 interrogaret
1384 3343 1577 3392 utrum
1611 3337 1813 3391 mundi
1845 3342 2036 3393 essent

429 3429 592 3498 pueri
621 3446 651 3482 a
670 3428 931 3495 muliere,
949 3444 1065 3483 non
1094 3427 1290 3498 utique
1320 3426 1533 3493 aliena,
1554 3427 1652 3479 sed
1676 3425 1954 3496 conjuge?
1978 3428 2035 3480 et

430 3516 536 3572 nisi
558 3533 654 3570 eos
676 3516 943 3570 audiisset
957 3516 1027 3570 ab
1049 3515 1174 3569 heri
1195 3519 1252 3568 et
1270 3514 1475 3568 nudius
1496 3514 1698 3568 tertius
1713 3531 1938 3568 vacasse
1959 3515 2031 3569 ab

429 3621 602 3676 opere
621 3604 928 3675 conjugali,
966 3619 1266 3674 nunquam
1297 3619 1476 3674 panes
1505 3618 1647 3673 quos
1681 3601 1835 3674 prius
1859 3619 2033 3674 nega-

429 3696 587 3747 verat
612 3693 998 3748 concessisset.
1031 3692 1322 3756 Quantum
1344 3691 1584 3745 interest
1604 3691 1757 3745 inter
1776 3692 2032 3763 proposi-

428 3780 599 3836 tionis
621 3798 796 3853 panes
815 3785 870 3835 et
887 3797 1093 3851 corpus
1105 3779 1348 3834 Christi?
1374 3796 1500 3850 qua:
1534 3778 1860 3833 differentia
1879 3779 2030 3834 inter

428 3871 695 3924 umbram
727 3872 785 3924 et
809 3869 1230 3941 corpora,inter
1252 3868 1570 3938 imaginem
1593 3871 1648 3922 et
1679 3867 1979 3922 veritatem
2001 3866 2029 3921 ?

426 3958 577 4013 inter
603 3959 954 4032 exemplaria
982 3959 1307 4013 futurorum
1341 3960 1398 4010 et
1424 3973 1491 4010 ea
1516 3956 1637 4027 ipsa
1659 3974 1785 4027 quin
1816 3972 1918 4027 per
1940 3974 2028 4009 ex-

426 4048 705 4120 emplaria
729 4046 1287 4119 prazfigurabantur?
1314 4045 1615 4109 Quomodo
1644 4044 1836 4115 itaque
1868 4061 2029 4098 man-

424 4135 992 4207 suetudo,patientia,
1008 4135 1305 4201 sobrietas,
1322 4133 1665 4200 moderatio,
1683 4132 2028 4187 abstinentia

424 4224 588 4291 lucri,
620 4224 975 4293 hospitalitas
1005 4240 1236 4295 quoque
1286 4225 1345 4276 et
1383 4221 1711 4293 benignitas
1741 4222 2027 4293 praecipue

425 4330 545 4367 esse
573 4311 785 4366 debent
811 4311 869 4364 in
902 4312 1167 4381 episcopo
1200 4313 1257 4364 et
1286 4311 1437 4364 inter
1452 4314 1687 4365 cunctos
1708 4310 2028 4365 laicosemi-

2139 3165 2197 3216 et
2228 3160 2571 3215 auctoritate
2601 3160 2920 3232 praestabit,
2944 3163 3009 3214 ut
3033 3176 3144 3215 nec
3160 3177 3271 3234 per
3283 3159 3533 3216 nimiam
3547 3154 3742 3212 humili-

2136 3252 2317 3303 tatem
2351 3265 2516 3303 suam
2542 3249 2903 3303 subditorum
2932 3247 3069 3302 vitia
3112 3250 3536 3304 convalescere
3570 3244 3743 3308 faciat,

2135 3354 2242 3392 nec
2267 3354 2372 3409 per
2402 3337 2854 3392 immoderatam
2887 3336 3313 3393 auctoritatem
3333 3333 3744 3404 severitatispo-

2136 3428 2409 3479 testatem
2469 3428 2751 3492 exerceat,
2804 3424 2905 3479 sed
2958 3428 3120 3480 tanto
3164 3425 3400 3480 cautius
3430 3440 3572 3497 erga
3600 3435 3741 3477 com-

2133 3514 2337 3568 missos
2364 3518 2518 3586 agat,
2553 3517 2770 3579 quanto
2801 3514 2998 3568 durius
3018 3514 3326 3568 Christum
3346 3513 3616 3584 judicare
3644 3509 3747 3563 for-

2132 3602 2334 3657 midat.
2382 3623 2409 3652 »
2460 3603 2621 3657 Idem
2652 3602 2712 3656 in
2763 3601 2975 3656 eodem
3023 3601 3179 3657 libro
3218 3620 3232 3658 :
3270 3626 3300 3654 «
3334 3602 3469 3659 Sint
3498 3599 3667 3671 igitur
3700 3597 3752 3649 et

2130 3690 2381 3762 virgines
2407 3689 2684 3762 episcopi,
2736 3690 2896 3758 casti,
2945 3691 3179 3758 mundi,
3233 3695 3295 3746 et
3338 3690 3593 3763 pergant
3616 3686 3749 3739 viam

2130 3778 2530 3847 sublimitatis;
2561 3779 2709 3850 pede
2737 3778 3080 3833 humilitatis
3097 3783 3443 3852 sequantur
3455 3776 3751 3833 Christum.

2131 3868 2380 3922 tenendo
2412 3871 2849 3939 perseveranter
2869 3867 3025 3939 quod
3056 3872 3358 3923 voverunt
3386 3863 3753 3928 ardenter,ita

2131 3961 2191 4011 ut
2210 3958 2448 4029 professi
2471 3958 2577 4012 bac
2595 3961 2817 4012 servata
2829 3957 3282 4028 integritate,eaa
3291 3957 3437 4014 teris
3452 3956 3630 4013 etiam
3646 3967 3759 4007 mo-

2128 4046 2282 4101 ribus
2307 4049 2651 4118 congruant,
2676 4046 2799 4101 sine
2828 4046 3033 4116 quibus
3066 4049 3283 4117 procul
3304 4046 3490 4102 dubio
3503 4046 3687 4101 otiosa
3707 4043 3758 4095 et

2129 4135 2316 4189 inanis
2349 4139 2549 4189 manet
2571 4134 2885 4205 virginitas.
2921 4133 3006 4188 llli
3033 4150 3179 4205 ergo
3205 4136 3481 4208 virgines
3500 4144 3756 4204 essepro-

2127 4225 2341 4279 bantur
2371 4224 2466 4296 qui
2507 4225 2586 4279 sic
2639 4224 3013 4278 continentiae
3069 4223 3445 4292 inserviunt,
3496 4228 3560 4279 ut
3602 4218 3759 4276 nullis

2127 4312 2484 4379 criminibus,
2520 4313 2791 4383 nulloque
2821 4316 3072 4367 terrente
3096 4312 3535 4367 sollicitudinis
3552 4311 3759 4366 honore

427 4401 645 4468 nentia,
675 4401 752 4454 sic
784 4400 1083 4454 eteastitas
1107 4399 1340 4472 propria
1362 4403 1419 4453 et
1441 4399 1519 4452 ita
1545 4399 1784 4453 dixerim
1808 4399 2024 4470 pudiei-
2051 4400 2101 4458 D
2128 4402 2794 4474 praegraventurﬂuram
2809 4401 2966 4455 enim
2982 4401 3188 4455 mundi
3207 4402 3558 4474 conjugalis
3571 4398 3765 4469 copula

424 4489 503 4544 tia
526 4488 980 4552 sacerdotalis,ut
1009 4505 1122 4541 non
1147 4488 1331 4541 solum
1349 4488 1420 4542 ab
1445 4504 1617 4558 opere
1646 4487 2023 4542 seimmundo

424 4578 729 4644 abstineat,
763 4577 863 4632 sed
894 4577 1069 4630 etiam
1102 4593 1135 4630 a
1158 4576 1317 4647 jactu
1359 4576 1506 4630 oeuli
1556 4580 1613 4630 et
1660 4576 2025 4647 cogitationis

424 4684 621 4723 errore
651 4683 815 4721 mens
848 4664 1051 4720 Christi
1088 4681 1295 4736 corpus
1325 4666 1656 4719 confectura
1703 4665 1774 4719 sit
1821 4665 2019 4719 libera.

420 4757 608 4811 Justus
633 4771 863 4827 quoque
894 4753 1190 4825 episcopus
1221 4753 1394 4808 debet
1424 4771 1543 4808 esse
1575 4756 1631 4808 et
1683 4757 1930 4816 sanctus,
1963 4757 2026 4808 ut

411 4846 698 4918 justitiam
720 4845 777 4899 in
792 4844 1017 4916 populis
1033 4843 1237 4916 quibus
1254 4846 1750 4914 przeestexerceat,
1776 4844 2025 4899 reddens

423 4935 728 5007 unicuique
755 4933 909 5007 quod
933 4936 1214 4999 meretur,
1234 4949 1338 4987 nec
1363 4932 1605 5003 accipiat
1629 4949 1932 5003 personam
1963 4933 2021 4986 in

412 5023 656 5096 judicio.
682 5024 837 5076 Inter
866 5020 992 5076 laici
1020 5024 1215 5075 autem
1248 5024 1305 5074 et
1326 5019 1577 5091 episeopi
1603 5019 1891 5089 justitiam
1913 5020 2022 5074 hoc

419 5110 837 5183 interest,quod
858 5109 1033 5164 laicus
1049 5109 1426 5181 potestjustus
1440 5124 1716 5179 apparere
1736 5107 1792 5160 in
1810 5107 2022 5178 paucis,

326 5252 339 5261 ,
419 5202 717 5274 episcopus
733 5215 866 5254 vero
883 5199 939 5252 in
965 5200 1051 5252 tot
1070 5196 1631 5268 exercerejustitiam
1654 5200 1865 5268 quotet
1889 5197 2022 5251 sub-

418 5291 566 5345 ditos
594 5290 784 5343 habet.
817 5287 899 5342 Sit
928 5303 1156 5358 quoque
1214 5285 1512 5356 episcopus
1554 5284 1868 5351 abstinens,
1904 5302 2022 5340 non

417 5382 668 5443 tantum,
700 5381 759 5430 ut
789 5376 1023 5448 quidam
1069 5376 1293 5444 putant,
1327 5390 1361 5425 ει
1405 5371 1665 5438 libidine,
1717 5373 1788 5427 ab
1837 5373 2023 5428 uxoris

416 5468 742 5538 complexu,
760 5464 854 5517 sed
876 5464 945 5517 ab
976 5461 1243 5516 omnibus
1261 5460 1441 5514 animi
1474 5461 2020 5532 perturbationibus,

418 5573 490 5611 ne
522 5555 593 5609 ad
621 5551 978 5607 iracundiam
998 5550 1338 5614 concitetur,
1362 5566 1435 5603 ne
1455 5549 1616 5603 illum
1640 5550 1867 5605 tristitia
1888 5551 2025 5621 deii-

424 5645 561 5707 ciat,
580 5645 854 5697 neterror
875 5639 1156 5711 agilet,ne
1184 5638 1381 5694 latitia
1409 5638 1797 5694 immoderata
1819 5643 2021 5695 sustol-

2127 4489 2525 4561 gignit,Paulo
2558 4489 2821 4557 docente,
2854 4488 2993 4543 dum
3021 4488 3183 4544 dicit.
3226 4512 3258 4539 ‹‹
3304 4490 3447 4543 Volo
3477 4495 3655 4543 autem
3684 4499 3762 4538 vos

2124 4580 2239 4633 sine
2271 4576 2620 4632 sollicitudine
2650 4595 2770 4632 esse.
2801 4576 2910 4643 Qui
2931 4580 3042 4631 sine
3062 4594 3236 4632 uxore
3269 4586 3376 4646 est,
3410 4578 3675 4635 sollicitus
3696 4578 3767 4628 est

2125 4685 2243 4739 quae
2272 4667 2497 4720 Domini
2526 4674 2667 4734 sunt,
2702 4665 2959 4737 quomodo
2971 4667 3196 4737 placeat
3226 4667 3514 4724 Domino.
3548 4665 3659 4731 Qui
3680 4679 3768 4715 au-

2127 4762 2228 4809 tem
2286 4772 2404 4809 cum
2453 4772 2616 4809 uxore
2653 4761 2747 4821 est,
2804 4753 3066 4809 sollicitus
3118 4761 3200 4808 est
3237 4773 3372 4827 quae
3405 4763 3539 4810 sunt
3572 4750 3768 4816 mundi,

2125 4844 2383 4915 quomodo
2421 4843 2633 4913 placeat
2685 4844 2839 4896 uxori
2885 4841 2946 4914 (Ι
2979 4840 3108 4896 Cor.
3142 4859 3254 4910 vn,
3311 4847 3412 4911 32,
3449 4845 3569 4913 33).
3607 4839 3760 4896 Unde

2125 4932 2457 5003 agnoscitur
2488 4948 2603 4986 non
2636 4948 2801 5002 posse
2823 4931 3051 5003 placere
3071 4931 3196 4986 Deo
3223 4927 3779 5004 hujusmodiconti-

2128 5022 2337 5075 tientia:
2358 5024 2551 5074 votum
2575 5019 2727 5091 quod
2740 5019 3095 5092 prmpeditur
3107 5021 3514 5076 saecularium
3536 5015 3776 5089 impedi-

2125 5114 2325 5165 mento
2380 5125 2666 5163 curarum.
2709 5129 2735 5157 »
2762 5108 2922 5162 Idem
2963 5107 3177 5161 eodem
3228 5108 3399 5165 libro
3438 5127 3453 5165 :
3493 5132 3522 5160 ι(
3556 5106 3782 5163 Debent

2124 5214 2262 5269 ergo
2295 5202 2351 5252 et
2380 5197 2483 5269 ipsi
2517 5197 2768 5269 episcopi
2802 5196 2879 5251 ita
2911 5213 3032 5251 esse
3066 5196 3362 5267 perfecti,
3390 5202 3455 5253 et
3490 5198 3552 5252 in
3582 5193 3781 5251 ofﬁciis

2124 5286 2570 5341 sacerdotalibus
2620 5286 2855 5353 eruditi,
2891 5288 2952 5339 ut
3001 5287 3255 5355 peccata
3310 5286 3533 5359 populi
3567 5286 3628 5340 in
3660 5285 3782 5339 leco

2125 5379 2345 5443 sancto,
2383 5375 2441 5430 in
2492 5375 2649 5430 atriis
2690 5374 3047 5429 tabernaculi
3106 5374 3469 5430 testimonii
3528 5374 3638 5445 ipsi
3670 5389 3782 5426 non

2125 5464 2416 5536 peccando
2449 5462 2969 5527 consumant.Quid
2991 5463 3191 5516 autem
3213 5466 3312 5517 est
3334 5462 3403 5518 in
3431 5465 3569 5519 loco
3587 5462 3784 5517 sancto

2125 5553 2476 5608 manducare
2495 5552 2792 5626 peccatum
2812 5552 2839 5606 ?
2862 5552 3018 5605 locus
3048 5551 3177 5603 erat.
3214 5554 3479 5605 sanctus
3512 5550 3576 5604 in
3610 5563 3783 5621 quem

2123 5645 2465 5712 pervenerat
2487 5643 2720 5714 Moyses,
2754 5638 3071 5695 secundum
3102 5637 3280 5708 quod
3314 5637 3560 5695 dictum
3599 5640 3690 5694 est
3717 5635 3787 5692 ad
