3876 6172
192 428 266 489 ,5,
1586 411 1963 473 EPISTOL/E.
3304 421 3410 480 453

192 565 312 610 eum:
334 545 474 602 Lam
498 541 641 598 enim
670 541 727 597 in
752 555 857 614 quo
889 544 996 595 stas
1023 540 1166 596 terra
1188 540 1374 594 sancta
1397 541 1472 593 est
1500 533 1696 610 (Exod.
1720 536 1775 597 Α
1794 533 2020 590 luxuria
2061 536 2146 590 est
2189 550 2201 590 :
2243 549 2350 589 non
2397 533 2750 605 vinolentum;
2781 532 2858 592 sic
2904 535 3066 595 bibat
3113 539 3412 616 episcopus

190 640 313 712 111,5).
330 633 575 693 Similiter
595 648 734 704 ergo
758 633 816 686 et
846 631 905 684 in
950 628 1200 684 Ecclesia
1246 628 1348 683 Dei
1385 629 1541 683 locus
1569 645 1699 682 san-
1802 628 1865 680 ut
1888 642 1960 679 an
1992 623 2202 679 biberit
2231 625 2550 696 ignoretur.
2585 647 2612 675 »
2644 626 2980 682 Ambrosius
3009 628 3068 683 in
3099 631 3412 703 Epistolam

189 734 274 784 ctus
289 729 354 781 est
377 724 498 778 fides
527 721 784 792 perfecta
813 721 871 773 et
899 717 1146 772 charitas
1178 718 1248 772 de
1274 718 1445 773 corde
1475 734 1618 789 puro
1645 720 1703 772 et
1805 715 1877 769 ad
1897 715 2188 769 Romanos
2219 732 2231 768 :
2266 734 2297 766 <‹
2321 714 2549 778 Quanta
2595 715 2836 771 felicitas
2882 735 3000 772 non
3055 722 3242 776 uxoris
3287 742 3410 779 esse

187 813 450 874 conscientia
468 808 880 880 pura.Videant
897 810 954 860 et
974 806 1196 860 discant
1207 806 1456 877 episcOpi
1477 805 1614 877 quid
1630 806 1702 860 sit
1806 820 2056 870 servum,
2077 803 2177 856 sed
2192 802 2395 857 Christi
2419 821 2431 872 ;
2457 820 2575 858 non
2590 805 2748 859 carni
2762 807 2991 874 servire,
3019 809 3118 863 sed
3144 811 3367 881 spiritui
3391 815 3404 868 Ξ

185 909 314 961 tactus
330 897 991 974 quifaciatimmundum,
1017 895 1155 967 quid
1171 911 1304 950 vero
1322 894 1390 948 sit
1406 897 1589 949 tactus
1606 895 1702 966 qui
1805 895 1899 964 qui
1923 891 2082 946 enim
2111 891 2343 946 adhaeret
2372 891 2626 960 Domino,
2661 912 2798 947 unus
2841 897 3063 966 spiritus
3093 906 3165 952 est
3199 899 3245 970 (1
3279 899 3406 956 Cor.

181 987 910 1056 laciatmundum.Apostolus
933 985 1069 1038 dicit
1103 1001 1114 1038 :
1151 983 1367 1038 Bonum
1398 990 1471 1037 est
1502 984 1705 1037 homini
1802 998 1895 1048 vn,
1919 980 2110 1052 l7),Ac
2124 980 2522 1035 neforsitanin
2536 999 2603 1036 eo
2619 983 2772 1054 quod
2787 985 3412 1054 supradixerat:Servus

180 1081 486 1135 ,ηυιίενεπιηοη
498 1074 778 1147 tangere(l
798 1071 924 1128 Cor.
941 1090 1038 1140 vn,
1061 1073 1238 1145 1).Hic
1250 1075 1432 1127 tactus
1455 1073 1704 1127 immun-
1803 1076 2020 1122 vocatus
2049 1086 2119 1136 es,
2147 1086 2251 1124 non
2279 1072 2348 1123 sit
2385 1070 2484 1123 tibi
2510 1088 2670 1137 cum,
2697 1073 2785 1125 sed
2819 1080 2870 1126 et
2906 1076 2952 1127 si
2963 1081 3112 1144 potes
3143 1077 3271 1130 liber
3291 1078 3414 1148 ﬁeri

182 1172 254 1225 dus
264 1173 343 1236 est;
360 1169 452 1222 hoc
476 1170 559 1220 est
573 1164 731 1220 enim
753 1164 892 1218 illud
907 1163 1063 1235 quod
1078 1162 1352 1217 Dominus
1368 1162 1428 1215 in
1443 1163 1699 1232 Evange-
1802 1160 1972 1228 magis
1986 1165 2134 1212 utere
2147 1157 2309 1228 (Ibid.
2321 1157 2750 1230 ,21),sugillasse
2765 1162 3183 1218 continentiam
3197 1165 3412 1221 videre-

176 1260 228 1313 lio
248 1258 342 1313 ait:
373 1255 562 1327 Siquis
603 1254 798 1308 viderit
826 1252 1095 1306 mulierem
1133 1251 1204 1305 ad
1231 1251 1702 1321 concupiscendum
1801 1250 1917 1314 tur,
1941 1249 1998 1300 et
2018 1247 2074 1336 in
2089 1247 2437 1302 famulatum
2453 1247 2752 1302 tradidisse
2769 1265 2872 1303 nos
2885 1252 3412 1336 conjugum,infert

178 1365 271 1414 eam,
286 1348 385 1417 jam
410 1344 686 1399 mechatus
717 1349 791 1396 est
818 1358 935 1396 eam
965 1343 1020 1394 in
1055 1340 1214 1394 corde
1239 1357 1330 1394 suo
1377 1339 1600 1413 (Matth.
1646 1356 1698 1407 ν,
1801 1335 2146 1391 sententiam
2162 1353 2288 1407 quae
2304 1353 2543 1391 omnem
2557 1337 2976 1392 cavillationem
2995 1343 3412 1412 amputetzpre-

173 1437 239 1498 28)
266 1452 277 1488 :
305 1434 469 1505 tetigit
507 1432 666 1486 enim
689 1447 786 1485 cor
817 1431 938 1500 ejus
977 1428 1453 1501 concupiscentiae
1479 1428 1699 1491 vitium,
1803 1428 1874 1479 tio
1888 1428 2257 1496 magnoempti
2275 1429 2424 1494 estis;
2454 1427 2613 1479 nolite
2634 1427 2908 1494 ﬁeriservi
2922 1429 3194 1484 hominum
3226 1432 3408 1504 (Ibid.,

175 1528 213 1578 et
232 1523 484 1578 immunda
514 1522 665 1575 facta
695 1523 780 1574 est
810 1519 1008 1575 anima
1038 1519 1178 1589 ejus.
1205 1517 1261 1572 Si
1289 1517 1413 1589 quis
1432 1533 1568 1589 ergo
1592 1519 1700 1572 hoc
1800 1515 2770 1586 23),nequeconjugum,redempti
2789 1520 3410 1590 sumuspretiosissimo

171 1613 296 1666 modo
320 1611 490 1683 tangit
515 1610 771 1681 aliquam
801 1624 950 1674 rem,
975 1607 1031 1661 id
1061 1610 1148 1661 est
1178 1607 1266 1661 vel
1298 1623 1402 1676 per
1444 1605 1704 1661 mulieris
1803 1603 2008 1658 Christi
2023 1604 2322 1674 sanguine.
2352 1603 2494 1657 Vere
2521 1607 2680 1658 amat
2703 1605 2951 1677 virgines
2979 1608 3252 1679 Christus,
3278 1613 3415 1684 quia

171 1699 746 1770 concupiscentiam,vel
791 1713 894 1768 per
918 1695 1175 1767 pecunia:
1210 1694 1583 1765 cupiditatem
1613 1695 1702 1748 vel
1803 1695 2006 1762 sponte
2037 1690 2303 1746 tribuunt
2333 1691 2488 1762 quod
2519 1691 2625 1746 sibi
2654 1710 2771 1748 non
2810 1695 2999 1751 fuerat
3034 1697 3410 1778 imperatum,

169 1788 244 1842 alio
260 1789 483 1860 quolibet
506 1787 726 1858 peccati
755 1785 1061 1852 desiderio,
1090 1785 1462 1839 immundum
1487 1785 1700 1857 tetigit,
1735 1850 1780 1860 “
1803 1779 2154 1850 majorisque
2167 1779 2367 1850 gratia:
2382 1778 2684 1834 estoﬁ'erre
2698 1783 2852 1853 quod
2867 1801 2983 1837 non
2998 1784 3412 1858 debeas,quam

169 1850 622 1948 “inquinatus-est.
645 1875 884 1946 Oportet
911 1850 1053 1944 ergo
1072 1877 1150 1940 te,
1176 1873 1218 1927 si
1257 1873 1393 1944 quid
1427 1875 1540 1928 tale
1571 1850 1702 1929 teti;
1734 1850 1783 1908 B
1804 1869 2047 1923 reddere
2075 1869 2230 1940 quod
2259 1869 2521 1939 exigeris.
2553 1850 2833 1942 Apostoli,
2854 1873 3041 1927 uxoris
3067 1850 3412 1932 onere.con-

165 1965 287 2034 geris,
304 1962 972 2036 sciregquomodo'oﬂ'eras
1001 1961 1366 2030 sacriﬁcium,
1385 1962 1704 2017 secundum
1805 1957 2084 2026 templato
2114 1956 2214 2010 :Si
2235 1957 2374 2024 talis,
2398 1956 2689 2029 inquiunt,
2714 1966 2788 2013 est
2815 1977 2976 2016 causa
3001 1964 3254 2032 hominis,
3294 1984 3415 2021 cum

166 2068 212 2105 ea
231 2069 331 2122 qua:
352 2054 407 2107 in
430 2051 824 2125 superioribus
849 2051 1325 2118 memoravimus,
1363 2053 1425 2105 ut
1451 2051 1706 2106 mundus
1805 2062 1966 2099 uxore
1994 2062 2101 2098 non
2130 2044 2336 2116 expedit
2363 2046 2552 2100 nubere
2581 2047 2801 2106 (Matth.
2831 2067 2940 2117 xxx,
2997 2051 3108 2123 10).
3156 2053 3415 2117 Quorum

165 2141 268 2195 eﬂici
290 2142 468 2214 possis.
495 2162 528 2190 ››
1808 2133 2160 2189 sententiam
2186 2133 2466 2189 Dominus
2497 2137 2750 2205 probans

209 2231 494 2286 Ambrosius
535 2231 596 2285 in
640 2230 955 2302 Epistolam
1005 2229 1078 2284 ad
1121 2231 1413 2284 Romanos
1440 2228 1507 2300 (c.
1536 2228 1655 2301 vm)
1691 2244 1704 2280 :
1808 2222 3419 2300 sentitis,quodexpediathominiadcaalorumrcgnaten-

165 2319 399 2383 «Fratres,
415 2323 718 2392 quicunque
743 2322 931 2390 spiritu
961 2319 1069 2373 Dei
1090 2325 1346 2389 aguntur,
1376 2319 1434 2371 hi
1459 2317 1566 2390 ﬁlii
1585 2322 1711 2372 sunt
1813 2311 1972 2366 denti
1995 2328 2114 2366 non
2137 2311 2396 2382 accipere
2431 2329 2698 2381 uxorem;
2724 2315 2835 2370 Sed
2864 2316 3108 2371 difﬁcilis
3125 2322 3209 2373 est
3229 2337 3340 2386 res,
3365 2324 3421 2375 et

159 2405 251 2475 Dei;
275 2408 314 2461 si
330 2410 616 2479 prudentia
645 2411 819 2463 carnis
847 2410 1063 2462 inimica
1085 2414 1160 2462 est
1198 2409 1252 2460 in
1281 2407 1478 2473 Deum,
1521 2409 1578 2460 et
1620 2406 1714 2478 qui
1810 2400 1940 2455 Non
1965 2415 2146 2456 omnes
2175 2402 2396 2472 capiunt
2439 2402 2659 2457 verbum
2690 2404 2851 2471 istud,
2882 2406 2975 2461 sed
3015 2407 3204 2478 quibus
3237 2410 3421 2464 datum

161 2497 197 2547 in
219 2513 347 2550 carne
366 2506 484 2552 sunt
510 2498 632 2552 Deo
674 2499 883 2569 placere
931 2513 1038 2549 non
1059 2501 1303 2566 possunt,
1332 2494 1582 2549 arbitror
1614 2511 1711 2549 eos
1814 2496 1889 2543 est
1912 2488 2098 2560 (Ibid.,
2120 2489 2490 2562 ll).Etpaulo
2505 2494 2635 2561 post
2652 2494 2954 2549 tractanda
2970 2497 3258 2552 sententia
3283 2503 3370 2554 est
3404 2516 3418 2554 :

157 2583 224 2652 qui
256 2585 485 2640 serviunt
551 2585 741 2641 ofﬁcio
790 2585 1081 2655 conjugali
1143 2584 1298 2654 quod
1340 2583 1711 2655 prudentiam
1813 2577 2293 2650 Sunt,inquit,qui
2313 2595 2363 2632 se
2389 2586 2750 2634 castravenmt
2764 2590 2985 2654 propter
3004 2589 3427 2654 regnacorlorum

157 2673 296 2726 carnis
322 2674 583 2746 diligant,
608 2677 666 2728 et
694 2675 752 2728 in
780 2690 952 2727 carne
983 2675 1135 2740 sunt,
1171 2689 1204 2726 a
1251 2689 1366 2744 qua
1413 2673 1714 2726 retrahens
1817 2667 2004 2734 (Ibid.,
2030 2667 2111 2729 l2)
2131 2680 2142 2724 :
2161 2684 2299 2738 ergo
2314 2668 2410 2739 qui
2434 2685 2492 2722 se
2515 2686 2632 2724 non
2656 2674 3069 2740 castraverunt,
3095 2676 3286 2732 locum
3309 2697 3427 2735 non

153 2775 227 2812 nos
245 2764 554 2831 Apostolus,
588 2765 646 2816 et
671 2763 923 2833 jungens
949 2761 1185 2832 Spiritui
1214 2761 1481 2832 deinceps
1527 2760 1712 2832 loqui-
1817 2761 2058 2828 possunt
2097 2757 2355 2827 accipere
2406 2760 2950 2827 castratoruszuz
2983 2771 3178 2833 potest,
3217 2768 3426 2840 inquit,

154 2849 219 2900 tur
241 2850 296 2914 (α.
321 2855 404 2918 xu)
440 2868 452 2905 :
485 2852 723 2906 Obsecro
771 2867 877 2918 vos,
919 2867 1018 2921 per
1050 2849 1461 2904 misericordiam
1500 2848 1623 2915 Dei,
1656 2855 1716 2902 ut
1818 2863 2020 2916 capere,
2049 2848 2226 2916 capiat
2253 2845 2460 2918 (Ibid.).
2493 2847 2736 2902 Grandis
2765 2849 2898 2904 ﬁdei
2946 2856 3030 2906 est
3079 2857 3430 2930 grandisque

149 2938 381 2994 eniibeatis
408 2957 641 3012 corpora
667 2947 842 2995 vestra
887 2941 1112 2994 hostiam
1144 2942 1425 3006 viventem,
1453 2946 1712 3006 sanctam,
1817 2933 2060 2997 virtutis,
2094 2935 2194 2989 Dei
2227 2935 2511 3006 templum
2544 2953 2664 2990 esse
2703 2938 3094 3009 purissimum.
3127 2945 3333 3000 Totum
3371 2964 3430 3002 se

151 3023 555 3096 Πεοριαεεπιενη,
595 3051 622 3077 ,,
655 3029 814 3083 [dem
845 3032 973 3101 post
1003 3045 1224 3099 pauca;
1258 3048 1286 3078 ι
1317 3028 1476 3095 Vide,
1510 3029 1712 3096 frater,
1817 3023 2220 3077 holocaustum
2276 3023 2484 3078 offerre
2541 3025 2810 3095 Domino,
2859 3031 2915 3081 et
2956 3029 3121 3098 juxta
3155 3034 3429 3089 eumdem

148 3120 318 3183 quanta
352 3118 546 3190 pudici
561 3117 641 3172 tia
669 3118 929 3189 exigatur
974 3117 1034 3172 iu
1086 3117 1376 3188 episcopo,
1409 3121 1471 3172 ut
1524 3117 1568 3171 si
1612 3116 1715 3172 ﬁlii
1746 3169 1790 3192 η
1816 3111 2156 3182 Apostolum
2189 3129 2310 3166 esse
2343 3115 2607 3166 sanctum
2637 3116 2693 3167 et
2719 3131 2960 3187 corpore
3007 3121 3065 3171 ct
3107 3120 3328 3192 spiritu.
3365 3124 3430 3178 Hi

149 3201 238 3268 ejus
257 3204 516 3276 impudici
537 3207 782 3273 fuerint,
811 3207 932 3276 ipse
958 3205 1258 3276 episcopus
1289 3221 1409 3259 esse
1439 3221 1556 3259 non
1587 3222 1715 3277 p03-
1744 3200 1791 3229 υ
1819 3203 1952 3254 sunt
1984 3200 2232 3255 eunuchi
2259 3201 2451 3272 qui,se
2472 3201 2698 3272 lignum
2713 3203 2939 3259 aridum
2968 3207 3041 3260 ob
3068 3209 3431 3266 sterilitatem

146 3289 211 3358 sit,
233 3297 284 3346 et,
306 3295 511 3350 eodem
549 3294 692 3349 vitio
726 3294 983 3350 offendat
1020 3296 1201 3348 Deum
1234 3310 1346 3365 quo
1387 3293 1630 3348 offendit
1661 3297 1719 3348 et
1820 3292 2114 3361 putantes,
2155 3289 2400 3344 audiunt
2448 3306 2551 3361 per
2593 3291 2796 3345 Isaiam
2829 3292 2960 3364 (Isa.
2998 3299 3110 3363 LVI)
3142 3300 3295 3369 quod
3327 3318 3430 3372 pro

147 3376 233 3432 lleli
252 3383 494 3450 pontifex
512 3383 620 3456 qui
638 3383 994 3454 corripuerat
1021 3382 1256 3454 quidem
1285 3381 1566 3448 ﬁlios,sed
1585 3382 1720 3453 quia
1822 3378 1954 3432 ﬁliis
1983 3382 2040 3432 et
2069 3377 2296 3432 ﬁliabus
2327 3379 2519 3433 locum
2550 3380 2805 3436 habeant
2835 3381 2892 3436 in
2925 3385 3075 3440 caelis
3101 3391 3426 3457 paratum.»

144 3479 229 3521 non
256 3471 542 3542 abjecerat
589 3472 1014 3542 delinquentes,
1047 3474 1364 3524 retrorsum
1405 3470 1630 3538 cecidit,
1664 3475 1722 3526 et
1823 3468 2253 3539 Hieronymus:
2292 3468 2474 3523 «Non
2520 3472 2711 3540 potest
2756 3472 2989 3526 Domini
3036 3476 3246 3531 servire
3279 3479 3430 3534 mili-

148 3563 362 3614 mortuus
378 3566 462 3615 est
490 3562 550 3632 (Ι
569 3561 819 3631 Reg.iv).
839 3562 900 3614 In
926 3559 1084 3614 omni
1108 3560 1294 3630 gradu
1313 3562 1369 3614 et
1400 3575 1534 3614 sexu
1561 3561 1724 3614 tenet
1823 3557 1938 3622 tia),
1972 3554 2069 3627 qui
2109 3571 2301 3610 servus
2349 3560 2434 3611 est
2473 3556 2684 3612 uxoris.
2729 3560 2807 3613 De
2837 3561 3080 3632 speculis
3119 3565 3431 3623 mulierum

144 3645 368 3711 pudicitia
383 3648 1204 3721 principatum.Cernisigitur
1221 3648 1377 3719 quod
1399 3648 1718 3718 episcopus,
1818 3644 2235 3717 jejunantium,
2271 3645 2431 3716 quasi
2460 3646 2530 3700 de
2562 3646 2882 3717 purissimis
2927 3653 3264 3722 corporibus
3308 3656 3429 3709 Vir-

145 3736 414 3806 presbyter,
439 3739 730 3792 diaconus
745 3754 860 3791 non
879 3737 1008 3791 ideo
1029 3736 1721 3809 sintbeatiquiaepiscopi
1823 3735 2050 3806 ginum.
2088 3734 2260 3788 Luter
2281 3734 2338 3788 in
2363 3735 2736 3790 tabernaculo
2770 3737 3050 3807 funditus,
3085 3745 3141 3795 et
3162 3743 3432 3800 intrinse-

146 3820 204 3873 vel
218 3825 520 3898 presbyteri
539 3825 1050 3892 suntautdiaconi,
1075 3826 1173 3880 sed
1187 3824 1480 3880 sivirtutes
1502 3826 1718 3880 habue-
1822 3842 1918 3879 cus
1945 3825 2004 3879 in
2035 3823 2362 3878 sanctuario
2408 3826 2529 3877 tam
2567 3824 2900 3893 Cherubim,
2934 3845 3110 3900 quam
3156 3834 3432 3903 propitia-

1821 3913 2036 3968 torium
2069 3914 2125 3966 et
2152 3928 2285 3966 arca
2313 3913 2669 3979 testamenti,
2703 3915 2760 3967 et
2792 3931 2994 3971 mensa
3023 3921 3433 3990 propositionis

1822 4004 1880 4055 et
1905 4001 2322 4056 candelabrum
2361 4002 2418 4054 et
2461 4000 2821 4056 thuribulum
2870 4021 2936 4057 ex
2981 4023 3119 4060 auro
3169 4010 3429 4064 mundis-

1823 4087 1970 4143 simo
2002 4091 2135 4142 sunt
2170 4105 2182 4141 :
2214 4103 2402 4158 neque
2435 4087 2593 4141 enim
2625 4089 2685 4142 in
2718 4088 2928 4144 Sancta
2958 4097 3289 4151 sanctorum
3327 4115 3430 4169 po-

142 4174 223 4230 erit
244 4195 254 4231 :
278 4184 334 4234 ut
364 4182 708 4255 Stephanus
737 4182 1037 4248 diaconus,
1060 4181 1156 4252 qui
1189 4181 1411 4254 primus
1443 4181 1720 4254 martyrio
1825 4179 1974 4232 terat
2004 4176 2206 4230 inferri
2238 4179 2569 4247 argentum.
2604 4176 2766 4232 Sicut
2811 4178 2870 4232 in
2901 4179 3057 4251 ligno
3088 4186 3316 4254 vermis,
3351 4187 3432 4242 ita

138 4275 402 4325 coronatus
424 4276 516 4326 est
538 4271 744 4326 minor
763 4271 1057 4324 futurusin
1081 4287 1262 4342 regno
1277 4272 1554 4326 malorum
1577 4273 1723 4327 muL
1827 4267 2021 4340 perdit
2039 4267 2227 4320 virum
2259 4283 2427 4320 suum
2459 4283 2602 4322 uxor
2631 4269 2914 4324 maleﬁca.
2950 4271 3007 4325 Si
3051 4278 3245 4328 autem
3279 4294 3427 4333 asse-

141 4350 483 4432 tisepiscOpis,
517 4365 581 4415 et
602 4359 906 4414 Timotheo
930 4376 996 4414 ac
1017 4360 1328 4431 Titozquos
1355 4363 1417 4414 ut
1441 4361 1725 4432 subjicere
1825 4356 2008 4411 rueris
2037 4357 2144 4410 hoc
2171 4355 2240 4410 de
2271 4355 2437 4410 malis
2457 4356 2674 4412 dictum
2707 4375 2827 4412 esse
2856 4361 3218 4433 conjugibus,
3246 4370 3302 4420 et
3323 4384 3430 4438 ego

137 4457 226 4496 non
241 4448 530 4515 audeo,ita
553 4465 667 4503 nec
683 4447 1103 4520 anteponere(l
1123 4448 1530 4522 Tim.m,2,3).
1553 4449 1724 4521 Opor-
1747 4439 1799 4497 D
1823 4446 1928 4501 tibi
1961 4445 2209 4500 breviter
2239 4445 2604 4516 respondebo
2636 4464 2648 4501 :
2685 4447 2820 4511 Qua:
2853 4450 3009 4504 enim
3039 4453 3178 4507 mihi
3212 4456 3431 4510 incum-

144 3908 231 3962 rint
253 3915 558 3971 nominum
589 3931 830 3970 suorum
876 3917 933 3968 et
983 3914 1346 3969 ofﬁciorum:
1379 3913 1632 3986 alioquin
1675 3913 1721 3968 si

144 3994 367 4058 diaconus
391 4005 664 4060 sanctior
693 4005 960 4076 episcopo
1000 4020 1100 4058 suo
1150 4003 1345 4070 fuerit,
1379 4021 1498 4058 non
1538 4021 1604 4058 ex
1651 4020 1719 4059 eo

141 4088 259 4153 quod
275 4090 327 4144 in
350 4093 624 4148 inferiori
646 4091 859 4164 gradus
880 4095 965 4146 est
986 4092 1138 4163 apud
1163 4092 1450 4147 Christum
1470 4092 1723 4148 deterior

2785 2154 2796 2190 :
2829 2138 3000 2192 Recte
3032 2140 3288 2211 quidem,
3314 2143 3413 2210 ait,
3498 2170 3519 2188 ο

139 4537 188 4581 let
223 4551 330 4604 ergo
379 4541 694 4610 episcopum
747 4538 1250 4608 irreprehensibilem
1295 4556 1418 4606 esse,
1466 4542 1529 4593 ut
1581 4540 1722 4594 nulli

133 4618 237 4674 vitio
259 4626 493 4682 luxuriae
542 4626 916 4698 mancipatus
944 4626 1058 4680 sit:
1093 4629 1248 4681 unius
1289 4630 1469 4683 uxoris
1516 4631 1718 4697 virum,

136 4709 206 4775 qui
224 4729 386 4769 unam
427 4732 687 4771 uxorem
716 4715 1004 4777 habuerit,
1043 4733 1161 4770 non
1211 4717 1308 4788 qui
1353 4717 1564 4773 habeat
1593 4735 1605 4772 :
1638 4736 1722 4773 so-

136 4795 292 4868 brium,
315 4805 452 4871 sive,
485 4810 555 4860 ut
595 4805 658 4858 in
686 4805 878 4860 Graeco
907 4805 1136 4870 dicitur,
1159 4805 1514 4876 vigilantem,
1549 4807 1606 4861 id
1639 4812 1724 4863 est

138 4883 403 4957 Nipbanon
431 4895 727 4966 [νηφαντόν]
765 4911 777 4948 :
797 4896 1078 4966 pudicum,
1115 4896 1223 4950 hoc
1251 4897 1407 4950 enim
1439 4896 1724 4968 signiﬁcat

135 4972 448 5047 Sophronon
479 4985 798 5055 [adiqpova],
825 4992 1078 5039 ornatum
1109 4989 1167 5038 et
1204 4985 1465 5040 castitate
1497 4989 1554 5040 et
1604 5004 1724 5041 mo-

137 5062 261 5119 ribus
290 5087 302 5122 :
334 5071 687 5142 hospitalem,
735 5075 796 5125 ut
833 5073 1094 5126 imitetur
1129 5073 1443 5140 Abraham,
1487 5076 1546 5128 et
1589 5090 1721 5128 cum

134 5157 436 5227 peregrinis,
467 5161 604 5214 imo
638 5159 694 5214 in
735 5160 1058 5232 peregrinis
1082 5160 1366 5216 Christum
1404 5162 1676 5234 suscipiat
1705 5181 1718 5218 :

133 5240 376 5313 doctorem,
406 5250 563 5304 nihil
599 5250 758 5303 enim
788 5250 1023 5321 prodest
1065 5251 1416 5305 conscientia
1445 5252 1721 5307 virtutum

133 5327 427 5399 frui,nisict
449 5337 751 5392 creditum
774 5338 877 5391 sibi
899 5339 1176 5408 populum
1208 5340 1384 5410 possit
1414 5339 1718 5409 instruere,

137 5422 181 5468 nl
201 5426 370 5480 valeat
390 5427 703 5481 exhortari
728 5427 784 5480 in
808 5427 1090 5496 doctrina,
1113 5432 1170 5482 et
1192 5445 1289 5483 eos
1308 5429 1403 5498 qui
1428 5431 1720 5485 contradi-

135 5515 635 5586 l“funtrcdarguerc
664 5532 676 5568 :
709 5532 814 5569 non
841 5517 1186 5583 vinolentum,
1219 5518 1355 5588 quia
1395 5535 1625 5590 semper
1663 5519 1720 5572 in

137 5602 308 5653 sanctis
338 5609 697 5658 sanctorum
729 5608 828 5669 est,
869 5608 926 5658 et
957 5605 1125 5658 offert
1155 5605 1388 5666 hostias.
1437 5606 1633 5660 vinum
1666 5609 1723 5660 ct

137 5682 339 5746 siceram
391 5710 515 5748 non
562 5689 756 5745 bibit:
791 5708 896 5746 non
931 5693 1272 5758 vinolentum,
1305 5694 1438 5765 quia
1482 5694 1537 5749 in
1591 5695 1723 5751 vino

537 5789 782 5844 ΡΑτιοι..
817 5787 1065 5845 CXXXIX.

1823 4535 1907 4589 bit
1934 4534 2243 4588 necessitas
2270 4534 2462 4588 venire
2495 4534 2552 4588 in
2582 4535 2822 4591 dubium
2854 4541 3048 4595 utrum
3081 4545 3232 4598 mala
3265 4545 3335 4599 sit
3356 4563 3429 4600 an

1821 4625 1977 4679 bona
1999 4624 2193 4677 futura
2219 4640 2395 4694 quam
2427 4625 2680 4680 duxero?
2713 4627 2915 4682 melius
2947 4633 3031 4684 est
3061 4632 3320 4688 habitare
3369 4635 3426 4688 in

1823 4717 1981 4769 terra
2001 4714 2228 4768 deserta
2254 4731 2430 4786 quam
2444 4731 2572 4769 cum
2587 4733 2763 4770 uxore
2780 4717 3030 4790 litigiosa
3052 4725 3107 4776 et
3126 4721 3426 4778 iracunda.

1825 4804 2010 4868 Quam
2035 4821 2236 4858 rarum
2266 4804 2338 4858 sit
2374 4821 2616 4859 uxorem
2657 4806 2780 4861 sine
2819 4808 2908 4862 his
2954 4810 3102 4864 vitiis
3145 4811 3427 4884 invenire,

1823 4893 1983 4948 novit
2018 4893 2112 4947 ille
2144 4893 2239 4964 qui
2274 4892 2432 4947 duxit
2477 4911 2735 4948 uxorem.
2775 4897 2937 4950 Unde
2969 4900 3207 4968 pulchre
3233 4902 3430 4958 Varius

1823 4982 2383 5049 Geminus,sublimis
2401 4982 2632 5039 orator?
2651 5007 2677 5034 «
2703 4984 2804 5048 Qui
2833 5003 2973 5054 non,
2993 4987 3199 5060 inquit,
3218 4991 3427 5063 litigat,

1825 5072 2032 5127 cmlebs
2062 5075 2147 5125 est
2173 5088 2185 5125 :
2225 5093 2252 5119 »
2279 5070 2476 5125 Melius
2506 5080 2579 5125 est
2608 5073 2908 5128 inhabitare
2951 5078 3005 5128 in
3051 5080 3248 5147 angulo
3288 5084 3427 5148 tecti,

1825 5179 1984 5233 quam
2017 5177 2139 5216 cum
2171 5177 2333 5213 uxore
2364 5160 2624 5215 maledica
2658 5163 2712 5215 in
2757 5163 2911 5218 domo
2946 5171 3220 5220 communi
3243 5169 3429 5239 (Prov.

1824 5266 1949 5316 xxv,
2000 5251 2130 5313 24):
2165 5249 2404 5304 assiduis
2453 5251 2666 5322 quippe
2713 5253 2942 5324 jurgiis,
2995 5259 3051 5309 et
3096 5259 3434 5328 quotidiana

1825 5339 2164 5412 garrulitate
2206 5339 2344 5394 facit
2383 5342 2688 5411 perpluere
2746 5343 2984 5398 domum
3019 5347 3159 5415 ejus,
3195 5353 3252 5402 et
3281 5351 3436 5420 ejicit

1825 5446 1957 5483 eum
1985 5429 2054 5483 de
2079 5429 2296 5483 adibus
2316 5430 2448 5498 suis,
2465 5431 2522 5486 id
2549 5432 2716 5486 estde
2741 5433 3004 5488 Ecclesia.
3022 5434 3263 5491 {Estimo
3278 5439 3431 5510 quod

1825 5517 1922 5589 qui
1956 5534 2191 5572 uxorem
2222 5519 2694 5592 habet,quandiu
2727 5522 2799 5574 ad
2833 5521 3078 5592 idipsum
3107 5527 3431 5592 revertitur,

1828 5625 1943 5660 non
1969 5611 2151 5661 tentet
2182 5625 2313 5662 eum
2344 5609 2606 5676 Satanas,
2639 5611 2773 5681 quia
2801 5611 2856 5663 in
2887 5628 3058 5666 carne
3089 5615 3356 5681 seminat,
3378 5620 3436 5669 ct

1829 5713 1944 5752 non
1978 5697 2035 5751 in
2066 5697 2307 5770 spiritu;
2343 5697 2438 5770 qui
2481 5702 2677 5753 autem
2714 5699 2772 5753 in
2807 5717 2982 5755 carne
3022 5702 3290 5771 seminat,
3318 5720 3434 5760 non

3129 5801 3189 5854 l5
