  <div class='ocr_page' id='page_1' title='image "/cluster/home/n/w/nwhite01/storage/ocr_20150623/139/hvd.32044054759998/235.png"; bbox 0 0 3922 6168; ppageno 0'>
   <div class='ocr_carea' id='block_1_1' title="bbox 469 402 3747 476">
    <p class='ocr_par' dir='ltr' id='par_1_1' title="bbox 469 402 3747 476">
     <span class='ocr_line' id='line_1_1' title="bbox 469 402 3747 476; baseline 0.005 -17"><span class='ocrx_word' id='word_1_1' title='bbox 469 403 574 460; x_wconf 78' lang='grc'><strong>459</strong></span> <span class='ocrx_word' id='word_1_2' title='bbox 1333 402 1396 466; x_wconf 91' lang='lat' dir='ltr'>S.</span> <span class='ocrx_word' id='word_1_3' title='bbox 1422 402 1719 462; x_wconf 83' lang='lat' dir='ltr'>ABBONIS</span> <span class='ocrx_word' id='word_1_4' title='bbox 1760 404 2057 464; x_wconf 80' lang='lat' dir='ltr'>ABBONIS</span> <span class='ocrx_word' id='word_1_5' title='bbox 2085 407 2374 467; x_wconf 75' lang='lat' dir='ltr'>ABBATIS</span> <span class='ocrx_word' id='word_1_6' title='bbox 2405 408 2926 469; x_wconf 81' lang='lat' dir='ltr'>ELORIACENSIS.</span> <span class='ocrx_word' id='word_1_7' title='bbox 3652 418 3747 476; x_wconf 64' lang='grc'>460</span> 
     </span>
    </p>
   </div>
   <div class='ocr_carea' id='block_1_2' title="bbox 460 523 3748 607">
    <p class='ocr_par' dir='ltr' id='par_1_2' title="bbox 460 523 3748 607">
     <span class='ocr_line' id='line_1_2' title="bbox 460 523 3748 607; baseline 0.004 -22"><span class='ocrx_word' id='word_1_8' title='bbox 460 542 591 602; x_wconf 86' lang='lat' dir='ltr'>ego,</span> <span class='ocrx_word' id='word_1_9' title='bbox 612 523 711 585; x_wconf 87' lang='lat' dir='ltr'>sed</span> <span class='ocrx_word' id='word_1_10' title='bbox 729 525 1036 599; x_wconf 82' lang='lat' dir='ltr'>Apostolus</span> <span class='ocrx_word' id='word_1_11' title='bbox 1063 525 1321 600; x_wconf 82' lang='lat' dir='ltr'>loquitur</span> <span class='ocrx_word' id='word_1_12' title='bbox 1351 529 1507 602; x_wconf 90' lang='lat' dir='ltr'>quod</span> <span class='ocrx_word' id='word_1_13' title='bbox 1535 530 1720 585; x_wconf 89' lang='lat' dir='ltr'>metat</span> <span class='ocrx_word' id='word_1_14' title='bbox 1747 529 2042 601; x_wconf 81' lang='lat' dir='ltr'>corruptio</span> <span class='ocrx_word' id='word_1_15' title='bbox 2052 556 2081 570; x_wconf 82' lang='lat'>-</span> <span class='ocrx_word' id='word_1_16' title='bbox 2096 536 2152 596; x_wconf 85' lang='grc' dir='ltr'><strong>Α</strong></span> <span class='ocrx_word' id='word_1_17' title='bbox 2178 532 2286 606; x_wconf 88' lang='lat' dir='ltr'>ipsi</span> <span class='ocrx_word' id='word_1_18' title='bbox 2309 548 2428 590; x_wconf 89' lang='lat' dir='ltr'>non</span> <span class='ocrx_word' id='word_1_19' title='bbox 2446 535 2736 607; x_wconf 83' lang='lat' dir='ltr'>peccando</span> <span class='ocrx_word' id='word_1_20' title='bbox 2750 534 3477 599; x_wconf 80' lang='lat' dir='ltr'>consumant.011idantem</span> <span class='ocrx_word' id='word_1_21' title='bbox 3488 536 3748 597; x_wconf 84' lang='lat' dir='ltr'>estinloco</span> 
     </span>
    </p>
   </div>
   <div class='ocr_carea' id='block_1_3' title="bbox 462 615 3752 695">
    <p class='ocr_par' dir='ltr' id='par_1_3' title="bbox 462 615 3752 695">
     <span class='ocr_line' id='line_1_3' title="bbox 462 615 3752 695; baseline 0.003 -22"><span class='ocrx_word' id='word_1_22' title='bbox 462 633 597 673; x_wconf 89' lang='lat' dir='ltr'>nem</span> <span class='ocrx_word' id='word_1_23' title='bbox 628 615 776 689; x_wconf 86' lang='lat' dir='ltr'>(Gal.</span> <span class='ocrx_word' id='word_1_24' title='bbox 813 632 885 683; x_wconf 90' lang='lat' dir='ltr'><strong>v1,</strong></span> <span class='ocrx_word' id='word_1_25' title='bbox 920 616 995 689; x_wconf 92' lang='lat'>8).</span> <span class='ocrx_word' id='word_1_26' title='bbox 1032 616 1213 688; x_wconf 82' lang='lat' dir='ltr'>Elegit</span> <span class='ocrx_word' id='word_1_27' title='bbox 1244 635 1337 672; x_wconf 88' lang='lat' dir='ltr'>nos</span> <span class='ocrx_word' id='word_1_28' title='bbox 1369 621 1425 673; x_wconf 88' lang='lat' dir='ltr'>in</span> <span class='ocrx_word' id='word_1_29' title='bbox 1456 618 1667 673; x_wconf 76' lang='lat' dir='ltr'>Christo</span> <span class='ocrx_word' id='word_1_30' title='bbox 1714 621 1865 675; x_wconf 90' lang='lat' dir='ltr'>Deus</span> <span class='ocrx_word' id='word_1_31' title='bbox 1907 621 2077 674; x_wconf 87' lang='lat' dir='ltr'>Pater</span> <span class='ocrx_word' id='word_1_32' title='bbox 2179 627 2377 679; x_wconf 88' lang='lat' dir='ltr'>sancto</span> <span class='ocrx_word' id='word_1_33' title='bbox 2412 625 2763 680; x_wconf 82' lang='lat' dir='ltr'>manducare</span> <span class='ocrx_word' id='word_1_34' title='bbox 2804 628 3109 695; x_wconf 85' lang='lat' dir='ltr'>peccatum</span> <span class='ocrx_word' id='word_1_35' title='bbox 3131 623 3159 677; x_wconf 87' lang='lat'><strong>?</strong></span> <span class='ocrx_word' id='word_1_36' title='bbox 3204 624 3362 678; x_wconf 84' lang='lat' dir='ltr'>locus</span> <span class='ocrx_word' id='word_1_37' title='bbox 3399 629 3518 680; x_wconf 87' lang='lat' dir='ltr'>erat</span> <span class='ocrx_word' id='word_1_38' title='bbox 3552 633 3752 684; x_wconf 86' lang='lat' dir='ltr'>sanctus</span> 
     </span>
    </p>
   </div>
   <div class='ocr_carea' id='block_1_4' title="bbox 458 707 3752 784">
    <p class='ocr_par' dir='ltr' id='par_1_4' title="bbox 458 707 3752 784">
     <span class='ocr_line' id='line_1_4' title="bbox 458 707 3752 784; baseline 0.002 -22"><span class='ocrx_word' id='word_1_39' title='bbox 458 714 584 762; x_wconf 84' lang='lat' dir='ltr'>ante</span> <span class='ocrx_word' id='word_1_40' title='bbox 602 707 1027 762; x_wconf 71' lang='lat' dir='ltr'>constitutionem</span> <span class='ocrx_word' id='word_1_41' title='bbox 1057 707 1327 774; x_wconf 80' lang='lat' dir='ltr'>mundi,ut</span> <span class='ocrx_word' id='word_1_42' title='bbox 1355 725 1579 762; x_wconf 76' lang='lat' dir='ltr'>essemus</span> <span class='ocrx_word' id='word_1_43' title='bbox 1608 710 1784 762; x_wconf 80' lang='lat' dir='ltr'>sancti</span> <span class='ocrx_word' id='word_1_44' title='bbox 1810 715 1857 762; x_wconf 91' lang='lat' dir='ltr'>et</span> <span class='ocrx_word' id='word_1_45' title='bbox 1885 711 2077 762; x_wconf 78' lang='lat' dir='ltr'>imma-</span> <span class='ocrx_word' id='word_1_46' title='bbox 2176 711 2235 766; x_wconf 92' lang='lat' dir='ltr'>in</span> <span class='ocrx_word' id='word_1_47' title='bbox 2257 729 2431 783; x_wconf 88' lang='lat' dir='ltr'>quem</span> <span class='ocrx_word' id='word_1_48' title='bbox 2449 716 2787 784; x_wconf 76' lang='lat' dir='ltr'>pervenerat</span> <span class='ocrx_word' id='word_1_49' title='bbox 2799 712 3032 783; x_wconf 81' lang='lat' dir='ltr'>Moyses,</span> <span class='ocrx_word' id='word_1_50' title='bbox 3054 712 3378 766; x_wconf 90' lang='lat' dir='ltr'>secundum</span> <span class='ocrx_word' id='word_1_51' title='bbox 3398 714 3546 784; x_wconf 88' lang='lat' dir='ltr'>quod</span> <span class='ocrx_word' id='word_1_52' title='bbox 3565 715 3752 771; x_wconf 84' lang='lat' dir='ltr'>dictum</span> 
     </span>
    </p>
   </div>
   <div class='ocr_carea' id='block_1_5' title="bbox 458 794 3754 872">
    <p class='ocr_par' dir='ltr' id='par_1_5' title="bbox 458 794 3754 872">
     <span class='ocr_line' id='line_1_5' title="bbox 458 794 3754 872; baseline 0.002 -21"><span class='ocrx_word' id='word_1_53' title='bbox 458 796 629 852; x_wconf 79' lang='lat' dir='ltr'>culati</span> <span class='ocrx_word' id='word_1_54' title='bbox 652 811 831 848; x_wconf 89' lang='lat' dir='ltr'>coram</span> <span class='ocrx_word' id='word_1_55' title='bbox 862 811 918 848; x_wconf 88' lang='lat' dir='ltr'>eo</span> <span class='ocrx_word' id='word_1_56' title='bbox 960 794 1121 865; x_wconf 73' lang='lat' dir='ltr'>(Eph.</span> <span class='ocrx_word' id='word_1_57' title='bbox 1158 814 1196 864; x_wconf 87' lang='lat'>1,</span> <span class='ocrx_word' id='word_1_58' title='bbox 1240 799 1316 866; x_wconf 81' lang='grc'>4).</span> <span class='ocrx_word' id='word_1_59' title='bbox 1348 797 1766 851; x_wconf 81' lang='lat' dir='ltr'>Ambuluvimus</span> <span class='ocrx_word' id='word_1_60' title='bbox 1797 798 1852 850; x_wconf 87' lang='lat' dir='ltr'>in</span> <span class='ocrx_word' id='word_1_61' title='bbox 1882 814 2076 851; x_wconf 89' lang='lat' dir='ltr'>concu-</span> <span class='ocrx_word' id='word_1_62' title='bbox 2176 803 2261 854; x_wconf 90' lang='lat' dir='ltr'>est</span> <span class='ocrx_word' id='word_1_63' title='bbox 2286 801 2360 854; x_wconf 88' lang='lat' dir='ltr'>ad</span> <span class='ocrx_word' id='word_1_64' title='bbox 2391 817 2525 855; x_wconf 90' lang='lat' dir='ltr'>eum</span> <span class='ocrx_word' id='word_1_65' title='bbox 2556 817 2570 855; x_wconf 88' lang='lat'>:</span> <span class='ocrx_word' id='word_1_66' title='bbox 2604 801 2775 855; x_wconf 84' lang='lat' dir='ltr'>Locus</span> <span class='ocrx_word' id='word_1_67' title='bbox 2803 802 2949 855; x_wconf 84' lang='lat' dir='ltr'>enim</span> <span class='ocrx_word' id='word_1_68' title='bbox 2979 802 3035 855; x_wconf 77' lang='lat' dir='ltr'>in</span> <span class='ocrx_word' id='word_1_69' title='bbox 3063 817 3172 872; x_wconf 86' lang='lat' dir='ltr'>quo</span> <span class='ocrx_word' id='word_1_70' title='bbox 3194 806 3304 854; x_wconf 81' lang='lat' dir='ltr'>stas</span> <span class='ocrx_word' id='word_1_71' title='bbox 3337 807 3471 854; x_wconf 88' lang='lat' dir='ltr'>terra</span> <span class='ocrx_word' id='word_1_72' title='bbox 3494 810 3661 856; x_wconf 81' lang='lat' dir='ltr'>sancta</span> <span class='ocrx_word' id='word_1_73' title='bbox 3693 811 3754 858; x_wconf 81' lang='lat' dir='ltr'>est</span> 
     </span>
    </p>
   </div>
   <div class='ocr_carea' id='block_1_6' title="bbox 450 883 3755 962">
    <p class='ocr_par' dir='ltr' id='par_1_6' title="bbox 450 883 3755 962">
     <span class='ocr_line' id='line_1_6' title="bbox 450 883 3755 962; baseline 0.004 -27"><span class='ocrx_word' id='word_1_74' title='bbox 450 884 719 956; x_wconf 76' lang='lat' dir='ltr'>piscentiis</span> <span class='ocrx_word' id='word_1_75' title='bbox 745 884 922 936; x_wconf 85' lang='lat' dir='ltr'>carnis</span> <span class='ocrx_word' id='word_1_76' title='bbox 945 883 1203 953; x_wconf 82' lang='lat' dir='ltr'>facientes</span> <span class='ocrx_word' id='word_1_77' title='bbox 1242 884 1571 938; x_wconf 77' lang='lat' dir='ltr'>voluntatem</span> <span class='ocrx_word' id='word_1_78' title='bbox 1620 886 1733 955; x_wconf 84' lang='lat' dir='ltr'>ejus</span> <span class='ocrx_word' id='word_1_79' title='bbox 1785 892 1834 938; x_wconf 85' lang='lat' dir='ltr'>et</span> <span class='ocrx_word' id='word_1_80' title='bbox 1878 887 2078 954; x_wconf 87' lang='lat' dir='ltr'>eogita-</span> <span class='ocrx_word' id='word_1_81' title='bbox 2178 888 2375 960; x_wconf 75' lang='lat' dir='ltr'>(Exod.</span> <span class='ocrx_word' id='word_1_82' title='bbox 2408 907 2490 956; x_wconf 88' lang='lat'><strong>111,</strong></span> <span class='ocrx_word' id='word_1_83' title='bbox 2539 890 2615 962; x_wconf 84' lang='lat'>5).</span> <span class='ocrx_word' id='word_1_84' title='bbox 2668 889 2946 945; x_wconf 83' lang='lat' dir='ltr'>Similiter</span> <span class='ocrx_word' id='word_1_85' title='bbox 2986 905 3131 960; x_wconf 88' lang='lat' dir='ltr'>ergo</span> <span class='ocrx_word' id='word_1_86' title='bbox 3186 891 3247 945; x_wconf 86' lang='lat' dir='ltr'>et</span> <span class='ocrx_word' id='word_1_87' title='bbox 3296 889 3357 944; x_wconf 90' lang='lat' dir='ltr'>in</span> <span class='ocrx_word' id='word_1_88' title='bbox 3395 889 3625 945; x_wconf 87' lang='lat' dir='ltr'>Ecclesia</span> <span class='ocrx_word' id='word_1_89' title='bbox 3670 893 3755 947; x_wconf 87' lang='lat' dir='ltr'>Dei</span> 
     </span>
    </p>
   </div>
   <div class='ocr_carea' id='block_1_7' title="bbox 458 972 3752 1049">
    <p class='ocr_par' dir='ltr' id='par_1_7' title="bbox 458 972 3752 1049">
     <span class='ocr_line' id='line_1_7' title="bbox 458 972 3752 1049; baseline 0.002 -21"><span class='ocrx_word' id='word_1_90' title='bbox 458 976 695 1040; x_wconf 87' lang='lat' dir='ltr'>tionum;</span> <span class='ocrx_word' id='word_1_91' title='bbox 728 978 777 1026; x_wconf 92' lang='lat' dir='ltr'>et</span> <span class='ocrx_word' id='word_1_92' title='bbox 804 972 1008 1041; x_wconf 88' lang='lat' dir='ltr'>fuimus</span> <span class='ocrx_word' id='word_1_93' title='bbox 1037 973 1145 1040; x_wconf 84' lang='lat' dir='ltr'>ﬁlii</span> <span class='ocrx_word' id='word_1_94' title='bbox 1175 975 1265 1025; x_wconf 70' lang='lat' dir='ltr'>ira:</span> <span class='ocrx_word' id='word_1_95' title='bbox 1289 974 1423 1026; x_wconf 89' lang='lat' dir='ltr'>sicut</span> <span class='ocrx_word' id='word_1_96' title='bbox 1448 979 1497 1026; x_wconf 87' lang='lat' dir='ltr'>et</span> <span class='ocrx_word' id='word_1_97' title='bbox 1542 975 1719 1027; x_wconf 51' lang='lat' dir='ltr'>caueri</span> <span class='ocrx_word' id='word_1_98' title='bbox 1740 990 1754 1040; x_wconf 93' lang='lat'><strong>;</strong></span> <span class='ocrx_word' id='word_1_99' title='bbox 1804 988 1950 1028; x_wconf 73' lang='lat' dir='ltr'>nunc</span> <span class='ocrx_word' id='word_1_100' title='bbox 1975 991 2073 1027; x_wconf 85' lang='lat' dir='ltr'>au-</span> <span class='ocrx_word' id='word_1_101' title='bbox 2176 979 2334 1032; x_wconf 88' lang='lat' dir='ltr'>locus</span> <span class='ocrx_word' id='word_1_102' title='bbox 2378 982 2607 1034; x_wconf 88' lang='lat' dir='ltr'>sanctus</span> <span class='ocrx_word' id='word_1_103' title='bbox 2655 983 2759 1045; x_wconf 88' lang='lat' dir='ltr'>est,</span> <span class='ocrx_word' id='word_1_104' title='bbox 2806 977 2948 1033; x_wconf 81' lang='lat' dir='ltr'>fides</span> <span class='ocrx_word' id='word_1_105' title='bbox 2988 978 3275 1049; x_wconf 82' lang='lat' dir='ltr'>perfecta,</span> <span class='ocrx_word' id='word_1_106' title='bbox 3326 981 3384 1032; x_wconf 89' lang='lat' dir='ltr'>et</span> <span class='ocrx_word' id='word_1_107' title='bbox 3428 979 3658 1033; x_wconf 85' lang='lat' dir='ltr'>charitas</span> <span class='ocrx_word' id='word_1_108' title='bbox 3691 980 3752 1035; x_wconf 88' lang='lat' dir='ltr'>de</span> 
     </span>
    </p>
   </div>
   <div class='ocr_carea' id='block_1_8' title="bbox 462 1062 3751 1138">
    <p class='ocr_par' dir='ltr' id='par_1_8' title="bbox 462 1062 3751 1138">
     <span class='ocr_line' id='line_1_8' title="bbox 462 1062 3751 1138; baseline 0.002 -21"><span class='ocrx_word' id='word_1_109' title='bbox 462 1071 565 1117; x_wconf 86' lang='lat' dir='ltr'>tem</span> <span class='ocrx_word' id='word_1_110' title='bbox 596 1076 716 1116; x_wconf 84' lang='lat' dir='ltr'>cum</span> <span class='ocrx_word' id='word_1_111' title='bbox 742 1062 1071 1114; x_wconf 84' lang='lat' dir='ltr'>resuscitavit</span> <span class='ocrx_word' id='word_1_112' title='bbox 1102 1067 1150 1114; x_wconf 87' lang='lat' dir='ltr'>et</span> <span class='ocrx_word' id='word_1_113' title='bbox 1179 1062 1451 1117; x_wconf 82' lang='lat' dir='ltr'>consedere</span> <span class='ocrx_word' id='word_1_114' title='bbox 1490 1078 1583 1115; x_wconf 87' lang='lat' dir='ltr'>nos</span> <span class='ocrx_word' id='word_1_115' title='bbox 1608 1063 1739 1132; x_wconf 85' lang='lat' dir='ltr'>fecit</span> <span class='ocrx_word' id='word_1_116' title='bbox 1767 1065 1823 1116; x_wconf 89' lang='lat' dir='ltr'>in</span> <span class='ocrx_word' id='word_1_117' title='bbox 1858 1062 2074 1118; x_wconf 76' lang='lat' dir='ltr'>caelesti-</span> <span class='ocrx_word' id='word_1_118' title='bbox 2178 1066 2351 1121; x_wconf 86' lang='lat' dir='ltr'>corde</span> <span class='ocrx_word' id='word_1_119' title='bbox 2380 1084 2524 1138; x_wconf 91' lang='lat' dir='ltr'>puro</span> <span class='ocrx_word' id='word_1_120' title='bbox 2557 1071 2614 1122; x_wconf 87' lang='lat' dir='ltr'>et</span> <span class='ocrx_word' id='word_1_121' title='bbox 2639 1066 2990 1123; x_wconf 84' lang='lat' dir='ltr'>conscientia</span> <span class='ocrx_word' id='word_1_122' title='bbox 3019 1067 3211 1135; x_wconf 86' lang='lat' dir='ltr'>bona;</span> <span class='ocrx_word' id='word_1_123' title='bbox 3244 1066 3344 1138; x_wconf 90' lang='lat' dir='ltr'>qui</span> <span class='ocrx_word' id='word_1_124' title='bbox 3373 1066 3434 1120; x_wconf 91' lang='lat' dir='ltr'>in</span> <span class='ocrx_word' id='word_1_125' title='bbox 3460 1067 3544 1123; x_wconf 90' lang='lat' dir='ltr'>his</span> <span class='ocrx_word' id='word_1_126' title='bbox 3566 1070 3684 1132; x_wconf 86' lang='lat' dir='ltr'>stat,</span> <span class='ocrx_word' id='word_1_127' title='bbox 3702 1069 3751 1123; x_wconf 90' lang='lat' dir='ltr'>in</span> 
     </span>
    </p>
   </div>
   <div class='ocr_carea' id='block_1_9' title="bbox 463 1147 3755 1227">
    <p class='ocr_par' dir='ltr' id='par_1_9' title="bbox 463 1147 3755 1227">
     <span class='ocr_line' id='line_1_9' title="bbox 463 1147 3755 1227; baseline 0.002 -22"><span class='ocrx_word' id='word_1_128' title='bbox 463 1153 557 1205; x_wconf 87' lang='lat' dir='ltr'>bus</span> <span class='ocrx_word' id='word_1_129' title='bbox 577 1153 631 1204; x_wconf 86' lang='lat' dir='ltr'>in</span> <span class='ocrx_word' id='word_1_130' title='bbox 659 1147 875 1204; x_wconf 81' lang='lat' dir='ltr'>Christo</span> <span class='ocrx_word' id='word_1_131' title='bbox 904 1149 1032 1203; x_wconf 88' lang='lat' dir='ltr'>Jesu</span> <span class='ocrx_word' id='word_1_132' title='bbox 1061 1148 1282 1220; x_wconf 83' lang='lat' dir='ltr'>(Ephes.</span> <span class='ocrx_word' id='word_1_133' title='bbox 1310 1167 1372 1217; x_wconf 86' lang='lat'>11,</span> <span class='ocrx_word' id='word_1_134' title='bbox 1402 1152 1455 1212; x_wconf 90' lang='lat'>3,</span> <span class='ocrx_word' id='word_1_135' title='bbox 1485 1154 1536 1216; x_wconf 82' lang='lat'>5,</span> <span class='ocrx_word' id='word_1_136' title='bbox 1568 1152 1642 1216; x_wconf 89' lang='lat'>6),</span> <span class='ocrx_word' id='word_1_137' title='bbox 1674 1157 1732 1203; x_wconf 87' lang='lat' dir='ltr'>ut</span> <span class='ocrx_word' id='word_1_138' title='bbox 1756 1150 2076 1222; x_wconf 81' lang='lat' dir='ltr'>deponamus</span> <span class='ocrx_word' id='word_1_139' title='bbox 2178 1156 2446 1223; x_wconf 84' lang='lat' dir='ltr'>Ecclesia,</span> <span class='ocrx_word' id='word_1_140' title='bbox 2483 1156 2543 1211; x_wconf 93' lang='lat' dir='ltr'>in</span> <span class='ocrx_word' id='word_1_141' title='bbox 2572 1157 2700 1211; x_wconf 91' lang='lat' dir='ltr'>loco</span> <span class='ocrx_word' id='word_1_142' title='bbox 2729 1173 2788 1211; x_wconf 88' lang='lat' dir='ltr'>se</span> <span class='ocrx_word' id='word_1_143' title='bbox 2820 1159 3015 1211; x_wconf 87' lang='lat' dir='ltr'>sancto</span> <span class='ocrx_word' id='word_1_144' title='bbox 3045 1158 3206 1211; x_wconf 90' lang='lat' dir='ltr'>stare</span> <span class='ocrx_word' id='word_1_145' title='bbox 3231 1160 3555 1227; x_wconf 78' lang='lat' dir='ltr'>cognoscat.</span> <span class='ocrx_word' id='word_1_146' title='bbox 3578 1175 3606 1208; x_wconf 80' lang='grc'><strong>»</strong></span> <span class='ocrx_word' id='word_1_147' title='bbox 3632 1159 3755 1211; x_wconf 87' lang='lat' dir='ltr'>Item</span> 
     </span>
    </p>
   </div>
   <div class='ocr_carea' id='block_1_10' title="bbox 458 1240 3759 1317">
    <p class='ocr_par' dir='ltr' id='par_1_10' title="bbox 458 1240 3759 1317">
     <span class='ocr_line' id='line_1_10' title="bbox 458 1240 3759 1317; baseline 0 -21"><span class='ocrx_word' id='word_1_148' title='bbox 458 1240 742 1296; x_wconf 85' lang='lat' dir='ltr'>secundum</span> <span class='ocrx_word' id='word_1_149' title='bbox 763 1241 1000 1311; x_wconf 82' lang='lat' dir='ltr'>priorem</span> <span class='ocrx_word' id='word_1_150' title='bbox 1038 1242 1488 1295; x_wconf 76' lang='lat' dir='ltr'>conversationem</span> <span class='ocrx_word' id='word_1_151' title='bbox 1517 1246 1741 1294; x_wconf 82' lang='lat' dir='ltr'>veterem</span> <span class='ocrx_word' id='word_1_152' title='bbox 1787 1241 2074 1308; x_wconf 76' lang='lat' dir='ltr'>hominem,</span> <span class='ocrx_word' id='word_1_153' title='bbox 2179 1247 2308 1315; x_wconf 89' lang='lat' dir='ltr'>post</span> <span class='ocrx_word' id='word_1_154' title='bbox 2330 1261 2513 1317; x_wconf 89' lang='lat' dir='ltr'>pauca</span> <span class='ocrx_word' id='word_1_155' title='bbox 2545 1262 2558 1299; x_wconf 89' lang='lat'><strong>:</strong></span> <span class='ocrx_word' id='word_1_156' title='bbox 2589 1267 2617 1296; x_wconf 84' lang='lat'>«</span> <span class='ocrx_word' id='word_1_157' title='bbox 2648 1245 2882 1301; x_wconf 84' lang='lat' dir='ltr'>Discant</span> <span class='ocrx_word' id='word_1_158' title='bbox 2910 1245 3245 1300; x_wconf 83' lang='lat' dir='ltr'>sacerdotes</span> <span class='ocrx_word' id='word_1_159' title='bbox 3283 1243 3513 1299; x_wconf 88' lang='lat' dir='ltr'>Domini</span> <span class='ocrx_word' id='word_1_160' title='bbox 3549 1245 3638 1317; x_wconf 88' lang='lat' dir='ltr'>qui</span> <span class='ocrx_word' id='word_1_161' title='bbox 3672 1245 3759 1298; x_wconf 86' lang='lat' dir='ltr'>Ec-</span> 
     </span>
    </p>
   </div>
   <div class='ocr_carea' id='block_1_11' title="bbox 461 1327 3759 1405">
    <p class='ocr_par' dir='ltr' id='par_1_11' title="bbox 461 1327 3759 1405">
     <span class='ocr_line' id='line_1_11' title="bbox 461 1327 3759 1405; baseline 0.001 -22"><span class='ocrx_word' id='word_1_162' title='bbox 461 1332 557 1402; x_wconf 85' lang='lat' dir='ltr'>qui</span> <span class='ocrx_word' id='word_1_163' title='bbox 578 1331 936 1399; x_wconf 76' lang='lat' dir='ltr'>corrumpitur</span> <span class='ocrx_word' id='word_1_164' title='bbox 958 1328 1120 1398; x_wconf 68' lang='lat' dir='ltr'>jurta</span> <span class='ocrx_word' id='word_1_165' title='bbox 1140 1328 1398 1382; x_wconf 83' lang='lat' dir='ltr'>desideria</span> <span class='ocrx_word' id='word_1_166' title='bbox 1427 1330 1606 1382; x_wconf 84' lang='lat' dir='ltr'>carnis</span> <span class='ocrx_word' id='word_1_167' title='bbox 1631 1327 1827 1398; x_wconf 61' lang='lat' dir='ltr'>(Ibid,</span> <span class='ocrx_word' id='word_1_168' title='bbox 1859 1346 1933 1396; x_wconf 85' lang='lat' dir='ltr'>Iv,</span> <span class='ocrx_word' id='word_1_169' title='bbox 1966 1329 2075 1398; x_wconf 79' lang='lat'>22).</span> <span class='ocrx_word' id='word_1_170' title='bbox 2181 1333 2364 1387; x_wconf 88' lang='lat' dir='ltr'>clcsiis</span> <span class='ocrx_word' id='word_1_171' title='bbox 2378 1337 2655 1404; x_wconf 63' lang='lat' dir='ltr'>praesunt,</span> <span class='ocrx_word' id='word_1_172' title='bbox 2678 1334 2814 1405; x_wconf 85' lang='lat' dir='ltr'>quia</span> <span class='ocrx_word' id='word_1_173' title='bbox 2836 1349 2965 1404; x_wconf 87' lang='lat' dir='ltr'>pars</span> <span class='ocrx_word' id='word_1_174' title='bbox 2983 1336 3065 1388; x_wconf 88' lang='lat' dir='ltr'>eis</span> <span class='ocrx_word' id='word_1_175' title='bbox 3085 1335 3229 1389; x_wconf 87' lang='lat' dir='ltr'>data</span> <span class='ocrx_word' id='word_1_176' title='bbox 3261 1336 3350 1387; x_wconf 89' lang='lat' dir='ltr'>est</span> <span class='ocrx_word' id='word_1_177' title='bbox 3378 1350 3507 1387; x_wconf 87' lang='lat' dir='ltr'>cum</span> <span class='ocrx_word' id='word_1_178' title='bbox 3537 1333 3618 1387; x_wconf 87' lang='lat' dir='ltr'>his</span> <span class='ocrx_word' id='word_1_179' title='bbox 3638 1349 3759 1404; x_wconf 89' lang='lat' dir='ltr'>quo-</span> 
     </span>
    </p>
   </div>
   <div class='ocr_carea' id='block_1_12' title="bbox 467 1417 3762 1494">
    <p class='ocr_par' dir='ltr' id='par_1_12' title="bbox 467 1417 3762 1494">
     <span class='ocr_line' id='line_1_12' title="bbox 467 1417 3762 1494; baseline 0.001 -23"><span class='ocrx_word' id='word_1_180' title='bbox 467 1418 834 1488; x_wconf 69' lang='lat' dir='ltr'>Qumcunque</span> <span class='ocrx_word' id='word_1_181' title='bbox 872 1433 1010 1487; x_wconf 85' lang='lat' dir='ltr'>ergo</span> <span class='ocrx_word' id='word_1_182' title='bbox 1057 1420 1191 1469; x_wconf 89' lang='lat' dir='ltr'>sunt</span> <span class='ocrx_word' id='word_1_183' title='bbox 1237 1433 1390 1485; x_wconf 86' lang='lat' dir='ltr'>vera,</span> <span class='ocrx_word' id='word_1_184' title='bbox 1444 1433 1802 1489; x_wconf 70' lang='lat' dir='ltr'>quazcunque</span> <span class='ocrx_word' id='word_1_185' title='bbox 1848 1417 2076 1488; x_wconf 85' lang='lat' dir='ltr'>pudica,</span> <span class='ocrx_word' id='word_1_186' title='bbox 2179 1437 2310 1474; x_wconf 89' lang='lat' dir='ltr'>rum</span> <span class='ocrx_word' id='word_1_187' title='bbox 2348 1421 2556 1477; x_wconf 90' lang='lat' dir='ltr'>delicta</span> <span class='ocrx_word' id='word_1_188' title='bbox 2598 1423 3087 1494; x_wconf 87' lang='lat' dir='ltr'>repropitaverint</span> <span class='ocrx_word' id='word_1_189' title='bbox 3134 1423 3331 1491; x_wconf 84' lang='lat' dir='ltr'>(Hebr.</span> <span class='ocrx_word' id='word_1_190' title='bbox 3372 1439 3431 1488; x_wconf 89' lang='lat'>11,</span> <span class='ocrx_word' id='word_1_191' title='bbox 3473 1421 3556 1491; x_wconf 82' lang='grc'>17)</span> <span class='ocrx_word' id='word_1_192' title='bbox 3596 1437 3609 1475; x_wconf 88' lang='lat'><strong>:</strong></span> <span class='ocrx_word' id='word_1_193' title='bbox 3647 1420 3762 1490; x_wconf 88' lang='lat' dir='ltr'>quid</span> 
     </span>
    </p>
   </div>
   <div class='ocr_carea' id='block_1_13' title="bbox 471 1505 3766 1581">
    <p class='ocr_par' dir='ltr' id='par_1_13' title="bbox 471 1505 3766 1581">
     <span class='ocr_line' id='line_1_13' title="bbox 471 1505 3766 1581; baseline 0.001 -22"><span class='ocrx_word' id='word_1_194' title='bbox 471 1522 829 1577; x_wconf 78' lang='lat' dir='ltr'>quaecunque</span> <span class='ocrx_word' id='word_1_195' title='bbox 863 1505 1036 1575; x_wconf 85' lang='lat' dir='ltr'>justa,</span> <span class='ocrx_word' id='word_1_196' title='bbox 1073 1522 1433 1577; x_wconf 64' lang='lat' dir='ltr'>quaecunque</span> <span class='ocrx_word' id='word_1_197' title='bbox 1466 1506 1541 1560; x_wconf 90' lang='lat' dir='ltr'>ad</span> <span class='ocrx_word' id='word_1_198' title='bbox 1563 1506 1887 1560; x_wconf 77' lang='lat' dir='ltr'>castitatem</span> <span class='ocrx_word' id='word_1_199' title='bbox 1909 1505 2081 1577; x_wconf 88' lang='lat' dir='ltr'>perti-</span> <span class='ocrx_word' id='word_1_200' title='bbox 2182 1513 2374 1564; x_wconf 88' lang='lat' dir='ltr'>autem</span> <span class='ocrx_word' id='word_1_201' title='bbox 2424 1514 2511 1564; x_wconf 91' lang='lat' dir='ltr'>est</span> <span class='ocrx_word' id='word_1_202' title='bbox 2549 1510 2940 1581; x_wconf 88' lang='lat' dir='ltr'>repropitiare</span> <span class='ocrx_word' id='word_1_203' title='bbox 2991 1510 3277 1565; x_wconf 87' lang='lat' dir='ltr'>delictum</span> <span class='ocrx_word' id='word_1_204' title='bbox 3299 1510 3326 1564; x_wconf 69' lang='grc' dir='ltr'>ἱ)</span> <span class='ocrx_word' id='word_1_205' title='bbox 3356 1509 3398 1564; x_wconf 91' lang='lat' dir='ltr'>si</span> <span class='ocrx_word' id='word_1_206' title='bbox 3432 1510 3766 1581; x_wconf 86' lang='lat' dir='ltr'>assumpseris</span> 
     </span>
    </p>
   </div>
   <div class='ocr_carea' id='block_1_14' title="bbox 470 1593 3765 1669">
    <p class='ocr_par' dir='ltr' id='par_1_14' title="bbox 470 1593 3765 1669">
     <span class='ocr_line' id='line_1_14' title="bbox 470 1593 3765 1669; baseline 0.001 -22"><span class='ocrx_word' id='word_1_207' title='bbox 470 1593 691 1661; x_wconf 88' lang='lat' dir='ltr'>nentia,</span> <span class='ocrx_word' id='word_1_208' title='bbox 723 1594 809 1647; x_wconf 86' lang='lat' dir='ltr'>bis</span> <span class='ocrx_word' id='word_1_209' title='bbox 838 1595 1199 1665; x_wconf 83' lang='lat' dir='ltr'>c0pulemur,</span> <span class='ocrx_word' id='word_1_210' title='bbox 1231 1595 1352 1648; x_wconf 78' lang='lat' dir='ltr'>haec</span> <span class='ocrx_word' id='word_1_211' title='bbox 1386 1611 1755 1666; x_wconf 53' lang='lat' dir='ltr'>sequamur»</span> <span class='ocrx_word' id='word_1_212' title='bbox 2182 1602 2573 1669; x_wconf 86' lang='lat' dir='ltr'>peccatorem,</span> <span class='ocrx_word' id='word_1_213' title='bbox 2607 1603 2664 1653; x_wconf 93' lang='lat' dir='ltr'>et</span> <span class='ocrx_word' id='word_1_214' title='bbox 2685 1599 3007 1665; x_wconf 89' lang='lat' dir='ltr'>monendo,</span> <span class='ocrx_word' id='word_1_215' title='bbox 3034 1599 3357 1662; x_wconf 89' lang='lat' dir='ltr'>hortando,</span> <span class='ocrx_word' id='word_1_216' title='bbox 3392 1598 3658 1660; x_wconf 89' lang='lat' dir='ltr'>docendo,</span> <span class='ocrx_word' id='word_1_217' title='bbox 3686 1597 3765 1649; x_wconf 89' lang='lat' dir='ltr'>in-</span> 
     </span>
    </p>
   </div>
   <div class='ocr_carea' id='block_1_15' title="bbox 543 1681 3766 1757">
    <p class='ocr_par' dir='ltr' id='par_1_15' title="bbox 543 1681 3766 1757">
     <span class='ocr_line' id='line_1_15' title="bbox 543 1681 3766 1757; baseline 0 -21"><span class='ocrx_word' id='word_1_218' title='bbox 543 1684 609 1737; x_wconf 92' lang='lat' dir='ltr'>D.</span> <span class='ocrx_word' id='word_1_219' title='bbox 642 1681 979 1735; x_wconf 79' lang='lat' dir='ltr'>Ambrosius</span> <span class='ocrx_word' id='word_1_220' title='bbox 1029 1682 1099 1736; x_wconf 89' lang='lat' dir='ltr'>ad</span> <span class='ocrx_word' id='word_1_221' title='bbox 1134 1683 1572 1737; x_wconf 84' lang='lat' dir='ltr'>Pammachium</span> <span class='ocrx_word' id='word_1_222' title='bbox 1603 1700 1615 1737; x_wconf 91' lang='lat'><strong>:</strong></span> <span class='ocrx_word' id='word_1_223' title='bbox 1653 1705 1678 1732; x_wconf 85' lang='lat'><strong>«</strong></span> <span class='ocrx_word' id='word_1_224' title='bbox 1711 1683 2082 1755; x_wconf 89' lang='lat' dir='ltr'>Consequens</span> <span class='ocrx_word' id='word_1_225' title='bbox 2184 1687 2459 1741; x_wconf 88' lang='lat' dir='ltr'>struendo</span> <span class='ocrx_word' id='word_1_226' title='bbox 2484 1686 2789 1741; x_wconf 85' lang='lat' dir='ltr'>adduxeris</span> <span class='ocrx_word' id='word_1_227' title='bbox 2815 1703 2947 1740; x_wconf 91' lang='lat' dir='ltr'>eum</span> <span class='ocrx_word' id='word_1_228' title='bbox 2976 1687 3048 1741; x_wconf 91' lang='lat' dir='ltr'>ad</span> <span class='ocrx_word' id='word_1_229' title='bbox 3062 1685 3580 1757; x_wconf 75' lang='lat' dir='ltr'>paenitentiam,ah</span> <span class='ocrx_word' id='word_1_230' title='bbox 3598 1700 3766 1738; x_wconf 88' lang='lat' dir='ltr'>errore</span> 
     </span>
    </p>
   </div>
   <div class='ocr_carea' id='block_1_16' title="bbox 472 1769 3767 1843">
    <p class='ocr_par' dir='ltr' id='par_1_16' title="bbox 472 1769 3767 1843">
     <span class='ocr_line' id='line_1_16' title="bbox 472 1769 3767 1843; baseline 0 -18"><span class='ocrx_word' id='word_1_231' title='bbox 472 1774 557 1825; x_wconf 89' lang='lat' dir='ltr'>est</span> <span class='ocrx_word' id='word_1_232' title='bbox 586 1773 649 1824; x_wconf 89' lang='lat' dir='ltr'>ut</span> <span class='ocrx_word' id='word_1_233' title='bbox 679 1769 997 1823; x_wconf 89' lang='lat' dir='ltr'>secundum</span> <span class='ocrx_word' id='word_1_234' title='bbox 1024 1770 1345 1841; x_wconf 80' lang='lat' dir='ltr'>imaginem</span> <span class='ocrx_word' id='word_1_235' title='bbox 1385 1772 1506 1842; x_wconf 84' lang='lat' dir='ltr'>ejus</span> <span class='ocrx_word' id='word_1_236' title='bbox 1546 1772 1643 1843; x_wconf 87' lang='lat' dir='ltr'>qui</span> <span class='ocrx_word' id='word_1_237' title='bbox 1689 1772 2079 1827; x_wconf 80' lang='lat' dir='ltr'>sacerdotium</span> <span class='ocrx_word' id='word_1_238' title='bbox 2184 1774 2525 1842; x_wconf 86' lang='lat' dir='ltr'>correxeris,</span> <span class='ocrx_word' id='word_1_239' title='bbox 2560 1792 2593 1829; x_wconf 91' lang='lat' dir='ltr'>a</span> <span class='ocrx_word' id='word_1_240' title='bbox 2632 1774 2779 1828; x_wconf 82' lang='lat' dir='ltr'>vitiis</span> <span class='ocrx_word' id='word_1_241' title='bbox 2822 1775 3249 1840; x_wconf 89' lang='lat' dir='ltr'>emendaveris,</span> <span class='ocrx_word' id='word_1_242' title='bbox 3284 1778 3344 1829; x_wconf 89' lang='lat' dir='ltr'>et</span> <span class='ocrx_word' id='word_1_243' title='bbox 3387 1772 3632 1827; x_wconf 73' lang='lat' dir='ltr'>effeceris</span> <span class='ocrx_word' id='word_1_244' title='bbox 3657 1787 3767 1826; x_wconf 88' lang='lat' dir='ltr'>eum</span> 
     </span>
    </p>
   </div>
   <div class='ocr_carea' id='block_1_17' title="bbox 472 1858 3767 1934">
    <p class='ocr_par' dir='ltr' id='par_1_17' title="bbox 472 1858 3767 1934">
     <span class='ocr_line' id='line_1_17' title="bbox 472 1858 3767 1934; baseline 0.001 -21"><span class='ocrx_word' id='word_1_245' title='bbox 472 1858 734 1914; x_wconf 75' lang='lat' dir='ltr'>Ecclesia:</span> <span class='ocrx_word' id='word_1_246' title='bbox 762 1858 943 1925; x_wconf 84' lang='lat' dir='ltr'>dedit,</span> <span class='ocrx_word' id='word_1_247' title='bbox 969 1858 1145 1913; x_wconf 90' lang='lat' dir='ltr'>etiam</span> <span class='ocrx_word' id='word_1_248' title='bbox 1178 1859 1428 1913; x_wconf 87' lang='lat' dir='ltr'>ministri</span> <span class='ocrx_word' id='word_1_249' title='bbox 1453 1862 1511 1913; x_wconf 90' lang='lat' dir='ltr'>et</span> <span class='ocrx_word' id='word_1_250' title='bbox 1540 1860 1867 1916; x_wconf 86' lang='lat' dir='ltr'>sacerdotes</span> <span class='ocrx_word' id='word_1_251' title='bbox 1898 1862 2083 1915; x_wconf 88' lang='lat' dir='ltr'>Eccle-</span> <span class='ocrx_word' id='word_1_252' title='bbox 2114 1866 2163 1923; x_wconf 95' lang='lat' dir='ltr'>B</span> <span class='ocrx_word' id='word_1_253' title='bbox 2184 1866 2362 1919; x_wconf 87' lang='lat' dir='ltr'>talem</span> <span class='ocrx_word' id='word_1_254' title='bbox 2406 1868 2469 1918; x_wconf 89' lang='lat' dir='ltr'>ut</span> <span class='ocrx_word' id='word_1_255' title='bbox 2502 1864 2555 1917; x_wconf 90' lang='lat' dir='ltr'>ei</span> <span class='ocrx_word' id='word_1_256' title='bbox 2604 1880 2878 1917; x_wconf 87' lang='lat' dir='ltr'>converso</span> <span class='ocrx_word' id='word_1_257' title='bbox 2925 1863 3213 1934; x_wconf 90' lang='lat' dir='ltr'>propitius</span> <span class='ocrx_word' id='word_1_258' title='bbox 3273 1863 3396 1925; x_wconf 87' lang='lat' dir='ltr'>ﬁat,</span> <span class='ocrx_word' id='word_1_259' title='bbox 3453 1878 3553 1933; x_wconf 89' lang='lat' dir='ltr'>pro</span> <span class='ocrx_word' id='word_1_260' title='bbox 3591 1860 3767 1914; x_wconf 85' lang='lat' dir='ltr'>delicto</span> 
     </span>
    </p>
   </div>
   <div class='ocr_carea' id='block_1_18' title="bbox 470 1948 3766 2024">
    <p class='ocr_par' dir='ltr' id='par_1_18' title="bbox 470 1948 3766 2024">
     <span class='ocr_line' id='line_1_18' title="bbox 470 1948 3766 2024; baseline 0 -22"><span class='ocrx_word' id='word_1_261' title='bbox 470 1949 567 2003; x_wconf 84' lang='lat' dir='ltr'>siae</span> <span class='ocrx_word' id='word_1_262' title='bbox 590 1951 824 2019; x_wconf 89' lang='lat' dir='ltr'>peccata</span> <span class='ocrx_word' id='word_1_263' title='bbox 848 1948 1045 2020; x_wconf 90' lang='lat' dir='ltr'>p0pu1i</span> <span class='ocrx_word' id='word_1_264' title='bbox 1072 1948 1375 2018; x_wconf 85' lang='lat' dir='ltr'>accipiant,</span> <span class='ocrx_word' id='word_1_265' title='bbox 1411 1951 1467 2002; x_wconf 90' lang='lat' dir='ltr'>et</span> <span class='ocrx_word' id='word_1_266' title='bbox 1498 1948 1630 2019; x_wconf 87' lang='lat' dir='ltr'>ipsi,</span> <span class='ocrx_word' id='word_1_267' title='bbox 1665 1949 1956 2004; x_wconf 79' lang='lat' dir='ltr'>imitantes</span> <span class='ocrx_word' id='word_1_268' title='bbox 1978 1950 2086 2004; x_wconf 86' lang='lat' dir='ltr'>Ma—</span> <span class='ocrx_word' id='word_1_269' title='bbox 2185 1951 2593 2024; x_wconf 89' lang='lat' dir='ltr'>repropitiasse</span> <span class='ocrx_word' id='word_1_270' title='bbox 2622 1951 2846 2006; x_wconf 89' lang='lat' dir='ltr'>diceris.</span> <span class='ocrx_word' id='word_1_271' title='bbox 2876 1951 2934 2005; x_wconf 91' lang='lat' dir='ltr'>Si</span> <span class='ocrx_word' id='word_1_272' title='bbox 2967 1968 3108 2023; x_wconf 87' lang='lat' dir='ltr'>ergo</span> <span class='ocrx_word' id='word_1_273' title='bbox 3143 1951 3279 2006; x_wconf 88' lang='lat' dir='ltr'>talis</span> <span class='ocrx_word' id='word_1_274' title='bbox 3308 1950 3488 2005; x_wconf 88' lang='lat' dir='ltr'>fueris</span> <span class='ocrx_word' id='word_1_275' title='bbox 3518 1949 3766 2015; x_wconf 86' lang='lat' dir='ltr'>sacerdos,</span> 
     </span>
    </p>
   </div>
   <div class='ocr_carea' id='block_1_19' title="bbox 470 2037 3768 2109">
    <p class='ocr_par' dir='ltr' id='par_1_19' title="bbox 470 2037 3768 2109">
     <span class='ocr_line' id='line_1_19' title="bbox 470 2037 3768 2109; baseline -0.001 -17"><span class='ocrx_word' id='word_1_276' title='bbox 470 2038 737 2109; x_wconf 87' lang='lat' dir='ltr'>gistrum,</span> <span class='ocrx_word' id='word_1_277' title='bbox 760 2037 1164 2092; x_wconf 87' lang='lat' dir='ltr'>remissionem</span> <span class='ocrx_word' id='word_1_278' title='bbox 1183 2038 1397 2109; x_wconf 90' lang='lat' dir='ltr'>populo</span> <span class='ocrx_word' id='word_1_279' title='bbox 1412 2041 1784 2108; x_wconf 90' lang='lat' dir='ltr'>peccatorum</span> <span class='ocrx_word' id='word_1_280' title='bbox 1800 2039 2080 2106; x_wconf 87' lang='lat' dir='ltr'>tribuant,</span> <span class='ocrx_word' id='word_1_281' title='bbox 2186 2044 2243 2096; x_wconf 90' lang='lat' dir='ltr'>et</span> <span class='ocrx_word' id='word_1_282' title='bbox 2272 2041 2401 2095; x_wconf 89' lang='lat' dir='ltr'>talis</span> <span class='ocrx_word' id='word_1_283' title='bbox 2431 2040 2610 2095; x_wconf 85' lang='lat' dir='ltr'>fuerit</span> <span class='ocrx_word' id='word_1_284' title='bbox 2637 2040 2904 2095; x_wconf 88' lang='lat' dir='ltr'>doctrina</span> <span class='ocrx_word' id='word_1_285' title='bbox 2927 2043 3027 2095; x_wconf 91' lang='lat' dir='ltr'>tua</span> <span class='ocrx_word' id='word_1_286' title='bbox 3056 2044 3115 2094; x_wconf 89' lang='lat' dir='ltr'>et</span> <span class='ocrx_word' id='word_1_287' title='bbox 3143 2056 3345 2095; x_wconf 88' lang='lat' dir='ltr'>sermo</span> <span class='ocrx_word' id='word_1_288' title='bbox 3367 2042 3516 2104; x_wconf 89' lang='lat' dir='ltr'>tuus,</span> <span class='ocrx_word' id='word_1_289' title='bbox 3538 2053 3661 2107; x_wconf 86' lang='lat' dir='ltr'>pars</span> <span class='ocrx_word' id='word_1_290' title='bbox 3680 2037 3768 2090; x_wconf 88' lang='lat' dir='ltr'>tibi</span> 
     </span>
    </p>
   </div>
   <div class='ocr_carea' id='block_1_20' title="bbox 470 2124 3763 2201">
    <p class='ocr_par' dir='ltr' id='par_1_20' title="bbox 470 2124 3763 2201">
     <span class='ocr_line' id='line_1_20' title="bbox 470 2124 3763 2201; baseline -0.002 -19"><span class='ocrx_word' id='word_1_291' title='bbox 470 2127 695 2183; x_wconf 87' lang='lat' dir='ltr'>Debent</span> <span class='ocrx_word' id='word_1_292' title='bbox 716 2142 855 2198; x_wconf 89' lang='lat' dir='ltr'>ergo</span> <span class='ocrx_word' id='word_1_293' title='bbox 885 2128 941 2179; x_wconf 91' lang='lat' dir='ltr'>et</span> <span class='ocrx_word' id='word_1_294' title='bbox 958 2126 1064 2199; x_wconf 88' lang='lat' dir='ltr'>ipsi</span> <span class='ocrx_word' id='word_1_295' title='bbox 1087 2126 1347 2180; x_wconf 83' lang='lat' dir='ltr'>Ecclesiae</span> <span class='ocrx_word' id='word_1_296' title='bbox 1378 2126 1705 2180; x_wconf 85' lang='lat' dir='ltr'>sacerdotes</span> <span class='ocrx_word' id='word_1_297' title='bbox 1738 2127 1817 2180; x_wconf 87' lang='lat' dir='ltr'>ita</span> <span class='ocrx_word' id='word_1_298' title='bbox 1842 2125 2083 2197; x_wconf 85' lang='lat' dir='ltr'>perfecti</span> <span class='ocrx_word' id='word_1_299' title='bbox 2187 2129 2355 2183; x_wconf 90' lang='lat' dir='ltr'>datur</span> <span class='ocrx_word' id='word_1_300' title='bbox 2386 2145 2584 2184; x_wconf 91' lang='lat' dir='ltr'>eorum</span> <span class='ocrx_word' id='word_1_301' title='bbox 2618 2145 2759 2201; x_wconf 89' lang='lat' dir='ltr'>quos</span> <span class='ocrx_word' id='word_1_302' title='bbox 2784 2128 3121 2195; x_wconf 85' lang='lat' dir='ltr'>correxeris,</span> <span class='ocrx_word' id='word_1_303' title='bbox 3155 2132 3222 2182; x_wconf 90' lang='lat' dir='ltr'>ut</span> <span class='ocrx_word' id='word_1_304' title='bbox 3253 2128 3487 2182; x_wconf 90' lang='lat' dir='ltr'>illorum</span> <span class='ocrx_word' id='word_1_305' title='bbox 3523 2124 3763 2179; x_wconf 87' lang='lat' dir='ltr'>meritum</span> 
     </span>
    </p>
   </div>
   <div class='ocr_carea' id='block_1_21' title="bbox 472 2213 3607 2287">
    <p class='ocr_par' dir='ltr' id='par_1_21' title="bbox 472 2213 3607 2287">
     <span class='ocr_line' id='line_1_21' title="bbox 472 2213 3607 2287; baseline -0 -17"><span class='ocrx_word' id='word_1_306' title='bbox 472 2232 616 2284; x_wconf 89' lang='lat' dir='ltr'>esse,</span> <span class='ocrx_word' id='word_1_307' title='bbox 641 2215 772 2270; x_wconf 89' lang='lat' dir='ltr'>etin</span> <span class='ocrx_word' id='word_1_308' title='bbox 796 2214 997 2269; x_wconf 85' lang='lat' dir='ltr'>ofﬁciis</span> <span class='ocrx_word' id='word_1_309' title='bbox 1014 2215 1466 2270; x_wconf 87' lang='lat' dir='ltr'>sacerdotalibus</span> <span class='ocrx_word' id='word_1_310' title='bbox 1488 2213 1722 2282; x_wconf 88' lang='lat' dir='ltr'>eruditi,</span> <span class='ocrx_word' id='word_1_311' title='bbox 1759 2218 1819 2269; x_wconf 92' lang='lat' dir='ltr'>ut</span> <span class='ocrx_word' id='word_1_312' title='bbox 1848 2215 2084 2285; x_wconf 88' lang='lat' dir='ltr'>peccata</span> <span class='ocrx_word' id='word_1_313' title='bbox 2186 2216 2287 2271; x_wconf 90' lang='lat' dir='ltr'>tua</span> <span class='ocrx_word' id='word_1_314' title='bbox 2311 2232 2531 2273; x_wconf 89' lang='lat' dir='ltr'>merces</span> <span class='ocrx_word' id='word_1_315' title='bbox 2553 2217 2627 2272; x_wconf 92' lang='lat' dir='ltr'>sit</span> <span class='ocrx_word' id='word_1_316' title='bbox 2655 2219 2714 2272; x_wconf 90' lang='lat' dir='ltr'>et</span> <span class='ocrx_word' id='word_1_317' title='bbox 2740 2216 2974 2272; x_wconf 89' lang='lat' dir='ltr'>illorum</span> <span class='ocrx_word' id='word_1_318' title='bbox 3004 2217 3179 2284; x_wconf 88' lang='lat' dir='ltr'>salus,</span> <span class='ocrx_word' id='word_1_319' title='bbox 3212 2218 3318 2270; x_wconf 91' lang='lat' dir='ltr'>tua</span> <span class='ocrx_word' id='word_1_320' title='bbox 3347 2213 3549 2287; x_wconf 83' lang='lat' dir='ltr'>gloria.</span> <span class='ocrx_word' id='word_1_321' title='bbox 3578 2231 3607 2269; x_wconf 63' lang='grc' dir='ltr'><strong>θ</strong></span> 
     </span>
    </p>
   </div>
   <div class='ocr_carea' id='block_1_22' title="bbox 470 2301 2080 2376">
    <p class='ocr_par' dir='ltr' id='par_1_22' title="bbox 470 2301 2080 2376">
     <span class='ocr_line' id='line_1_22' title="bbox 470 2301 2080 2376; baseline -0.001 -18"><span class='ocrx_word' id='word_1_322' title='bbox 470 2303 671 2376; x_wconf 87' lang='lat' dir='ltr'>populi</span> <span class='ocrx_word' id='word_1_323' title='bbox 688 2303 749 2359; x_wconf 89' lang='lat' dir='ltr'>in</span> <span class='ocrx_word' id='word_1_324' title='bbox 768 2304 895 2359; x_wconf 88' lang='lat' dir='ltr'>loco</span> <span class='ocrx_word' id='word_1_325' title='bbox 913 2303 1199 2373; x_wconf 90' lang='lat' dir='ltr'>sancto,in</span> <span class='ocrx_word' id='word_1_326' title='bbox 1216 2302 1376 2359; x_wconf 88' lang='lat' dir='ltr'>atriis</span> <span class='ocrx_word' id='word_1_327' title='bbox 1390 2302 1747 2360; x_wconf 88' lang='lat' dir='ltr'>tabernaculi</span> <span class='ocrx_word' id='word_1_328' title='bbox 1758 2301 2080 2360; x_wconf 88' lang='lat' dir='ltr'>testimonii</span> 
     </span>
    </p>
   </div>
   <div class='ocr_carea' id='block_1_23' title="bbox 1894 2608 2367 2669">
    <p class='ocr_par' dir='ltr' id='par_1_23' title="bbox 1894 2608 2367 2669">
     <span class='ocr_line' id='line_1_23' title="bbox 1894 2608 2367 2669; baseline 0.013 -6"><span class='ocrx_word' id='word_1_329' title='bbox 1894 2608 2233 2666; x_wconf 79' lang='lat' dir='ltr'>EPISTOLA</span> <span class='ocrx_word' id='word_1_330' title='bbox 2261 2610 2367 2669; x_wconf 82' lang='lat' dir='ltr'>XV.</span> 
     </span>
    </p>
   </div>
   <div class='ocr_carea' id='block_1_24' title="bbox 1057 2738 3244 2800">
    <p class='ocr_par' dir='ltr' id='par_1_24' title="bbox 1057 2738 3244 2800">
     <span class='ocr_line' id='line_1_24' title="bbox 1057 2738 3244 2800; baseline 0.005 -13"><span class='ocrx_word' id='word_1_331' title='bbox 1057 2739 1148 2787; x_wconf 80' lang='lat' dir='ltr'>AD</span> <span class='ocrx_word' id='word_1_332' title='bbox 1192 2738 1467 2787; x_wconf 83' lang='lat' dir='ltr'>LEONEM</span> <span class='ocrx_word' id='word_1_333' title='bbox 1507 2739 1822 2791; x_wconf 74' lang='lat' dir='ltr'>ABBATEM</span> <span class='ocrx_word' id='word_1_334' title='bbox 1856 2745 2120 2794; x_wconf 72' lang='lat' dir='ltr'><strong>ROMANI</strong></span> <span class='ocrx_word' id='word_1_335' title='bbox 2152 2748 2392 2797; x_wconf 80' lang='lat' dir='ltr'>SANCTI</span> <span class='ocrx_word' id='word_1_336' title='bbox 2420 2749 2757 2798; x_wconf 80' lang='lat' dir='ltr'>BONIFACII</span> <span class='ocrx_word' id='word_1_337' title='bbox 2801 2750 3244 2800; x_wconf 80' lang='lat' dir='ltr'>MONABTERII.</span> 
     </span>
    </p>
   </div>
   <div class='ocr_carea' id='block_1_25' title="bbox 1078 2853 3186 2935">
    <p class='ocr_par' dir='ltr' id='par_1_25' title="bbox 1078 2853 3186 2935">
     <span class='ocr_line' id='line_1_25' title="bbox 1078 2853 3186 2935; baseline 0.005 -28"><span class='ocrx_word' id='word_1_338' title='bbox 1078 2853 1271 2927; x_wconf 83' lang='lat' dir='ltr'>(Apud</span> <span class='ocrx_word' id='word_1_339' title='bbox 1301 2853 1510 2911; x_wconf 76' lang='lat' dir='ltr'>Mabill.</span> <span class='ocrx_word' id='word_1_340' title='bbox 1540 2854 1750 2911; x_wconf 84' lang='lat' dir='ltr'>Annal.</span> <span class='ocrx_word' id='word_1_341' title='bbox 1775 2857 1893 2928; x_wconf 86' lang='lat' dir='ltr'>ard,</span> <span class='ocrx_word' id='word_1_342' title='bbox 1922 2856 1986 2914; x_wconf 87' lang='lat' dir='ltr'>S.</span> <span class='ocrx_word' id='word_1_343' title='bbox 2020 2857 2248 2928; x_wconf 86' lang='lat' dir='ltr'>Bened.,</span> <span class='ocrx_word' id='word_1_344' title='bbox 2274 2864 2419 2917; x_wconf 89' lang='lat' dir='ltr'>tom.</span> <span class='ocrx_word' id='word_1_345' title='bbox 2447 2861 2534 2930; x_wconf 87' lang='lat' dir='ltr'><strong>IV,</strong></span> <span class='ocrx_word' id='word_1_346' title='bbox 2561 2862 2851 2935; x_wconf 83' lang='lat' dir='ltr'>Append.,</span> <span class='ocrx_word' id='word_1_347' title='bbox 2891 2878 3025 2935; x_wconf 87' lang='lat' dir='ltr'>pag.</span> <span class='ocrx_word' id='word_1_348' title='bbox 3059 2865 3186 2920; x_wconf 76' lang='lat'>691.</span> 
     </span>
    </p>
   </div>
   <div class='ocr_carea' id='block_1_26' title="bbox 538 3031 3765 3113">
    <p class='ocr_par' dir='ltr' id='par_1_26' title="bbox 538 3031 3765 3113">
     <span class='ocr_line' id='line_1_26' title="bbox 538 3031 3765 3113; baseline 0.001 -23"><span class='ocrx_word' id='word_1_349' title='bbox 538 3032 842 3091; x_wconf 54' lang='lat' dir='ltr'>Facundia;</span> <span class='ocrx_word' id='word_1_350' title='bbox 872 3031 1258 3106; x_wconf 60' lang='lat' dir='ltr'>praerogativa</span> <span class='ocrx_word' id='word_1_351' title='bbox 1286 3048 1421 3088; x_wconf 89' lang='lat' dir='ltr'>cum</span> <span class='ocrx_word' id='word_1_352' title='bbox 1456 3033 1585 3090; x_wconf 62' lang='lat' dir='ltr'>vita:</span> <span class='ocrx_word' id='word_1_353' title='bbox 1625 3037 1835 3094; x_wconf 91' lang='lat' dir='ltr'>merito</span> <span class='ocrx_word' id='word_1_354' title='bbox 1875 3041 1934 3094; x_wconf 88' lang='lat' dir='ltr'>et</span> <span class='ocrx_word' id='word_1_355' title='bbox 1983 3055 2078 3094; x_wconf 90' lang='lat' dir='ltr'>sa-</span> <span class='ocrx_word' id='word_1_356' title='bbox 2189 3040 3765 3113; x_wconf 84' lang='lat' dir='ltr'>nonminusadimplere,siDeusvoluerit,satago,quam</span> 
     </span>
    </p>
   </div>
   <div class='ocr_carea' id='block_1_27' title="bbox 467 3122 3770 3202">
    <p class='ocr_par' dir='ltr' id='par_1_27' title="bbox 467 3122 3770 3202">
     <span class='ocr_line' id='line_1_27' title="bbox 467 3122 3770 3202; baseline -0.001 -23"><span class='ocrx_word' id='word_1_357' title='bbox 467 3123 700 3197; x_wconf 71' lang='lat' dir='ltr'>pientiae</span> <span class='ocrx_word' id='word_1_358' title='bbox 723 3124 985 3179; x_wconf 85' lang='lat' dir='ltr'>doctrina</span> <span class='ocrx_word' id='word_1_359' title='bbox 1021 3122 1367 3178; x_wconf 87' lang='lat' dir='ltr'>mirabiliter</span> <span class='ocrx_word' id='word_1_360' title='bbox 1405 3122 1700 3179; x_wconf 89' lang='lat' dir='ltr'>intonanti</span> <span class='ocrx_word' id='word_1_361' title='bbox 1746 3127 1985 3182; x_wconf 91' lang='lat' dir='ltr'>domino</span> <span class='ocrx_word' id='word_1_362' title='bbox 2020 3128 2081 3183; x_wconf 90' lang='lat' dir='ltr'>L.</span> <span class='ocrx_word' id='word_1_363' title='bbox 2185 3130 2365 3185; x_wconf 91' lang='lat' dir='ltr'>vitam</span> <span class='ocrx_word' id='word_1_364' title='bbox 2396 3135 2739 3202; x_wconf 90' lang='lat' dir='ltr'>perpetuam</span> <span class='ocrx_word' id='word_1_365' title='bbox 2771 3130 3018 3185; x_wconf 85' lang='lat' dir='ltr'>mercari</span> <span class='ocrx_word' id='word_1_366' title='bbox 3044 3149 3112 3186; x_wconf 86' lang='lat' dir='ltr'>ex</span> <span class='ocrx_word' id='word_1_367' title='bbox 3138 3136 3298 3187; x_wconf 87' lang='lat' dir='ltr'>voto.</span> <span class='ocrx_word' id='word_1_368' title='bbox 3321 3128 3770 3185; x_wconf 86' lang='lat' dir='ltr'>Pretiosarumre-</span> 
     </span>
    </p>
   </div>
   <div class='ocr_carea' id='block_1_28' title="bbox 469 3210 3765 3290">
    <p class='ocr_par' dir='ltr' id='par_1_28' title="bbox 469 3210 3765 3290">
     <span class='ocr_line' id='line_1_28' title="bbox 469 3210 3765 3290; baseline -0.002 -20"><span class='ocrx_word' id='word_1_369' title='bbox 469 3215 663 3271; x_wconf 90' lang='lat' dir='ltr'>Sancti</span> <span class='ocrx_word' id='word_1_370' title='bbox 678 3214 953 3270; x_wconf 86' lang='lat' dir='ltr'>Bonifacii</span> <span class='ocrx_word' id='word_1_371' title='bbox 981 3212 1455 3268; x_wconf 87' lang='lat' dir='ltr'>charissimorum</span> <span class='ocrx_word' id='word_1_372' title='bbox 1486 3214 2080 3285; x_wconf 87' lang='lat' dir='ltr'>charissimo,abbati,</span> <span class='ocrx_word' id='word_1_373' title='bbox 2185 3217 2495 3290; x_wconf 88' lang='lat' dir='ltr'>liquiarum</span> <span class='ocrx_word' id='word_1_374' title='bbox 2523 3219 2705 3273; x_wconf 88' lang='lat' dir='ltr'>sancti</span> <span class='ocrx_word' id='word_1_375' title='bbox 2719 3219 2903 3274; x_wconf 87' lang='lat' dir='ltr'>Patris</span> <span class='ocrx_word' id='word_1_376' title='bbox 2934 3220 3231 3274; x_wconf 89' lang='lat' dir='ltr'>Benedicti</span> <span class='ocrx_word' id='word_1_377' title='bbox 3265 3217 3518 3288; x_wconf 89' lang='lat' dir='ltr'>insignia</span> <span class='ocrx_word' id='word_1_378' title='bbox 3544 3210 3765 3286; x_wconf 88' lang='lat' dir='ltr'>postula-</span> 
     </span>
    </p>
   </div>
   <div class='ocr_carea' id='block_1_29' title="bbox 468 3298 3769 3378">
    <p class='ocr_par' dir='ltr' id='par_1_29' title="bbox 468 3298 3769 3378">
     <span class='ocr_line' id='line_1_29' title="bbox 468 3298 3769 3378; baseline -0.003 -19"><span class='ocrx_word' id='word_1_379' title='bbox 468 3303 847 3360; x_wconf 85' lang='lat' dir='ltr'>Floriacensis</span> <span class='ocrx_word' id='word_1_380' title='bbox 876 3301 1126 3357; x_wconf 85' lang='lat' dir='ltr'>coenobii</span> <span class='ocrx_word' id='word_1_381' title='bbox 1147 3300 1381 3355; x_wconf 87' lang='lat' dir='ltr'>humilis</span> <span class='ocrx_word' id='word_1_382' title='bbox 1420 3301 1596 3356; x_wconf 90' lang='lat' dir='ltr'>abbas</span> <span class='ocrx_word' id='word_1_383' title='bbox 1622 3303 1773 3356; x_wconf 76' lang='lat' dir='ltr'>Anno</span> <span class='ocrx_word' id='word_1_384' title='bbox 1805 3302 2082 3374; x_wconf 85' lang='lat' dir='ltr'>Spiritum</span> <span class='ocrx_word' id='word_1_385' title='bbox 2188 3305 2287 3359; x_wconf 91' lang='lat' dir='ltr'>stis</span> <span class='ocrx_word' id='word_1_386' title='bbox 2315 3306 2474 3361; x_wconf 83' lang='lat' dir='ltr'>vobis</span> <span class='ocrx_word' id='word_1_387' title='bbox 2495 3306 2686 3378; x_wconf 88' lang='lat' dir='ltr'>dirigi,</span> <span class='ocrx_word' id='word_1_388' title='bbox 2721 3323 2791 3361; x_wconf 92' lang='lat' dir='ltr'>eo</span> <span class='ocrx_word' id='word_1_389' title='bbox 2809 3307 2965 3378; x_wconf 88' lang='lat' dir='ltr'>quod</span> <span class='ocrx_word' id='word_1_390' title='bbox 2994 3307 3390 3362; x_wconf 88' lang='lat' dir='ltr'>indubitatum</span> <span class='ocrx_word' id='word_1_391' title='bbox 3413 3302 3631 3377; x_wconf 86' lang='lat' dir='ltr'>penitus</span> <span class='ocrx_word' id='word_1_392' title='bbox 3646 3298 3769 3353; x_wconf 83' lang='lat' dir='ltr'>esset</span> 
     </span>
    </p>
   </div>
   <div class='ocr_carea' id='block_1_30' title="bbox 470 3382 3768 3470">
    <p class='ocr_par' dir='ltr' id='par_1_30' title="bbox 470 3382 3768 3470">
     <span class='ocr_line' id='line_1_30' title="bbox 470 3382 3768 3470; baseline -0.004 -22"><span class='ocrx_word' id='word_1_393' title='bbox 470 3392 725 3458; x_wconf 90' lang='lat' dir='ltr'>Domini,</span> <span class='ocrx_word' id='word_1_394' title='bbox 748 3392 843 3462; x_wconf 91' lang='lat' dir='ltr'>qui</span> <span class='ocrx_word' id='word_1_395' title='bbox 863 3390 1103 3461; x_wconf 89' lang='lat' dir='ltr'>replevit</span> <span class='ocrx_word' id='word_1_396' title='bbox 1130 3390 1328 3443; x_wconf 89' lang='lat' dir='ltr'>orbem</span> <span class='ocrx_word' id='word_1_397' title='bbox 1363 3393 1675 3458; x_wconf 84' lang='lat' dir='ltr'>terrarum,</span> <span class='ocrx_word' id='word_1_398' title='bbox 1697 3393 1920 3462; x_wconf 92' lang='lat' dir='ltr'>replere</span> <span class='ocrx_word' id='word_1_399' title='bbox 1935 3393 2084 3448; x_wconf 89' lang='lat' dir='ltr'>illius</span> <span class='ocrx_word' id='word_1_400' title='bbox 2117 3411 2165 3470; x_wconf 72' lang='grc' dir='ltr'>ο</span> <span class='ocrx_word' id='word_1_401' title='bbox 2188 3395 2611 3450; x_wconf 86' lang='lat' dir='ltr'>sanctissimam</span> <span class='ocrx_word' id='word_1_402' title='bbox 2642 3395 2818 3466; x_wconf 88' lang='lat' dir='ltr'>ipsius</span> <span class='ocrx_word' id='word_1_403' title='bbox 2857 3395 3116 3465; x_wconf 89' lang='lat' dir='ltr'>corporis</span> <span class='ocrx_word' id='word_1_404' title='bbox 3138 3393 3505 3467; x_wconf 69' lang='lat' dir='ltr'>praesentiam</span> <span class='ocrx_word' id='word_1_405' title='bbox 3550 3406 3581 3442; x_wconf 88' lang='lat' dir='ltr'>a</span> <span class='ocrx_word' id='word_1_406' title='bbox 3626 3382 3768 3439; x_wconf 90' lang='lat' dir='ltr'>nobis</span> 
     </span>
    </p>
   </div>
   <div class='ocr_carea' id='block_1_31' title="bbox 469 3476 3765 3561">
    <p class='ocr_par' dir='ltr' id='par_1_31' title="bbox 469 3476 3765 3561">
     <span class='ocr_line' id='line_1_31' title="bbox 469 3476 3765 3561; baseline -0.004 -20"><span class='ocrx_word' id='word_1_407' title='bbox 469 3481 645 3553; x_wconf 85' lang='lat' dir='ltr'>ipSillS</span> <span class='ocrx_word' id='word_1_408' title='bbox 670 3478 971 3533; x_wconf 70' lang='lat' dir='ltr'>SCientiam</span> <span class='ocrx_word' id='word_1_409' title='bbox 1004 3489 1059 3531; x_wconf 81' lang='lat' dir='ltr'>el</span> <span class='ocrx_word' id='word_1_410' title='bbox 1084 3476 1464 3531; x_wconf 67' lang='lat' dir='ltr'>intellectum-</span> <span class='ocrx_word' id='word_1_411' title='bbox 2186 3482 2443 3550; x_wconf 89' lang='lat' dir='ltr'>retineri,</span> <span class='ocrx_word' id='word_1_412' title='bbox 2464 3483 2709 3561; x_wconf 69' lang='lat' dir='ltr'>ideoque</span> <span class='ocrx_word' id='word_1_413' title='bbox 2737 3484 2881 3538; x_wconf 88' lang='lat' dir='ltr'>velle</span> <span class='ocrx_word' id='word_1_414' title='bbox 2912 3483 3133 3537; x_wconf 86' lang='lat' dir='ltr'>enixius</span> <span class='ocrx_word' id='word_1_415' title='bbox 3164 3484 3219 3536; x_wconf 90' lang='lat' dir='ltr'>in</span> <span class='ocrx_word' id='word_1_416' title='bbox 3245 3484 3468 3537; x_wconf 89' lang='lat' dir='ltr'>honore</span> <span class='ocrx_word' id='word_1_417' title='bbox 3497 3476 3636 3531; x_wconf 90' lang='lat' dir='ltr'>illius</span> <span class='ocrx_word' id='word_1_418' title='bbox 3655 3485 3765 3561; x_wconf 66' lang='lat' dir='ltr'>ora-</span> 
     </span>
    </p>
   </div>
   <div class='ocr_carea' id='block_1_32' title="bbox 547 3556 3764 3643">
    <p class='ocr_par' dir='ltr' id='par_1_32' title="bbox 547 3556 3764 3643">
     <span class='ocr_line' id='line_1_32' title="bbox 547 3556 3764 3643; baseline -0.004 -20"><span class='ocrx_word' id='word_1_419' title='bbox 547 3567 824 3633; x_wconf 87' lang='lat' dir='ltr'>Charitas,</span> <span class='ocrx_word' id='word_1_420' title='bbox 852 3582 979 3638; x_wconf 69' lang='lat' dir='ltr'>qua:</span> <span class='ocrx_word' id='word_1_421' title='bbox 1001 3568 1086 3619; x_wconf 88' lang='lat' dir='ltr'>est</span> <span class='ocrx_word' id='word_1_422' title='bbox 1100 3565 1387 3619; x_wconf 88' lang='lat' dir='ltr'>vinculum</span> <span class='ocrx_word' id='word_1_423' title='bbox 1404 3565 1795 3636; x_wconf 86' lang='lat' dir='ltr'>perfectionis,</span> <span class='ocrx_word' id='word_1_424' title='bbox 1811 3568 1950 3622; x_wconf 91' lang='lat' dir='ltr'>dum</span> <span class='ocrx_word' id='word_1_425' title='bbox 1978 3586 2082 3624; x_wconf 89' lang='lat' dir='ltr'>nos</span> <span class='ocrx_word' id='word_1_426' title='bbox 2187 3570 2402 3625; x_wconf 91' lang='lat' dir='ltr'>torium</span> <span class='ocrx_word' id='word_1_427' title='bbox 2425 3556 2700 3638; x_wconf 71' lang='lat' dir='ltr'>construi,</span> <span class='ocrx_word' id='word_1_428' title='bbox 2720 3572 2973 3643; x_wconf 88' lang='lat' dir='ltr'>itemque</span> <span class='ocrx_word' id='word_1_429' title='bbox 2998 3571 3165 3625; x_wconf 87' lang='lat' dir='ltr'>nobis</span> <span class='ocrx_word' id='word_1_430' title='bbox 3188 3571 3259 3625; x_wconf 93' lang='lat' dir='ltr'>de</span> <span class='ocrx_word' id='word_1_431' title='bbox 3288 3570 3485 3624; x_wconf 87' lang='lat' dir='ltr'>sancto</span> <span class='ocrx_word' id='word_1_432' title='bbox 3508 3556 3764 3643; x_wconf 83' lang='lat' dir='ltr'>Bonifacio</span> 
     </span>
    </p>
   </div>
   <div class='ocr_carea' id='block_1_33' title="bbox 473 3642 3766 3730">
    <p class='ocr_par' dir='ltr' id='par_1_33' title="bbox 473 3642 3766 3730">
     <span class='ocr_line' id='line_1_33' title="bbox 473 3642 3766 3730; baseline -0.002 -17"><span class='ocrx_word' id='word_1_433' title='bbox 473 3658 676 3714; x_wconf 88' lang='lat' dir='ltr'>ambos</span> <span class='ocrx_word' id='word_1_434' title='bbox 696 3655 891 3710; x_wconf 81' lang='lat' dir='ltr'>Remis</span> <span class='ocrx_word' id='word_1_435' title='bbox 933 3654 1149 3726; x_wconf 92' lang='lat' dir='ltr'>positos</span> <span class='ocrx_word' id='word_1_436' title='bbox 1190 3654 1620 3725; x_wconf 88' lang='lat' dir='ltr'>conglutinaret</span> <span class='ocrx_word' id='word_1_437' title='bbox 1652 3656 1817 3711; x_wconf 88' lang='lat' dir='ltr'>labiis</span> <span class='ocrx_word' id='word_1_438' title='bbox 1842 3658 2079 3730; x_wconf 59' lang='lat' dir='ltr'>privatas</span> <span class='ocrx_word' id='word_1_439' title='bbox 2185 3662 2285 3712; x_wconf 90' lang='lat' dir='ltr'>aut</span> <span class='ocrx_word' id='word_1_440' title='bbox 2308 3660 2377 3713; x_wconf 90' lang='lat' dir='ltr'>de</span> <span class='ocrx_word' id='word_1_441' title='bbox 2408 3660 2582 3714; x_wconf 87' lang='lat' dir='ltr'>sacris</span> <span class='ocrx_word' id='word_1_442' title='bbox 2613 3661 2849 3714; x_wconf 89' lang='lat' dir='ltr'>artubus</span> <span class='ocrx_word' id='word_1_443' title='bbox 2882 3642 3233 3714; x_wconf 59' lang='lat' dir='ltr'>ceterorum</span> <span class='ocrx_word' id='word_1_444' title='bbox 3267 3659 3593 3713; x_wconf 86' lang='lat' dir='ltr'>sanctorum</span> <span class='ocrx_word' id='word_1_445' title='bbox 3629 3642 3766 3701; x_wconf 72' lang='lat' dir='ltr'>nobis</span> 
     </span>
    </p>
   </div>
   <div class='ocr_carea' id='block_1_34' title="bbox 473 3730 3772 3820">
    <p class='ocr_par' dir='ltr' id='par_1_34' title="bbox 473 3730 3772 3820">
     <span class='ocr_line' id='line_1_34' title="bbox 473 3730 3772 3820; baseline -0.001 -18"><span class='ocrx_word' id='word_1_446' title='bbox 473 3744 889 3812; x_wconf 78' lang='lat' dir='ltr'>collocationis,</span> <span class='ocrx_word' id='word_1_447' title='bbox 931 3746 1017 3797; x_wconf 89' lang='lat' dir='ltr'>tot</span> <span class='ocrx_word' id='word_1_448' title='bbox 1075 3742 1359 3797; x_wconf 88' lang='lat' dir='ltr'>oratorios</span> <span class='ocrx_word' id='word_1_449' title='bbox 1418 3744 1589 3811; x_wconf 88' lang='lat' dir='ltr'>rivos,</span> <span class='ocrx_word' id='word_1_450' title='bbox 1629 3747 1821 3800; x_wconf 82' lang='lat' dir='ltr'>tantos</span> <span class='ocrx_word' id='word_1_451' title='bbox 1866 3744 2080 3803; x_wconf 79' lang='lat' dir='ltr'>sanctae</span> <span class='ocrx_word' id='word_1_452' title='bbox 2185 3747 2388 3802; x_wconf 89' lang='lat' dir='ltr'>eadem</span> <span class='ocrx_word' id='word_1_453' title='bbox 2406 3730 3772 3820; x_wconf 81' lang='lat' dir='ltr'>recompensari.Adjecitinsuperincomparabilis</span> 
     </span>
    </p>
   </div>
   <div class='ocr_carea' id='block_1_35' title="bbox 474 3823 3771 3908">
    <p class='ocr_par' dir='ltr' id='par_1_35' title="bbox 474 3823 3771 3908">
     <span class='ocr_line' id='line_1_35' title="bbox 474 3823 3771 3908; baseline -0.004 -18"><span class='ocrx_word' id='word_1_454' title='bbox 474 3835 783 3908; x_wconf 65' lang='lat' dir='ltr'>Scriptura:</span> <span class='ocrx_word' id='word_1_455' title='bbox 804 3834 963 3888; x_wconf 84' lang='lat' dir='ltr'>favos</span> <span class='ocrx_word' id='word_1_456' title='bbox 988 3832 1142 3887; x_wconf 88' lang='lat' dir='ltr'>bono</span> <span class='ocrx_word' id='word_1_457' title='bbox 1166 3833 1284 3886; x_wconf 89' lang='lat' dir='ltr'>zelo</span> <span class='ocrx_word' id='word_1_458' title='bbox 1327 3831 1610 3887; x_wconf 89' lang='lat' dir='ltr'>fulminea</span> <span class='ocrx_word' id='word_1_459' title='bbox 1649 3832 1848 3905; x_wconf 87' lang='lat' dir='ltr'>lingua</span> <span class='ocrx_word' id='word_1_460' title='bbox 1895 3841 2081 3891; x_wconf 87' lang='lat' dir='ltr'>vestra</span> <span class='ocrx_word' id='word_1_461' title='bbox 2184 3836 2411 3891; x_wconf 78' lang='lat' dir='ltr'>bonitas</span> <span class='ocrx_word' id='word_1_462' title='bbox 2427 3838 2637 3908; x_wconf 89' lang='lat' dir='ltr'>quodsi</span> <span class='ocrx_word' id='word_1_463' title='bbox 2658 3839 3184 3907; x_wconf 77' lang='lat' dir='ltr'>nosurgeretsuper</span> <span class='ocrx_word' id='word_1_464' title='bbox 3201 3852 3263 3889; x_wconf 87' lang='lat' dir='ltr'>re</span> <span class='ocrx_word' id='word_1_465' title='bbox 3280 3829 3593 3890; x_wconf 90' lang='lat' dir='ltr'>domestica</span> <span class='ocrx_word' id='word_1_466' title='bbox 3606 3823 3771 3892; x_wconf 77' lang='lat' dir='ltr'>aliqua</span> 
     </span>
    </p>
   </div>
   <div class='ocr_carea' id='block_1_36' title="bbox 474 3917 3767 3995">
    <p class='ocr_par' dir='ltr' id='par_1_36' title="bbox 474 3917 3767 3995">
     <span class='ocr_line' id='line_1_36' title="bbox 474 3917 3767 3995; baseline -0.005 -15"><span class='ocrx_word' id='word_1_467' title='bbox 474 3923 753 3980; x_wconf 84' lang='lat' dir='ltr'>eructavit</span> <span class='ocrx_word' id='word_1_468' title='bbox 768 3938 965 3978; x_wconf 90' lang='lat' dir='ltr'>coram</span> <span class='ocrx_word' id='word_1_469' title='bbox 990 3924 1305 3988; x_wconf 90' lang='lat' dir='ltr'>etsecreto,</span> <span class='ocrx_word' id='word_1_470' title='bbox 1324 3925 1388 3975; x_wconf 92' lang='lat' dir='ltr'>ut</span> <span class='ocrx_word' id='word_1_471' title='bbox 1405 3923 1737 3977; x_wconf 78' lang='lat' dir='ltr'>exclamans</span> <span class='ocrx_word' id='word_1_472' title='bbox 1758 3927 2081 3995; x_wconf 89' lang='lat' dir='ltr'>compellar</span> <span class='ocrx_word' id='word_1_473' title='bbox 2186 3926 2447 3979; x_wconf 81' lang='lat' dir='ltr'>voluntas</span> <span class='ocrx_word' id='word_1_474' title='bbox 2466 3927 2843 3980; x_wconf 86' lang='lat' dir='ltr'>corroborare</span> <span class='ocrx_word' id='word_1_475' title='bbox 2865 3928 3065 3978; x_wconf 86' lang='lat' dir='ltr'>nostra</span> <span class='ocrx_word' id='word_1_476' title='bbox 3077 3923 3383 3995; x_wconf 87' lang='lat' dir='ltr'>privilegia</span> <span class='ocrx_word' id='word_1_477' title='bbox 3408 3934 3510 3991; x_wconf 90' lang='lat' dir='ltr'>per</span> <span class='ocrx_word' id='word_1_478' title='bbox 3524 3917 3767 3969; x_wconf 76' lang='lat' dir='ltr'>Roman</span> 
     </span>
    </p>
   </div>
   <div class='ocr_carea' id='block_1_37' title="bbox 478 3995 3769 4085">
    <p class='ocr_par' dir='ltr' id='par_1_37' title="bbox 478 3995 3769 4085">
     <span class='ocr_line' id='line_1_37' title="bbox 478 3995 3769 4085; baseline -0.005 -17"><span class='ocrx_word' id='word_1_479' title='bbox 478 4014 666 4069; x_wconf 88' lang='lat' dir='ltr'>dicere</span> <span class='ocrx_word' id='word_1_480' title='bbox 698 4030 710 4067; x_wconf 90' lang='lat'>:</span> <span class='ocrx_word' id='word_1_481' title='bbox 745 4012 963 4084; x_wconf 80' lang='lat' dir='ltr'>Diffusu</span> <span class='ocrx_word' id='word_1_482' title='bbox 998 4017 1073 4065; x_wconf 88' lang='lat' dir='ltr'>est</span> <span class='ocrx_word' id='word_1_483' title='bbox 1108 4012 1289 4080; x_wconf 84' lang='lat' dir='ltr'>gratia</span> <span class='ocrx_word' id='word_1_484' title='bbox 1331 4012 1386 4063; x_wconf 89' lang='lat' dir='ltr'>in</span> <span class='ocrx_word' id='word_1_485' title='bbox 1428 4010 1578 4065; x_wconf 84' lang='lat' dir='ltr'>labiis</span> <span class='ocrx_word' id='word_1_486' title='bbox 1623 4014 1724 4065; x_wconf 84' lang='lat' dir='ltr'>tuis</span> <span class='ocrx_word' id='word_1_487' title='bbox 1752 4030 1769 4076; x_wconf 88' lang='lat'><strong><em>;</em></strong></span> <span class='ocrx_word' id='word_1_488' title='bbox 1798 4020 2081 4083; x_wconf 71' lang='lat' dir='ltr'>propterea</span> <span class='ocrx_word' id='word_1_489' title='bbox 2187 4015 2543 4069; x_wconf 87' lang='lat' dir='ltr'>auctoritatis</span> <span class='ocrx_word' id='word_1_490' title='bbox 2564 4016 2770 4085; x_wconf 84' lang='lat' dir='ltr'>stylum</span> <span class='ocrx_word' id='word_1_491' title='bbox 2804 4013 3210 4084; x_wconf 89' lang='lat' dir='ltr'>apostolicum,</span> <span class='ocrx_word' id='word_1_492' title='bbox 3242 4028 3345 4066; x_wconf 87' lang='lat' dir='ltr'>vos</span> <span class='ocrx_word' id='word_1_493' title='bbox 3372 4010 3429 4063; x_wconf 91' lang='lat' dir='ltr'>in</span> <span class='ocrx_word' id='word_1_494' title='bbox 3458 3995 3769 4061; x_wconf 73' lang='lat' dir='ltr'>omnibuset</span> 
     </span>
    </p>
   </div>
   <div class='ocr_carea' id='block_1_38' title="bbox 480 4094 3771 4173">
    <p class='ocr_par' dir='ltr' id='par_1_38' title="bbox 480 4094 3771 4173">
     <span class='ocr_line' id='line_1_38' title="bbox 480 4094 3771 4173; baseline -0.005 -15"><span class='ocrx_word' id='word_1_495' title='bbox 480 4103 747 4159; x_wconf 73' lang='lat' dir='ltr'>benedixit</span> <span class='ocrx_word' id='word_1_496' title='bbox 793 4109 839 4156; x_wconf 89' lang='lat' dir='ltr'>te</span> <span class='ocrx_word' id='word_1_497' title='bbox 876 4102 1023 4155; x_wconf 85' lang='lat' dir='ltr'>Deus</span> <span class='ocrx_word' id='word_1_498' title='bbox 1072 4101 1128 4153; x_wconf 90' lang='lat' dir='ltr'>in</span> <span class='ocrx_word' id='word_1_499' title='bbox 1161 4107 1436 4153; x_wconf 54' lang='lat' dir='ltr'>atomum.</span> <span class='ocrx_word' id='word_1_500' title='bbox 1474 4100 1624 4155; x_wconf 90' lang='lat' dir='ltr'>Dum</span> <span class='ocrx_word' id='word_1_501' title='bbox 1657 4118 1794 4173; x_wconf 88' lang='lat' dir='ltr'>ergo</span> <span class='ocrx_word' id='word_1_502' title='bbox 1846 4103 1920 4157; x_wconf 91' lang='lat' dir='ltr'>ad</span> <span class='ocrx_word' id='word_1_503' title='bbox 1947 4104 2084 4158; x_wconf 88' lang='lat' dir='ltr'>talia</span> <span class='ocrx_word' id='word_1_504' title='bbox 2186 4118 2291 4171; x_wconf 86' lang='lat' dir='ltr'>per</span> <span class='ocrx_word' id='word_1_505' title='bbox 2308 4103 2507 4156; x_wconf 91' lang='lat' dir='ltr'>omnia</span> <span class='ocrx_word' id='word_1_506' title='bbox 2528 4103 2705 4156; x_wconf 88' lang='lat' dir='ltr'>nostri</span> <span class='ocrx_word' id='word_1_507' title='bbox 2725 4103 2848 4156; x_wconf 86' lang='lat' dir='ltr'>fore</span> <span class='ocrx_word' id='word_1_508' title='bbox 2871 4099 3277 4154; x_wconf 85' lang='lat' dir='ltr'>ﬁdelissimum</span> <span class='ocrx_word' id='word_1_509' title='bbox 3298 4094 3771 4160; x_wconf 48' lang='lat' dir='ltr'>collaboratorem.</span> 
     </span>
    </p>
   </div>
   <div class='ocr_carea' id='block_1_39' title="bbox 478 4177 3771 4268">
    <p class='ocr_par' dir='ltr' id='par_1_39' title="bbox 478 4177 3771 4268">
     <span class='ocr_line' id='line_1_39' title="bbox 478 4177 3771 4268; baseline -0.006 -21"><span class='ocrx_word' id='word_1_510' title='bbox 478 4191 847 4247; x_wconf 86' lang='lat' dir='ltr'>rutilantium</span> <span class='ocrx_word' id='word_1_511' title='bbox 879 4190 1185 4245; x_wconf 83' lang='lat' dir='ltr'>verberum</span> <span class='ocrx_word' id='word_1_512' title='bbox 1211 4188 1440 4258; x_wconf 85' lang='lat' dir='ltr'>fulgura</span> <span class='ocrx_word' id='word_1_513' title='bbox 1462 4189 1675 4260; x_wconf 85' lang='lat' dir='ltr'>stupui,</span> <span class='ocrx_word' id='word_1_514' title='bbox 1696 4194 1925 4245; x_wconf 89' lang='lat' dir='ltr'>coactus</span> <span class='ocrx_word' id='word_1_515' title='bbox 1956 4209 2083 4246; x_wconf 91' lang='lat' dir='ltr'>sum</span> <span class='ocrx_word' id='word_1_516' title='bbox 2189 4191 2318 4245; x_wconf 65' lang='lat' dir='ltr'>Haec</span> <span class='ocrx_word' id='word_1_517' title='bbox 2349 4196 2542 4245; x_wconf 90' lang='lat' dir='ltr'>autem</span> <span class='ocrx_word' id='word_1_518' title='bbox 2568 4190 2765 4244; x_wconf 88' lang='lat' dir='ltr'>omnia</span> <span class='ocrx_word' id='word_1_519' title='bbox 2794 4189 3070 4262; x_wconf 83' lang='lat' dir='ltr'>perﬁcere</span> <span class='ocrx_word' id='word_1_520' title='bbox 3101 4189 3214 4243; x_wconf 91' lang='lat' dir='ltr'>voti</span> <span class='ocrx_word' id='word_1_521' title='bbox 3242 4191 3389 4254; x_wconf 92' lang='lat' dir='ltr'>erat,</span> <span class='ocrx_word' id='word_1_522' title='bbox 3425 4177 3644 4256; x_wconf 88' lang='lat' dir='ltr'>quando</span> <span class='ocrx_word' id='word_1_523' title='bbox 3668 4186 3771 4268; x_wconf 50' lang='lat' dir='ltr'>ina:</span> 
     </span>
    </p>
   </div>
   <div class='ocr_carea' id='block_1_40' title="bbox 481 4256 3768 4352">
    <p class='ocr_par' dir='ltr' id='par_1_40' title="bbox 481 4256 3768 4352">
     <span class='ocr_line' id='line_1_40' title="bbox 481 4256 3768 4352; baseline -0.005 -18"><span class='ocrx_word' id='word_1_524' title='bbox 481 4282 752 4351; x_wconf 89' lang='lat' dir='ltr'>deinceps</span> <span class='ocrx_word' id='word_1_525' title='bbox 769 4278 979 4350; x_wconf 89' lang='lat' dir='ltr'>ubique</span> <span class='ocrx_word' id='word_1_526' title='bbox 1000 4276 1264 4330; x_wconf 83' lang='lat' dir='ltr'>conﬁteri</span> <span class='ocrx_word' id='word_1_527' title='bbox 1290 4293 1386 4329; x_wconf 91' lang='lat' dir='ltr'>vos</span> <span class='ocrx_word' id='word_1_528' title='bbox 1404 4276 1728 4332; x_wconf 87' lang='lat' dir='ltr'>tonitruum</span> <span class='ocrx_word' id='word_1_529' title='bbox 1753 4296 1873 4335; x_wconf 88' lang='lat' dir='ltr'>esse</span> <span class='ocrx_word' id='word_1_530' title='bbox 1905 4280 2084 4352; x_wconf 87' lang='lat' dir='ltr'>Spiri-</span> <span class='ocrx_word' id='word_1_531' title='bbox 2191 4280 2400 4351; x_wconf 80' lang='lat' dir='ltr'>gniﬁca</span> <span class='ocrx_word' id='word_1_532' title='bbox 2421 4281 3100 4352; x_wconf 86' lang='lat' dir='ltr'>principisapostolorum</span> <span class='ocrx_word' id='word_1_533' title='bbox 3124 4279 3392 4333; x_wconf 90' lang='lat' dir='ltr'>membra</span> <span class='ocrx_word' id='word_1_534' title='bbox 3413 4270 3635 4343; x_wconf 80' lang='lat' dir='ltr'>supplex</span> <span class='ocrx_word' id='word_1_535' title='bbox 3654 4256 3768 4316; x_wconf 58' lang='lat' dir='ltr'>adilf</span> 
     </span>
    </p>
   </div>
   <div class='ocr_carea' id='block_1_41' title="bbox 484 4356 3767 4441">
    <p class='ocr_par' dir='ltr' id='par_1_41' title="bbox 484 4356 3767 4441">
     <span class='ocr_line' id='line_1_41' title="bbox 484 4356 3767 4441; baseline -0.004 -20"><span class='ocrx_word' id='word_1_536' title='bbox 484 4371 572 4421; x_wconf 93' lang='lat' dir='ltr'>tus</span> <span class='ocrx_word' id='word_1_537' title='bbox 598 4367 801 4435; x_wconf 88' lang='lat' dir='ltr'>sancti,</span> <span class='ocrx_word' id='word_1_538' title='bbox 844 4364 940 4437; x_wconf 91' lang='lat' dir='ltr'>qui</span> <span class='ocrx_word' id='word_1_539' title='bbox 984 4380 1155 4435; x_wconf 88' lang='lat' dir='ltr'>super</span> <span class='ocrx_word' id='word_1_540' title='bbox 1193 4365 1480 4436; x_wconf 87' lang='lat' dir='ltr'>apostoles</span> <span class='ocrx_word' id='word_1_541' title='bbox 1537 4365 1594 4419; x_wconf 89' lang='lat' dir='ltr'>in</span> <span class='ocrx_word' id='word_1_542' title='bbox 1646 4367 1831 4437; x_wconf 90' lang='lat' dir='ltr'>igneis</span> <span class='ocrx_word' id='word_1_543' title='bbox 1875 4369 2088 4441; x_wconf 90' lang='lat' dir='ltr'>linguis</span> <span class='ocrx_word' id='word_1_544' title='bbox 2192 4370 2293 4423; x_wconf 91' lang='lat' dir='ltr'>sed</span> <span class='ocrx_word' id='word_1_545' title='bbox 2314 4371 2636 4425; x_wconf 81' lang='lat' dir='ltr'>Romanam</span> <span class='ocrx_word' id='word_1_546' title='bbox 2672 4369 2986 4422; x_wconf 87' lang='lat' dir='ltr'>Ecclesiam</span> <span class='ocrx_word' id='word_1_547' title='bbox 3023 4368 3205 4438; x_wconf 86' lang='lat' dir='ltr'>digno</span> <span class='ocrx_word' id='word_1_548' title='bbox 3235 4366 3525 4419; x_wconf 88' lang='lat' dir='ltr'>viduatam</span> <span class='ocrx_word' id='word_1_549' title='bbox 3550 4356 3767 4428; x_wconf 62' lang='lat' dir='ltr'>pastore.</span> 
     </span>
    </p>
   </div>
   <div class='ocr_carea' id='block_1_42' title="bbox 486 4443 3771 4531">
    <p class='ocr_par' dir='ltr' id='par_1_42' title="bbox 486 4443 3771 4531">
     <span class='ocr_line' id='line_1_42' title="bbox 486 4443 3771 4531; baseline -0.004 -21"><span class='ocrx_word' id='word_1_550' title='bbox 486 4455 802 4521; x_wconf 87' lang='lat' dir='ltr'>descendit,</span> <span class='ocrx_word' id='word_1_551' title='bbox 822 4453 1110 4525; x_wconf 87' lang='lat' dir='ltr'>quietiam</span> <span class='ocrx_word' id='word_1_552' title='bbox 1128 4470 1224 4507; x_wconf 91' lang='lat' dir='ltr'>vos</span> <span class='ocrx_word' id='word_1_553' title='bbox 1247 4454 1551 4508; x_wconf 87' lang='lat' dir='ltr'>ardentem</span> <span class='ocrx_word' id='word_1_554' title='bbox 1574 4455 2000 4527; x_wconf 80' lang='lat' dir='ltr'>rhompliaeam,</span> <span class='ocrx_word' id='word_1_555' title='bbox 2017 4459 2091 4513; x_wconf 88' lang='lat' dir='ltr'>ad</span> <span class='ocrx_word' id='word_1_556' title='bbox 2196 4458 2480 4531; x_wconf 86' lang='lat' dir='ltr'>heu,proh</span> <span class='ocrx_word' id='word_1_557' title='bbox 2499 4456 2681 4511; x_wconf 85' lang='lat' dir='ltr'>dolor!</span> <span class='ocrx_word' id='word_1_558' title='bbox 2701 4456 3150 4511; x_wconf 81' lang='lat' dir='ltr'>otfendi.Vestra</span> <span class='ocrx_word' id='word_1_559' title='bbox 3172 4458 3368 4509; x_wconf 90' lang='lat' dir='ltr'>autem</span> <span class='ocrx_word' id='word_1_560' title='bbox 3388 4443 3651 4507; x_wconf 82' lang='lat' dir='ltr'>absentia,</span> <span class='ocrx_word' id='word_1_561' title='bbox 3666 4449 3771 4531; x_wconf 59' lang='grc' dir='ltr'>Ριᾯ-</span> 
     </span>
    </p>
   </div>
   <div class='ocr_carea' id='block_1_43' title="bbox 485 4522 3767 4618">
    <p class='ocr_par' dir='ltr' id='par_1_43' title="bbox 485 4522 3767 4618">
     <span class='ocr_line' id='line_1_43' title="bbox 485 4522 3767 4618; baseline -0.002 -19"><span class='ocrx_word' id='word_1_562' title='bbox 485 4544 762 4599; x_wconf 83' lang='lat' dir='ltr'>secandos</span> <span class='ocrx_word' id='word_1_563' title='bbox 783 4522 1076 4615; x_wconf 78' lang='lat' dir='ltr'>improbos</span> <span class='ocrx_word' id='word_1_564' title='bbox 1089 4541 1159 4595; x_wconf 90' lang='lat' dir='ltr'>de</span> <span class='ocrx_word' id='word_1_565' title='bbox 1182 4543 1400 4613; x_wconf 90' lang='lat' dir='ltr'>templo</span> <span class='ocrx_word' id='word_1_566' title='bbox 1419 4522 1769 4616; x_wconf 80' lang='lat' dir='ltr'>suo,septeni</span> <span class='ocrx_word' id='word_1_567' title='bbox 1789 4522 2093 4618; x_wconf 82' lang='lat' dir='ltr'>donisgra-</span> <span class='ocrx_word' id='word_1_568' title='bbox 2184 4522 2383 4613; x_wconf 47' lang='lat' dir='ltr'>‘ﬁteoi‘,</span> <span class='ocrx_word' id='word_1_569' title='bbox 2416 4546 2495 4600; x_wconf 91' lang='lat' dir='ltr'>ita</span> <span class='ocrx_word' id='word_1_570' title='bbox 2521 4545 2756 4599; x_wconf 70' lang='lat' dir='ltr'>affectus</span> <span class='ocrx_word' id='word_1_571' title='bbox 2785 4561 2912 4598; x_wconf 89' lang='lat' dir='ltr'>sum</span> <span class='ocrx_word' id='word_1_572' title='bbox 2946 4547 3091 4597; x_wconf 78' lang='lat' dir='ltr'>Sicut</span> <span class='ocrx_word' id='word_1_573' title='bbox 3122 4544 3267 4597; x_wconf 91' lang='lat' dir='ltr'>solet</span> <span class='ocrx_word' id='word_1_574' title='bbox 3313 4537 3461 4595; x_wconf 84' lang='lat' dir='ltr'>afﬁci</span> <span class='ocrx_word' id='word_1_575' title='bbox 3507 4535 3643 4588; x_wconf 88' lang='lat' dir='ltr'>fetus</span> <span class='ocrx_word' id='word_1_576' title='bbox 3667 4522 3767 4594; x_wconf 64' lang='lat'>831&#39;</span> 
     </span>
    </p>
   </div>
   <div class='ocr_carea' id='block_1_44' title="bbox 488 4621 3770 4708">
    <p class='ocr_par' dir='ltr' id='par_1_44' title="bbox 488 4621 3770 4708">
     <span class='ocr_line' id='line_1_44' title="bbox 488 4621 3770 4708; baseline -0.004 -21"><span class='ocrx_word' id='word_1_577' title='bbox 488 4634 697 4689; x_wconf 87' lang='lat' dir='ltr'>tiarum</span> <span class='ocrx_word' id='word_1_578' title='bbox 721 4633 992 4688; x_wconf 87' lang='lat' dir='ltr'>decenter</span> <span class='ocrx_word' id='word_1_579' title='bbox 1005 4629 1282 4685; x_wconf 84' lang='lat' dir='ltr'>elimavit.</span> <span class='ocrx_word' id='word_1_580' title='bbox 1298 4633 1587 4688; x_wconf 69' lang='lat' dir='ltr'>Interhzec</span> <span class='ocrx_word' id='word_1_581' title='bbox 1603 4635 1867 4704; x_wconf 89' lang='lat' dir='ltr'>tandem,</span> <span class='ocrx_word' id='word_1_582' title='bbox 1887 4637 2093 4691; x_wconf 89' lang='lat' dir='ltr'>erectis</span> <span class='ocrx_word' id='word_1_583' title='bbox 2196 4634 2349 4700; x_wconf 75' lang='lat' dir='ltr'>linea,</span> <span class='ocrx_word' id='word_1_584' title='bbox 2374 4650 2737 4705; x_wconf 87' lang='lat' dir='ltr'>conquerens</span> <span class='ocrx_word' id='word_1_585' title='bbox 2774 4632 2964 4687; x_wconf 82' lang='lat' dir='ltr'>raucis</span> <span class='ocrx_word' id='word_1_586' title='bbox 2995 4631 3257 4685; x_wconf 85' lang='lat' dir='ltr'>faucibus</span> <span class='ocrx_word' id='word_1_587' title='bbox 3288 4626 3628 4684; x_wconf 83' lang='lat' dir='ltr'>abstractum</span> <span class='ocrx_word' id='word_1_588' title='bbox 3671 4621 3770 4708; x_wconf 36' lang='lat'>8.5.39:</span> 
     </span>
    </p>
   </div>
   <div class='ocr_carea' id='block_1_45' title="bbox 488 4699 3771 4795">
    <p class='ocr_par' dir='ltr' id='par_1_45' title="bbox 488 4699 3771 4795">
     <span class='ocr_line' id='line_1_45' title="bbox 488 4699 3771 4795; baseline -0.008 -16"><span class='ocrx_word' id='word_1_589' title='bbox 488 4722 665 4779; x_wconf 90' lang='lat' dir='ltr'>animi</span> <span class='ocrx_word' id='word_1_590' title='bbox 691 4721 1026 4788; x_wconf 89' lang='lat' dir='ltr'>luminibus,</span> <span class='ocrx_word' id='word_1_591' title='bbox 1055 4720 1268 4775; x_wconf 81' lang='lat' dir='ltr'>soleres</span> <span class='ocrx_word' id='word_1_592' title='bbox 1294 4725 1495 4776; x_wconf 62' lang='lat' dir='ltr'>vestras</span> <span class='ocrx_word' id='word_1_593' title='bbox 1527 4724 1871 4795; x_wconf 68' lang='lat' dir='ltr'>eloquentia:</span> <span class='ocrx_word' id='word_1_594' title='bbox 1901 4727 2094 4781; x_wconf 90' lang='lat' dir='ltr'>radios</span> <span class='ocrx_word' id='word_1_595' title='bbox 2116 4735 2169 4793; x_wconf 86' lang='lat'>1)</span> <span class='ocrx_word' id='word_1_596' title='bbox 2201 4724 2433 4778; x_wconf 90' lang='lat' dir='ltr'>unicum</span> <span class='ocrx_word' id='word_1_597' title='bbox 2459 4724 2660 4778; x_wconf 88' lang='lat' dir='ltr'>matris</span> <span class='ocrx_word' id='word_1_598' title='bbox 2683 4740 2801 4777; x_wconf 83' lang='lat' dir='ltr'>suae</span> <span class='ocrx_word' id='word_1_599' title='bbox 2822 4721 3158 4795; x_wconf 81' lang='lat' dir='ltr'>praesidium</span> <span class='ocrx_word' id='word_1_600' title='bbox 3189 4720 3384 4790; x_wconf 88' lang='lat' dir='ltr'>Nuper</span> <span class='ocrx_word' id='word_1_601' title='bbox 3410 4716 3599 4770; x_wconf 87' lang='lat' dir='ltr'>autem</span> <span class='ocrx_word' id='word_1_602' title='bbox 3613 4699 3771 4760; x_wconf 79' lang='lat' dir='ltr'>audm</span> 
     </span>
    </p>
   </div>
   <div class='ocr_carea' id='block_1_46' title="bbox 488 4797 3770 4883">
    <p class='ocr_par' dir='ltr' id='par_1_46' title="bbox 488 4797 3770 4883">
     <span class='ocr_line' id='line_1_46' title="bbox 488 4797 3770 4883; baseline -0.006 -17"><span class='ocrx_word' id='word_1_603' title='bbox 488 4810 755 4883; x_wconf 89' lang='lat' dir='ltr'>aquilinis</span> <span class='ocrx_word' id='word_1_604' title='bbox 768 4809 945 4865; x_wconf 92' lang='lat' dir='ltr'>oculis</span> <span class='ocrx_word' id='word_1_605' title='bbox 964 4808 1297 4879; x_wconf 91' lang='lat' dir='ltr'>conspicere</span> <span class='ocrx_word' id='word_1_606' title='bbox 1319 4810 1500 4878; x_wconf 88' lang='lat' dir='ltr'>volui;</span> <span class='ocrx_word' id='word_1_607' title='bbox 1534 4815 1591 4865; x_wconf 89' lang='lat' dir='ltr'>et</span> <span class='ocrx_word' id='word_1_608' title='bbox 1620 4812 1765 4869; x_wconf 92' lang='lat' dir='ltr'>sicut</span> <span class='ocrx_word' id='word_1_609' title='bbox 1786 4814 1866 4868; x_wconf 90' lang='lat' dir='ltr'>ait</span> <span class='ocrx_word' id='word_1_610' title='bbox 1898 4815 2090 4870; x_wconf 88' lang='lat' dir='ltr'>Eccle-</span> <span class='ocrx_word' id='word_1_611' title='bbox 2199 4812 2655 4883; x_wconf 90' lang='lat' dir='ltr'>nuntium,quod</span> <span class='ocrx_word' id='word_1_612' title='bbox 2676 4828 2771 4866; x_wconf 90' lang='lat' dir='ltr'>me</span> <span class='ocrx_word' id='word_1_613' title='bbox 2793 4810 3107 4866; x_wconf 77' lang='lat' dir='ltr'>laetiﬁcavit</span> <span class='ocrx_word' id='word_1_614' title='bbox 3131 4824 3304 4880; x_wconf 88' lang='lat' dir='ltr'>super</span> <span class='ocrx_word' id='word_1_615' title='bbox 3328 4817 3531 4862; x_wconf 88' lang='lat' dir='ltr'>aurum</span> <span class='ocrx_word' id='word_1_616' title='bbox 3549 4799 3601 4851; x_wconf 91' lang='lat' dir='ltr'>et</span> <span class='ocrx_word' id='word_1_617' title='bbox 3629 4797 3770 4883; x_wconf 75' lang='lat' dir='ltr'>topa-</span> 
     </span>
    </p>
   </div>
   <div class='ocr_carea' id='block_1_47' title="bbox 487 4877 3769 4971">
    <p class='ocr_par' dir='ltr' id='par_1_47' title="bbox 487 4877 3769 4971">
     <span class='ocr_line' id='line_1_47' title="bbox 487 4877 3769 4971; baseline -0.005 -19"><span class='ocrx_word' id='word_1_618' title='bbox 487 4898 705 4965; x_wconf 89' lang='lat' dir='ltr'>siastes,</span> <span class='ocrx_word' id='word_1_619' title='bbox 728 4898 925 4952; x_wconf 84' lang='lat' dir='ltr'>Frater</span> <span class='ocrx_word' id='word_1_620' title='bbox 961 4897 1190 4967; x_wconf 81' lang='lat' dir='ltr'>fratrem</span> <span class='ocrx_word' id='word_1_621' title='bbox 1240 4899 1510 4969; x_wconf 85' lang='lat' dir='ltr'>adjuvans</span> <span class='ocrx_word' id='word_1_622' title='bbox 1541 4904 1698 4971; x_wconf 83' lang='lat' dir='ltr'>quasi</span> <span class='ocrx_word' id='word_1_623' title='bbox 1744 4905 1938 4958; x_wconf 85' lang='lat' dir='ltr'>civitas</span> <span class='ocrx_word' id='word_1_624' title='bbox 1975 4921 2096 4957; x_wconf 90' lang='lat' dir='ltr'>mu-</span> <span class='ocrx_word' id='word_1_625' title='bbox 2199 4901 2634 4969; x_wconf 82' lang='lat' dir='ltr'>zium,erectum</span> <span class='ocrx_word' id='word_1_626' title='bbox 2657 4917 2778 4955; x_wconf 91' lang='lat' dir='ltr'>esse</span> <span class='ocrx_word' id='word_1_627' title='bbox 2792 4898 3172 4970; x_wconf 86' lang='lat' dir='ltr'>apostolicum</span> <span class='ocrx_word' id='word_1_628' title='bbox 3199 4898 3368 4952; x_wconf 83' lang='lat' dir='ltr'>decus</span> <span class='ocrx_word' id='word_1_629' title='bbox 3384 4877 3769 4971; x_wconf 78' lang='lat' dir='ltr'>perquemdam</span> 
     </span>
    </p>
   </div>
   <div class='ocr_carea' id='block_1_48' title="bbox 487 4970 3768 5062">
    <p class='ocr_par' dir='ltr' id='par_1_48' title="bbox 487 4970 3768 5062">
     <span class='ocr_line' id='line_1_48' title="bbox 487 4970 3768 5062; baseline -0.007 -19"><span class='ocrx_word' id='word_1_630' title='bbox 487 4990 601 5041; x_wconf 87' lang='lat' dir='ltr'>nita</span> <span class='ocrx_word' id='word_1_631' title='bbox 624 4993 673 5041; x_wconf 87' lang='lat' dir='ltr'>et</span> <span class='ocrx_word' id='word_1_632' title='bbox 689 4986 1145 5057; x_wconf 86' lang='lat' dir='ltr'>fortis,baculum</span> <span class='ocrx_word' id='word_1_633' title='bbox 1166 4987 1382 5042; x_wconf 88' lang='lat' dir='ltr'>robusti</span> <span class='ocrx_word' id='word_1_634' title='bbox 1396 4970 1737 5059; x_wconf 76' lang='lat' dir='ltr'>adjutoriiet</span> <span class='ocrx_word' id='word_1_635' title='bbox 1757 4994 1945 5047; x_wconf 90' lang='lat' dir='ltr'>colum</span> <span class='ocrx_word' id='word_1_636' title='bbox 1956 5009 2091 5048; x_wconf 90' lang='lat' dir='ltr'>nam</span> <span class='ocrx_word' id='word_1_637' title='bbox 2199 4990 2515 5062; x_wconf 87' lang='lat' dir='ltr'>imperialis</span> <span class='ocrx_word' id='word_1_638' title='bbox 2541 4989 2839 5060; x_wconf 86' lang='lat' dir='ltr'>sanguinis</span> <span class='ocrx_word' id='word_1_639' title='bbox 2858 4989 3066 5053; x_wconf 88' lang='lat' dir='ltr'>virum,</span> <span class='ocrx_word' id='word_1_640' title='bbox 3094 4989 3284 5041; x_wconf 88' lang='lat' dir='ltr'>totum</span> <span class='ocrx_word' id='word_1_641' title='bbox 3310 4977 3601 5038; x_wconf 85' lang='lat' dir='ltr'>virtutibus</span> <span class='ocrx_word' id='word_1_642' title='bbox 3619 4970 3677 5062; x_wconf 85' lang='lat' dir='ltr'>et</span> 
     </span>
    </p>
   </div>
   <div class='ocr_carea' id='block_1_49' title="bbox 486 5048 3773 5157">
    <p class='ocr_par' dir='ltr' id='par_1_49' title="bbox 486 5048 3773 5157">
     <span class='ocr_line' id='line_1_49' title="bbox 486 5048 3773 5157; baseline -0.005 -26"><span class='ocrx_word' id='word_1_643' title='bbox 486 5075 885 5148; x_wconf 88' lang='lat' dir='ltr'>inseparabilis</span> <span class='ocrx_word' id='word_1_644' title='bbox 922 5075 1187 5131; x_wconf 69' lang='lat' dir='ltr'>amicitia:</span> <span class='ocrx_word' id='word_1_645' title='bbox 1216 5092 1315 5131; x_wconf 90' lang='lat' dir='ltr'>vos</span> <span class='ocrx_word' id='word_1_646' title='bbox 1346 5075 1404 5130; x_wconf 89' lang='lat' dir='ltr'>in</span> <span class='ocrx_word' id='word_1_647' title='bbox 1435 5079 1743 5148; x_wconf 65' lang='lat' dir='ltr'>aeternum,</span> <span class='ocrx_word' id='word_1_648' title='bbox 1792 5081 1837 5135; x_wconf 91' lang='lat' dir='ltr'>si</span> <span class='ocrx_word' id='word_1_649' title='bbox 1879 5083 2091 5153; x_wconf 90' lang='lat' dir='ltr'>placet,</span> <span class='ocrx_word' id='word_1_650' title='bbox 2199 5080 2421 5153; x_wconf 88' lang='lat' dir='ltr'>pientia</span> <span class='ocrx_word' id='word_1_651' title='bbox 2460 5077 2869 5150; x_wconf 88' lang='lat' dir='ltr'>compositum.</span> <span class='ocrx_word' id='word_1_652' title='bbox 2903 5076 3102 5131; x_wconf 87' lang='lat' dir='ltr'>Vester</span> <span class='ocrx_word' id='word_1_653' title='bbox 3133 5090 3265 5129; x_wconf 88' lang='lat' dir='ltr'>vero</span> <span class='ocrx_word' id='word_1_654' title='bbox 3294 5072 3506 5127; x_wconf 85' lang='lat' dir='ltr'>reditus</span> <span class='ocrx_word' id='word_1_655' title='bbox 3530 5048 3773 5157; x_wconf 37' lang='lat' dir='ltr'>intorti“</span> 
     </span>
    </p>
   </div>
   <div class='ocr_carea' id='block_1_50' title="bbox 486 5137 3767 5240">
    <p class='ocr_par' dir='ltr' id='par_1_50' title="bbox 486 5137 3767 5240">
     <span class='ocr_line' id='line_1_50' title="bbox 486 5137 3767 5240; baseline -0.009 -14"><span class='ocrx_word' id='word_1_656' title='bbox 486 5167 703 5221; x_wconf 77' lang='lat' dir='ltr'>habere</span> <span class='ocrx_word' id='word_1_657' title='bbox 722 5164 967 5221; x_wconf 81' lang='lat' dir='ltr'>decrevi.</span> <span class='ocrx_word' id='word_1_658' title='bbox 993 5164 1172 5235; x_wconf 87' lang='lat' dir='ltr'>Hujus</span> <span class='ocrx_word' id='word_1_659' title='bbox 1199 5164 1281 5220; x_wconf 88' lang='lat' dir='ltr'>rei</span> <span class='ocrx_word' id='word_1_660' title='bbox 1305 5164 1492 5237; x_wconf 88' lang='lat' dir='ltr'>gratia</span> <span class='ocrx_word' id='word_1_661' title='bbox 1520 5167 1690 5224; x_wconf 85' lang='lat' dir='ltr'>ﬂecto</span> <span class='ocrx_word' id='word_1_662' title='bbox 1723 5137 1916 5240; x_wconf 71' lang='lat' dir='ltr'>genua</span> <span class='ocrx_word' id='word_1_663' title='bbox 1960 5188 2095 5227; x_wconf 89' lang='lat' dir='ltr'>mea</span> <span class='ocrx_word' id='word_1_664' title='bbox 2200 5137 2383 5226; x_wconf 70' lang='lat' dir='ltr'>inenti</span> <span class='ocrx_word' id='word_1_665' title='bbox 2410 5170 2624 5223; x_wconf 65' lang='lat' dir='ltr'>nostra:</span> <span class='ocrx_word' id='word_1_666' title='bbox 2651 5168 2806 5221; x_wconf 91' lang='lat' dir='ltr'>velut</span> <span class='ocrx_word' id='word_1_667' title='bbox 2838 5163 3215 5238; x_wconf 67' lang='lat' dir='ltr'>paradisiacaa</span> <span class='ocrx_word' id='word_1_668' title='bbox 3238 5152 3569 5216; x_wconf 74' lang='lat' dir='ltr'>reverSionis</span> <span class='ocrx_word' id='word_1_669' title='bbox 3596 5137 3767 5240; x_wconf 63' lang='lat' dir='ltr'>ineﬂ&#39;a:</span> 
     </span>
    </p>
   </div>
   <div class='ocr_carea' id='block_1_51' title="bbox 487 5222 3769 5329">
    <p class='ocr_par' dir='ltr' id='par_1_51' title="bbox 487 5222 3769 5329">
     <span class='ocr_line' id='line_1_51' title="bbox 487 5222 3769 5329; baseline -0.004 -20"><span class='ocrx_word' id='word_1_670' title='bbox 487 5254 561 5309; x_wconf 89' lang='lat' dir='ltr'>ad</span> <span class='ocrx_word' id='word_1_671' title='bbox 574 5255 907 5323; x_wconf 87' lang='lat' dir='ltr'>Patrem,ut</span> <span class='ocrx_word' id='word_1_672' title='bbox 928 5254 1027 5309; x_wconf 91' lang='lat' dir='ltr'>det</span> <span class='ocrx_word' id='word_1_673' title='bbox 1047 5222 1206 5309; x_wconf 64' lang='lat' dir='ltr'>vhbis</span> <span class='ocrx_word' id='word_1_674' title='bbox 1227 5253 1287 5308; x_wconf 94' lang='lat' dir='ltr'>id</span> <span class='ocrx_word' id='word_1_675' title='bbox 1305 5222 1496 5325; x_wconf 67' lang='lat' dir='ltr'>ipsum</span> <span class='ocrx_word' id='word_1_676' title='bbox 1522 5222 2094 5329; x_wconf 21' lang='lat' dir='ltr'>sapereopeeroiiii:</span> <span class='ocrx_word' id='word_1_677' title='bbox 2198 5222 2690 5316; x_wconf 69' lang='lat' dir='ltr'>concentus.</span> <span class='ocrx_word' id='word_1_678' title='bbox 2716 5222 2875 5311; x_wconf 70' lang='lat' dir='ltr'>Nunc</span> <span class='ocrx_word' id='word_1_679' title='bbox 2904 5255 3102 5327; x_wconf 90' lang='lat' dir='ltr'>igitur,</span> <span class='ocrx_word' id='word_1_680' title='bbox 3138 5252 3284 5307; x_wconf 90' lang='lat' dir='ltr'>sicut</span> <span class='ocrx_word' id='word_1_681' title='bbox 3312 5246 3479 5306; x_wconf 90' lang='lat' dir='ltr'>locuti</span> <span class='ocrx_word' id='word_1_682' title='bbox 3508 5248 3684 5295; x_wconf 79' lang='lat' dir='ltr'>sumus</span> <span class='ocrx_word' id='word_1_683' title='bbox 3710 5222 3769 5280; x_wconf 66' lang='lat' dir='ltr'>ad</span> 
     </span>
    </p>
   </div>
   <div class='ocr_carea' id='block_1_52' title="bbox 486 5330 3765 5420">
    <p class='ocr_par' dir='ltr' id='par_1_52' title="bbox 486 5330 3765 5420">
     <span class='ocr_line' id='line_1_52' title="bbox 486 5330 3765 5420; baseline -0.001 -23"><span class='ocrx_word' id='word_1_684' title='bbox 486 5360 631 5397; x_wconf 89' lang='lat' dir='ltr'>num</span> <span class='ocrx_word' id='word_1_685' title='bbox 662 5346 925 5399; x_wconf 88' lang='lat' dir='ltr'>nostrum</span> <span class='ocrx_word' id='word_1_686' title='bbox 953 5343 1149 5398; x_wconf 72' lang='lat' dir='ltr'>Iesum</span> <span class='ocrx_word' id='word_1_687' title='bbox 1180 5342 1491 5411; x_wconf 89' lang='lat' dir='ltr'>Christum,</span> <span class='ocrx_word' id='word_1_688' title='bbox 1533 5346 1596 5399; x_wconf 89' lang='lat' dir='ltr'>ut</span> <span class='ocrx_word' id='word_1_689' title='bbox 1624 5345 1783 5402; x_wconf 91' lang='lat' dir='ltr'>favus</span> <span class='ocrx_word' id='word_1_690' title='bbox 1812 5348 2095 5404; x_wconf 89' lang='lat' dir='ltr'>distillans</span> <span class='ocrx_word' id='word_1_691' title='bbox 2200 5349 2469 5416; x_wconf 88' lang='lat' dir='ltr'>invicem,</span> <span class='ocrx_word' id='word_1_692' title='bbox 2494 5352 2552 5403; x_wconf 91' lang='lat' dir='ltr'>et</span> <span class='ocrx_word' id='word_1_693' title='bbox 2574 5349 2698 5403; x_wconf 59' lang='lat' dir='ltr'>haec</span> <span class='ocrx_word' id='word_1_694' title='bbox 2727 5347 2973 5420; x_wconf 90' lang='lat' dir='ltr'>epistola</span> <span class='ocrx_word' id='word_1_695' title='bbox 2991 5342 3193 5399; x_wconf 88' lang='lat' dir='ltr'>vestris</span> <span class='ocrx_word' id='word_1_696' title='bbox 3219 5337 3537 5412; x_wconf 86' lang='lat' dir='ltr'>aspectibus</span> <span class='ocrx_word' id='word_1_697' title='bbox 3563 5342 3617 5380; x_wconf 73' lang='lat' dir='ltr'>se</span> <span class='ocrx_word' id='word_1_698' title='bbox 3644 5330 3765 5420; x_wconf 56' lang='grc' dir='ltr'>Ρξίεξ</span> 
     </span>
    </p>
   </div>
   <div class='ocr_carea' id='block_1_53' title="bbox 485 5406 3768 5511">
    <p class='ocr_par' dir='ltr' id='par_1_53' title="bbox 485 5406 3768 5511">
     <span class='ocr_line' id='line_1_53' title="bbox 485 5406 3768 5511; baseline -0.003 -24"><span class='ocrx_word' id='word_1_699' title='bbox 485 5432 639 5487; x_wconf 91' lang='lat' dir='ltr'>labia</span> <span class='ocrx_word' id='word_1_700' title='bbox 657 5435 845 5488; x_wconf 87' lang='lat' dir='ltr'>vestra</span> <span class='ocrx_word' id='word_1_701' title='bbox 875 5431 1217 5487; x_wconf 86' lang='lat' dir='ltr'>memoriale</span> <span class='ocrx_word' id='word_1_702' title='bbox 1250 5436 1514 5487; x_wconf 90' lang='lat' dir='ltr'>nostrum</span> <span class='ocrx_word' id='word_1_703' title='bbox 1536 5434 1882 5490; x_wconf 79' lang='lat' dir='ltr'>haereditare</span> <span class='ocrx_word' id='word_1_704' title='bbox 1909 5437 2089 5508; x_wconf 87' lang='lat' dir='ltr'>possi-</span> <span class='ocrx_word' id='word_1_705' title='bbox 2202 5442 2410 5506; x_wconf 86' lang='lat' dir='ltr'>sentat,</span> <span class='ocrx_word' id='word_1_706' title='bbox 2443 5455 2546 5511; x_wconf 91' lang='lat' dir='ltr'>per</span> <span class='ocrx_word' id='word_1_707' title='bbox 2576 5438 2680 5492; x_wconf 89' lang='lat' dir='ltr'>hos</span> <span class='ocrx_word' id='word_1_708' title='bbox 2723 5406 2903 5491; x_wconf 77' lang='lat' dir='ltr'>sancti</span> <span class='ocrx_word' id='word_1_709' title='bbox 2945 5434 3123 5506; x_wconf 90' lang='lat' dir='ltr'>patris</span> <span class='ocrx_word' id='word_1_710' title='bbox 3168 5424 3455 5486; x_wconf 88' lang='lat' dir='ltr'>Benedicti</span> <span class='ocrx_word' id='word_1_711' title='bbox 3492 5406 3768 5511; x_wconf 37' lang='lat' dir='ltr'>multa???</span> 
     </span>
    </p>
   </div>
   <div class='ocr_carea' id='block_1_54' title="bbox 489 5497 3762 5600">
    <p class='ocr_par' dir='ltr' id='par_1_54' title="bbox 489 5497 3762 5600">
     <span class='ocr_line' id='line_1_54' title="bbox 489 5497 3762 5600; baseline -0.005 -23"><span class='ocrx_word' id='word_1_712' title='bbox 489 5520 735 5578; x_wconf 89' lang='lat' dir='ltr'>deantin</span> <span class='ocrx_word' id='word_1_713' title='bbox 755 5522 1346 5593; x_wconf 82' lang='lat' dir='ltr'>sempiternasaecula.</span> <span class='ocrx_word' id='word_1_714' title='bbox 1371 5524 1527 5578; x_wconf 87' lang='lat' dir='ltr'>Inter</span> <span class='ocrx_word' id='word_1_715' title='bbox 1555 5523 1868 5580; x_wconf 87' lang='lat' dir='ltr'>familiaria</span> <span class='ocrx_word' id='word_1_716' title='bbox 1894 5497 2095 5582; x_wconf 65' lang='lat' dir='ltr'>verbo-</span> <span class='ocrx_word' id='word_1_717' title='bbox 2205 5497 2408 5582; x_wconf 80' lang='lat' dir='ltr'>audire</span> <span class='ocrx_word' id='word_1_718' title='bbox 2420 5497 2731 5600; x_wconf 45' lang='lat' dir='ltr'>&#39;placeat,et</span> <span class='ocrx_word' id='word_1_719' title='bbox 2753 5497 3427 5594; x_wconf 44' lang='lat' dir='ltr'>audita-perlicereﬂelut</span> <span class='ocrx_word' id='word_1_720' title='bbox 3448 5497 3762 5600; x_wconf 40' lang='lat' dir='ltr'>promisi?le</span> 
     </span>
    </p>
   </div>
   <div class='ocr_carea' id='block_1_55' title="bbox 488 5584 3762 5680">
    <p class='ocr_par' dir='ltr' id='par_1_55' title="bbox 488 5584 3762 5680">
     <span class='ocr_line' id='line_1_55' title="bbox 488 5584 3762 5680; baseline -0.006 -13"><span class='ocrx_word' id='word_1_721' title='bbox 488 5628 621 5667; x_wconf 88' lang='lat' dir='ltr'>rum</span> <span class='ocrx_word' id='word_1_722' title='bbox 669 5618 1002 5667; x_wconf 89' lang='lat' dir='ltr'>nostrorum</span> <span class='ocrx_word' id='word_1_723' title='bbox 1044 5628 1254 5666; x_wconf 89' lang='lat' dir='ltr'>arcana</span> <span class='ocrx_word' id='word_1_724' title='bbox 1283 5611 1575 5667; x_wconf 91' lang='lat' dir='ltr'>distillavit</span> <span class='ocrx_word' id='word_1_725' title='bbox 1612 5613 1844 5669; x_wconf 89' lang='lat' dir='ltr'>auribus</span> <span class='ocrx_word' id='word_1_726' title='bbox 1890 5615 2102 5670; x_wconf 89' lang='lat' dir='ltr'>nostris</span> <span class='ocrx_word' id='word_1_727' title='bbox 2204 5633 2337 5672; x_wconf 89' lang='lat' dir='ltr'>cum</span> <span class='ocrx_word' id='word_1_728' title='bbox 2366 5584 2598 5673; x_wconf 44' lang='lat' dir='ltr'>su‘mma</span> <span class='ocrx_word' id='word_1_729' title='bbox 2627 5615 2739 5669; x_wconf 87' lang='lat' dir='ltr'>ﬁde</span> <span class='ocrx_word' id='word_1_730' title='bbox 2773 5616 2830 5667; x_wconf 87' lang='lat' dir='ltr'>et</span> <span class='ocrx_word' id='word_1_731' title='bbox 2872 5611 3200 5666; x_wconf 86' lang='lat' dir='ltr'>devotione.</span> <span class='ocrx_word' id='word_1_732' title='bbox 3245 5611 3365 5680; x_wconf 77' lang='lat' dir='ltr'>Ipse</span> <span class='ocrx_word' id='word_1_733' title='bbox 3413 5600 3592 5654; x_wconf 82' lang='lat' dir='ltr'>autem</span> <span class='ocrx_word' id='word_1_734' title='bbox 3634 5584 3762 5680; x_wconf 34' lang='lat' dir='ltr'>Id‘PJm</span> 
     </span>
    </p>
   </div>
   <div class='ocr_carea' id='block_1_56' title="bbox 487 5673 3769 5780">
    <p class='ocr_par' dir='ltr' id='par_1_56' title="bbox 487 5673 3769 5780">
     <span class='ocr_line' id='line_1_56' title="bbox 487 5673 3769 5780; baseline -0.005 -23"><span class='ocrx_word' id='word_1_735' title='bbox 487 5717 673 5759; x_wconf 89' lang='lat' dir='ltr'>unum</span> <span class='ocrx_word' id='word_1_736' title='bbox 685 5702 981 5777; x_wconf 88' lang='lat' dir='ltr'>quoddam</span> <span class='ocrx_word' id='word_1_737' title='bbox 994 5701 1290 5775; x_wconf 86' lang='lat' dir='ltr'>eloquium</span> <span class='ocrx_word' id='word_1_738' title='bbox 1302 5705 1489 5760; x_wconf 87' lang='lat' dir='ltr'>vestra</span> <span class='ocrx_word' id='word_1_739' title='bbox 1501 5702 1936 5777; x_wconf 82' lang='lat' dir='ltr'>magnificentia</span> <span class='ocrx_word' id='word_1_740' title='bbox 1948 5706 2103 5778; x_wconf 88' lang='lat' dir='ltr'>quod</span> <span class='ocrx_word' id='word_1_741' title='bbox 2206 5706 2473 5780; x_wconf 88' lang='lat' dir='ltr'>Spiritus,</span> <span class='ocrx_word' id='word_1_742' title='bbox 2498 5706 2593 5779; x_wconf 90' lang='lat' dir='ltr'>qui</span> <span class='ocrx_word' id='word_1_743' title='bbox 2615 5703 2913 5775; x_wconf 82' lang='lat' dir='ltr'>inspiravit</span> <span class='ocrx_word' id='word_1_744' title='bbox 2934 5700 3127 5757; x_wconf 85' lang='lat' dir='ltr'>omnis</span> <span class='ocrx_word' id='word_1_745' title='bbox 3152 5673 3494 5770; x_wconf 77' lang='lat' dir='ltr'>eloquentiae</span> <span class='ocrx_word' id='word_1_746' title='bbox 3507 5686 3637 5741; x_wconf 76' lang='lat' dir='ltr'>ﬂore</span> <span class='ocrx_word' id='word_1_747' title='bbox 3660 5673 3769 5728; x_wconf 53' lang='grc' dir='ltr'>(ηδ’</span> 
     </span>
    </p>
   </div>
  </div>
