3876 6172
410 392 558 462 1463
1489 391 1548 453 s.
1600 392 1895 453 ABBONIS
1927 392 2212 453 ABBATIS
2251 384 2766 485 rLoan'caNSIS.
3597 398 3680 463 ut

454 529 611 583 terra
626 521 940 581 viventium
956 518 1178 579 Christo
1188 517 1355 575 vultis
1377 533 1498 574 esse
1511 517 1776 580 haeredes
1798 520 1857 573 et
1877 517 2062 572 cohae-
2084 520 2140 580 Α
2156 517 2365 586 tolum,
2385 516 2431 573 si
2448 515 2897 590 permanserint,
2920 517 3084 571 tanto
3105 512 3372 588 majorem
3396 518 3598 576 eterna
3615 536 3684 577 re.

454 615 708 683 Ied33,et
725 614 793 668 de
809 629 988 683 regno
1009 612 1196 665 vestro
1212 624 1449 664 omnem
1461 607 1793 661 haereticam
1808 606 2061 678 pravita-
2158 608 2575 664 munerationis
2602 609 2980 663 merebuntur
2999 622 3287 674 coronam,
3308 610 3504 678 quanto
3524 610 3584 665 de
3609 627 3686 666 ex-

456 710 575 760 tem
595 703 954 776 depellite,ut
979 702 1129 754 Deus
1149 716 1247 752 vos
1270 696 1554 752 custodiat
1569 696 1627 749 in
1656 699 1874 750 aeterna
1894 711 2056 767 pace.
2163 700 2327 768 perta
2348 698 2536 754 carnis
2554 700 2844 769 voluptate
2858 696 3177 767 graviorem
3195 696 3456 751 sustinent
3473 714 3684 769 pinnam.

457 793 767 848 Sciendum
790 791 1003 863 quippe
1029 791 1113 843 est
1141 787 1295 859 quod
1336 785 1604 840 sacerdos
1632 784 2060 856 quotidieinter
2161 786 2255 840 His
2285 803 2513 858 quoque
2543 803 2645 859 per
2677 786 3083 841 discretionem
3112 785 3375 840 secundas
3395 785 3593 857 nuptias
3618 785 3692 840 in-

454 882 758 937 missarum
782 878 1065 934 solemnia
1080 893 1197 931 non
1214 892 1318 946 pro
1332 873 1614 928 haereticis
1629 874 1713 926 vel
1736 872 2057 927 schismati-
2160 874 2352 942 dulsit,
2385 875 2581 931 dicens
2613 875 2767 948 quod
2792 875 2977 929 melius
3004 876 3151 928 esset
3171 872 3357 927 nubere
3382 890 3526 945 quam
3554 875 3630 928 uri
3651 873 3696 945 (Ι

451 969 654 1038 cis,sed
667 986 770 1041 pro
790 965 1359 1023 orthodoxistantum
1372 966 1543 1035 atque
1557 962 1850 1017 catholicae
1867 965 2060 1033 etapo-
2161 961 2286 1018 Car.
2316 981 2411 1031 vn,
2442 969 2515 1029 9).
2551 966 2631 1020 De
2660 963 2843 1018 tertiis
2888 980 3021 1018 vero
3063 962 3148 1016 vel
3179 961 3383 1035 quartis
3410 978 3507 1016 nec
3525 978 3627 1016 non
3650 964 3698 1017 et

453 1059 664 1115 stolicas
685 1058 819 1112 ﬁdei
842 1055 1154 1110 cultoribus
1184 1055 1300 1107 Deo
1327 1053 1653 1124 supplicans
1668 1050 2058 1118 intercedit,a
2157 1053 2416 1124 pluribus
2447 1052 2684 1123 nuptiis,
2704 1069 2824 1107 non
2864 1068 2959 1106 me
2989 1051 3192 1123 legisse
3222 1048 3453 1104 memini
3481 1052 3647 1104 utrum
3670 1066 3698 1104 a

453 1165 567 1220 qua
592 1147 873 1202 nimirum
902 1142 1319 1215 supplicatione
1370 1141 1589 1195 alienus
1640 1139 1830 1193 existit
1876 1138 1971 1210 qui
1996 1138 2054 1193 in
2157 1142 2449 1196 catholicis
2488 1142 2739 1197 debeant
2768 1140 3068 1205 celebrari;
3116 1139 3214 1194 sed
3240 1139 3346 1193 hoc
3389 1137 3581 1209 absque
3604 1138 3699 1191 ullo

450 1238 623 1293 verbo
649 1238 925 1307 velopere
939 1251 995 1287 se
1015 1233 1085 1287 ab
1104 1247 1302 1286 eorum
1324 1230 1703 1284 unanimitate
1727 1228 2057 1300 superbien-
2157 1231 2422 1302 scrupulo
2455 1230 2703 1285 occurrit
2725 1229 2912 1302 :quod
2945 1228 2991 1283 si
3011 1229 3119 1284 hoc
3139 1227 3355 1283 facinus
3368 1242 3528 1297 grave
3551 1230 3623 1281 est
3651 1226 3699 1280 in

455 1327 527 1381 do
555 1325 789 1391 dividit;
824 1322 921 1394 qui
955 1337 1085 1374 vero
1115 1336 1173 1373 se
1205 1317 1454 1390 peccatis
1486 1317 1801 1372 obnoxium
1833 1317 1916 1370 vel
1943 1315 2056 1370 ﬁde
2155 1318 2409 1385 feminis,
2440 1321 2623 1374 multo
2656 1319 2882 1391 gravius
2912 1321 2997 1372 est
3027 1317 3071 1372 si
3103 1316 3397 1388 contingat
3423 1314 3478 1369 in
3498 1313 3633 1368 viris.

456 1414 690 1468 dubium
716 1411 1013 1465 humiliter
1034 1406 1684 1477 conﬁtetur,portandus
1696 1408 1751 1459 et
1766 1404 2056 1475 corrigen-

455 1504 560 1557 dus
589 1507 673 1558 est
703 1518 820 1556 non
846 1505 909 1554 ut
947 1502 1270 1563 extraneas,
1299 1497 1400 1550 sed
1432 1498 1495 1549 ut
1523 1495 1721 1563 frater,
1756 1494 1892 1566 quia
1929 1510 2059 1547 nec-

455 1592 595 1646 dum
609 1593 838 1662 partem
858 1604 1020 1644 suam
1040 1586 1230 1658 posuit
1250 1601 1382 1639 cum
1394 1581 2060 1655 hypocritis,prsesertim

455 1697 586 1735 cum
601 1683 657 1736 et
678 1681 879 1734 Petrus
898 1676 1162 1749 princeps
1184 1672 1445 1728 Ecclesiae
1460 1674 1641 1727 Deum
1660 1670 1977 1743 negaverit,
2004 1672 2062 1725 et

452 1771 701 1824 Thomas
728 1768 790 1822 in
819 1766 933 1820 ﬁde
960 1761 1338 1829 dubitaverit;
1385 1760 1670 1833 siquidem
1709 1776 1775 1815 ex
1814 1762 2062 1830 utroque

454 1875 590 1913 sexu
618 1856 882 1911 ﬁdelium
904 1856 1019 1908 tres
1036 1850 1288 1917 ordines,
1308 1866 1372 1905 ac
1393 1850 1439 1905 si
1460 1853 1577 1904 tres
1598 1849 1832 1921 gradus,
1852 1847 1913 1902 in
1937 1864 2064 1903 san-
2085 1841 2135 1901 Β

455 1950 547 2001 cta
562 1949 620 2001 et
638 1941 1199 2000 universaliEcclesia
1218 1955 1339 1994 esse
1358 1938 1642 2006 novimus;
1664 1953 1913 2010 quorum
1931 1937 2064 1993 licet

454 2037 645 2091 nullus
663 2034 785 2089 sine
806 2035 1039 2104 peccato
1059 2029 1149 2097 sit,
1172 2032 1370 2083 tamen
1394 2026 1615 2099 primus
1635 2029 1721 2081 est
1748 2027 1956 2092 bonus,
1978 2042 2063 2080 se-

455 2125 676 2180 cundus
697 2123 925 2187 melior,
951 2119 1154 2175 tertius
1175 2120 1260 2172 est
1279 2116 1552 2188 optimus.
1591 2115 1660 2170 Et
1691 2114 1914 2186 primus
1932 2113 2061 2187 qui-

456 2214 591 2267 dem
625 2212 767 2267 ordo
795 2213 879 2264 est
906 2210 965 2263 in
1004 2210 1251 2278 utroque
1295 2222 1429 2259 sexu
1457 2205 1903 2275 conjugatorum
1928 2218 1944 2270 ;
1974 2218 2064 2257 se-

457 2302 682 2356 cundus
703 2296 1147 2363 continentium,
1172 2294 1261 2348 vel
1294 2292 1595 2346 viduarum
1621 2308 1635 2359 ;
1658 2289 1859 2344 tertius
1886 2290 2060 2361 virgi-

455 2408 598 2446 num
628 2390 712 2443 vel
744 2383 1294 2441 sanctimonialium.
1322 2381 1591 2435 Virorum
1613 2380 1842 2433 tantum
1858 2377 2059 2432 simili-

452 2485 540 2534 ter
569 2482 683 2532 tres
702 2479 833 2530 sunt
859 2472 1071 2544 gradus
1091 2472 1178 2525 vel
1194 2468 1449 2531 ordines,
1466 2484 1713 2540 quorum
1740 2466 1963 2538 primus
1979 2469 2064 2522 est

453 2568 758 2631 laicorum,
787 2561 1069 2617 secundus
1098 2558 1460 2624 clericorum,
1502 2556 1707 2611 tertius
1741 2556 2059 2611 monacho-

449 2672 604 2710 rum.
625 2653 738 2708 Sed
751 2649 1030 2724 quoniam
1044 2649 1257 2702 horum
1276 2646 1564 2718 graduum
1585 2644 1940 2699 differentias
1956 2661 2061 2716 pro

447 2743 634 2817 posui,
662 2745 720 2797 et
740 2740 917 2796 alium
931 2738 1041 2793 alio
1067 2736 1371 2791 meliorem
1387 2750 1487 2789 seu
1502 2733 1854 2788 sanctiorem
1872 2732 2063 2788 dicere

450 2836 643 2889 ratum
665 2828 1071 2899 duxi,qualiter
1090 2825 1301 2897 singuli
1322 2823 1382 2877 in
1396 2839 1497 2878 suo
1516 2820 1814 2894 proposito
1839 2837 2065 2892 exspec-

447 2923 575 2977 tant
590 2918 899 2993 praemium
920 2920 1153 2970 aeternae
1166 2910 1675 2979 retributionis,vel
1695 2909 1945 2982 qualiter
1959 2925 2062 2964 san

447 3014 674 3066 ctorum
696 3010 934 3063 Patrum
958 3002 1299 3059 auctoritate
1314 3001 1385 3056 de
1406 3016 1508 3056 suo
1529 2999 1714 3071 gradu
1734 2998 1793 3052 in
1811 2999 2059 3053 alterum

446 3096 774 3171 promoveri
805 3093 1042 3167 possint,
1074 3090 1326 3146 breviter
1354 3086 1784 3159 expediendum
1815 3085 2058 3141 credidi.
2096 3125 2141 3185 Ο

517 3189 587 3241 Et
632 3183 887 3255 conjugii
931 3181 1167 3255 quidem
1217 3177 1365 3232 ratio
1395 3178 1517 3231 sola
1537 3174 1903 3245 indulgentia
1927 3191 2059 3245 per-

446 3274 718 3340 mittitur,
780 3288 853 3326 ne
902 3266 1216 3341 fragilitate
1264 3264 1453 3320 carnis
1504 3263 1564 3317 in
1624 3262 1875 3317 deterius
1922 3264 2060 3317 astas

444 3362 753 3434 proclivior
769 3360 1090 3415 delabatur.
1115 3355 1264 3410 Nulli
1286 3354 1445 3409 enim
1467 3351 1596 3422 conj
1609 3351 1807 3423 ugium
1823 3350 2060 3406 interdi-

448 3449 727 3518 citur,nisi
746 3448 798 3502 ei
819 3447 917 3519 qui
929 3447 1003 3502 ob
1020 3442 1411 3517 promerenda
1422 3456 1687 3512 superna:
1700 3440 1901 3511 patrita
1916 3456 2056 3512 gau-

449 3539 543 3593 dia
571 3541 780 3611 sponte
811 3552 913 3591 sua
941 3534 1156 3605 delegit
1178 3533 1381 3603 jugem
1412 3528 1864 3596 continentiam,
1882 3545 2057 3600 quam

448 3632 506 3683 et
536 3627 580 3681 si
612 3626 805 3682 minus
831 3622 1105 3689 exhibuit,
1137 3620 1443 3676 devotione
1475 3620 1748 3672 secretlus
1769 3617 1953 3685 irrita,
1978 3635 2062 3673 se-

447 3715 677 3771 cretiori
724 3714 947 3770 facinus
987 3710 1302 3767 delendum
1334 3710 1419 3763 est
1450 3705 1793 3779 poenitentia
1816 3724 1833 3759 :
1861 3706 1940 3760 ita
1972 3709 2056 3760 ta-

448 3822 587 3861 men
609 3808 673 3860 ut
702 3804 758 3858 in
791 3820 859 3858 eo
893 3801 1076 3874 gradu
1106 3798 1473 3871 permaneat,
1508 3795 1567 3850 in
1600 3811 1713 3867 quo
1749 3795 1973 3849 malum
1998 3812 2057 3850 se

445 3896 805 3967 perpetrasse
837 3891 1134 3961 deplorat;
1159 3887 1250 3943 sin
1277 3902 1413 3942 vero
1460 3884 1830 3939 sacerdotum
1860 3884 2056 3939 Testa-

446 3983 631 4038 menti
656 3980 875 4036 Veteris
901 3980 1051 4034 hanc
1076 3976 1183 4032 sibi
1214 3973 1529 4030 defendere
1545 3971 2055 4043 voluerit,proprio

444 4073 630 4144 gradu
658 4069 949 4137 decidens,
982 4067 1211 4122 ﬂetibus
1241 4064 1472 4135 culpam
1505 4060 1690 4118 diluit.
1714 4061 1855 4115 Ecce
1883 4059 2052 4116 ratio:

446 4161 489 4214 si
519 4161 671 4215 inter
701 4175 800 4214 eos
830 4158 900 4212 sit
928 4155 1133 4228 quibus
1156 4154 1310 4219 licet,
1341 4151 1500 4205 nulla
1521 4166 1693 4223 pmna
1722 4150 2055 4216 mulctatur,

444 4250 545 4303 sed
565 4248 739 4302 etiam
758 4247 1057 4316 dignapraa
1067 4243 1180 4297 mio
1194 4241 1536 4306 habetur,eo
1558 4238 1715 4310 quod
1728 4237 2055 4293 obediendo

445 4336 705 4391 castitate
732 4337 1010 4389 contenta
1039 4331 1111 4385 sit
1134 4346 1311 4403 quam
1331 4329 1636 4401 Apostolus
1666 4326 1894 4392 docuit;
1922 4344 2054 4399 pro-

445 4429 646 4497 pterea
671 4427 865 4477 autem
890 4421 1179 4491 adjectum
1202 4422 1287 4473 est
1304 4420 1351 4472 si
1379 4419 1516 4471 inter
1541 4433 1623 4470 eos
1648 4418 1717 4469 sit
1737 4414 1923 4487 quibus
1947 4416 2056 4470 Iici-
2080 4405 2131 4463 D

447 4524 561 4567 tum
592 4520 686 4580 est,
710 4511 845 4584 quia
865 4509 1071 4563 suntin
1101 4510 1346 4579 utroque
1373 4522 1508 4560 sexu
1539 4505 1635 4576 qui
1668 4521 1728 4559 se
1758 4507 1890 4559 voto
1910 4505 2056 4559 obli-

445 4607 587 4675 gant
609 4605 687 4668 ut,
704 4600 748 4655 si
776 4598 1028 4675 virgines
1048 4600 1200 4663 sunt,
1219 4595 1278 4649 in
1302 4594 1632 4666 virginitate
1649 4596 2054 4665 permaneant;

444 4697 520 4761 et,
546 4692 591 4747 si
621 4688 870 4762 virgines
903 4672 1025 4741 non
1052 4687 1413 4755 sunt,spreta
1438 4682 1625 4737 carnis
1647 4682 1923 4754 copulain
1948 4698 2055 4737 cas-

442 4781 622 4835 libatu
646 4774 1063 4852 perpetualiter
1090 4773 1283 4827 vivant
1307 4787 1322 4842 ;
1355 4775 1440 4826 est
1464 4770 1642 4825 etiam
1672 4769 1941 4840 cognatio
1966 4770 2055 4824 vel

441 4867 846 4941 propinquitas
873 4863 1124 4936 generis,
1159 4878 1192 4915 a
1217 4860 1378 4932 cujus
1405 4858 1621 4915 carnali
1647 4857 2052 4913 commistione

440 4956 822 5030 prohibentur
842 4968 1046 5007 omnes
1073 4949 1169 5023 qui
1185 4952 1318 5004 sunt
1339 4949 1443 5003 sub
1465 4946 1750 5002 catholica
1771 4944 2053 5000 ﬁde.Por—

439 5064 505 5101 ro
531 5046 686 5100 inter
702 5060 800 5098 eos
818 5041 989 5114 quise
1006 5043 1136 5094 voto
1158 5038 1439 5109 obligant,
1456 5038 1543 5091 vel
1562 5035 1714 5090 inter
1727 5050 1824 5089 eos
1835 5033 1931 5105 qui
1947 5050 2051 5088 nec

440 5138 579 5192 dum
607 5133 962 5190 transierunt
992 5129 1300 5203 septimam
1333 5126 1564 5199 generis
1592 5125 1832 5190 lineam,
1859 5123 2047 5177 detes-

436 5226 675 5282 tatabile
722 5220 1081 5279 connubium
1138 5218 1217 5273 ita
1270 5217 1373 5272 sub
1405 5212 1761 5288 poenitentiae
1790 5211 2050 5266 remedio

437 5315 778 5371 solvendum
808 5315 893 5367 est
945 5310 1119 5376 illico,
1154 5308 1298 5362 sicut
1354 5304 1496 5359 illud
1517 5301 1673 5375 quod
1706 5300 2049 5373 pcenitentia

440 5422 559 5459 non
592 5402 835 5474 indiget,
868 5399 1004 5472 quia
1053 5414 1123 5452 ex
1168 5393 1509 5451 auctoritate
1562 5390 1715 5458 licet,
1749 5406 2050 5461 nunquam

431 5492 771 5549 solvendum
802 5491 909 5553 est,
944 5486 1056 5543 nisi
1088 5486 1192 5541 aut
1216 5480 1452 5539 alterius
1483 5480 1803 5552 conjugum
1835 5481 2049 5547 morte,

427 5586 527 5638 aut
555 5581 858 5651 utriusque
904 5576 1199 5631 caelibatus
1233 5569 1616 5644 professione.

502 5669 643 5724 llinc
691 5664 967 5721 transitur
1010 5664 1083 5718 ad
1120 5659 1550 5718 continentium
1604 5658 1691 5713 vel
1743 5655 2049 5712 viduarum

436 5756 910 5815 excellentiorem
943 5751 1239 5823 ordinem,
1271 5751 1332 5808 in
1365 5767 1501 5824 quo,
1534 5746 1851 5807 secundum
1869 5747 2050 5820 Apos-

2225 1424 2529 1498 Virginum
2558 1428 2775 1497 quanta
2803 1425 2876 1480 sit
2904 1423 3110 1496 gloria,
3134 1424 3321 1478 nullus
3347 1422 3576 1493 ignorat.
3600 1420 3711 1484 Quis

2157 1514 2261 1569 scit
2288 1515 2399 1569 hoc
2429 1518 2702 1587 appetere
2730 1514 3029 1569 hominem
3051 1530 3118 1567 ex
3130 1511 3330 1584 gratias
3355 1510 3711 1581 praerogativa,

2159 1603 2316 1675 quod
2340 1603 2517 1658 habet
2539 1605 2780 1675 angelus
2803 1620 2871 1658 ex
2895 1606 3103 1657 natura
3131 1601 3158 1656 ‘?
3187 1616 3315 1672 qua:
3337 1599 3498 1653 virtus
3511 1597 3713 1668 virgini-

2159 1691 2294 1747 tatis
2329 1708 2462 1747 cum
2493 1692 2553 1746 in
2583 1692 2908 1747 humilitate
2931 1690 3231 1756 solidatur,
3247 1685 3538 1759 singularis
3554 1684 3718 1740 meriti

2161 1781 2703 1853 recompensatione
2733 1780 3063 1846 donabitur,
3089 1778 3226 1850 quia
3249 1778 3393 1831 Deus
3410 1772 3721 1846 repromittit

2165 1869 2476 1942 virginibus
2503 1870 2659 1941 quod
2709 1872 2996 1940 sequantur
3040 1867 3271 1937 Agnum
3314 1878 3605 1937 quocunque
3626 1862 3723 1916 ierit

2164 1958 2357 2030 (Apoc.
2389 1975 2504 2026 11v,
2532 1958 2585 2027 4)
2611 1975 2625 2025 ;
2658 1958 2764 2012 hac
2795 1956 3005 2010 virtute
3046 1950 3567 2009 sanctimonialium
3589 1949 3727 2004 deco-

2163 2051 2325 2104 ratur
2353 2045 2686 2103 venerabile
2714 2044 3212 2117 collegium,hanc
3242 2058 3301 2097 se
3331 2040 3575 2112 gaudent
3587 2037 3724 2091 multi

2162 2154 2268 2210 per
2297 2153 2500 2192 omnes
2539 2135 2726 2191 viriles
2769 2134 3001 2190 ordines
3038 2129 3426 2206 promeruisse
3453 2129 3512 2184 in
3537 2125 3728 2200 gremio

2161 2241 2277 2280 suae
2309 2225 2510 2280 matris
2540 2223 2824 2280 Ecclesia}.

2234 2330 2347 2386 Sed
2371 2331 2457 2387 his
2492 2329 2853 2403 posthabitis,
2876 2328 3068 2401 primo
3098 2328 3171 2383 de
3192 2326 3451 2383 virorum
3483 2321 3734 2389 ordine,id

2162 2423 2247 2474 est
2268 2420 2339 2474 de
2368 2419 2550 2486 laicis,
2584 2418 2893 2473 dicendum
2915 2420 3021 2486 est,
3047 2416 3206 2486 quod
3220 2414 3461 2470 aliisunt
3480 2412 3732 2483 agricolae,

2163 2508 2260 2562 alii
2294 2508 2569 2579 agonistm
2600 2525 2613 2563 :
2648 2510 2704 2563 et
2757 2507 3022 2579 agricola:
3061 2505 3307 2578 quidem
3332 2501 3596 2557 insudant
3617 2496 3741 2571 agri-

2163 2597 2399 2651 culturae
2431 2601 2489 2652 et
2532 2596 2764 2652 diversis
2793 2595 3010 2649 artibus
3040 2593 3101 2648 in
3128 2609 3310 2665 opere
3355 2590 3581 2654 rustico,
3610 2586 3738 2641 unde

2163 2688 2515 2741 sustentatur
2550 2686 2722 2740 totius
2776 2683 3037 2740 Ecclesiae
3089 2680 3451 2747 multitudo;
3497 2675 3742 2748 agoniste

2162 2790 2319 2841 vero,
2348 2774 2606 2829 contenti
2632 2772 2934 2844 stipendiis
2966 2770 3216 2838 militiae,
3251 2786 3374 2824 non
3406 2784 3465 2822 se
3496 2762 3743 2821 collidunt

2161 2862 2222 2917 in
2255 2866 2418 2918 utero
2452 2862 2653 2917 matris
2700 2879 2836 2929 suae,
2872 2877 3073 2916 verum
3125 2858 3297 2915 omni
3327 2854 3573 2929 sagacite
3598 2866 3745 2923 expu-

2162 2956 2348 3023 gnant
2378 2951 2732 3008 adversarios
2758 2954 2969 3005 sancta:
2997 2948 3098 3005 Dei
3127 2946 3424 3003 Ecclesiae.

2233 3059 2504 3130 Sequitur
2523 3057 2863 3113 clericorum
2888 3057 3054 3119 ordo,
3082 3055 3188 3127 qui
3212 3055 3275 3108 in
3296 3052 3483 3109 tribus
3508 3046 3755 3123 gradibus

2162 3147 2486 3221 specialiter
2515 3146 2905 3218 distinguitur,
2931 3146 3039 3200 hoc
3067 3148 3183 3211 est,
3219 3142 3755 3208 diaconorum,pres-

2162 3238 2497 3309 byterorum
2529 3238 2588 3289 et
2617 3234 3021 3307 episcoporum
3056 3249 3069 3286 :
3105 3250 3255 3287 nam
3285 3245 3497 3287 omnes
3526 3228 3619 3301 qui
3647 3224 3760 3279 sunt

2162 3322 3116 3396 inferiorisgradusperabusionem
3132 3313 3756 3381 clericivocantur,dum

2163 3414 2244 3469 eis
2262 3413 2404 3468 sicut
2424 3416 2482 3468 et
2509 3412 2667 3467 laicis
2697 3429 2763 3466 ex
2797 3410 3167 3483 indulgentia
3200 3407 3567 3483 permittitur
3581 3397 3761 3460 sociari

2161 3502 2522 3575 conjugibus.
2548 3502 2785 3557 Constat
2807 3517 2945 3555 sane
2967 3499 3038 3554 ab
3063 3499 3354 3571 apostolis
3369 3502 3429 3552 et
3448 3509 3642 3551 eorum
3653 3505 3759 3545 suc-

2158 3592 2476 3648 cessoribus
2502 3608 2621 3646 esse
2636 3589 2993 3663 prohibitum
3011 3588 3283 3651 clericos,
3312 3587 3374 3642 id
3400 3589 3491 3641 est
3516 3583 3764 3639 diaconos

2158 3682 2525 3754 presbyteros
2558 3685 2615 3735 et
2645 3680 2941 3751 episcopos
2989 3694 3110 3733 esse
3152 3677 3418 3733 uxorios.
3450 3675 3638 3744 Κληρος
3664 3673 3764 3723 ete-

2159 3770 2281 3824 nim
2312 3771 2524 3838 Grzece,
2560 3760 2760 3824 Latine
2784 3768 2991 3823 dicitur
3012 3784 3147 3833 sors,
3184 3767 3351 3821 unde
3382 3762 3578 3819 clerici
3595 3758 3664 3816 ad
3688 3773 3764 3811 sa-

2158 3860 2535 3915 criﬁcandum
2566 3860 2649 3913 vel
2686 3859 2760 3913 ad
2792 3855 3260 3913 ministrandnm
3318 3857 3379 3911 in
3439 3854 3652 3908 sortem
3679 3843 3765 3900 Dei

2159 3949 2356 4006 adsciti
2369 3949 2638 4004 studeant
2656 3964 2773 4002 non
2790 3945 3100 4001 carnaliter
3117 3945 3228 3999 sed
3239 3940 3625 4016 spiritualiter
3640 3933 3769 3991 ﬁlios

2159 4039 2488 4110 gignere,ut
2511 4053 2740 4109 semper
2771 4035 2886 4089 sint
2915 4050 3213 4089 memores
3246 4033 3428 4088 sortis
3455 4032 3770 4085 sanctorum

2158 4128 2216 4182 in
2234 4127 2617 4194 lumine;nam
2634 4126 2737 4198 ipsi
2757 4123 3094 4197 quotidiana
3105 4120 3512 4177 sollicitudine
3526 4114 3772 4174 omnium

2157 4214 2539 4269 Ecclesiarum
2587 4218 2849 4285 suscepta
2873 4211 2957 4277 (ΙΙ
2984 4210 3110 4266 Cor.
3143 4227 3213 4276 ιι,
3245 4213 3340 4265 281
3375 4210 3439 4263 in
3472 4207 3654 4262 activa
3676 4202 3775 4255 vita

2159 4304 2429 4358 laborant
2459 4320 2589 4358 cum
2619 4302 2840 4358 Martha
2871 4317 2998 4372 quae
3032 4299 3318 4353 turbatur
3351 4313 3499 4370 erga
3542 4290 3776 4367 plurima

2159 4391 2306 4461 (Luc.
2330 4410 2381 4458 x,
2401 4393 2695 4453 4t).Porro
2723 4390 2864 4444 illud
2886 4404 3066 4443 unum
3082 4387 3249 4460 quod
3284 4391 3378 4442 est
3409 4382 3780 4441 necessarium

2158 4482 2217 4536 in
2245 4481 2693 4552 contemplativa
2727 4479 2842 4533 vita
2872 4476 3067 4547 adepti
3098 4476 3419 4542 monachi,
3445 4490 3581 4529 cum
3620 4470 3781 4525 Maria

2156 4575 2319 4626 tanto
2348 4570 2532 4642 magis
2552 4571 2911 4625 delectantur
2938 4566 3112 4639 pedes
3125 4566 3269 4621 Jesu
3301 4565 3589 4637 lacrymis
3613 4561 3784 4631 rigare

2159 4663 2216 4714 et
2240 4658 2456 4731 capillis
2485 4662 2714 4729 tergere
2738 4656 2891 4727 (Luc.
2915 4656 3012 4720 vii,
3039 4653 3150 4723 38),
3177 4658 3420 4724 quanto
3451 4648 3785 4706 remotiores

2157 4752 2292 4803 sunt
2312 4747 2382 4802 ab
2407 4736 2671 4801 omnium
2701 4742 3064 4816 negotiorum
3100 4741 3305 4819 saeculi
3344 4736 3786 4813 inquietudine:

2156 4836 2445 4908 siquidem
2473 4834 2811 4889 clericorum
2848 4831 2989 4886 ordo
3012 4829 3377 4884 interlaicos
3406 4833 3471 4884 et
3484 4824 3790 4882 monachos

2156 4923 2401 4989 medius,
2434 4925 2715 4995 quantum
2772 4922 2857 4975 est
2917 4917 3183 4991 superior
3214 4917 3540 4987 inferiore,
3575 4917 3792 4970 tantum

2154 5013 2396 5069 inferior
2423 5010 2743 5082 superiore,
2767 5006 3248 5080 quandoquidem
3266 5023 3394 5078 quo
3419 4999 3793 5075 discrepatab

2153 5106 2398 5173 utroque
2413 5099 2685 5155 ordinum
2704 5097 2971 5169 jungitur
2984 5093 3532 5150 adalterutrnmllli
3553 5105 3799 5161 namque

2155 5194 2289 5245 sunt
2315 5188 2659 5259 conjugibus
2686 5183 3050 5256 colligati,rei
3074 5183 3406 5237 familiaris
3429 5200 3589 5238 cura:
3604 5178 3796 5239 dediti,

2154 5278 2345 5334 saeculi
2365 5277 2583 5332 actibus
2612 5274 2871 5346 occupati
2894 5291 2907 5328 :
2930 5274 3019 5328 isti
3051 5291 3085 5327 a
3111 5272 3321 5327 seaculi
3342 5271 3582 5326 actibus
3614 5265 3801 5329 alieni,

2156 5366 2409 5440 propria:
2435 5364 2714 5420 voluntati
2740 5360 3234 5424 abrenuntiando,
3254 5361 3462 5415 Patris
3493 5353 3801 5430 spiritualis

2156 5454 2419 5528 imperiis
2444 5452 2837 5526 obsequendo,
2868 5449 2963 5522 qui
2994 5453 3052 5504 et
3078 5450 3484 5522 eleemosyna
3513 5447 3804 5504 bonorum

2156 5545 2412 5600 virorum
2428 5546 2486 5598 et
2501 5542 2698 5597 labore
2715 5553 2995 5595 manuum
3011 5552 3256 5592 suarum
3273 5536 3585 5603 vivunt,et
3596 5545 3803 5605 possm)

2158 5642 2353 5700 dicere
2380 5657 2511 5696 cum
2542 5636 2880 5695 Petro:Ecce
2906 5653 2998 5689 nos
3028 5634 3368 5704 reliquimus
3402 5635 3624 5697 omnia,
3659 5629 3708 5686 ei
3737 5646 3807 5681 se-

2157 5742 2274 5801 Cuti
2298 5756 2483 5799 sumus
2513 5746 2561 5794 te
2589 5735 2812 5797 (Matth.
2848 5750 2960 5801 nx,
2992 5732 3106 5804 27).
3139 5730 3428 5804 Denique
3464 5729 3813 5785 clericorum
