3922 6168
475 369 579 425 467

1509 368 1568 424 8.
1597 364 1892 425 ABBONIS
1930 364 2219 425 ABBATIS
2255 362 2750 426 FLORIACENSIS
3677 372 3763 428 £68

484 488 633 562 (Act.
658 505 775 558 vm,
804 487 914 561 20),
946 488 1081 562 quia
1106 489 1327 548 donum
1375 490 1554 548 sancti
1592 490 1837 563 Spiritus
1877 488 2079 561 gratiae
2100 506 2155 566 Α
2188 490 2688 562 praedecessorum
2728 495 3078 547 vestrorum
3120 506 3333 563 regum
3379 487 3485 544 illis
3523 506 3772 548 assensum

481 578 667 650 pretio
716 579 1084 649 comparasti,
1118 584 1176 635 et
1205 579 1618 636 commercium
1666 579 1993 635 miserabile
2022 578 2080 634 in

482 668 810 722 animarum
840 667 1077 723 exitium
1092 669 1609 741 peregisti(Lz‘b.Dc
1624 670 1886 740 dignitate
1912 684 2085 724 sacer-

479 757 663 824 dotali,
697 772 822 826 cap.
846 757 922 828 5).
953 758 1081 812 Haec
1111 764 1338 814 sanctus
1367 759 1453 813 vir
1483 776 1595 831 quo
1628 759 1824 813 animo
1852 756 2081 823 dixerit,

480 859 545 897 ex
577 847 1036 916 praecedentibus
1064 850 1122 902 et
1179 848 1659 920 consequentibus
1706 846 1872 902 facile
1914 846 2083 901 datur

473 931 737 1005 intelligi.

546 1023 856 1088 Quodvero
891 1024 971 1080 illi
1002 1026 1098 1098 qui
1128 1025 1398 1080 dicuntur
1429 1023 1741 1081 Simoniaci
1768 1025 1941 1080 laicos
1967 1040 2080 1079 sua:

480 1112 921 1170 immiscuerant
972 1114 1389 1183 maledictioni,
1424 1115 1686 1186 exemplo
1746 1115 1965 1170 factum
2000 1114 2085 1168 est

479 1203 869 1271 sacerdotum,
904 1203 1001 1275 qui
1047 1204 1122 1258 ad
1167 1203 1555 1258 ministerium
1584 1202 1899 1259 Dominica:
1953 1218 2082 1275 pas-

474 1290 650 1346 sionis
681 1292 1203 1363 adjunxerunt_sibi
1223 1293 1473 1347 Pilatum
1496 1294 1553 1347 et
1579 1292 1864 1347 Herodem
1878 1290 2088 1363 princi-

472 1396 573 1451 pes
603 1398 718 1436 sua:
735 1381 941 1452 gentis.
968 1381 1233 1435 Necillud
1246 1398 1350 1437 nos
1368 1383 1505 1436 latet
1518 1381 1673 1453 quod
1688 1398 1793 1454 pro
1819 1380 2085 1451 hujusce-

477 1470 636 1523 modi
669 1469 970 1540 episcopis,
1003 1470 1099 1541 qui
1151 1487 1269 1524 non
1305 1487 1409 1541 pro
1437 1470 1563 1524 vita:
1616 1470 1826 1525 merito
1857 1470 1946 1524 vel
1998 1485 2086 1523 sa-

477 1557 710 1628 pientiae
750 1558 1032 1626 doctrina,
1059 1558 1159 1613 sed
1184 1558 1671 1630 magiseliguntur
1689 1575 1793 1631 pro
1816 1557 2086 1630 pecunia-

475 1660 606 1699 rum
652 1662 881 1700 summa
941 1648 1215 1714 maxima,
1275 1647 1693 1702 discordiarum
1768 1663 1971 1702 semen
2031 1648 2089 1699 et

480 1734 894 1791 detrimentum
929 1752 1112 1807 regno
1164 1739 1470 1803 accrescat,
1507 1739 1651 1791 teste
1691 1735 1989 1808 Gregorio,
2022 1733 2082 1789 in

2188 580 2450 651 praebete
2482 581 2739 637 conciliis
2765 580 2990 653 quibus
3027 596 3143 651 per
3184 578 3779 636 reconciliationemres

2185 670 2415 740 publica
2444 670 2780 725 melioratur
2800 672 2861 724 et
2900 668 3162 724 crescit:
3199 668 3360 740 quia,
3390 668 3435 723 si
3480 684 3777 739 quocunque

2188 758 2572 813 conciliabulo
2616 757 2849 813 alterius
2918 756 3161 828 praedia
3201 757 3293 810 vel
3354 754 3780 827 possessiunculas

2187 847 2335 901 alter
2357 845 2588 918 privatis
2615 847 2861 918 negotiis
2893 846 3043 902 velit
3070 845 3185 900 sibi
3215 844 3627 909 adscribere,ac
3654 843 3779 905 ideo,

2185 934 2383 990 fratris
2422 936 2664 1002 damno,
2714 936 3039 1007 pecuniam
3113 951 3227 1007 per
3293 949 3454 988 arcas
3506 935 3560 987 et
3603 932 3782 987 loculos

2190 1017 2595 1098 aggregando,
2629 1024 2785 1080 sitim
2831 1043 2954 1081 sua:
2986 1023 3264 1080 avaritiae
3302 1022 3667 1093 exstinguere,
3686 1038 3783 1075 non

2187 1113 2493 1168 observata
2514 1112 2817 1169 tricennali
2834 1116 2972 1187 lege
2991 1131 3132 1187 quas
3155 1111 3459 1167 emanavit
3478 1127 3541 1164 ex
3552 1110 3787 1165 constitu-

2192 1200 2353 1257 tione
2386 1200 2717 1273 principum
2776 1220 2874 1259 seu
2903 1203 3282 1259 auctoritate
3313 1216 3617 1266 canonum,
3635 1197 3789 1253 sciatis

2201 1292 2407 1362 procul
2443 1289 2618 1345 dubio
2641 1293 2797 1363 quod
2822 1293 2894 1347 ad
2926 1309 3038 1348 vos
3053 1293 3173 1347 hoc
3205 1291 3435 1346 malum
3458 1287 3690 1360 respicit,
3712 1286 3790 1357 qui

2193 1378 2413 1434 idcirco
2446 1379 2612 1450 regni
2646 1381 2868 1451 apicem
2897 1382 3150 1448 tenetis,
3210 1384 3275 1436 ut
3296 1380 3522 1451 justum
3547 1375 3788 1448 judicium

2196 1468 2469 1525 omnibus
2490 1467 2729 1524 faciatis.
2773 1472 2881 1526 Pro
2912 1471 3086 1527 vobis
3120 1468 3413 1525 nimirum
3445 1464 3678 1521 dominis
3705 1479 3789 1517 no-

2194 1558 2325 1613 stris
2365 1556 2755 1629 unusquisque
2806 1560 3224 1631 subjectorum
3270 1558 3347 1612 ad
3398 1557 3575 1611 Deum
3615 1553 3791 1606 clamat

2193 1650 2251 1702 et
2282 1647 2417 1703 dicit
2447 1670 2459 1708 :
2514 1649 2659 1705 Deus
2698 1650 2967 1721 judicium
2997 1654 3167 1704 tuum
3201 1648 3325 1718 regi
3340 1646 3434 1707 da,
3464 1652 3513 1698 et
3551 1642 3790 1713 justitiam

2195 1743 2344 1795 tuom
2371 1741 2482 1809 ﬁlio
2520 1741 2661 1811 regis
2693 1757 2705 1794 :
2728 1739 2980 1811 judicare
2999 1736 3288 1809 papulum
3319 1741 3476 1788 tuum
3525 1740 3576 1786 in
3589 1730 3788 1800 justitia,

475 1824 727 1897 Epistola
782 1825 853 1880 ad
880 1825 1343 1880 Theodebertum
1376 1829 1434 1881 et
1462 1824 1881 1880 Theodericum
1917 1840 2084 1895 reges
2111 1831 2163 1890 B
2191 1834 2241 1882 et
2261 1846 2520 1902 pauperes
2548 1837 2661 1884 tuos
2702 1832 2756 1883 in
2792 1829 3002 1899 judicio
3050 1826 3250 1891 (Psal.
3316 1826 3524 1891 Lxxr,t,
3550 1822 3621 1891 2).
3671 1818 3791 1881 0υο-

475 1915 706 1987 scripta:
730 1933 763 1967 «
780 1914 1611 1986 Fertur,inquit,Simoniacam
1638 1913 1927 1980 haeresim,
1956 1929 2084 1984 qum

476 2003 665 2076 prima
685 2006 889 2059 contra
915 2003 1226 2058 Ecclesiam
1249 2002 1532 2058 diabolica
1554 2001 1916 2075 plantatione
1946 2001 2082 2056 sub-

475 2094 673 2164 repsit,
699 2097 757 2148 et
804 2094 863 2147 in
890 2092 1010 2165 ipso
1040 2095 1171 2147 ortu
1201 2110 1301 2147 suo
1340 2094 1455 2147 telo
1488 2091 1817 2162 apostolicae
1848 2088 2083 2145 ultionis

474 2199 740 2254 percussa
756 2187 927 2254 atque
954 2183 1232 2237 damnata
1260 2185 1364 2247 est,
1392 2182 1451 2235 in
1476 2179 1646 2249 regni
1683 2177 1852 2233 vestri
1872 2178 2083 2233 finibus

481 2270 811 2337 dominari;
844 2287 976 2324 cum
1012 2270 1073 2324 in
1113 2269 1505 2325 sacerdotibus
1536 2268 1677 2322 fides
1702 2268 1774 2322 sit
1812 2265 2083 2337 eligenda

476 2374 608 2413 cum
637 2358 815 2413 vita.»
850 2358 1489 2429 EtpostpaucazuHinc
1510 2372 1628 2410 non
1658 2356 1844 2410 solum
1862 2354 2083 2410 inordi-

474 2446 692 2501 natoris
723 2446 1042 2501 etordinali
1060 2446 1319 2501 animam
1346 2446 1555 2499 lelhale
1576 2444 1779 2497 vulnus
1800 2442 2080 2519 infigitur,

475 2552 676 2590 verum
726 2535 903 2590 etiam
934 2534 1285 2589 excellentia:
1314 2536 1515 2588 vestra:
1562 2548 1813 2603 regnum
1860 2532 2081 2603 episco-

478 2640 687 2696 porum
718 2626 906 2696 culpa,
957 2641 1205 2696 quorum
1236 2622 1741 2677 intercessionibus
1761 2621 1951 2693 juvari
1982 2621 2082 2677 de-

476 2714 701 2781 buerat,
729 2716 1141 2786 praegravatur.
1160 2732 1187 2765 ο
1212 2714 1290 2766 Ac
1306 2712 1532 2767 deinde:
1566 2711 1778 2782 «Major
1799 2727 1939 2783 ergo
1958 2726 2082 2765 me-

478 2804 697 2858 tuenda
730 2806 830 2871 _est
884 2803 1023 2858 locis
1084 2802 1193 2858 illis
1256 2802 1382 2857 fore
1426 2800 1742 2869 calamitas,
1803 2800 1900 2855 ubi
1942 2801 2084 2855 tales

458 2891 886 2969 intercessores
916 2892 989 2946 ad
1015 2893 1208 2947 locum
1238 2890 1539 2964 regiminis
1570 2889 1955 2957 adducuntur,
1983 2888 2083 2960 qui

477 2980 579 3035 Dei
609 2979 668 3035 in
697 2998 757 3035 se
788 2980 974 3053 magis
1004 2980 1365 3036 iracundiam
1397 2982 1730 3052 provocent,
1774 2994 1949 3052 quam
1979 2994 2083 3049 per

475 3069 814 3141 semetipsos
839 3070 1064 3142 populis
1084 3071 1310 3141 placare
1344 3070 1802 3124 debuerant.Nec
1824 3070 1934 3123 hoc
1947 3083 2085 3138 quo-

479 3174 591 3230 que
623 3159 841 3212 malum
872 3159 1191 3235 sollicitudo
1228 3162 1423 3212 nostra
1475 3158 1691 3229 patitur
1718 3156 2084 3227 negligenter

482 3247 772 3315 omittere,
806 3247 962 3319 quod
1006 3248 1262 3319 quidam,
1314 3246 1590 3301 instinctu
1644 3246 1844 3318 glorias
1898 3244 2085 3299 inanis

477 3336 652 3392 illecti
671 3354 738 3390 ex
763 3336 906 3390 laico
945 3338 1184 3405 repente
1211 3335 1411 3389 habitu
1450 3334 1755 3389 sacerdotii
1798 3335 2084 3388 honorem

478 3423 784 3494 arripiunt,
839 3426 917 3489 et,
962 3424 1117 3494 quod
1148 3423 1338 3475 dicere
1369 3422 1551 3493 pudet
1600 3425 1659 3475 et
1683 3439 1855 3493 grave
1896 3426 2086 3476 tacere

477 3515 584 3577 est,
645 3512 884 3583 regendi
936 3515 1208 3577 rectores,
1242 3514 1300 3564 et
1334 3510 1433 3581 qui
1494 3510 1740 3565 docendi
1800 3514 1933 3565 sunt
1987 3510 2087 3564 do-

485 3603 692 3667 ctores,
726 3618 830 3654 nec
857 3599 1200 3653 erubescant
1227 3598 1428 3665 videri,
1462 3616 1567 3653 nec
1612 3602 1876 3653 metuant
1899 3599 1960 3663 (Ι.
2013 3615 2087 3666 1x,

487 3690 662 3761 Epist.
712 3692 886 3761 110).»
950 3689 1066 3743 Huc
1114 3706 1292 3761 usque
1340 3688 1395 3744 S.
1445 3688 1770 3761 Gregorius.
1833 3687 2089 3759 Cumque

484 3780 580 3850 huj
592 3780 814 3834 usmodi
834 3778 1055 3851 praelati
1076 3779 1326 3834 avaritiae
1341 3778 1824 3847 intentiecclesias
1836 3777 2092 3832 funditus

489 3869 637 3924 dirui
658 3868 868 3936 sinant,
902 3884 1093 3922 mores
1118 3868 1510 3938 subjecturum
1543 3884 1644 3923 suo
1670 3867 1936 3936 exemplo
1960 3882 2093 3937 per-

488 3958 650 4026 dant,
681 3975 823 4030 quos
872 3956 1161 4027 corrigere
1212 3957 1551 4023 debuerant,
1591 3959 1769 4010 restat
1802 3957 1864 4009 ut
1892 3954 2091 4009 defen-

489 4064 642 4104 sores
668 4047 1038 4103 ecclesiarum
1063 4064 1127 4100 ac
1141 4046 1476 4100 fundatores
1496 4062 1695 4100 earum
1719 4043 2091 4115 hmredesque

486 4138 865 4193 fundatorum
910 4155 967 4191 se
1016 4136 1358 4190 subtrahunt
1409 4152 1613 4191 eorum
1670 4132 2089 4200 communioni,

489 4245 563 4281 ne
602 4227 910 4297 participes
942 4226 1057 4279 sint
1104 4225 1545 4281 maledictionis.
1605 4225 2019 4279 Verumtamen
2046 4222 2092 4276 si

488 4314 769 4369 catholica
820 4315 893 4367 sit
951 4313 1300 4383 pontificalis
1379 4312 1701 4368 sublimitas
1754 4316 1812 4366 et
1885 4311 2095 4382 regalis

2186 1934 2320 1973 rum
2376 1936 2643 1975 versuum
2714 1935 2909 1974 sensus
2951 1916 3239 1989 quamvis
3289 1912 3497 1970 referri
3539 1908 3700 1983 possit
3731 1906 3788 1961 ad

2193 2008 2370 2063 Deum
2397 2010 2628 2064 Patrem
2643 2007 2908 2064 omnium
2930 2006 3279 2077 Filiumque
3293 2004 3420 2075 ejus
3437 1998 3787 2071 unigenitum,

2186 2098 2390 2152 tamen
2424 2097 2568 2153 nihil
2597 2098 2763 2153 obest
2783 2095 3121 2168 intelligide
3156 2100 3408 2151 terreno
3428 2106 3564 2163 rege
3577 2084 3785 2161 precari,

2186 2186 2495 2256 utjudicet
2542 2188 2821 2259 populum
2873 2202 2991 2241 non
3023 2202 3135 2240 suo
3169 2184 3277 2239 sed
3303 2182 3413 2237 Dei
3444 2178 3676 2251 judicio,
3715 2173 3787 2227 cui

2183 2274 2473 2330 rationem
2485 2276 2811 2331 redditurus
2836 2278 2922 2329 est
2950 2274 3139 2328 etiam
3174 2272 3252 2328 de
3280 2271 3470 2327 otioso
3493 2267 3675 2323 verbo.

2259 2365 2374 2419 Nec
2395 2382 2489 2421 me
2511 2368 2700 2420 vestro
2732 2364 3101 2436 aliorumque
3154 2360 3524 2434 sapientium
3567 2351 3783 2411 examini

2186 2453 2463 2508 subduco:
2489 2454 2586 2526 qui
2610 2458 2813 2509 contra
2833 2470 3087 2508 canones
3116 2451 3385 2508 sensisse
3407 2446 3714 2519 suspicicor.
3737 2440 3784 2494 in

2190 2541 2487 2615 episcopos
2529 2543 2953 2597 monachorum
2985 2557 3247 2596 manum
3276 2537 3529 2595 movisse
3565 2545 3782 2607 accusor.

2185 2633 2435 2685 vestram
2460 2629 2924 2686 benevolentiam
2948 2631 3196 2703 prOpriu
3215 2627 3500 2702 episcopo
3526 2620 3786 2678 abstulisse

2186 2718 2590 2792 blasphemor,
2631 2718 2979 2791 quibusdam
3025 2713 3562 2775 excommunicatis
3587 2705 3783 2781 partici-

2189 2823 2354 2878 passe
2379 2807 2677 2862 criminor.
2717 2807 2829 2863 Sed
2860 2810 3004 2863 esto.
3031 2807 3135 2862 Cui
3159 2803 3480 2862 sententia
3527 2809 3783 2855 canonum

2194 2894 2540 2962 contradixi,
2571 2894 2668 2966 qui
2695 2895 2851 2949 nullo
2886 2894 3130 2950 concilio
3177 2894 3275 2948 vix
3305 2893 3575 2966 apertum
3600 2886 3781 2940 librum

2196 2982 2394 3038 videre
2445 2982 2649 3054 potui?
2678 2986 2775 3037 aut
2804 2983 2957 3055 quod
2984 2983 3305 3038 concilium
3368 2978 3511 3034 illud
3546 2974 3664 3038 fuit,
3703 2967 3782 3024 ubi

2189 3071 2479 3126 conciliati
2510 3075 2860 3127 veneruntet
2878 3070 3265 3127 disconciliati
3293 3065 3779 3128 recesserunt,cum

2185 3159 2263 3214 ibi
2297 3159 2590 3215 discordes
2616 3159 2978 3215 reconciliari
3018 3160 3359 3226 debuerint,
3393 3160 3493 3213 aut
3536 3145 3780 3207 canonica

2188 3247 2543 3304 districtione
2570 3249 2869 3305 mulctari?
2882 3248 3020 3321 quid
3050 3249 3107 3304 in
3138 3266 3239 3306 me
3263 3242 3635 3319 singulariter
3652 3248 3781 3291 com.

2187 3336 2473 3391 miserunt
2500 3337 2774 3409 episcopi,
2807 3340 2869 3392 ut
2900 3337 2980 3393 eis
3010 3339 3219 3393 saltem
3239 3327 3777 3409 cogitationeobesse

2188 3425 2468 3480 voluerim
2494 3443 2508 3495 ;
2536 3428 2863 3498 praesertim
2885 3444 3016 3482 cum
3048 3444 3167 3483 non
3190 3424 3530 3484 inimicum,
3568 3414 3662 3472 59d
3687 3409 3779 3465 ﬁde

2192 3516 2250 3568 et
2272 3531 2447 3586 opere
2479 3514 2898 3570 amicissimum
2929 3515 3197 3588 graviora
3232 3513 3497 3589 pericula
3513 3499 3777 3589 pertulisse

2193 3603 2546 3675 contigerit?
2577 3605 2716 3660 Ecce
2738 3622 2934 3660 coram
2953 3606 3070 3660 Deo
3090 3604 3147 3660 in
3159 3588 3395 3661 Christo
3412 3616 3532 3656 non
3558 3588 3779 3651 mentior

2194 3690 2343 3762 (Gal.
2379 3710 2416 3760 ι,
2450 3692 2559 3763 20),
2586 3694 2741 3765 quia,
2772 3692 2971 3749 audita
3007 3693 3451 3766 insequentium
3482 3682 3775 3743 conclama-

2196 3778 2373 3846 tione,
2402 3782 2551 3835 ultra
2582 3799 2758 3852 quam
2793 3781 2903 3837 dici
2960 3782 3140 3852 possit
3169 3780 3422 3847 indolui,
3474 3768 3775 3832 recordatus

2193 3868 2449 3939 pristina-"1
2481 3869 2747 3924 amicitias
2778 3872 2836 3924 et
2862 3870 3278 3926 beneficiorum
3310 3866 3460 3924 tanti
3500 3861 3619 3927 viri,
3641 3854 3775 3947 θαλιξὸ

2196 3956 2293 4010 nix
2321 3957 2523 4029 capitis
2553 3958 2937 4013 reverendum
2965 3959 3242 4028 ostendit,
3273 3957 3516 4029 excepta
3541 3943 3773 4024 primatis

2195 4044 2646 4116 praerogativaet
2674 4047 3017 4102 sacerdotati
3053 4047 3256 4103 infula.
3280 4048 3408 4113 Qua
3433 4032 3773 4114 suggestione

2193 4148 2292 4187 vos
2316 4133 2536 4204 decepi,
2569 4136 2632 4188 ut
2653 4138 2901 4190 vestram
2933 4135 3408 4192 benevolentiam
3434 4123 3657 4204 optimis
3687 4131 3769 4173 au-

2194 4212 2443 4287 ferretis,
2491 4223 2642 4277 male
2674 4223 2894 4278 meritis
2919 4224 3260 4280 conferretis
3281 4227 3311 4282 ?
3339 4226 3489 4279 Num
3518 4230 3619 4288 ego
3647 4212 3771 4265 De”

2194 4326 2323 4364 sum
2356 4310 2454 4382 qui
2484 4314 2672 4366 mutat
2698 4315 2946 4379 mentes,
2977 4317 3166 4369 mutat
3200 4330 3389 4387 regna
3418 4314 3474 4367 et
3504 4290 3770 4373 tempora?

491 4405 784 4474 maiestas,
805 4420 973 4475 aequa
1002 4403 1166 4457 lance
1205 4406 1409 4474 pensat
1444 4404 1741 4474 utriusque
1763 4404 2091 4468 auctoritas,
2116 4415 2169 4474 D
2193 4397 2338 4453 Vere
2365 4399 2552 4455 fateor
2576 4416 2670 4455 me
2698 4402 2986 4474 magicam
3011 4402 3303 4475 ignorare,
3324 4417 3434 4458 nec
3446 4388 3649 4467 aliquid
3665 4397 3768 4438 ma‘

490 4496 553 4547 ut
585 4492 807 4564 prosint
836 4490 1097 4545 Ecclesiae
1116 4508 1289 4563 quam
1315 4490 2091 4547 Christusredemitsuosan-

488 4581 663 4652 guine
686 4574 713 4649 ς’
733 4597 870 4635 nam
910 4579 1059 4634 illius
1083 4579 1408 4633 sublimitas
1438 4581 1566 4651 lege
1605 4578 1837 4634 Domini
1865 4578 2095 4649 spirita-

487 4670 618 4725 liter
640 4670 868 4742 populis
920 4667 1280 4740 pronuntiat,
1316 4685 1489 4741 quam
1522 4668 1683 4723 istius
1730 4669 2021 4739 majestas,
2048 4668 2093 4722 si

487 4775 719 4815 necesse
732 4758 824 4825 sit,
850 4772 1147 4812 armorum
1168 4758 1506 4812 defensione
1521 4756 1894 4812 commendat
1916 4773 1929 4811 :
1959 4774 2096 4829 qua-

486 4850 725 4919 pmpter
777 4846 1100 4902 cavendum
1156 4849 1242 4900 est
1286 4863 1359 4900 ne
1390 4846 1462 4899 ab
1513 4844 1756 4899 invicem
1810 4844 2089 4913 resiliant,

486 4952 734 5008 quorum
767 4935 1088 4990 adinvicem
1104 4934 1426 4988 ministeria
1438 4933 1810 4988 concordant.
1828 4934 1937 4987 Sed
1953 4950 2088 4989 con-

482 5024 680 5079 cordia
695 5042 900 5079 eorum
930 5024 989 5079 in
1025 5022 1262 5077 diversis
1293 5022 1495 5077 officiis
1518 5025 1677 5076 tanto
1696 5021 1802 5076 sibi
1822 5022 2086 5089 consulit,

481 5117 700 5186 quanto
722 5113 1080 5168 unanimiter
1100 5111 1452 5166 consulendo
1468 5111 1537 5165 de
1553 5110 1827 5165 commini
1844 5111 2087 5167 utilitate

478 5203 672 5257 sentit.
724 5203 808 5256 Ob
846 5203 957 5257 hoc
992 5201 1365 5271 antiquorum
1427 5200 1800 5255 conciliorum
1859 5200 2087 5271 paginis

476 5293 857 5362 praefiguntur
910 5289 1153 5346 nomina
1198 5290 1619 5360 imperatorum
1669 5288 1753 5341 vel
1786 5290 2085 5344 consulum

380 5444 383 5449 ι
474 5396 723 5452 quorum
751 5381 944 5435 favore
996 5395 1346 5449 magnorum
1407 5378 1605 5432 habita
1648 5381 1780 5432 sunt
1826 5380 2084 5435 consulta

475 5469 899 5541 episcoporum,
926 5468 1023 5540 qui
1058 5484 1289 5540 semper
1315 5468 1473 5540 prius
1505 5468 1818 5539 diligenter
1865 5468 2080 5525 discus-

474 5562 676 5614 serunt
704 5558 774 5614 de
806 5556 1222 5629 fideipuritate,
1247 5573 1390 5630 quos
1413 5557 1655 5613 concilio
1683 5557 1889 5629 dignos
1916 5575 2080 5632 repe-

470 5649 658 5707 rirent
708 5664 778 5705 ex
834 5647 1057 5706 ordine.
1123 5647 1537 5718 Quamobrem,
1586 5646 1849 5722 piissimi,
1894 5665 2066 5709 more

2195 4486 2385 4541 larum
2408 4489 2627 4543 artium
2675 4489 2958 4545 didicisse.
3001 4491 3161 4546 Unde
3189 4491 3284 4546 ille
3326 4488 3431 4565 qui
3467 4486 3536 4541 de
3580 4480 3676 4533 hac
3714 4481 3766 4523 re

2197 4578 2411 4630 contra
2441 4593 2529 4632 me
2562 4579 2845 4649 queritur,
2873 4580 3173 4636 neminem
3199 4582 3414 4652 praeter
3432 4570 3767 4631 vosincusare

2193 4662 2439 4732 videtur,
2457 4666 2576 4738 qui,
2600 4668 2798 4723 relicto
2813 4667 3047 4722 tramite
3068 4668 3370 4741 aequitatis,
3384 4656 3765 4741 beneficiorllln

2196 4751 2318 4823 ejus
2347 4753 2797 4811 vicissitudinem
2829 4738 3156 4828 rependere
3169 4753 3512 4828 neglexistis.
3544 4748 3649 4804 Aut
3672 4738 3765 4828 for:

2192 4843 2343 4897 tasse
2393 4844 2571 4916 regite
2624 4844 2940 4918 majestatis
2996 4844 3396 4901 auctoritatem
3444 4818 3761 4918 contemno!

2195 4928 2805 5007 Quantulumcumque
2855 4951 2952 4989 vos
2981 4935 3357 5004 exacerbavit,
3385 4911 3761 4989 (exacerbando

2195 5019 2463 5092 irritavit,
2517 5023 2801 5079 irritando
2860 5023 3122 5089 offendit,
3182 5020 3527 5079 offendendo
3561 5012 3761 5087 placare

2191 5116 2443 5181 distulit,
2502 5118 2559 5168 et
2588 5130 2693 5185 pro
2727 5113 2934 5167 talibus
2962 5112 3253 5168 beneficiis
3279 5114 3521 5169 miratur
3542 5100 3638 5159 sibi
3672 5095 3759 5192 i111:

2196 5206 2371 5278 pendi
2408 5203 2752 5259 munuscula
2773 5203 2941 5273 justm
2964 5200 3512 5275 recompensationis
3531 5204 3655 5265 ;nec
3671 5181 3761 5279 sibl

2186 5296 2440 5367 imputat
2469 5293 2625 5366 quod
2641 5292 2984 5364 promeruit,
3018 5292 3116 5347 sed
3146 5292 3363 5347 crimen
3378 5286 3663 5347 traesferre
3681 5286 3753 5326 m-

2191 5385 2331 5440 titur
2361 5384 2417 5439 in
2449 5381 2765 5456 perniciem
2794 5379 3035 5437 insontis
3066 5401 3080 5436 :
3113 5381 3159 5436 si
3191 5383 3346 5437 enim
3373 5379 3512 5435 nihil
3556 5386 3644 5428 vos
3666 5375 3756 5419 ου’

2184 5473 2366 5528 cuissr
2420 5471 2659 5544 putavit,
2715 5470 2852 5525 dum
2906 5471 3102 5524 nostra
3158 5470 3306 5540 tulit,
3377 5465 3622 5542 profecto
3663 5462 3753 5509 nec

2190 5562 2461 5619 dominos
2492 5563 2823 5616 nostrarum
2878 5574 3073 5614 rerum
3104 5575 3248 5630 esse,
3297 5575 3403 5615 nec
3460 5553 3752 5614 defensores

2187 5650 2449 5722 credidit;
2478 5650 2524 5709 si
2549 5652 2745 5710 autem
2785 5647 3048 5721 credidit,
3073 5666 3172 5707 vos
3199 5666 3429 5709 mecum
3465 5641 3619 5713 lusit,
3659 5642 3749 5692 nec
