  <div class='ocr_page' id='page_1' title='image "/cluster/home/n/w/nwhite01/storage/ocr_20150623/139/hvd.32044054759998/240.png"; bbox 0 0 3876 6172; ppageno 0'>
   <div class='ocr_carea' id='block_1_1' title="bbox 197 368 3447 435">
    <p class='ocr_par' dir='ltr' id='par_1_1' title="bbox 197 368 3447 435">
     <span class='ocr_line' id='line_1_1' title="bbox 197 368 3447 435; baseline 0 -6"><span class='ocrx_word' id='word_1_1' title='bbox 197 380 285 435; x_wconf 64' lang='grc'>469</span> <span class='ocrx_word' id='word_1_2' title='bbox 1524 368 2067 427; x_wconf 79' lang='lat' dir='ltr'>APOLOGETICUS.</span> <span class='ocrx_word' id='word_1_3' title='bbox 3342 377 3447 430; x_wconf 64' lang='lat'>470</span> 
     </span>
    </p>
   </div>
   <div class='ocr_carea' id='block_1_2' title="bbox 193 486 3449 566">
    <p class='ocr_par' dir='ltr' id='par_1_2' title="bbox 193 486 3449 566">
     <span class='ocr_line' id='line_1_2' title="bbox 193 486 3449 566; baseline -0.002 -12"><span class='ocrx_word' id='word_1_4' title='bbox 193 516 239 556; x_wconf 87' lang='lat' dir='ltr'>se</span> <span class='ocrx_word' id='word_1_5' title='bbox 260 497 433 553; x_wconf 68' lang='lat' dir='ltr'>laesisse</span> <span class='ocrx_word' id='word_1_6' title='bbox 469 491 773 566; x_wconf 80' lang='lat' dir='ltr'>ignoravit.</span> <span class='ocrx_word' id='word_1_7' title='bbox 821 492 932 547; x_wconf 88' lang='lat' dir='ltr'>Cur</span> <span class='ocrx_word' id='word_1_8' title='bbox 962 491 1139 563; x_wconf 82' lang='lat' dir='ltr'>igitur</span> <span class='ocrx_word' id='word_1_9' title='bbox 1187 508 1280 547; x_wconf 88' lang='lat' dir='ltr'>me</span> <span class='ocrx_word' id='word_1_10' title='bbox 1334 490 1741 547; x_wconf 73' lang='lat' dir='ltr'>declamatorie</span> <span class='ocrx_word' id='word_1_11' title='bbox 1764 495 1818 552; x_wconf 86' lang='grc' dir='ltr'><strong>Α</strong></span> <span class='ocrx_word' id='word_1_12' title='bbox 1845 488 1989 543; x_wconf 90' lang='lat' dir='ltr'>dacii</span> <span class='ocrx_word' id='word_1_13' title='bbox 2018 490 2361 560; x_wconf 88' lang='lat' dir='ltr'>cupiditates</span> <span class='ocrx_word' id='word_1_14' title='bbox 2381 508 2509 547; x_wconf 87' lang='lat' dir='ltr'>suas</span> <span class='ocrx_word' id='word_1_15' title='bbox 2538 506 2764 563; x_wconf 88' lang='lat' dir='ltr'>pravas,</span> <span class='ocrx_word' id='word_1_16' title='bbox 2794 490 2899 562; x_wconf 88' lang='lat' dir='ltr'>ipsi</span> <span class='ocrx_word' id='word_1_17' title='bbox 2921 490 3183 545; x_wconf 89' lang='lat' dir='ltr'>nituntur</span> <span class='ocrx_word' id='word_1_18' title='bbox 3200 486 3449 547; x_wconf 82' lang='lat' dir='ltr'>condere</span> 
     </span>
    </p>
   </div>
   <div class='ocr_carea' id='block_1_3' title="bbox 194 568 3453 654">
    <p class='ocr_par' dir='ltr' id='par_1_3' title="bbox 194 568 3453 654">
     <span class='ocr_line' id='line_1_3' title="bbox 194 568 3453 654; baseline -0.003 -12"><span class='ocrx_word' id='word_1_19' title='bbox 194 585 410 643; x_wconf 77' lang='lat' dir='ltr'>accusat?</span> <span class='ocrx_word' id='word_1_20' title='bbox 431 568 522 639; x_wconf 86' lang='lat' dir='ltr'>cur</span> <span class='ocrx_word' id='word_1_21' title='bbox 550 581 694 638; x_wconf 90' lang='lat' dir='ltr'>mihi</span> <span class='ocrx_word' id='word_1_22' title='bbox 721 581 823 637; x_wconf 92' lang='lat' dir='ltr'>soli</span> <span class='ocrx_word' id='word_1_23' title='bbox 856 581 1105 653; x_wconf 76' lang='lat' dir='ltr'>imputat</span> <span class='ocrx_word' id='word_1_24' title='bbox 1135 581 1289 654; x_wconf 87' lang='lat' dir='ltr'>quod</span> <span class='ocrx_word' id='word_1_25' title='bbox 1309 581 1469 636; x_wconf 91' lang='lat' dir='ltr'>illum</span> <span class='ocrx_word' id='word_1_26' title='bbox 1501 581 1742 652; x_wconf 85' lang='lat' dir='ltr'>gravat?</span> <span class='ocrx_word' id='word_1_27' title='bbox 1844 578 2000 647; x_wconf 81' lang='lat' dir='ltr'>leges</span> <span class='ocrx_word' id='word_1_28' title='bbox 2049 595 2224 633; x_wconf 88' lang='lat' dir='ltr'>novas</span> <span class='ocrx_word' id='word_1_29' title='bbox 2260 595 2271 633; x_wconf 91' lang='lat'>:</span> <span class='ocrx_word' id='word_1_30' title='bbox 2308 580 2404 634; x_wconf 88' lang='lat' dir='ltr'>sed</span> <span class='ocrx_word' id='word_1_31' title='bbox 2464 580 2774 651; x_wconf 84' lang='lat' dir='ltr'>Apostolus</span> <span class='ocrx_word' id='word_1_32' title='bbox 2799 577 2968 633; x_wconf 90' lang='lat' dir='ltr'>nobis</span> <span class='ocrx_word' id='word_1_33' title='bbox 3018 580 3320 633; x_wconf 85' lang='lat' dir='ltr'>consulens</span> <span class='ocrx_word' id='word_1_34' title='bbox 3373 579 3453 633; x_wconf 90' lang='lat' dir='ltr'>eis</span> 
     </span>
    </p>
   </div>
   <div class='ocr_carea' id='block_1_4' title="bbox 189 666 3453 745">
    <p class='ocr_par' dir='ltr' id='par_1_4' title="bbox 189 666 3453 745">
     <span class='ocr_line' id='line_1_4' title="bbox 189 666 3453 745; baseline -0.003 -16"><span class='ocrx_word' id='word_1_35' title='bbox 189 677 257 730; x_wconf 77' lang='lat' dir='ltr'>An</span> <span class='ocrx_word' id='word_1_36' title='bbox 284 673 405 728; x_wconf 88' lang='lat' dir='ltr'>scire</span> <span class='ocrx_word' id='word_1_37' title='bbox 426 675 648 745; x_wconf 89' lang='lat' dir='ltr'>potero,</span> <span class='ocrx_word' id='word_1_38' title='bbox 704 669 925 741; x_wconf 88' lang='lat' dir='ltr'>quoties</span> <span class='ocrx_word' id='word_1_39' title='bbox 956 670 1175 740; x_wconf 85' lang='lat' dir='ltr'>legatos</span> <span class='ocrx_word' id='word_1_40' title='bbox 1214 668 1365 737; x_wconf 87' lang='lat' dir='ltr'>misi,</span> <span class='ocrx_word' id='word_1_41' title='bbox 1420 668 1641 740; x_wconf 89' lang='lat' dir='ltr'>quoties</span> <span class='ocrx_word' id='word_1_42' title='bbox 1672 668 1743 721; x_wconf 91' lang='lat' dir='ltr'>de</span> <span class='ocrx_word' id='word_1_43' title='bbox 1844 667 2089 720; x_wconf 86' lang='lat' dir='ltr'>occurrit</span> <span class='ocrx_word' id='word_1_44' title='bbox 2114 684 2126 720; x_wconf 90' lang='lat'>:</span> <span class='ocrx_word' id='word_1_45' title='bbox 2157 667 2221 721; x_wconf 73' lang='grc' dir='ltr'>δι</span> <span class='ocrx_word' id='word_1_46' title='bbox 2246 671 2362 740; x_wconf 78' lang='lat' dir='ltr'>quis</span> <span class='ocrx_word' id='word_1_47' title='bbox 2386 669 2547 734; x_wconf 72' lang='lat' dir='ltr'>vobis,</span> <span class='ocrx_word' id='word_1_48' title='bbox 2567 667 2851 738; x_wconf 89' lang='lat' dir='ltr'>inquiens,</span> <span class='ocrx_word' id='word_1_49' title='bbox 2880 666 3029 738; x_wconf 67' lang='lat' dir='ltr'>apud</span> <span class='ocrx_word' id='word_1_50' title='bbox 3057 670 3453 722; x_wconf 84' lang='lat' dir='ltr'>annuntiavcrit</span> 
     </span>
    </p>
   </div>
   <div class='ocr_carea' id='block_1_5' title="bbox 188 753 3450 837">
    <p class='ocr_par' dir='ltr' id='par_1_5' title="bbox 188 753 3450 837">
     <span class='ocr_line' id='line_1_5' title="bbox 188 753 3450 837; baseline -0.003 -20"><span class='ocrx_word' id='word_1_51' title='bbox 188 780 299 837; x_wconf 85' lang='lat' dir='ltr'>pace</span> <span class='ocrx_word' id='word_1_52' title='bbox 323 763 523 833; x_wconf 83' lang='lat' dir='ltr'>rogavi,</span> <span class='ocrx_word' id='word_1_53' title='bbox 555 760 780 832; x_wconf 90' lang='lat' dir='ltr'>quoties</span> <span class='ocrx_word' id='word_1_54' title='bbox 812 776 905 813; x_wconf 89' lang='lat' dir='ltr'>me</span> <span class='ocrx_word' id='word_1_55' title='bbox 951 759 1270 830; x_wconf 87' lang='lat' dir='ltr'>supplicem</span> <span class='ocrx_word' id='word_1_56' title='bbox 1319 758 1542 813; x_wconf 81' lang='lat' dir='ltr'>obtuli?</span> <span class='ocrx_word' id='word_1_57' title='bbox 1568 757 1745 812; x_wconf 84' lang='lat' dir='ltr'>Testis</span> <span class='ocrx_word' id='word_1_58' title='bbox 1835 761 2034 824; x_wconf 60' lang='lat' dir='ltr'>pra’ter</span> <span class='ocrx_word' id='word_1_59' title='bbox 2060 755 2114 808; x_wconf 85' lang='lat' dir='ltr'>id</span> <span class='ocrx_word' id='word_1_60' title='bbox 2148 756 2287 827; x_wconf 82' lang='lat' dir='ltr'>quod</span> <span class='ocrx_word' id='word_1_61' title='bbox 2314 757 2601 827; x_wconf 72' lang='lat' dir='ltr'>accepistis,</span> <span class='ocrx_word' id='word_1_62' title='bbox 2635 757 2915 809; x_wconf 69' lang='lat' dir='ltr'>anathema</span> <span class='ocrx_word' id='word_1_63' title='bbox 2974 757 3041 808; x_wconf 87' lang='lat' dir='ltr'>sit</span> <span class='ocrx_word' id='word_1_64' title='bbox 3068 753 3238 824; x_wconf 84' lang='lat' dir='ltr'>(Gal.,</span> <span class='ocrx_word' id='word_1_65' title='bbox 3297 773 3334 822; x_wconf 79' lang='grc' dir='ltr'>ι,</span> <span class='ocrx_word' id='word_1_66' title='bbox 3377 755 3450 825; x_wconf 78' lang='lat'>9).</span> 
     </span>
    </p>
   </div>
   <div class='ocr_carea' id='block_1_6' title="bbox 192 841 3457 920">
    <p class='ocr_par' dir='ltr' id='par_1_6' title="bbox 192 841 3457 920">
     <span class='ocr_line' id='line_1_6' title="bbox 192 841 3457 920; baseline -0.002 -15"><span class='ocrx_word' id='word_1_67' title='bbox 192 851 303 906; x_wconf 88' lang='lat' dir='ltr'>mihi</span> <span class='ocrx_word' id='word_1_68' title='bbox 322 854 396 905; x_wconf 88' lang='lat' dir='ltr'>est</span> <span class='ocrx_word' id='word_1_69' title='bbox 417 852 560 904; x_wconf 88' lang='lat' dir='ltr'>Deus</span> <span class='ocrx_word' id='word_1_70' title='bbox 592 847 769 920; x_wconf 90' lang='lat' dir='ltr'>quod,</span> <span class='ocrx_word' id='word_1_71' title='bbox 807 850 959 903; x_wconf 87' lang='lat' dir='ltr'>salvo</span> <span class='ocrx_word' id='word_1_72' title='bbox 1000 847 1132 917; x_wconf 87' lang='lat' dir='ltr'>jure</span> <span class='ocrx_word' id='word_1_73' title='bbox 1159 847 1339 902; x_wconf 78' lang='lat' dir='ltr'>nostri</span> <span class='ocrx_word' id='word_1_74' title='bbox 1386 845 1744 910; x_wconf 86' lang='lat' dir='ltr'>monasterii,</span> <span class='ocrx_word' id='word_1_75' title='bbox 1849 842 2013 906; x_wconf 85' lang='lat' dir='ltr'>Quod</span> <span class='ocrx_word' id='word_1_76' title='bbox 2044 846 2354 900; x_wconf 85' lang='lat' dir='ltr'>anathema</span> <span class='ocrx_word' id='word_1_77' title='bbox 2384 848 2665 916; x_wconf 89' lang='lat' dir='ltr'>quantum</span> <span class='ocrx_word' id='word_1_78' title='bbox 2700 844 3018 899; x_wconf 89' lang='lat' dir='ltr'>cavendum</span> <span class='ocrx_word' id='word_1_79' title='bbox 3042 841 3117 898; x_wconf 85' lang='lat' dir='ltr'>sit</span> <span class='ocrx_word' id='word_1_80' title='bbox 3142 843 3287 897; x_wconf 89' lang='lat' dir='ltr'>liber</span> <span class='ocrx_word' id='word_1_81' title='bbox 3306 844 3457 898; x_wconf 84' lang='lat' dir='ltr'>Judi-</span> 
     </span>
    </p>
   </div>
   <div class='ocr_carea' id='block_1_7' title="bbox 192 932 3463 1009">
    <p class='ocr_par' dir='ltr' id='par_1_7' title="bbox 192 932 3463 1009">
     <span class='ocr_line' id='line_1_7' title="bbox 192 932 3463 1009; baseline -0.003 -15"><span class='ocrx_word' id='word_1_82' title='bbox 192 939 248 994; x_wconf 84' lang='lat' dir='ltr'>ad</span> <span class='ocrx_word' id='word_1_83' title='bbox 266 938 436 993; x_wconf 88' lang='lat' dir='ltr'>omnia</span> <span class='ocrx_word' id='word_1_84' title='bbox 464 954 591 1009; x_wconf 58' lang='lat' dir='ltr'>qua</span> <span class='ocrx_word' id='word_1_85' title='bbox 614 935 957 1007; x_wconf 83' lang='lat' dir='ltr'>regulariter</span> <span class='ocrx_word' id='word_1_86' title='bbox 982 935 1320 1006; x_wconf 82' lang='lat' dir='ltr'>injunxisset</span> <span class='ocrx_word' id='word_1_87' title='bbox 1341 935 1747 1005; x_wconf 89' lang='lat' dir='ltr'>obtemperare</span> <span class='ocrx_word' id='word_1_88' title='bbox 1848 947 1978 985; x_wconf 91' lang='lat' dir='ltr'>cum</span> <span class='ocrx_word' id='word_1_89' title='bbox 2011 932 2282 999; x_wconf 84' lang='lat' dir='ltr'>ostendit,</span> <span class='ocrx_word' id='word_1_90' title='bbox 2336 932 2432 986; x_wconf 92' lang='lat' dir='ltr'>ubi</span> <span class='ocrx_word' id='word_1_91' title='bbox 2474 932 2721 1003; x_wconf 81' lang='lat' dir='ltr'>legitur:</span> <span class='ocrx_word' id='word_1_92' title='bbox 2756 932 3060 986; x_wconf 85' lang='lat' dir='ltr'>Anathema</span> <span class='ocrx_word' id='word_1_93' title='bbox 3094 935 3149 986; x_wconf 89' lang='lat' dir='ltr'>in</span> <span class='ocrx_word' id='word_1_94' title='bbox 3180 932 3348 986; x_wconf 86' lang='lat' dir='ltr'>medio</span> <span class='ocrx_word' id='word_1_95' title='bbox 3380 938 3463 985; x_wconf 75' lang='lat' dir='ltr'>tua~</span> 
     </span>
    </p>
   </div>
   <div class='ocr_carea' id='block_1_8' title="bbox 185 1018 3456 1100">
    <p class='ocr_par' dir='ltr' id='par_1_8' title="bbox 185 1018 3456 1100">
     <span class='ocr_line' id='line_1_8' title="bbox 185 1018 3456 1100; baseline -0.003 -17"><span class='ocrx_word' id='word_1_96' title='bbox 185 1030 380 1100; x_wconf 86' lang='lat' dir='ltr'>paratus</span> <span class='ocrx_word' id='word_1_97' title='bbox 404 1025 501 1092; x_wconf 88' lang='lat' dir='ltr'>fui,</span> <span class='ocrx_word' id='word_1_98' title='bbox 535 1028 612 1092; x_wconf 89' lang='lat' dir='ltr'>et,</span> <span class='ocrx_word' id='word_1_99' title='bbox 641 1025 684 1078; x_wconf 87' lang='lat' dir='ltr'>si</span> <span class='ocrx_word' id='word_1_100' title='bbox 709 1023 924 1095; x_wconf 89' lang='lat' dir='ltr'>aliquid</span> <span class='ocrx_word' id='word_1_101' title='bbox 946 1025 1082 1079; x_wconf 92' lang='lat' dir='ltr'>mali</span> <span class='ocrx_word' id='word_1_102' title='bbox 1108 1023 1450 1090; x_wconf 88' lang='lat' dir='ltr'>commerui,</span> <span class='ocrx_word' id='word_1_103' title='bbox 1473 1025 1747 1078; x_wconf 90' lang='lat' dir='ltr'>manente</span> <span class='ocrx_word' id='word_1_104' title='bbox 1847 1024 1943 1084; x_wconf 79' lang='lat' dir='ltr'>est,</span> <span class='ocrx_word' id='word_1_105' title='bbox 1972 1018 2155 1085; x_wconf 81' lang='lat' dir='ltr'>Israel,</span> <span class='ocrx_word' id='word_1_106' title='bbox 2188 1038 2291 1074; x_wconf 87' lang='lat' dir='ltr'>non</span> <span class='ocrx_word' id='word_1_107' title='bbox 2310 1022 2507 1090; x_wconf 83' lang='lat' dir='ltr'>poteris</span> <span class='ocrx_word' id='word_1_108' title='bbox 2535 1028 2674 1075; x_wconf 79' lang='lat' dir='ltr'>stare</span> <span class='ocrx_word' id='word_1_109' title='bbox 2692 1038 2868 1075; x_wconf 85' lang='lat' dir='ltr'>coram</span> <span class='ocrx_word' id='word_1_110' title='bbox 2889 1022 3124 1075; x_wconf 83' lang='lat' dir='ltr'>inimicis</span> <span class='ocrx_word' id='word_1_111' title='bbox 3151 1022 3261 1076; x_wconf 80' lang='lat' dir='ltr'>tuis</span> <span class='ocrx_word' id='word_1_112' title='bbox 3275 1019 3456 1092; x_wconf 74' lang='lat' dir='ltr'>(Iosue</span> 
     </span>
    </p>
   </div>
   <div class='ocr_carea' id='block_1_9' title="bbox 186 1108 3449 1188">
    <p class='ocr_par' dir='ltr' id='par_1_9' title="bbox 186 1108 3449 1188">
     <span class='ocr_line' id='line_1_9' title="bbox 186 1108 3449 1188; baseline -0.003 -17"><span class='ocrx_word' id='word_1_113' title='bbox 186 1133 345 1171; x_wconf 86' lang='lat' dir='ltr'>rerum</span> <span class='ocrx_word' id='word_1_114' title='bbox 374 1114 531 1188; x_wconf 89' lang='lat' dir='ltr'>copia</span> <span class='ocrx_word' id='word_1_115' title='bbox 556 1114 912 1180; x_wconf 87' lang='lat' dir='ltr'>inconcussa,</span> <span class='ocrx_word' id='word_1_116' title='bbox 945 1113 1344 1186; x_wconf 89' lang='lat' dir='ltr'>episcoporum</span> <span class='ocrx_word' id='word_1_117' title='bbox 1365 1114 1521 1184; x_wconf 91' lang='lat' dir='ltr'>justa</span> <span class='ocrx_word' id='word_1_118' title='bbox 1537 1114 1749 1183; x_wconf 76' lang='lat' dir='ltr'>jacule&#39;</span> <span class='ocrx_word' id='word_1_119' title='bbox 1846 1125 1948 1177; x_wconf 78' lang='lat' dir='ltr'>vn,</span> <span class='ocrx_word' id='word_1_120' title='bbox 1984 1108 2089 1179; x_wconf 86' lang='lat' dir='ltr'>l3).</span> <span class='ocrx_word' id='word_1_121' title='bbox 2118 1109 2261 1163; x_wconf 86' lang='lat' dir='ltr'>Nam</span> <span class='ocrx_word' id='word_1_122' title='bbox 2284 1109 2438 1180; x_wconf 91' lang='lat' dir='ltr'>quod</span> <span class='ocrx_word' id='word_1_123' title='bbox 2464 1108 2664 1163; x_wconf 85' lang='lat' dir='ltr'>leviter</span> <span class='ocrx_word' id='word_1_124' title='bbox 2681 1109 3301 1165; x_wconf 84' lang='lat' dir='ltr'>excommunicandum</span> <span class='ocrx_word' id='word_1_125' title='bbox 3333 1126 3449 1163; x_wconf 89' lang='lat' dir='ltr'>non</span> 
     </span>
    </p>
   </div>
   <div class='ocr_carea' id='block_1_10' title="bbox 184 1198 3459 1273">
    <p class='ocr_par' dir='ltr' id='par_1_10' title="bbox 184 1198 3459 1273">
     <span class='ocr_line' id='line_1_10' title="bbox 184 1198 3459 1273; baseline -0.002 -14"><span class='ocrx_word' id='word_1_126' title='bbox 184 1208 256 1261; x_wconf 86' lang='lat' dir='ltr'>tur</span> <span class='ocrx_word' id='word_1_127' title='bbox 283 1204 334 1258; x_wconf 90' lang='lat' dir='ltr'>in</span> <span class='ocrx_word' id='word_1_128' title='bbox 363 1220 450 1258; x_wconf 89' lang='lat' dir='ltr'>me</span> <span class='ocrx_word' id='word_1_129' title='bbox 478 1202 796 1269; x_wconf 84' lang='lat' dir='ltr'>sententia;</span> <span class='ocrx_word' id='word_1_130' title='bbox 846 1202 980 1273; x_wconf 86' lang='lat' dir='ltr'>quia</span> <span class='ocrx_word' id='word_1_131' title='bbox 1006 1202 1123 1273; x_wconf 89' lang='lat' dir='ltr'>ipse</span> <span class='ocrx_word' id='word_1_132' title='bbox 1148 1203 1320 1268; x_wconf 88' lang='lat' dir='ltr'>solus,</span> <span class='ocrx_word' id='word_1_133' title='bbox 1356 1205 1417 1255; x_wconf 91' lang='lat' dir='ltr'>ut</span> <span class='ocrx_word' id='word_1_134' title='bbox 1447 1202 1745 1269; x_wconf 89' lang='lat' dir='ltr'>debuerat,</span> <span class='ocrx_word' id='word_1_135' title='bbox 1849 1198 1946 1264; x_wconf 87' lang='lat' dir='ltr'>sit,</span> <span class='ocrx_word' id='word_1_136' title='bbox 1969 1201 2029 1253; x_wconf 92' lang='lat' dir='ltr'>et</span> <span class='ocrx_word' id='word_1_137' title='bbox 2057 1198 2211 1270; x_wconf 90' lang='lat' dir='ltr'>quod</span> <span class='ocrx_word' id='word_1_138' title='bbox 2229 1199 2557 1254; x_wconf 88' lang='lat' dir='ltr'>membrum</span> <span class='ocrx_word' id='word_1_139' title='bbox 2585 1198 2791 1253; x_wconf 88' lang='lat' dir='ltr'>Christi</span> <span class='ocrx_word' id='word_1_140' title='bbox 2823 1216 2856 1253; x_wconf 89' lang='lat' dir='ltr'>a</span> <span class='ocrx_word' id='word_1_141' title='bbox 2881 1215 3121 1270; x_wconf 91' lang='lat' dir='ltr'>corpore</span> <span class='ocrx_word' id='word_1_142' title='bbox 3152 1215 3282 1253; x_wconf 89' lang='lat' dir='ltr'>cum</span> <span class='ocrx_word' id='word_1_143' title='bbox 3302 1199 3459 1270; x_wconf 86' lang='lat' dir='ltr'>gravi</span> 
     </span>
    </p>
   </div>
   <div class='ocr_carea' id='block_1_11' title="bbox 181 1286 3461 1364">
    <p class='ocr_par' dir='ltr' id='par_1_11' title="bbox 181 1286 3461 1364">
     <span class='ocr_line' id='line_1_11' title="bbox 181 1286 3461 1364; baseline -0.003 -15"><span class='ocrx_word' id='word_1_144' title='bbox 181 1309 433 1364; x_wconf 88' lang='lat' dir='ltr'>nunquam</span> <span class='ocrx_word' id='word_1_145' title='bbox 451 1292 608 1362; x_wconf 85' lang='lat' dir='ltr'>justo</span> <span class='ocrx_word' id='word_1_146' title='bbox 641 1291 908 1362; x_wconf 86' lang='lat' dir='ltr'>amplius,</span> <span class='ocrx_word' id='word_1_147' title='bbox 961 1290 1069 1344; x_wconf 88' lang='lat' dir='ltr'>nisi</span> <span class='ocrx_word' id='word_1_148' title='bbox 1113 1290 1469 1346; x_wconf 89' lang='lat' dir='ltr'>clandestina</span> <span class='ocrx_word' id='word_1_149' title='bbox 1516 1306 1744 1345; x_wconf 80' lang='lat' dir='ltr'>exsecu-</span> <span class='ocrx_word' id='word_1_150' title='bbox 1850 1288 2049 1343; x_wconf 89' lang='lat' dir='ltr'>dolore</span> <span class='ocrx_word' id='word_1_151' title='bbox 2101 1288 2480 1343; x_wconf 87' lang='lat' dir='ltr'>resecandum</span> <span class='ocrx_word' id='word_1_152' title='bbox 2542 1287 2633 1353; x_wconf 91' lang='lat' dir='ltr'>sit,</span> <span class='ocrx_word' id='word_1_153' title='bbox 2683 1288 3057 1343; x_wconf 85' lang='lat' dir='ltr'>manifestum</span> <span class='ocrx_word' id='word_1_154' title='bbox 3106 1288 3165 1343; x_wconf 91' lang='lat' dir='ltr'>in</span> <span class='ocrx_word' id='word_1_155' title='bbox 3220 1286 3461 1342; x_wconf 90' lang='lat' dir='ltr'>concilio</span> 
     </span>
    </p>
   </div>
   <div class='ocr_carea' id='block_1_12' title="bbox 182 1375 3462 1453">
    <p class='ocr_par' dir='ltr' id='par_1_12' title="bbox 182 1375 3462 1453">
     <span class='ocr_line' id='line_1_12' title="bbox 182 1375 3462 1453; baseline -0.002 -17"><span class='ocrx_word' id='word_1_156' title='bbox 182 1380 323 1447; x_wconf 90' lang='lat' dir='ltr'>tione,</span> <span class='ocrx_word' id='word_1_157' title='bbox 347 1379 400 1434; x_wconf 91' lang='lat' dir='ltr'>in</span> <span class='ocrx_word' id='word_1_158' title='bbox 424 1396 516 1433; x_wconf 93' lang='lat' dir='ltr'>me</span> <span class='ocrx_word' id='word_1_159' title='bbox 541 1378 826 1433; x_wconf 66' lang='lat' dir='ltr'>desaeviet.</span> <span class='ocrx_word' id='word_1_160' title='bbox 854 1379 995 1433; x_wconf 79' lang='lat' dir='ltr'>Novi</span> <span class='ocrx_word' id='word_1_161' title='bbox 1023 1378 1181 1434; x_wconf 90' lang='lat' dir='ltr'>enim</span> <span class='ocrx_word' id='word_1_162' title='bbox 1214 1395 1391 1451; x_wconf 88' lang='lat' dir='ltr'>quam</span> <span class='ocrx_word' id='word_1_163' title='bbox 1411 1382 1669 1433; x_wconf 89' lang='lat' dir='ltr'>austerus</span> <span class='ocrx_word' id='word_1_164' title='bbox 1686 1378 1743 1433; x_wconf 90' lang='lat' dir='ltr'>in</span> <span class='ocrx_word' id='word_1_165' title='bbox 1847 1375 2117 1453; x_wconf 83' lang='lat' dir='ltr'>Africano</span> <span class='ocrx_word' id='word_1_166' title='bbox 2148 1379 2319 1448; x_wconf 90' lang='lat' dir='ltr'>caput</span> <span class='ocrx_word' id='word_1_167' title='bbox 2345 1380 2461 1431; x_wconf 89' lang='lat' dir='ltr'>est:</span> <span class='ocrx_word' id='word_1_168' title='bbox 2493 1399 2519 1426; x_wconf 83' lang='lat'>«</span> <span class='ocrx_word' id='word_1_169' title='bbox 2552 1376 2840 1444; x_wconf 86' lang='lat' dir='ltr'>Quandiu,</span> <span class='ocrx_word' id='word_1_170' title='bbox 2874 1376 3081 1448; x_wconf 87' lang='lat' dir='ltr'>inquit,</span> <span class='ocrx_word' id='word_1_171' title='bbox 3131 1393 3462 1431; x_wconf 84' lang='lat' dir='ltr'>excommu-</span> 
     </span>
    </p>
   </div>
   <div class='ocr_carea' id='block_1_13' title="bbox 180 1460 3562 1539">
    <p class='ocr_par' dir='ltr' id='par_1_13' title="bbox 180 1460 3562 1539">
     <span class='ocr_line' id='line_1_13' title="bbox 180 1460 3562 1539; baseline -0.001 -16"><span class='ocrx_word' id='word_1_172' title='bbox 180 1468 371 1523; x_wconf 87' lang='lat' dir='ltr'>Letaldo</span> <span class='ocrx_word' id='word_1_173' title='bbox 397 1466 713 1522; x_wconf 80' lang='lat' dir='ltr'>Miciacensi</span> <span class='ocrx_word' id='word_1_174' title='bbox 762 1468 1048 1522; x_wconf 88' lang='lat' dir='ltr'>monacho</span> <span class='ocrx_word' id='word_1_175' title='bbox 1081 1467 1274 1533; x_wconf 85' lang='lat' dir='ltr'>fuerit,</span> <span class='ocrx_word' id='word_1_176' title='bbox 1308 1484 1483 1539; x_wconf 89' lang='lat' dir='ltr'>quem</span> <span class='ocrx_word' id='word_1_177' title='bbox 1539 1467 1747 1522; x_wconf 89' lang='lat' dir='ltr'>oblitus</span> <span class='ocrx_word' id='word_1_178' title='bbox 1849 1465 2040 1520; x_wconf 90' lang='lat' dir='ltr'>nicato</span> <span class='ocrx_word' id='word_1_179' title='bbox 2063 1482 2179 1521; x_wconf 91' lang='lat' dir='ltr'>non</span> <span class='ocrx_word' id='word_1_180' title='bbox 2212 1465 2726 1520; x_wconf 88' lang='lat' dir='ltr'>communicaverit</span> <span class='ocrx_word' id='word_1_181' title='bbox 2759 1482 2892 1520; x_wconf 90' lang='lat' dir='ltr'>suus</span> <span class='ocrx_word' id='word_1_182' title='bbox 2922 1465 3241 1538; x_wconf 90' lang='lat' dir='ltr'>episcopus,</span> <span class='ocrx_word' id='word_1_183' title='bbox 3273 1464 3463 1519; x_wconf 91' lang='lat' dir='ltr'>eidem</span> <span class='ocrx_word' id='word_1_184' title='bbox 3546 1460 3562 1481; x_wconf 76' lang='lat'><strong>‘</strong></span> 
     </span>
    </p>
   </div>
   <div class='ocr_carea' id='block_1_14' title="bbox 177 1553 3468 1627">
    <p class='ocr_par' dir='ltr' id='par_1_14' title="bbox 177 1553 3468 1627">
     <span class='ocr_line' id='line_1_14' title="bbox 177 1553 3468 1627; baseline -0.002 -16"><span class='ocrx_word' id='word_1_185' title='bbox 177 1556 470 1612; x_wconf 74' lang='lat' dir='ltr'>reverentiae</span> <span class='ocrx_word' id='word_1_186' title='bbox 493 1555 862 1610; x_wconf 89' lang='lat' dir='ltr'>sacerdotalis</span> <span class='ocrx_word' id='word_1_187' title='bbox 890 1556 966 1626; x_wconf 90' lang='lat' dir='ltr'>inj</span> <span class='ocrx_word' id='word_1_188' title='bbox 979 1556 1166 1612; x_wconf 88' lang='lat' dir='ltr'>uriose</span> <span class='ocrx_word' id='word_1_189' title='bbox 1197 1559 1256 1611; x_wconf 88' lang='lat' dir='ltr'>et</span> <span class='ocrx_word' id='word_1_190' title='bbox 1283 1556 1405 1611; x_wconf 83' lang='lat' dir='ltr'>sine</span> <span class='ocrx_word' id='word_1_191' title='bbox 1450 1555 1576 1611; x_wconf 89' lang='lat' dir='ltr'>ullis</span> <span class='ocrx_word' id='word_1_192' title='bbox 1604 1554 1750 1627; x_wconf 91' lang='lat' dir='ltr'>legi-</span> <span class='ocrx_word' id='word_1_193' title='bbox 1851 1554 2116 1626; x_wconf 91' lang='lat' dir='ltr'>episcopo</span> <span class='ocrx_word' id='word_1_194' title='bbox 2149 1556 2220 1609; x_wconf 90' lang='lat' dir='ltr'>ab</span> <span class='ocrx_word' id='word_1_195' title='bbox 2261 1554 2385 1609; x_wconf 90' lang='lat' dir='ltr'>aliis</span> <span class='ocrx_word' id='word_1_196' title='bbox 2415 1572 2531 1609; x_wconf 90' lang='lat' dir='ltr'>non</span> <span class='ocrx_word' id='word_1_197' title='bbox 2559 1554 3021 1609; x_wconf 89' lang='lat' dir='ltr'>communicetur</span> <span class='ocrx_word' id='word_1_198' title='bbox 3051 1553 3349 1626; x_wconf 84' lang='lat' dir='ltr'>episcopis,</span> <span class='ocrx_word' id='word_1_199' title='bbox 3405 1557 3468 1607; x_wconf 91' lang='lat' dir='ltr'>ut</span> 
     </span>
    </p>
   </div>
   <div class='ocr_carea' id='block_1_15' title="bbox 177 1642 3465 1716">
    <p class='ocr_par' dir='ltr' id='par_1_15' title="bbox 177 1642 3465 1716">
     <span class='ocr_line' id='line_1_15' title="bbox 177 1642 3465 1716; baseline -0.001 -17"><span class='ocrx_word' id='word_1_200' title='bbox 177 1645 258 1699; x_wconf 86' lang='lat' dir='ltr'>bus</span> <span class='ocrx_word' id='word_1_201' title='bbox 282 1643 697 1715; x_wconf 87' lang='lat' dir='ltr'>tractavit;qui</span> <span class='ocrx_word' id='word_1_202' title='bbox 725 1644 770 1698; x_wconf 92' lang='lat' dir='ltr'>si</span> <span class='ocrx_word' id='word_1_203' title='bbox 797 1644 1099 1715; x_wconf 88' lang='lat' dir='ltr'>epistolam</span> <span class='ocrx_word' id='word_1_204' title='bbox 1122 1644 1381 1716; x_wconf 85' lang='lat' dir='ltr'>Gregorii</span> <span class='ocrx_word' id='word_1_205' title='bbox 1429 1644 1504 1699; x_wconf 91' lang='lat' dir='ltr'>ad</span> <span class='ocrx_word' id='word_1_206' title='bbox 1526 1644 1747 1716; x_wconf 90' lang='lat' dir='ltr'>Lupum</span> <span class='ocrx_word' id='word_1_207' title='bbox 1851 1643 2036 1714; x_wconf 88' lang='lat' dir='ltr'>magis</span> <span class='ocrx_word' id='word_1_208' title='bbox 2076 1646 2272 1698; x_wconf 85' lang='lat' dir='ltr'>caveat</span> <span class='ocrx_word' id='word_1_209' title='bbox 2315 1642 2615 1715; x_wconf 89' lang='lat' dir='ltr'>episcopus</span> <span class='ocrx_word' id='word_1_210' title='bbox 2672 1661 2745 1698; x_wconf 91' lang='lat' dir='ltr'>ne</span> <span class='ocrx_word' id='word_1_211' title='bbox 2796 1643 2949 1698; x_wconf 87' lang='lat' dir='ltr'>dicat</span> <span class='ocrx_word' id='word_1_212' title='bbox 2994 1643 3055 1697; x_wconf 91' lang='lat' dir='ltr'>in</span> <span class='ocrx_word' id='word_1_213' title='bbox 3109 1658 3465 1716; x_wconf 86' lang='lat' dir='ltr'>quemquam</span> 
     </span>
    </p>
   </div>
   <div class='ocr_carea' id='block_1_16' title="bbox 177 1732 3462 1805">
    <p class='ocr_par' dir='ltr' id='par_1_16' title="bbox 177 1732 3462 1805">
     <span class='ocr_line' id='line_1_16' title="bbox 177 1732 3462 1805; baseline -0.001 -17"><span class='ocrx_word' id='word_1_214' title='bbox 177 1732 1261 1805; x_wconf 83' lang='lat' dir='ltr'>abbatemlegisset,profectonunquam</span> <span class='ocrx_word' id='word_1_215' title='bbox 1280 1735 1511 1787; x_wconf 90' lang='lat' dir='ltr'>tantum</span> <span class='ocrx_word' id='word_1_216' title='bbox 1533 1732 1751 1787; x_wconf 83' lang='lat' dir='ltr'>facinus</span> <span class='ocrx_word' id='word_1_217' title='bbox 1852 1733 2007 1803; x_wconf 88' lang='lat' dir='ltr'>quod</span> <span class='ocrx_word' id='word_1_218' title='bbox 2037 1732 2162 1786; x_wconf 90' lang='lat' dir='ltr'>aliis</span> <span class='ocrx_word' id='word_1_219' title='bbox 2223 1732 2582 1787; x_wconf 90' lang='lat' dir='ltr'>documentis</span> <span class='ocrx_word' id='word_1_220' title='bbox 2639 1732 2979 1787; x_wconf 84' lang='lat' dir='ltr'>convincere</span> <span class='ocrx_word' id='word_1_221' title='bbox 3028 1749 3147 1787; x_wconf 92' lang='lat' dir='ltr'>non</span> <span class='ocrx_word' id='word_1_222' title='bbox 3196 1734 3462 1803; x_wconf 86' lang='lat' dir='ltr'>potest.»</span> 
     </span>
    </p>
   </div>
   <div class='ocr_carea' id='block_1_17' title="bbox 175 1808 3468 1894">
    <p class='ocr_par' dir='ltr' id='par_1_17' title="bbox 175 1808 3468 1894">
     <span class='ocr_line' id='line_1_17' title="bbox 175 1808 3468 1894; baseline -0.001 -16"><span class='ocrx_word' id='word_1_223' title='bbox 175 1825 547 1894; x_wconf 86' lang='lat' dir='ltr'>perpetrasset:</span> <span class='ocrx_word' id='word_1_224' title='bbox 586 1844 613 1870; x_wconf 82' lang='lat'><strong>«</strong></span> <span class='ocrx_word' id='word_1_225' title='bbox 646 1820 932 1885; x_wconf 82' lang='lat' dir='ltr'>Quoniam</span> <span class='ocrx_word' id='word_1_226' title='bbox 961 1822 1402 1894; x_wconf 68' lang='lat' dir='ltr'>multze,inquit,</span> <span class='ocrx_word' id='word_1_227' title='bbox 1426 1821 1753 1877; x_wconf 87' lang='lat' dir='ltr'>occasiones</span> <span class='ocrx_word' id='word_1_228' title='bbox 1776 1808 1829 1871; x_wconf 89' lang='grc' dir='ltr'>Β</span> <span class='ocrx_word' id='word_1_229' title='bbox 1855 1819 2152 1890; x_wconf 81' lang='lat' dir='ltr'>Siquidem</span> <span class='ocrx_word' id='word_1_230' title='bbox 2180 1820 2461 1892; x_wconf 87' lang='lat' dir='ltr'>quidquid</span> <span class='ocrx_word' id='word_1_231' title='bbox 2491 1820 2551 1875; x_wconf 91' lang='lat' dir='ltr'>in</span> <span class='ocrx_word' id='word_1_232' title='bbox 2574 1820 2820 1875; x_wconf 89' lang='lat' dir='ltr'>Ecclesia</span> <span class='ocrx_word' id='word_1_233' title='bbox 2863 1822 2947 1888; x_wconf 83' lang='lat' dir='ltr'>fit,</span> <span class='ocrx_word' id='word_1_234' title='bbox 2988 1821 3098 1875; x_wconf 90' lang='lat' dir='ltr'>nisi</span> <span class='ocrx_word' id='word_1_235' title='bbox 3129 1819 3468 1875; x_wconf 82' lang='lat' dir='ltr'>auctoritate</span> 
     </span>
    </p>
   </div>
   <div class='ocr_carea' id='block_1_18' title="bbox 174 1911 1754 1983">
    <p class='ocr_par' dir='ltr' id='par_1_18' title="bbox 174 1911 1754 1983">
     <span class='ocr_line' id='line_1_18' title="bbox 174 1911 1754 1983; baseline -0.001 -17"><span class='ocrx_word' id='word_1_236' title='bbox 174 1912 218 1966; x_wconf 90' lang='lat' dir='ltr'>in</span> <span class='ocrx_word' id='word_1_237' title='bbox 244 1911 631 1983; x_wconf 89' lang='lat' dir='ltr'>deceptatione</span> <span class='ocrx_word' id='word_1_238' title='bbox 659 1911 1063 1981; x_wconf 87' lang='lat' dir='ltr'>religiosarum</span> <span class='ocrx_word' id='word_1_239' title='bbox 1094 1928 1473 1982; x_wconf 90' lang='lat' dir='ltr'>personarum</span> <span class='ocrx_word' id='word_1_240' title='bbox 1505 1928 1539 1965; x_wconf 90' lang='lat' dir='ltr'>a</span> <span class='ocrx_word' id='word_1_241' title='bbox 1565 1911 1754 1983; x_wconf 86' lang='lat' dir='ltr'>pravis</span> 
     </span>
    </p>
   </div>
   <div class='ocr_carea' id='block_1_19' title="bbox 173 1998 1754 2071">
    <p class='ocr_par' dir='ltr' id='par_1_19' title="bbox 173 1998 1754 2071">
     <span class='ocr_line' id='line_1_19' title="bbox 173 1998 1754 2071; baseline -0.001 -17"><span class='ocrx_word' id='word_1_242' title='bbox 173 1999 278 2065; x_wconf 90' lang='lat' dir='ltr'>illic,</span> <span class='ocrx_word' id='word_1_243' title='bbox 309 2004 365 2054; x_wconf 91' lang='lat' dir='ltr'>ut</span> <span class='ocrx_word' id='word_1_244' title='bbox 393 2000 627 2065; x_wconf 75' lang='lat' dir='ltr'>dicitur,</span> <span class='ocrx_word' id='word_1_245' title='bbox 666 2000 1000 2054; x_wconf 90' lang='lat' dir='ltr'>hominibus</span> <span class='ocrx_word' id='word_1_246' title='bbox 1031 1998 1428 2071; x_wconf 82' lang='lat' dir='ltr'>exquiruntur,</span> <span class='ocrx_word' id='word_1_247' title='bbox 1458 1999 1754 2071; x_wconf 88' lang='lat' dir='ltr'>presbyte-</span> 
     </span>
    </p>
   </div>
   <div class='ocr_carea' id='block_1_20' title="bbox 174 2087 1757 2160">
    <p class='ocr_par' dir='ltr' id='par_1_20' title="bbox 174 2087 1757 2160">
     <span class='ocr_line' id='line_1_20' title="bbox 174 2087 1757 2160; baseline -0.001 -17"><span class='ocrx_word' id='word_1_248' title='bbox 174 2105 272 2143; x_wconf 85' lang='lat' dir='ltr'>rum</span> <span class='ocrx_word' id='word_1_249' title='bbox 300 2089 586 2160; x_wconf 66' lang='lat' dir='ltr'>prazdictee</span> <span class='ocrx_word' id='word_1_250' title='bbox 619 2089 879 2143; x_wconf 70' lang='lat' dir='ltr'>Ecclesia:</span> <span class='ocrx_word' id='word_1_251' title='bbox 903 2088 1242 2143; x_wconf 90' lang='lat' dir='ltr'>nullomodo</span> <span class='ocrx_word' id='word_1_252' title='bbox 1275 2088 1617 2160; x_wconf 89' lang='lat' dir='ltr'>privandum</span> <span class='ocrx_word' id='word_1_253' title='bbox 1663 2087 1757 2141; x_wconf 87' lang='lat' dir='ltr'>de-</span> 
     </span>
    </p>
   </div>
   <div class='ocr_carea' id='block_1_21' title="bbox 171 2175 1757 2249">
    <p class='ocr_par' dir='ltr' id='par_1_21' title="bbox 171 2175 1757 2249">
     <span class='ocr_line' id='line_1_21' title="bbox 171 2175 1757 2249; baseline -0.001 -17"><span class='ocrx_word' id='word_1_254' title='bbox 171 2178 588 2249; x_wconf 87' lang='lat' dir='ltr'>ponendumque</span> <span class='ocrx_word' id='word_1_255' title='bbox 621 2193 943 2245; x_wconf 89' lang='lat' dir='ltr'>censemus,</span> <span class='ocrx_word' id='word_1_256' title='bbox 976 2176 1086 2230; x_wconf 89' lang='lat' dir='ltr'>nisi</span> <span class='ocrx_word' id='word_1_257' title='bbox 1119 2192 1288 2230; x_wconf 88' lang='lat' dir='ltr'>causa</span> <span class='ocrx_word' id='word_1_258' title='bbox 1318 2175 1757 2247; x_wconf 81' lang='lat' dir='ltr'>specialitercri-</span> 
     </span>
    </p>
   </div>
   <div class='ocr_carea' id='block_1_22' title="bbox 173 2265 1751 2339">
    <p class='ocr_par' dir='ltr' id='par_1_22' title="bbox 173 2265 1751 2339">
     <span class='ocr_line' id='line_1_22' title="bbox 173 2265 1751 2339; baseline 0 -20"><span class='ocrx_word' id='word_1_259' title='bbox 173 2266 312 2320; x_wconf 89' lang='lat' dir='ltr'>minis</span> <span class='ocrx_word' id='word_1_260' title='bbox 338 2266 640 2339; x_wconf 83' lang='lat' dir='ltr'>exigente;</span> <span class='ocrx_word' id='word_1_261' title='bbox 674 2266 827 2320; x_wconf 92' lang='lat' dir='ltr'>unde</span> <span class='ocrx_word' id='word_1_262' title='bbox 855 2282 1085 2320; x_wconf 88' lang='lat' dir='ltr'>necesse</span> <span class='ocrx_word' id='word_1_263' title='bbox 1104 2270 1188 2319; x_wconf 88' lang='lat' dir='ltr'>est</span> <span class='ocrx_word' id='word_1_264' title='bbox 1214 2268 1295 2333; x_wconf 89' lang='lat' dir='ltr'>ut,</span> <span class='ocrx_word' id='word_1_265' title='bbox 1329 2265 1373 2319; x_wconf 90' lang='lat' dir='ltr'>si</span> <span class='ocrx_word' id='word_1_266' title='bbox 1408 2282 1523 2336; x_wconf 91' lang='lat' dir='ltr'>qua</span> <span class='ocrx_word' id='word_1_267' title='bbox 1550 2267 1751 2320; x_wconf 87' lang='lat' dir='ltr'>contra</span> 
     </span>
    </p>
   </div>
   <div class='ocr_carea' id='block_1_23' title="bbox 170 2352 1756 2426">
    <p class='ocr_par' dir='ltr' id='par_1_23' title="bbox 170 2352 1756 2426">
     <span class='ocr_line' id='line_1_23' title="bbox 170 2352 1756 2426; baseline -0.001 -18"><span class='ocrx_word' id='word_1_268' title='bbox 170 2370 275 2408; x_wconf 87' lang='lat' dir='ltr'>eum</span> <span class='ocrx_word' id='word_1_269' title='bbox 299 2354 632 2426; x_wconf 88' lang='lat' dir='ltr'>hujusmodi</span> <span class='ocrx_word' id='word_1_270' title='bbox 662 2356 899 2425; x_wconf 88' lang='lat' dir='ltr'>querela</span> <span class='ocrx_word' id='word_1_271' title='bbox 927 2352 1254 2421; x_wconf 85' lang='lat' dir='ltr'>surrexerit,</span> <span class='ocrx_word' id='word_1_272' title='bbox 1301 2370 1419 2408; x_wconf 91' lang='lat' dir='ltr'>non</span> <span class='ocrx_word' id='word_1_273' title='bbox 1452 2354 1606 2408; x_wconf 87' lang='lat' dir='ltr'>solus</span> <span class='ocrx_word' id='word_1_274' title='bbox 1632 2352 1756 2426; x_wconf 50' lang='lat' dir='ltr'>cpi-7</span> 
     </span>
    </p>
   </div>
   <div class='ocr_carea' id='block_1_24' title="bbox 170 2425 1756 2511">
    <p class='ocr_par' dir='ltr' id='par_1_24' title="bbox 170 2425 1756 2511">
     <span class='ocr_line' id='line_1_24' title="bbox 170 2425 1756 2511; baseline 0.001 -17"><span class='ocrx_word' id='word_1_275' title='bbox 170 2457 337 2511; x_wconf 90' lang='lat' dir='ltr'>scopus</span> <span class='ocrx_word' id='word_1_276' title='bbox 361 2425 607 2497; x_wconf 76' lang='lat' dir='ltr'>Civitatis</span> <span class='ocrx_word' id='word_1_277' title='bbox 631 2458 862 2496; x_wconf 85' lang='lat' dir='ltr'>causam</span> <span class='ocrx_word' id='word_1_278' title='bbox 892 2441 1209 2507; x_wconf 87' lang='lat' dir='ltr'>examinet,</span> <span class='ocrx_word' id='word_1_279' title='bbox 1237 2442 1337 2496; x_wconf 91' lang='lat' dir='ltr'>sed</span> <span class='ocrx_word' id='word_1_280' title='bbox 1358 2441 1630 2496; x_wconf 87' lang='lat' dir='ltr'>adhibitis</span> <span class='ocrx_word' id='word_1_281' title='bbox 1649 2425 1756 2495; x_wconf 88' lang='lat' dir='ltr'>sibi</span> 
     </span>
    </p>
   </div>
   <div class='ocr_carea' id='block_1_25' title="bbox 167 2530 1750 2603">
    <p class='ocr_par' dir='ltr' id='par_1_25' title="bbox 167 2530 1750 2603">
     <span class='ocr_line' id='line_1_25' title="bbox 167 2530 1750 2603; baseline 0.001 -19"><span class='ocrx_word' id='word_1_282' title='bbox 167 2532 477 2603; x_wconf 89' lang='lat' dir='ltr'>coepiscopis</span> <span class='ocrx_word' id='word_1_283' title='bbox 535 2531 649 2586; x_wconf 88' lang='lat' dir='ltr'>suis</span> <span class='ocrx_word' id='word_1_284' title='bbox 699 2531 891 2586; x_wconf 90' lang='lat' dir='ltr'>subtili</span> <span class='ocrx_word' id='word_1_285' title='bbox 939 2530 1378 2602; x_wconf 86' lang='lat' dir='ltr'>investigatione</span> <span class='ocrx_word' id='word_1_286' title='bbox 1434 2531 1750 2603; x_wconf 87' lang='lat' dir='ltr'>perquirat,</span> 
     </span>
    </p>
   </div>
   <div class='ocr_carea' id='block_1_26' title="bbox 168 2619 1751 2691">
    <p class='ocr_par' dir='ltr' id='par_1_26' title="bbox 168 2619 1751 2691">
     <span class='ocr_line' id='line_1_26' title="bbox 168 2619 1751 2691; baseline 0.001 -18"><span class='ocrx_word' id='word_1_287' title='bbox 168 2623 430 2690; x_wconf 76' lang='lat' dir='ltr'>quatenus,</span> <span class='ocrx_word' id='word_1_288' title='bbox 463 2620 693 2675; x_wconf 86' lang='lat' dir='ltr'>cunctis</span> <span class='ocrx_word' id='word_1_289' title='bbox 740 2620 1105 2675; x_wconf 89' lang='lat' dir='ltr'>concorditer</span> <span class='ocrx_word' id='word_1_290' title='bbox 1135 2619 1548 2691; x_wconf 89' lang='lat' dir='ltr'>judicantibus,</span> <span class='ocrx_word' id='word_1_291' title='bbox 1578 2636 1751 2675; x_wconf 90' lang='lat' dir='ltr'>cano-</span> 
     </span>
    </p>
   </div>
   <div class='ocr_carea' id='block_1_27' title="bbox 166 2706 1757 2765">
    <p class='ocr_par' dir='ltr' id='par_1_27' title="bbox 166 2706 1757 2765">
     <span class='ocr_line' id='line_1_27' title="bbox 166 2706 1757 2765; baseline 0.001 -4"><span class='ocrx_word' id='word_1_292' title='bbox 166 2706 280 2764; x_wconf 70' lang='lat' dir='ltr'>nica:</span> <span class='ocrx_word' id='word_1_293' title='bbox 301 2709 675 2765; x_wconf 86' lang='lat' dir='ltr'>districtionis</span> <span class='ocrx_word' id='word_1_294' title='bbox 696 2725 939 2764; x_wconf 89' lang='lat' dir='ltr'>censura</span> <span class='ocrx_word' id='word_1_295' title='bbox 968 2712 1067 2763; x_wconf 90' lang='lat' dir='ltr'>aut</span> <span class='ocrx_word' id='word_1_296' title='bbox 1095 2724 1257 2763; x_wconf 91' lang='lat' dir='ltr'>reum</span> <span class='ocrx_word' id='word_1_297' title='bbox 1273 2707 1447 2763; x_wconf 90' lang='lat' dir='ltr'>ferire</span> <span class='ocrx_word' id='word_1_298' title='bbox 1465 2711 1563 2763; x_wconf 90' lang='lat' dir='ltr'>aut</span> <span class='ocrx_word' id='word_1_299' title='bbox 1592 2707 1757 2763; x_wconf 91' lang='lat' dir='ltr'>inno-</span> 
     </span>
    </p>
   </div>
   <div class='ocr_carea' id='block_1_28' title="bbox 166 2797 1757 2871">
    <p class='ocr_par' dir='ltr' id='par_1_28' title="bbox 166 2797 1757 2871">
     <span class='ocr_line' id='line_1_28' title="bbox 166 2797 1757 2871; baseline 0.002 -22"><span class='ocrx_word' id='word_1_300' title='bbox 166 2800 359 2853; x_wconf 86' lang='lat' dir='ltr'>centem</span> <span class='ocrx_word' id='word_1_301' title='bbox 389 2798 582 2871; x_wconf 82' lang='lat' dir='ltr'>possit</span> <span class='ocrx_word' id='word_1_302' title='bbox 611 2799 925 2855; x_wconf 87' lang='lat' dir='ltr'>absolvere.</span> <span class='ocrx_word' id='word_1_303' title='bbox 959 2818 987 2847; x_wconf 86' lang='lat'><strong>»</strong></span> <span class='ocrx_word' id='word_1_304' title='bbox 1037 2797 1295 2869; x_wconf 88' lang='lat' dir='ltr'>Denique</span> <span class='ocrx_word' id='word_1_305' title='bbox 1326 2797 1482 2868; x_wconf 91' lang='lat' dir='ltr'>quod</span> <span class='ocrx_word' id='word_1_306' title='bbox 1532 2813 1757 2852; x_wconf 84' lang='lat' dir='ltr'>excom-</span> 
     </span>
    </p>
   </div>
   <div class='ocr_carea' id='block_1_29' title="bbox 165 2885 1756 2958">
    <p class='ocr_par' dir='ltr' id='par_1_29' title="bbox 165 2885 1756 2958">
     <span class='ocr_line' id='line_1_29' title="bbox 165 2885 1756 2958; baseline 0.001 -19"><span class='ocrx_word' id='word_1_307' title='bbox 165 2886 435 2941; x_wconf 88' lang='lat' dir='ltr'>municatis</span> <span class='ocrx_word' id='word_1_308' title='bbox 454 2903 560 2941; x_wconf 89' lang='lat' dir='ltr'>me</span> <span class='ocrx_word' id='word_1_309' title='bbox 579 2886 869 2941; x_wconf 89' lang='lat' dir='ltr'>miscuisse</span> <span class='ocrx_word' id='word_1_310' title='bbox 901 2885 1120 2952; x_wconf 88' lang='lat' dir='ltr'>asserit,</span> <span class='ocrx_word' id='word_1_311' title='bbox 1142 2885 1189 2956; x_wconf 89' lang='lat' dir='ltr'>ej</span> <span class='ocrx_word' id='word_1_312' title='bbox 1200 2903 1264 2939; x_wconf 87' lang='lat' dir='ltr'>us</span> <span class='ocrx_word' id='word_1_313' title='bbox 1283 2886 1546 2958; x_wconf 84' lang='lat' dir='ltr'>exemplo</span> <span class='ocrx_word' id='word_1_314' title='bbox 1561 2885 1756 2957; x_wconf 84' lang='lat' dir='ltr'>utique</span> 
     </span>
    </p>
   </div>
   <div class='ocr_carea' id='block_1_30' title="bbox 1856 1908 3466 1980">
    <p class='ocr_par' dir='ltr' id='par_1_30' title="bbox 1856 1908 3466 1980">
     <span class='ocr_line' id='line_1_30' title="bbox 1856 1908 3466 1980; baseline 0 -18"><span class='ocrx_word' id='word_1_315' title='bbox 1856 1909 2091 1962; x_wconf 91' lang='lat' dir='ltr'>Patrum</span> <span class='ocrx_word' id='word_1_316' title='bbox 2122 1908 2410 1977; x_wconf 86' lang='lat' dir='ltr'>fulciatur,</span> <span class='ocrx_word' id='word_1_317' title='bbox 2444 1910 2755 1974; x_wconf 88' lang='lat' dir='ltr'>simulatio,</span> <span class='ocrx_word' id='word_1_318' title='bbox 2792 1927 2909 1965; x_wconf 92' lang='lat' dir='ltr'>non</span> <span class='ocrx_word' id='word_1_319' title='bbox 2938 1910 3144 1965; x_wconf 89' lang='lat' dir='ltr'>veritas</span> <span class='ocrx_word' id='word_1_320' title='bbox 3154 1909 3466 1980; x_wconf 77' lang='lat' dir='ltr'>judicatur;</span> 
     </span>
    </p>
   </div>
   <div class='ocr_carea' id='block_1_31' title="bbox 1862 1997 3473 2071">
    <p class='ocr_par' dir='ltr' id='par_1_31' title="bbox 1862 1997 3473 2071">
     <span class='ocr_line' id='line_1_31' title="bbox 1862 1997 3473 2071; baseline -0.002 -19"><span class='ocrx_word' id='word_1_321' title='bbox 1862 2001 1920 2052; x_wconf 91' lang='lat' dir='ltr'>et</span> <span class='ocrx_word' id='word_1_322' title='bbox 1949 1997 2157 2053; x_wconf 77' lang='lat' dir='ltr'>scimus</span> <span class='ocrx_word' id='word_1_323' title='bbox 2204 1998 2249 2053; x_wconf 89' lang='lat' dir='ltr'>si</span> <span class='ocrx_word' id='word_1_324' title='bbox 2281 2016 2393 2071; x_wconf 90' lang='lat' dir='ltr'>qua</span> <span class='ocrx_word' id='word_1_325' title='bbox 2424 1998 2786 2054; x_wconf 87' lang='lat' dir='ltr'>simulatores</span> <span class='ocrx_word' id='word_1_326' title='bbox 2826 2002 2884 2053; x_wconf 92' lang='lat' dir='ltr'>et</span> <span class='ocrx_word' id='word_1_327' title='bbox 2930 1998 3119 2053; x_wconf 88' lang='lat' dir='ltr'>callidi</span> <span class='ocrx_word' id='word_1_328' title='bbox 3160 2000 3473 2070; x_wconf 85' lang='lat' dir='ltr'>provocant</span> 
     </span>
    </p>
   </div>
   <div class='ocr_carea' id='block_1_32' title="bbox 1855 2085 3469 2160">
    <p class='ocr_par' dir='ltr' id='par_1_32' title="bbox 1855 2085 3469 2160">
     <span class='ocr_line' id='line_1_32' title="bbox 1855 2085 3469 2160; baseline 0 -21"><span class='ocrx_word' id='word_1_329' title='bbox 1855 2085 2003 2141; x_wconf 87' lang='lat' dir='ltr'>iram</span> <span class='ocrx_word' id='word_1_330' title='bbox 2036 2085 2158 2153; x_wconf 88' lang='lat' dir='ltr'>Dei,</span> <span class='ocrx_word' id='word_1_331' title='bbox 2211 2104 2285 2141; x_wconf 89' lang='lat' dir='ltr'>an</span> <span class='ocrx_word' id='word_1_332' title='bbox 2333 2088 2632 2160; x_wconf 87' lang='lat' dir='ltr'>presbyter</span> <span class='ocrx_word' id='word_1_333' title='bbox 2678 2090 2762 2142; x_wconf 90' lang='lat' dir='ltr'>vel</span> <span class='ocrx_word' id='word_1_334' title='bbox 2813 2086 3113 2159; x_wconf 86' lang='lat' dir='ltr'>episcopus</span> <span class='ocrx_word' id='word_1_335' title='bbox 3141 2085 3469 2150; x_wconf 86' lang='lat' dir='ltr'>habebitur,</span> 
     </span>
    </p>
   </div>
   <div class='ocr_carea' id='block_1_33' title="bbox 1854 2174 3473 2247">
    <p class='ocr_par' dir='ltr' id='par_1_33' title="bbox 1854 2174 3473 2247">
     <span class='ocr_line' id='line_1_33' title="bbox 1854 2174 3473 2247; baseline -0.002 -18"><span class='ocrx_word' id='word_1_336' title='bbox 1854 2174 1953 2247; x_wconf 87' lang='lat' dir='ltr'>qui</span> <span class='ocrx_word' id='word_1_337' title='bbox 1983 2178 2186 2230; x_wconf 88' lang='lat' dir='ltr'>contra</span> <span class='ocrx_word' id='word_1_338' title='bbox 2216 2176 2621 2230; x_wconf 80' lang='lat' dir='ltr'>auctoritatem</span> <span class='ocrx_word' id='word_1_339' title='bbox 2653 2192 2945 2231; x_wconf 89' lang='lat' dir='ltr'>canonum</span> <span class='ocrx_word' id='word_1_340' title='bbox 2977 2175 3281 2230; x_wconf 88' lang='lat' dir='ltr'>ordinatur</span> <span class='ocrx_word' id='word_1_341' title='bbox 3307 2174 3334 2227; x_wconf 88' lang='lat'><strong>?</strong></span> <span class='ocrx_word' id='word_1_342' title='bbox 3360 2175 3473 2227; x_wconf 76' lang='lat' dir='ltr'>Aut</span> 
     </span>
    </p>
   </div>
   <div class='ocr_carea' id='block_1_34' title="bbox 1857 2261 3470 2336">
    <p class='ocr_par' dir='ltr' id='par_1_34' title="bbox 1857 2261 3470 2336">
     <span class='ocr_line' id='line_1_34' title="bbox 1857 2261 3470 2336; baseline 0.001 -20"><span class='ocrx_word' id='word_1_343' title='bbox 1857 2262 1976 2317; x_wconf 89' lang='lat' dir='ltr'>sine</span> <span class='ocrx_word' id='word_1_344' title='bbox 2011 2263 2343 2318; x_wconf 89' lang='lat' dir='ltr'>authentica</span> <span class='ocrx_word' id='word_1_345' title='bbox 2374 2264 2789 2335; x_wconf 88' lang='lat' dir='ltr'>degradatione</span> <span class='ocrx_word' id='word_1_346' title='bbox 2806 2264 3110 2336; x_wconf 84' lang='lat' dir='ltr'>presbyter</span> <span class='ocrx_word' id='word_1_347' title='bbox 3126 2264 3221 2317; x_wconf 80' lang='lat' dir='ltr'>vel</span> <span class='ocrx_word' id='word_1_348' title='bbox 3252 2261 3470 2333; x_wconf 89' lang='lat' dir='ltr'>episco-</span> 
     </span>
    </p>
   </div>
   <div class='ocr_carea' id='block_1_35' title="bbox 1854 2349 3474 2423">
    <p class='ocr_par' dir='ltr' id='par_1_35' title="bbox 1854 2349 3474 2423">
     <span class='ocr_line' id='line_1_35' title="bbox 1854 2349 3474 2423; baseline -0.001 -18"><span class='ocrx_word' id='word_1_349' title='bbox 1854 2366 1960 2422; x_wconf 86' lang='lat' dir='ltr'>pus</span> <span class='ocrx_word' id='word_1_350' title='bbox 1990 2351 2231 2406; x_wconf 90' lang='lat' dir='ltr'>cessabit</span> <span class='ocrx_word' id='word_1_351' title='bbox 2254 2352 2324 2407; x_wconf 91' lang='lat' dir='ltr'>ab</span> <span class='ocrx_word' id='word_1_352' title='bbox 2357 2352 2531 2407; x_wconf 78' lang='lat' dir='ltr'>officii</span> <span class='ocrx_word' id='word_1_353' title='bbox 2562 2355 2645 2407; x_wconf 91' lang='lat' dir='ltr'>sui</span> <span class='ocrx_word' id='word_1_354' title='bbox 2670 2353 2956 2407; x_wconf 84' lang='lat' dir='ltr'>munere?</span> <span class='ocrx_word' id='word_1_355' title='bbox 2982 2350 3251 2423; x_wconf 87' lang='lat' dir='ltr'>Nunquid</span> <span class='ocrx_word' id='word_1_356' title='bbox 3279 2349 3474 2404; x_wconf 86' lang='lat' dir='ltr'>crede-</span> 
     </span>
    </p>
   </div>
   <div class='ocr_carea' id='block_1_36' title="bbox 1855 2439 3475 2512">
    <p class='ocr_par' dir='ltr' id='par_1_36' title="bbox 1855 2439 3475 2512">
     <span class='ocr_line' id='line_1_36' title="bbox 1855 2439 3475 2512; baseline 0.001 -20"><span class='ocrx_word' id='word_1_357' title='bbox 1855 2455 1982 2493; x_wconf 91' lang='lat' dir='ltr'>mus</span> <span class='ocrx_word' id='word_1_358' title='bbox 2037 2440 2603 2495; x_wconf 87' lang='lat' dir='ltr'>excommunicatum</span> <span class='ocrx_word' id='word_1_359' title='bbox 2658 2457 2832 2512; x_wconf 90' lang='lat' dir='ltr'>quem</span> <span class='ocrx_word' id='word_1_360' title='bbox 2866 2458 2984 2495; x_wconf 91' lang='lat' dir='ltr'>non</span> <span class='ocrx_word' id='word_1_361' title='bbox 3015 2439 3313 2494; x_wconf 90' lang='lat' dir='ltr'>remordet</span> <span class='ocrx_word' id='word_1_362' title='bbox 3342 2455 3475 2493; x_wconf 87' lang='lat' dir='ltr'>con-</span> 
     </span>
    </p>
   </div>
   <div class='ocr_carea' id='block_1_37' title="bbox 1854 2526 3473 2601">
    <p class='ocr_par' dir='ltr' id='par_1_37' title="bbox 1854 2526 3473 2601">
     <span class='ocr_line' id='line_1_37' title="bbox 1854 2526 3473 2601; baseline 0 -20"><span class='ocrx_word' id='word_1_363' title='bbox 1854 2526 2094 2583; x_wconf 89' lang='lat' dir='ltr'>scientia</span> <span class='ocrx_word' id='word_1_364' title='bbox 2117 2527 2374 2583; x_wconf 90' lang='lat' dir='ltr'>criminis</span> <span class='ocrx_word' id='word_1_365' title='bbox 2395 2546 2500 2601; x_wconf 91' lang='lat' dir='ltr'>pro</span> <span class='ocrx_word' id='word_1_366' title='bbox 2534 2546 2646 2600; x_wconf 90' lang='lat' dir='ltr'>quo</span> <span class='ocrx_word' id='word_1_367' title='bbox 2675 2529 2885 2584; x_wconf 88' lang='lat' dir='ltr'>debeat</span> <span class='ocrx_word' id='word_1_368' title='bbox 2913 2527 3325 2584; x_wconf 91' lang='lat' dir='ltr'>communione</span> <span class='ocrx_word' id='word_1_369' title='bbox 3355 2526 3473 2598; x_wconf 89' lang='lat' dir='ltr'>pri-</span> 
     </span>
    </p>
   </div>
   <div class='ocr_carea' id='block_1_38' title="bbox 1854 2615 3470 2688">
    <p class='ocr_par' dir='ltr' id='par_1_38' title="bbox 1854 2615 3470 2688">
     <span class='ocr_line' id='line_1_38' title="bbox 1854 2615 3470 2688; baseline 0.001 -19"><span class='ocrx_word' id='word_1_370' title='bbox 1854 2615 2018 2670; x_wconf 85' lang='lat' dir='ltr'>vari?</span> <span class='ocrx_word' id='word_1_371' title='bbox 2046 2616 2203 2670; x_wconf 91' lang='lat' dir='ltr'>Tunc</span> <span class='ocrx_word' id='word_1_372' title='bbox 2232 2616 2389 2670; x_wconf 89' lang='lat' dir='ltr'>enim</span> <span class='ocrx_word' id='word_1_373' title='bbox 2437 2617 2593 2688; x_wconf 90' lang='lat' dir='ltr'>justa</span> <span class='ocrx_word' id='word_1_374' title='bbox 2641 2616 3161 2673; x_wconf 86' lang='lat' dir='ltr'>excommunicatio</span> <span class='ocrx_word' id='word_1_375' title='bbox 3200 2615 3470 2688; x_wconf 82' lang='lat' dir='ltr'>pastoris,</span> 
     </span>
    </p>
   </div>
   <div class='ocr_carea' id='block_1_39' title="bbox 1857 2703 3476 2778">
    <p class='ocr_par' dir='ltr' id='par_1_39' title="bbox 1857 2703 3476 2778">
     <span class='ocr_line' id='line_1_39' title="bbox 1857 2703 3476 2778; baseline 0.001 -21"><span class='ocrx_word' id='word_1_376' title='bbox 1857 2703 2089 2774; x_wconf 89' lang='lat' dir='ltr'>quando</span> <span class='ocrx_word' id='word_1_377' title='bbox 2121 2704 2401 2760; x_wconf 88' lang='lat' dir='ltr'>canonica</span> <span class='ocrx_word' id='word_1_378' title='bbox 2425 2704 2647 2759; x_wconf 89' lang='lat' dir='ltr'>vocatio</span> <span class='ocrx_word' id='word_1_379' title='bbox 2675 2704 2734 2760; x_wconf 93' lang='lat' dir='ltr'>in</span> <span class='ocrx_word' id='word_1_380' title='bbox 2756 2722 2920 2760; x_wconf 92' lang='lat' dir='ltr'>reum</span> <span class='ocrx_word' id='word_1_381' title='bbox 2953 2704 3260 2778; x_wconf 63' lang='lat' dir='ltr'>prmeessit,</span> <span class='ocrx_word' id='word_1_382' title='bbox 3294 2707 3352 2759; x_wconf 90' lang='lat' dir='ltr'>et</span> <span class='ocrx_word' id='word_1_383' title='bbox 3380 2704 3476 2759; x_wconf 91' lang='lat' dir='ltr'>ille</span> 
     </span>
    </p>
   </div>
   <div class='ocr_carea' id='block_1_40' title="bbox 1857 2792 3475 2865">
    <p class='ocr_par' dir='ltr' id='par_1_40' title="bbox 1857 2792 3475 2865">
     <span class='ocr_line' id='line_1_40' title="bbox 1857 2792 3475 2865; baseline 0.001 -20"><span class='ocrx_word' id='word_1_384' title='bbox 1857 2794 2085 2847; x_wconf 84' lang='lat' dir='ltr'>reatum</span> <span class='ocrx_word' id='word_1_385' title='bbox 2116 2809 2284 2847; x_wconf 91' lang='lat' dir='ltr'>suum</span> <span class='ocrx_word' id='word_1_386' title='bbox 2312 2793 2415 2846; x_wconf 89' lang='lat' dir='ltr'>sub</span> <span class='ocrx_word' id='word_1_387' title='bbox 2440 2792 2622 2863; x_wconf 90' lang='lat' dir='ltr'>judici</span> <span class='ocrx_word' id='word_1_388' title='bbox 2651 2793 2913 2849; x_wconf 68' lang='lat' dir='ltr'>Ecclesiae</span> <span class='ocrx_word' id='word_1_389' title='bbox 2945 2794 3235 2865; x_wconf 87' lang='lat' dir='ltr'>corrigere</span> <span class='ocrx_word' id='word_1_390' title='bbox 3267 2793 3475 2860; x_wconf 91' lang='lat' dir='ltr'>noluit,</span> 
     </span>
    </p>
   </div>
   <div class='ocr_carea' id='block_1_41' title="bbox 1859 2880 3476 2953">
    <p class='ocr_par' dir='ltr' id='par_1_41' title="bbox 1859 2880 3476 2953">
     <span class='ocr_line' id='line_1_41' title="bbox 1859 2880 3476 2953; baseline 0.001 -18"><span class='ocrx_word' id='word_1_391' title='bbox 1859 2897 2042 2952; x_wconf 89' lang='lat' dir='ltr'>eoque</span> <span class='ocrx_word' id='word_1_392' title='bbox 2069 2881 2244 2936; x_wconf 90' lang='lat' dir='ltr'>modo</span> <span class='ocrx_word' id='word_1_393' title='bbox 2257 2880 2506 2935; x_wconf 89' lang='lat' dir='ltr'>elatione</span> <span class='ocrx_word' id='word_1_394' title='bbox 2537 2881 2827 2936; x_wconf 91' lang='lat' dir='ltr'>tumidum</span> <span class='ocrx_word' id='word_1_395' title='bbox 2850 2899 2884 2936; x_wconf 90' lang='lat' dir='ltr'>a</span> <span class='ocrx_word' id='word_1_396' title='bbox 2902 2881 3055 2936; x_wconf 89' lang='lat' dir='ltr'>sanis</span> <span class='ocrx_word' id='word_1_397' title='bbox 3068 2882 3263 2936; x_wconf 89' lang='lat' dir='ltr'>ovibus</span> <span class='ocrx_word' id='word_1_398' title='bbox 3284 2897 3476 2953; x_wconf 87' lang='lat' dir='ltr'>segre-</span> 
     </span>
    </p>
   </div>
   <div class='ocr_carea' id='block_1_42' title="bbox 164 2967 3475 3048">
    <p class='ocr_par' dir='ltr' id='par_1_42' title="bbox 164 2967 3475 3048">
     <span class='ocr_line' id='line_1_42' title="bbox 164 2967 3475 3048; baseline -0.002 -21"><span class='ocrx_word' id='word_1_399' title='bbox 164 2973 270 3040; x_wconf 85' lang='lat' dir='ltr'>feci,</span> <span class='ocrx_word' id='word_1_400' title='bbox 299 2976 391 3048; x_wconf 91' lang='lat' dir='ltr'>qui</span> <span class='ocrx_word' id='word_1_401' title='bbox 417 2976 581 3030; x_wconf 86' lang='lat' dir='ltr'>filios</span> <span class='ocrx_word' id='word_1_402' title='bbox 609 2975 783 3029; x_wconf 90' lang='lat' dir='ltr'>Belial</span> <span class='ocrx_word' id='word_1_403' title='bbox 824 2977 1109 3030; x_wconf 86' lang='lat' dir='ltr'>nocturno</span> <span class='ocrx_word' id='word_1_404' title='bbox 1136 2974 1437 3030; x_wconf 92' lang='lat' dir='ltr'>latrocinio</span> <span class='ocrx_word' id='word_1_405' title='bbox 1464 2974 1523 3028; x_wconf 90' lang='lat' dir='ltr'>in</span> <span class='ocrx_word' id='word_1_406' title='bbox 1562 2990 1756 3029; x_wconf 90' lang='lat' dir='ltr'>meam</span> <span class='ocrx_word' id='word_1_407' title='bbox 1859 2972 1977 3040; x_wconf 87' lang='lat' dir='ltr'>gat,</span> <span class='ocrx_word' id='word_1_408' title='bbox 2003 2985 2179 3041; x_wconf 89' lang='lat' dir='ltr'>quem</span> <span class='ocrx_word' id='word_1_409' title='bbox 2209 2967 2401 3023; x_wconf 92' lang='lat' dir='ltr'>divino</span> <span class='ocrx_word' id='word_1_410' title='bbox 2426 2968 2642 3039; x_wconf 87' lang='lat' dir='ltr'>judicio</span> <span class='ocrx_word' id='word_1_411' title='bbox 2683 2970 3112 3040; x_wconf 90' lang='lat' dir='ltr'>segregandum</span> <span class='ocrx_word' id='word_1_412' title='bbox 3143 2985 3262 3023; x_wconf 91' lang='lat' dir='ltr'>non</span> <span class='ocrx_word' id='word_1_413' title='bbox 3307 2968 3475 3038; x_wconf 86' lang='lat' dir='ltr'>igno-</span> 
     </span>
    </p>
   </div>
   <div class='ocr_carea' id='block_1_43' title="bbox 163 3056 3479 3158">
    <p class='ocr_par' dir='ltr' id='par_1_43' title="bbox 163 3056 3479 3158">
     <span class='ocr_line' id='line_1_43' title="bbox 163 3056 3479 3158; baseline -0.003 -40"><span class='ocrx_word' id='word_1_414' title='bbox 163 3079 335 3119; x_wconf 86' lang='lat' dir='ltr'>necem</span> <span class='ocrx_word' id='word_1_415' title='bbox 360 3067 697 3136; x_wconf 87' lang='lat' dir='ltr'>grassantes</span> <span class='ocrx_word' id='word_1_416' title='bbox 724 3064 962 3133; x_wconf 87' lang='lat' dir='ltr'>recepit,</span> <span class='ocrx_word' id='word_1_417' title='bbox 978 3066 1288 3135; x_wconf 89' lang='lat' dir='ltr'>postquam</span> <span class='ocrx_word' id='word_1_418' title='bbox 1311 3079 1409 3118; x_wconf 91' lang='lat' dir='ltr'>eos</span> <span class='ocrx_word' id='word_1_419' title='bbox 1425 3063 1760 3118; x_wconf 87' lang='lat' dir='ltr'>anathema-</span> <span class='ocrx_word' id='word_1_420' title='bbox 1785 3094 1833 3158; x_wconf 67' lang='grc' dir='ltr'>α</span> <span class='ocrx_word' id='word_1_421' title='bbox 1858 3061 1976 3125; x_wconf 89' lang='lat' dir='ltr'>rat;</span> <span class='ocrx_word' id='word_1_422' title='bbox 2010 3061 2068 3111; x_wconf 93' lang='lat' dir='ltr'>et</span> <span class='ocrx_word' id='word_1_423' title='bbox 2097 3057 2229 3129; x_wconf 90' lang='lat' dir='ltr'>quia</span> <span class='ocrx_word' id='word_1_424' title='bbox 2259 3056 2318 3111; x_wconf 88' lang='lat' dir='ltr'>in</span> <span class='ocrx_word' id='word_1_425' title='bbox 2372 3074 2539 3111; x_wconf 91' lang='lat' dir='ltr'>suum</span> <span class='ocrx_word' id='word_1_426' title='bbox 2591 3060 2884 3129; x_wconf 85' lang='lat' dir='ltr'>pastorem</span> <span class='ocrx_word' id='word_1_427' title='bbox 2946 3056 3479 3112; x_wconf 82' lang='lat' dir='ltr'>excommunicatus</span> 
     </span>
    </p>
   </div>
   <div class='ocr_carea' id='block_1_44' title="bbox 162 3144 3469 3222">
    <p class='ocr_par' dir='ltr' id='par_1_44' title="bbox 162 3144 3469 3222">
     <span class='ocr_line' id='line_1_44' title="bbox 162 3144 3469 3222; baseline -0.002 -17"><span class='ocrx_word' id='word_1_428' title='bbox 162 3150 399 3207; x_wconf 84' lang='lat' dir='ltr'>tizaverat</span> <span class='ocrx_word' id='word_1_429' title='bbox 426 3169 573 3207; x_wconf 84' lang='lat' dir='ltr'>suus</span> <span class='ocrx_word' id='word_1_430' title='bbox 601 3151 1060 3222; x_wconf 86' lang='lat' dir='ltr'>archiepiscopus</span> <span class='ocrx_word' id='word_1_431' title='bbox 1097 3150 1399 3222; x_wconf 80' lang='lat' dir='ltr'>singularis</span> <span class='ocrx_word' id='word_1_432' title='bbox 1452 3152 1641 3206; x_wconf 91' lang='lat' dir='ltr'>meriti</span> <span class='ocrx_word' id='word_1_433' title='bbox 1669 3151 1756 3206; x_wconf 90' lang='lat' dir='ltr'>Si-</span> <span class='ocrx_word' id='word_1_434' title='bbox 1789 3144 1837 3171; x_wconf 52' lang='grc'>“’“</span> <span class='ocrx_word' id='word_1_435' title='bbox 1859 3149 2350 3217; x_wconf 89' lang='lat' dir='ltr'>peccaverat,eum</span> <span class='ocrx_word' id='word_1_436' title='bbox 2364 3147 2509 3200; x_wconf 88' lang='lat' dir='ltr'>alter</span> <span class='ocrx_word' id='word_1_437' title='bbox 2522 3146 2815 3201; x_wconf 89' lang='lat' dir='ltr'>absolvere</span> <span class='ocrx_word' id='word_1_438' title='bbox 2830 3145 3140 3200; x_wconf 89' lang='lat' dir='ltr'>necdebuit</span> <span class='ocrx_word' id='word_1_439' title='bbox 3155 3144 3469 3215; x_wconf 91' lang='lat' dir='ltr'>necpotuit.</span> 
     </span>
    </p>
   </div>
   <div class='ocr_carea' id='block_1_45' title="bbox 161 3233 3477 3312">
    <p class='ocr_par' dir='ltr' id='par_1_45' title="bbox 161 3233 3477 3312">
     <span class='ocr_line' id='line_1_45' title="bbox 161 3233 3477 3312; baseline -0.002 -17"><span class='ocrx_word' id='word_1_440' title='bbox 161 3239 356 3311; x_wconf 83' lang='lat' dir='ltr'>guinus,</span> <span class='ocrx_word' id='word_1_441' title='bbox 389 3245 446 3296; x_wconf 88' lang='lat' dir='ltr'>et</span> <span class='ocrx_word' id='word_1_442' title='bbox 475 3240 611 3296; x_wconf 86' lang='lat' dir='ltr'>Odo</span> <span class='ocrx_word' id='word_1_443' title='bbox 657 3240 1103 3294; x_wconf 88' lang='lat' dir='ltr'>Carnotensium</span> <span class='ocrx_word' id='word_1_444' title='bbox 1144 3239 1461 3312; x_wconf 90' lang='lat' dir='ltr'>episcopus,</span> <span class='ocrx_word' id='word_1_445' title='bbox 1503 3257 1606 3295; x_wconf 89' lang='lat' dir='ltr'>nec</span> <span class='ocrx_word' id='word_1_446' title='bbox 1639 3258 1756 3295; x_wconf 88' lang='lat' dir='ltr'>non</span> <span class='ocrx_word' id='word_1_447' title='bbox 1858 3236 2057 3303; x_wconf 89' lang='lat' dir='ltr'>Porro,</span> <span class='ocrx_word' id='word_1_448' title='bbox 2081 3235 2406 3307; x_wconf 90' lang='lat' dir='ltr'>quicunque</span> <span class='ocrx_word' id='word_1_449' title='bbox 2433 3235 2597 3289; x_wconf 86' lang='lat' dir='ltr'>fratri</span> <span class='ocrx_word' id='word_1_450' title='bbox 2621 3236 2827 3290; x_wconf 87' lang='lat' dir='ltr'>meoin</span> <span class='ocrx_word' id='word_1_451' title='bbox 2849 3252 2942 3289; x_wconf 90' lang='lat' dir='ltr'>me</span> <span class='ocrx_word' id='word_1_452' title='bbox 2964 3233 3226 3305; x_wconf 89' lang='lat' dir='ltr'>peccanti</span> <span class='ocrx_word' id='word_1_453' title='bbox 3249 3251 3477 3289; x_wconf 80' lang='lat' dir='ltr'>excom-</span> 
     </span>
    </p>
   </div>
   <div class='ocr_carea' id='block_1_46' title="bbox 161 3321 3481 3403">
    <p class='ocr_par' dir='ltr' id='par_1_46' title="bbox 161 3321 3481 3403">
     <span class='ocr_line' id='line_1_46' title="bbox 161 3321 3481 3403; baseline -0.003 -17"><span class='ocrx_word' id='word_1_454' title='bbox 161 3332 207 3383; x_wconf 85' lang='lat' dir='ltr'>et</span> <span class='ocrx_word' id='word_1_455' title='bbox 223 3330 304 3385; x_wconf 85' lang='lat' dir='ltr'>alii</span> <span class='ocrx_word' id='word_1_456' title='bbox 331 3347 576 3403; x_wconf 77' lang='lat' dir='ltr'>magnae</span> <span class='ocrx_word' id='word_1_457' title='bbox 607 3330 733 3384; x_wconf 77' lang='lat' dir='ltr'>vitae</span> <span class='ocrx_word' id='word_1_458' title='bbox 757 3332 815 3384; x_wconf 90' lang='lat' dir='ltr'>et</span> <span class='ocrx_word' id='word_1_459' title='bbox 838 3329 1091 3401; x_wconf 88' lang='lat' dir='ltr'>religiosi</span> <span class='ocrx_word' id='word_1_460' title='bbox 1113 3329 1236 3385; x_wconf 88' lang='lat' dir='ltr'>viri.</span> <span class='ocrx_word' id='word_1_461' title='bbox 1258 3330 1373 3384; x_wconf 88' lang='lat' dir='ltr'>Hoc</span> <span class='ocrx_word' id='word_1_462' title='bbox 1396 3347 1532 3384; x_wconf 89' lang='lat' dir='ltr'>sane</span> <span class='ocrx_word' id='word_1_463' title='bbox 1563 3332 1755 3401; x_wconf 86' lang='lat' dir='ltr'>palam</span> <span class='ocrx_word' id='word_1_464' title='bbox 1858 3324 2767 3389; x_wconf 86' lang='lat' dir='ltr'>municationemintorserit,nou</span> <span class='ocrx_word' id='word_1_465' title='bbox 2785 3324 2877 3378; x_wconf 95' lang='lat' dir='ltr'>ille</span> <span class='ocrx_word' id='word_1_466' title='bbox 2900 3323 2949 3377; x_wconf 89' lang='lat' dir='ltr'>ei</span> <span class='ocrx_word' id='word_1_467' title='bbox 2966 3326 3265 3394; x_wconf 88' lang='lat' dir='ltr'>peccatum</span> <span class='ocrx_word' id='word_1_468' title='bbox 3287 3321 3481 3376; x_wconf 85' lang='lat' dir='ltr'>dimit-</span> 
     </span>
    </p>
   </div>
   <div class='ocr_carea' id='block_1_47' title="bbox 162 3417 1761 3490">
    <p class='ocr_par' dir='ltr' id='par_1_47' title="bbox 162 3417 1761 3490">
     <span class='ocr_line' id='line_1_47' title="bbox 162 3417 1761 3490; baseline -0.001 -15"><span class='ocrx_word' id='word_1_469' title='bbox 162 3419 417 3488; x_wconf 84' lang='lat' dir='ltr'>omnibus,</span> <span class='ocrx_word' id='word_1_470' title='bbox 473 3419 633 3475; x_wconf 87' lang='lat' dir='ltr'>sicut</span> <span class='ocrx_word' id='word_1_471' title='bbox 674 3435 905 3490; x_wconf 69' lang='lat' dir='ltr'>magnae</span> <span class='ocrx_word' id='word_1_472' title='bbox 962 3417 1321 3474; x_wconf 86' lang='lat' dir='ltr'>auctoritatis</span> <span class='ocrx_word' id='word_1_473' title='bbox 1369 3422 1472 3485; x_wconf 89' lang='lat' dir='ltr'>est,</span> <span class='ocrx_word' id='word_1_474' title='bbox 1520 3419 1761 3473; x_wconf 84' lang='lat' dir='ltr'>asseruit</span> 
     </span>
    </p>
   </div>
   <div class='ocr_carea' id='block_1_48' title="bbox 162 3507 1758 3580">
    <p class='ocr_par' dir='ltr' id='par_1_48' title="bbox 162 3507 1758 3580">
     <span class='ocr_line' id='line_1_48' title="bbox 162 3507 1758 3580; baseline -0.001 -16"><span class='ocrx_word' id='word_1_475' title='bbox 162 3510 290 3579; x_wconf 88' lang='lat' dir='ltr'>quod</span> <span class='ocrx_word' id='word_1_476' title='bbox 318 3526 493 3565; x_wconf 90' lang='lat' dir='ltr'>nemo</span> <span class='ocrx_word' id='word_1_477' title='bbox 532 3508 718 3580; x_wconf 87' lang='lat' dir='ltr'>possit</span> <span class='ocrx_word' id='word_1_478' title='bbox 741 3524 874 3562; x_wconf 89' lang='lat' dir='ltr'>eum</span> <span class='ocrx_word' id='word_1_479' title='bbox 889 3507 1413 3574; x_wconf 87' lang='lat' dir='ltr'>excommunicare,</span> <span class='ocrx_word' id='word_1_480' title='bbox 1434 3507 1531 3580; x_wconf 90' lang='lat' dir='ltr'>qui</span> <span class='ocrx_word' id='word_1_481' title='bbox 1558 3524 1758 3563; x_wconf 89' lang='lat' dir='ltr'>emen-</span> 
     </span>
    </p>
   </div>
   <div class='ocr_carea' id='block_1_49' title="bbox 166 3596 1760 3668">
    <p class='ocr_par' dir='ltr' id='par_1_49' title="bbox 166 3596 1760 3668">
     <span class='ocr_line' id='line_1_49' title="bbox 166 3596 1760 3668; baseline 0.001 -18"><span class='ocrx_word' id='word_1_482' title='bbox 166 3596 353 3653; x_wconf 83' lang='lat' dir='ltr'>dationi</span> <span class='ocrx_word' id='word_1_483' title='bbox 400 3601 459 3654; x_wconf 90' lang='lat' dir='ltr'>et</span> <span class='ocrx_word' id='word_1_484' title='bbox 493 3596 878 3654; x_wconf 87' lang='lat' dir='ltr'>satisfactioni</span> <span class='ocrx_word' id='word_1_485' title='bbox 926 3596 1197 3665; x_wconf 88' lang='lat' dir='ltr'>intendit,</span> <span class='ocrx_word' id='word_1_486' title='bbox 1255 3597 1575 3668; x_wconf 66' lang='lat' dir='ltr'>praesertim</span> <span class='ocrx_word' id='word_1_487' title='bbox 1628 3613 1760 3651; x_wconf 88' lang='lat' dir='ltr'>cum</span> 
     </span>
    </p>
   </div>
   <div class='ocr_carea' id='block_1_50' title="bbox 165 3685 1763 3758">
    <p class='ocr_par' dir='ltr' id='par_1_50' title="bbox 165 3685 1763 3758">
     <span class='ocr_line' id='line_1_50' title="bbox 165 3685 1763 3758; baseline -0.001 -17"><span class='ocrx_word' id='word_1_488' title='bbox 165 3702 313 3758; x_wconf 85' lang='lat' dir='ltr'>usque</span> <span class='ocrx_word' id='word_1_489' title='bbox 358 3688 432 3743; x_wconf 90' lang='lat' dir='ltr'>ad</span> <span class='ocrx_word' id='word_1_490' title='bbox 471 3685 936 3743; x_wconf 84' lang='lat' dir='ltr'>satisfactionem</span> <span class='ocrx_word' id='word_1_491' title='bbox 966 3701 1289 3757; x_wconf 90' lang='lat' dir='ltr'>congruam</span> <span class='ocrx_word' id='word_1_492' title='bbox 1340 3703 1503 3741; x_wconf 91' lang='lat' dir='ltr'>suam</span> <span class='ocrx_word' id='word_1_493' title='bbox 1536 3685 1655 3758; x_wconf 90' lang='lat' dir='ltr'>ipse</span> <span class='ocrx_word' id='word_1_494' title='bbox 1705 3688 1763 3739; x_wconf 91' lang='lat' dir='ltr'>et</span> 
     </span>
    </p>
   </div>
   <div class='ocr_carea' id='block_1_51' title="bbox 164 3773 1759 3848">
    <p class='ocr_par' dir='ltr' id='par_1_51' title="bbox 164 3773 1759 3848">
     <span class='ocr_line' id='line_1_51' title="bbox 164 3773 1759 3848; baseline -0.001 -19"><span class='ocrx_word' id='word_1_495' title='bbox 164 3775 241 3829; x_wconf 89' lang='lat' dir='ltr'>alii</span> <span class='ocrx_word' id='word_1_496' title='bbox 266 3776 513 3848; x_wconf 88' lang='lat' dir='ltr'>episcopi</span> <span class='ocrx_word' id='word_1_497' title='bbox 540 3774 918 3846; x_wconf 63' lang='lat' dir='ltr'>praetendant</span> <span class='ocrx_word' id='word_1_498' title='bbox 944 3773 1362 3829; x_wconf 88' lang='lat' dir='ltr'>maledictionis</span> <span class='ocrx_word' id='word_1_499' title='bbox 1387 3774 1759 3829; x_wconf 84' lang='lat' dir='ltr'>sententiam-</span> 
     </span>
    </p>
   </div>
   <div class='ocr_carea' id='block_1_52' title="bbox 165 3862 1762 3938">
    <p class='ocr_par' dir='ltr' id='par_1_52' title="bbox 165 3862 1762 3938">
     <span class='ocr_line' id='line_1_52' title="bbox 165 3862 1762 3938; baseline -0.001 -20"><span class='ocrx_word' id='word_1_500' title='bbox 165 3864 313 3919; x_wconf 86' lang='lat' dir='ltr'>Porro</span> <span class='ocrx_word' id='word_1_501' title='bbox 337 3866 431 3938; x_wconf 90' lang='lat' dir='ltr'>qui</span> <span class='ocrx_word' id='word_1_502' title='bbox 459 3865 554 3919; x_wconf 85' lang='lat' dir='ltr'>vel</span> <span class='ocrx_word' id='word_1_503' title='bbox 588 3866 732 3935; x_wconf 88' lang='lat' dir='ltr'>quot</span> <span class='ocrx_word' id='word_1_504' title='bbox 768 3862 1047 3918; x_wconf 90' lang='lat' dir='ltr'>interesse</span> <span class='ocrx_word' id='word_1_505' title='bbox 1076 3862 1328 3917; x_wconf 87' lang='lat' dir='ltr'>debeant</span> <span class='ocrx_word' id='word_1_506' title='bbox 1347 3878 1583 3917; x_wconf 89' lang='lat' dir='ltr'>reorum</span> <span class='ocrx_word' id='word_1_507' title='bbox 1617 3862 1762 3917; x_wconf 87' lang='lat' dir='ltr'>obli-</span> 
     </span>
    </p>
   </div>
   <div class='ocr_carea' id='block_1_53' title="bbox 164 3950 1763 4027">
    <p class='ocr_par' dir='ltr' id='par_1_53' title="bbox 164 3950 1763 4027">
     <span class='ocr_line' id='line_1_53' title="bbox 164 3950 1763 4027; baseline -0.003 -19"><span class='ocrx_word' id='word_1_508' title='bbox 164 3953 371 4023; x_wconf 80' lang='lat' dir='ltr'>gationi,</span> <span class='ocrx_word' id='word_1_509' title='bbox 403 3954 505 4027; x_wconf 89' lang='lat' dir='ltr'>qui</span> <span class='ocrx_word' id='word_1_510' title='bbox 534 3952 624 4005; x_wconf 83' lang='lat' dir='ltr'>vel</span> <span class='ocrx_word' id='word_1_511' title='bbox 661 3954 803 4024; x_wconf 90' lang='lat' dir='ltr'>quot</span> <span class='ocrx_word' id='word_1_512' title='bbox 834 3967 1037 4006; x_wconf 90' lang='lat' dir='ltr'>eorum</span> <span class='ocrx_word' id='word_1_513' title='bbox 1069 3950 1439 4019; x_wconf 88' lang='lat' dir='ltr'>absolutioni,</span> <span class='ocrx_word' id='word_1_514' title='bbox 1479 3967 1763 4022; x_wconf 89' lang='lat' dir='ltr'>nusquam</span> 
     </span>
    </p>
   </div>
   <div class='ocr_carea' id='block_1_54' title="bbox 163 4039 1762 4115">
    <p class='ocr_par' dir='ltr' id='par_1_54' title="bbox 163 4039 1762 4115">
     <span class='ocr_line' id='line_1_54' title="bbox 163 4039 1762 4115; baseline 0.002 -20"><span class='ocrx_word' id='word_1_515' title='bbox 163 4057 240 4095; x_wconf 89' lang='lat' dir='ltr'>me</span> <span class='ocrx_word' id='word_1_516' title='bbox 256 4044 453 4115; x_wconf 88' lang='lat' dir='ltr'>legisse</span> <span class='ocrx_word' id='word_1_517' title='bbox 485 4041 759 4109; x_wconf 88' lang='lat' dir='ltr'>memini,</span> <span class='ocrx_word' id='word_1_518' title='bbox 780 4039 888 4095; x_wconf 91' lang='lat' dir='ltr'>nisi</span> <span class='ocrx_word' id='word_1_519' title='bbox 912 4040 972 4095; x_wconf 91' lang='lat' dir='ltr'>in</span> <span class='ocrx_word' id='word_1_520' title='bbox 993 4040 1410 4113; x_wconf 87' lang='lat' dir='ltr'>degradatione</span> <span class='ocrx_word' id='word_1_521' title='bbox 1431 4040 1762 4098; x_wconf 86' lang='lat' dir='ltr'>sacerdotis.</span> 
     </span>
    </p>
   </div>
   <div class='ocr_carea' id='block_1_55' title="bbox 162 4128 1760 4203">
    <p class='ocr_par' dir='ltr' id='par_1_55' title="bbox 162 4128 1760 4203">
     <span class='ocr_line' id='line_1_55' title="bbox 162 4128 1760 4203; baseline 0.001 -20"><span class='ocrx_word' id='word_1_522' title='bbox 162 4128 378 4187; x_wconf 81' lang='lat' dir='ltr'>Tantum</span> <span class='ocrx_word' id='word_1_523' title='bbox 402 4129 778 4203; x_wconf 87' lang='lat' dir='ltr'>evangelicus</span> <span class='ocrx_word' id='word_1_524' title='bbox 798 4146 990 4185; x_wconf 86' lang='lat' dir='ltr'>sermo</span> <span class='ocrx_word' id='word_1_525' title='bbox 1036 4129 1231 4200; x_wconf 85' lang='lat' dir='ltr'>prodit</span> <span class='ocrx_word' id='word_1_526' title='bbox 1255 4130 1412 4201; x_wconf 90' lang='lat' dir='ltr'>quod</span> <span class='ocrx_word' id='word_1_527' title='bbox 1438 4132 1491 4185; x_wconf 85' lang='lat' dir='ltr'>si</span> <span class='ocrx_word' id='word_1_528' title='bbox 1508 4147 1760 4200; x_wconf 85' lang='lat' dir='ltr'>peccave-</span> 
     </span>
    </p>
   </div>
   <div class='ocr_carea' id='block_1_56' title="bbox 163 4219 1757 4291">
    <p class='ocr_par' dir='ltr' id='par_1_56' title="bbox 163 4219 1757 4291">
     <span class='ocr_line' id='line_1_56' title="bbox 163 4219 1757 4291; baseline 0 -19"><span class='ocrx_word' id='word_1_529' title='bbox 163 4226 219 4272; x_wconf 70' lang='lat' dir='ltr'>rit</span> <span class='ocrx_word' id='word_1_530' title='bbox 246 4223 355 4276; x_wconf 80' lang='lat' dir='ltr'>inte</span> <span class='ocrx_word' id='word_1_531' title='bbox 371 4222 566 4291; x_wconf 79' lang='lat' dir='ltr'>frater</span> <span class='ocrx_word' id='word_1_532' title='bbox 601 4226 740 4286; x_wconf 80' lang='lat' dir='ltr'>tuus,</span> <span class='ocrx_word' id='word_1_533' title='bbox 769 4220 971 4290; x_wconf 83' lang='lat' dir='ltr'>corripe</span> <span class='ocrx_word' id='word_1_534' title='bbox 991 4236 1112 4273; x_wconf 84' lang='lat' dir='ltr'>eum</span> <span class='ocrx_word' id='word_1_535' title='bbox 1141 4221 1278 4273; x_wconf 85' lang='lat' dir='ltr'>inter</span> <span class='ocrx_word' id='word_1_536' title='bbox 1297 4224 1347 4273; x_wconf 85' lang='lat' dir='ltr'>te</span> <span class='ocrx_word' id='word_1_537' title='bbox 1364 4219 1541 4289; x_wconf 82' lang='lat' dir='ltr'>ipsum</span> <span class='ocrx_word' id='word_1_538' title='bbox 1563 4219 1757 4274; x_wconf 86' lang='lat' dir='ltr'>solum:</span> 
     </span>
    </p>
   </div>
   <div class='ocr_carea' id='block_1_57' title="bbox 164 4306 1763 4376">
    <p class='ocr_par' dir='ltr' id='par_1_57' title="bbox 164 4306 1763 4376">
     <span class='ocr_line' id='line_1_57' title="bbox 164 4306 1763 4376; baseline 0 -15"><span class='ocrx_word' id='word_1_539' title='bbox 164 4308 206 4361; x_wconf 75' lang='lat' dir='ltr'>si</span> <span class='ocrx_word' id='word_1_540' title='bbox 248 4314 288 4365; x_wconf 73' lang='lat' dir='ltr'>te</span> <span class='ocrx_word' id='word_1_541' title='bbox 336 4310 597 4375; x_wconf 83' lang='lat' dir='ltr'>audierit,</span> <span class='ocrx_word' id='word_1_542' title='bbox 674 4308 908 4363; x_wconf 82' lang='lat' dir='ltr'>lucratus</span> <span class='ocrx_word' id='word_1_543' title='bbox 957 4308 1058 4362; x_wconf 88' lang='lat' dir='ltr'>eris</span> <span class='ocrx_word' id='word_1_544' title='bbox 1100 4307 1329 4376; x_wconf 78' lang='lat' dir='ltr'>fratrem</span> <span class='ocrx_word' id='word_1_545' title='bbox 1368 4314 1559 4371; x_wconf 82' lang='lat' dir='ltr'>tuum;</span> <span class='ocrx_word' id='word_1_546' title='bbox 1614 4306 1763 4362; x_wconf 79' lang='lat' dir='ltr'>sz&#39;te</span> 
     </span>
    </p>
   </div>
   <div class='ocr_carea' id='block_1_58' title="bbox 163 4394 1761 4467">
    <p class='ocr_par' dir='ltr' id='par_1_58' title="bbox 163 4394 1761 4467">
     <span class='ocr_line' id='line_1_58' title="bbox 163 4394 1761 4467; baseline -0.001 -17"><span class='ocrx_word' id='word_1_547' title='bbox 163 4413 247 4450; x_wconf 85' lang='lat' dir='ltr'>non</span> <span class='ocrx_word' id='word_1_548' title='bbox 270 4398 518 4465; x_wconf 84' lang='lat' dir='ltr'>audierit,</span> <span class='ocrx_word' id='word_1_549' title='bbox 580 4396 671 4452; x_wconf 90' lang='lat' dir='ltr'>dic</span> <span class='ocrx_word' id='word_1_550' title='bbox 706 4394 991 4464; x_wconf 65' lang='lat' dir='ltr'>Ecclesiae;</span> <span class='ocrx_word' id='word_1_551' title='bbox 1045 4394 1203 4467; x_wconf 90' lang='lat' dir='ltr'>quod</span> <span class='ocrx_word' id='word_1_552' title='bbox 1252 4396 1301 4449; x_wconf 89' lang='lat' dir='ltr'>si</span> <span class='ocrx_word' id='word_1_553' title='bbox 1346 4394 1610 4450; x_wconf 77' lang='lat' dir='ltr'>ecclesiam</span> <span class='ocrx_word' id='word_1_554' title='bbox 1656 4412 1761 4451; x_wconf 86' lang='lat' dir='ltr'>non</span> 
     </span>
    </p>
   </div>
   <div class='ocr_carea' id='block_1_59' title="bbox 163 4483 1756 4555">
    <p class='ocr_par' dir='ltr' id='par_1_59' title="bbox 163 4483 1756 4555">
     <span class='ocr_line' id='line_1_59' title="bbox 163 4483 1756 4555; baseline -0.001 -16"><span class='ocrx_word' id='word_1_555' title='bbox 163 4486 387 4555; x_wconf 78' lang='lat' dir='ltr'>audierit,</span> <span class='ocrx_word' id='word_1_556' title='bbox 418 4491 489 4542; x_wconf 82' lang='lat' dir='ltr'>sit</span> <span class='ocrx_word' id='word_1_557' title='bbox 535 4486 634 4540; x_wconf 77' lang='lat' dir='ltr'>tibi</span> <span class='ocrx_word' id='word_1_558' title='bbox 654 4486 789 4539; x_wconf 84' lang='lat' dir='ltr'>sicut</span> <span class='ocrx_word' id='word_1_559' title='bbox 819 4485 1055 4539; x_wconf 79' lang='lat' dir='ltr'>ethnicus</span> <span class='ocrx_word' id='word_1_560' title='bbox 1091 4490 1140 4538; x_wconf 84' lang='lat' dir='ltr'>et</span> <span class='ocrx_word' id='word_1_561' title='bbox 1157 4483 1479 4554; x_wconf 74' lang='lat' dir='ltr'>publicanus</span> <span class='ocrx_word' id='word_1_562' title='bbox 1534 4483 1756 4553; x_wconf 81' lang='lat' dir='ltr'>(Matth.</span> 
     </span>
    </p>
   </div>
   <div class='ocr_carea' id='block_1_60' title="bbox 161 4562 1762 4645">
    <p class='ocr_par' dir='ltr' id='par_1_60' title="bbox 161 4562 1762 4645">
     <span class='ocr_line' id='line_1_60' title="bbox 161 4562 1762 4645; baseline 0 -17"><span class='ocrx_word' id='word_1_563' title='bbox 161 4590 293 4643; x_wconf 82' lang='lat' dir='ltr'>mu,</span> <span class='ocrx_word' id='word_1_564' title='bbox 321 4580 405 4645; x_wconf 76' lang='grc'>15,</span> <span class='ocrx_word' id='word_1_565' title='bbox 442 4576 560 4645; x_wconf 79' lang='lat' dir='ltr'>l7).</span> <span class='ocrx_word' id='word_1_566' title='bbox 596 4574 736 4629; x_wconf 93' lang='lat' dir='ltr'>Ecce</span> <span class='ocrx_word' id='word_1_567' title='bbox 758 4572 963 4627; x_wconf 61' lang='lat' dir='ltr'>divinas</span> <span class='ocrx_word' id='word_1_568' title='bbox 996 4562 1378 4626; x_wconf 88' lang='lat' dir='ltr'>miserationis</span> <span class='ocrx_word' id='word_1_569' title='bbox 1402 4574 1621 4643; x_wconf 89' lang='lat' dir='ltr'>regula,</span> <span class='ocrx_word' id='word_1_570' title='bbox 1648 4590 1762 4644; x_wconf 90' lang='lat' dir='ltr'>qua</span> 
     </span>
    </p>
   </div>
   <div class='ocr_carea' id='block_1_61' title="bbox 155 4660 1759 4734">
    <p class='ocr_par' dir='ltr' id='par_1_61' title="bbox 155 4660 1759 4734">
     <span class='ocr_line' id='line_1_61' title="bbox 155 4660 1759 4734; baseline -0.004 -12"><span class='ocrx_word' id='word_1_571' title='bbox 155 4661 404 4734; x_wconf 68' lang='lat' dir='ltr'>iubemur</span> <span class='ocrx_word' id='word_1_572' title='bbox 429 4674 683 4720; x_wconf 78' lang='lat' dir='ltr'>reorum‘</span> <span class='ocrx_word' id='word_1_573' title='bbox 707 4662 848 4717; x_wconf 89' lang='lat' dir='ltr'>alios</span> <span class='ocrx_word' id='word_1_574' title='bbox 899 4660 1196 4716; x_wconf 89' lang='lat' dir='ltr'>audientes</span> <span class='ocrx_word' id='word_1_575' title='bbox 1256 4660 1353 4732; x_wconf 90' lang='lat' dir='ltr'>pia</span> <span class='ocrx_word' id='word_1_576' title='bbox 1402 4662 1759 4717; x_wconf 90' lang='lat' dir='ltr'>correctione</span> 
     </span>
    </p>
   </div>
   <div class='ocr_carea' id='block_1_62' title="bbox 162 4749 1760 4826">
    <p class='ocr_par' dir='ltr' id='par_1_62' title="bbox 162 4749 1760 4826">
     <span class='ocr_line' id='line_1_62' title="bbox 162 4749 1760 4826; baseline -0.003 -18"><span class='ocrx_word' id='word_1_577' title='bbox 162 4755 407 4811; x_wconf 78' lang='lat' dir='ltr'>secretius</span> <span class='ocrx_word' id='word_1_578' title='bbox 456 4769 730 4826; x_wconf 89' lang='lat' dir='ltr'>arguere,</span> <span class='ocrx_word' id='word_1_579' title='bbox 812 4751 953 4806; x_wconf 89' lang='lat' dir='ltr'>alios</span> <span class='ocrx_word' id='word_1_580' title='bbox 1008 4766 1127 4805; x_wconf 92' lang='lat' dir='ltr'>non</span> <span class='ocrx_word' id='word_1_581' title='bbox 1182 4749 1481 4805; x_wconf 89' lang='lat' dir='ltr'>audientes</span> <span class='ocrx_word' id='word_1_582' title='bbox 1532 4751 1760 4821; x_wconf 90' lang='lat' dir='ltr'>publica</span> 
     </span>
    </p>
   </div>
   <div class='ocr_carea' id='block_1_63' title="bbox 162 4839 1752 4914">
    <p class='ocr_par' dir='ltr' id='par_1_63' title="bbox 162 4839 1752 4914">
     <span class='ocr_line' id='line_1_63' title="bbox 162 4839 1752 4914; baseline -0.001 -20"><span class='ocrx_word' id='word_1_583' title='bbox 162 4840 464 4901; x_wconf 86' lang='lat' dir='ltr'>invectione</span> <span class='ocrx_word' id='word_1_584' title='bbox 530 4843 840 4914; x_wconf 89' lang='lat' dir='ltr'>objurgare</span> <span class='ocrx_word' id='word_1_585' title='bbox 892 4857 1071 4912; x_wconf 89' lang='lat' dir='ltr'>usque</span> <span class='ocrx_word' id='word_1_586' title='bbox 1119 4840 1193 4894; x_wconf 91' lang='lat' dir='ltr'>ad</span> <span class='ocrx_word' id='word_1_587' title='bbox 1246 4856 1413 4894; x_wconf 89' lang='lat' dir='ltr'>aures</span> <span class='ocrx_word' id='word_1_588' title='bbox 1469 4839 1752 4894; x_wconf 59' lang='lat' dir='ltr'>Ecclesiae.</span> 
     </span>
    </p>
   </div>
   <div class='ocr_carea' id='block_1_64' title="bbox 162 4927 1751 5007">
    <p class='ocr_par' dir='ltr' id='par_1_64' title="bbox 162 4927 1751 5007">
     <span class='ocr_line' id='line_1_64' title="bbox 162 4927 1751 5007; baseline -0.003 -21"><span class='ocrx_word' id='word_1_589' title='bbox 162 4928 257 4987; x_wconf 90' lang='lat' dir='ltr'>Sed</span> <span class='ocrx_word' id='word_1_590' title='bbox 281 4932 550 5007; x_wconf 88' lang='lat' dir='ltr'>nunquid</span> <span class='ocrx_word' id='word_1_591' title='bbox 581 4931 806 5004; x_wconf 88' lang='lat' dir='ltr'>publica</span> <span class='ocrx_word' id='word_1_592' title='bbox 832 4928 1078 4984; x_wconf 89' lang='lat' dir='ltr'>invectio</span> <span class='ocrx_word' id='word_1_593' title='bbox 1117 4931 1398 4983; x_wconf 88' lang='lat' dir='ltr'>secretam</span> <span class='ocrx_word' id='word_1_594' title='bbox 1446 4927 1751 5000; x_wconf 89' lang='lat' dir='ltr'>indulgen-</span> 
     </span>
    </p>
   </div>
   <div class='ocr_carea' id='block_1_65' title="bbox 164 5017 1759 5091">
    <p class='ocr_par' dir='ltr' id='par_1_65' title="bbox 164 5017 1759 5091">
     <span class='ocr_line' id='line_1_65' title="bbox 164 5017 1759 5091; baseline -0.001 -17"><span class='ocrx_word' id='word_1_595' title='bbox 164 5020 306 5091; x_wconf 85' lang='lat' dir='ltr'>tiam,</span> <span class='ocrx_word' id='word_1_596' title='bbox 330 5023 585 5087; x_wconf 87' lang='lat' dir='ltr'>sustulit,</span> <span class='ocrx_word' id='word_1_597' title='bbox 613 5022 711 5077; x_wconf 90' lang='lat' dir='ltr'>aut</span> <span class='ocrx_word' id='word_1_598' title='bbox 734 5022 955 5076; x_wconf 90' lang='lat' dir='ltr'>secreta</span> <span class='ocrx_word' id='word_1_599' title='bbox 984 5018 1228 5074; x_wconf 90' lang='lat' dir='ltr'>invectio</span> <span class='ocrx_word' id='word_1_600' title='bbox 1258 5017 1546 5088; x_wconf 89' lang='lat' dir='ltr'>publicam</span> <span class='ocrx_word' id='word_1_601' title='bbox 1574 5017 1759 5073; x_wconf 88' lang='lat' dir='ltr'>indul-</span> 
     </span>
    </p>
   </div>
   <div class='ocr_carea' id='block_1_66' title="bbox 164 5106 1755 5181">
    <p class='ocr_par' dir='ltr' id='par_1_66' title="bbox 164 5106 1755 5181">
     <span class='ocr_line' id='line_1_66' title="bbox 164 5106 1755 5181; baseline -0.003 -15"><span class='ocrx_word' id='word_1_602' title='bbox 164 5113 396 5181; x_wconf 78' lang='lat' dir='ltr'>gentiam</span> <span class='ocrx_word' id='word_1_603' title='bbox 427 5110 690 5168; x_wconf 81' lang='lat' dir='ltr'>ademit?</span> <span class='ocrx_word' id='word_1_604' title='bbox 703 5113 790 5165; x_wconf 83' lang='lat' dir='ltr'>An</span> <span class='ocrx_word' id='word_1_605' title='bbox 822 5110 1051 5181; x_wconf 90' lang='lat' dir='ltr'>publica</span> <span class='ocrx_word' id='word_1_606' title='bbox 1073 5108 1322 5162; x_wconf 90' lang='lat' dir='ltr'>invectlo</span> <span class='ocrx_word' id='word_1_607' title='bbox 1351 5106 1640 5179; x_wconf 88' lang='lat' dir='ltr'>publicam</span> <span class='ocrx_word' id='word_1_608' title='bbox 1667 5107 1755 5162; x_wconf 88' lang='lat' dir='ltr'>in-</span> 
     </span>
    </p>
   </div>
   <div class='ocr_carea' id='block_1_67' title="bbox 165 5196 1759 5273">
    <p class='ocr_par' dir='ltr' id='par_1_67' title="bbox 165 5196 1759 5273">
     <span class='ocr_line' id='line_1_67' title="bbox 165 5196 1759 5273; baseline -0.003 -19"><span class='ocrx_word' id='word_1_609' title='bbox 165 5199 528 5273; x_wconf 85' lang='lat' dir='ltr'>dulgentiam,</span> <span class='ocrx_word' id='word_1_610' title='bbox 557 5203 613 5255; x_wconf 90' lang='lat' dir='ltr'>et</span> <span class='ocrx_word' id='word_1_611' title='bbox 639 5203 859 5254; x_wconf 90' lang='lat' dir='ltr'>secreta</span> <span class='ocrx_word' id='word_1_612' title='bbox 887 5197 1131 5253; x_wconf 84' lang='lat' dir='ltr'>invectio</span> <span class='ocrx_word' id='word_1_613' title='bbox 1145 5200 1425 5252; x_wconf 90' lang='lat' dir='ltr'>secretam</span> <span class='ocrx_word' id='word_1_614' title='bbox 1455 5196 1759 5267; x_wconf 89' lang='lat' dir='ltr'>indulgen-</span> 
     </span>
    </p>
   </div>
   <div class='ocr_carea' id='block_1_68' title="bbox 166 5285 1756 5365">
    <p class='ocr_par' dir='ltr' id='par_1_68' title="bbox 166 5285 1756 5365">
     <span class='ocr_line' id='line_1_68' title="bbox 166 5285 1756 5365; baseline -0.003 -22"><span class='ocrx_word' id='word_1_615' title='bbox 166 5287 285 5346; x_wconf 85' lang='lat' dir='ltr'>tiam</span> <span class='ocrx_word' id='word_1_616' title='bbox 308 5289 587 5365; x_wconf 85' lang='lat' dir='ltr'>requirit?</span> <span class='ocrx_word' id='word_1_617' title='bbox 612 5290 788 5344; x_wconf 89' lang='lat' dir='ltr'>Porro</span> <span class='ocrx_word' id='word_1_618' title='bbox 816 5286 1095 5359; x_wconf 82' lang='lat' dir='ltr'>quiotfert</span> <span class='ocrx_word' id='word_1_619' title='bbox 1116 5302 1325 5340; x_wconf 88' lang='lat' dir='ltr'>munus</span> <span class='ocrx_word' id='word_1_620' title='bbox 1338 5302 1464 5340; x_wconf 92' lang='lat' dir='ltr'>sum</span> <span class='ocrx_word' id='word_1_621' title='bbox 1483 5285 1555 5339; x_wconf 90' lang='lat' dir='ltr'>ad</span> <span class='ocrx_word' id='word_1_622' title='bbox 1576 5286 1756 5339; x_wconf 89' lang='lat' dir='ltr'>altare</span> 
     </span>
    </p>
   </div>
   <div class='ocr_carea' id='block_1_69' title="bbox 168 5375 1759 5447">
    <p class='ocr_par' dir='ltr' id='par_1_69' title="bbox 168 5375 1759 5447">
     <span class='ocr_line' id='line_1_69' title="bbox 168 5375 1759 5447; baseline -0.003 -14"><span class='ocrx_word' id='word_1_623' title='bbox 168 5396 267 5434; x_wconf 89' lang='lat' dir='ltr'>non</span> <span class='ocrx_word' id='word_1_624' title='bbox 286 5381 361 5435; x_wconf 88' lang='lat' dir='ltr'>ibi</span> <span class='ocrx_word' id='word_1_625' title='bbox 390 5377 857 5435; x_wconf 86' lang='lat' dir='ltr'>reconciliabitur</span> <span class='ocrx_word' id='word_1_626' title='bbox 887 5376 1029 5431; x_wconf 90' lang='lat' dir='ltr'>mihi</span> <span class='ocrx_word' id='word_1_627' title='bbox 1079 5391 1183 5447; x_wconf 90' lang='lat' dir='ltr'>pro</span> <span class='ocrx_word' id='word_1_628' title='bbox 1216 5375 1449 5441; x_wconf 91' lang='lat' dir='ltr'>scelere,</span> <span class='ocrx_word' id='word_1_629' title='bbox 1478 5391 1591 5447; x_wconf 90' lang='lat' dir='ltr'>qua</span> <span class='ocrx_word' id='word_1_630' title='bbox 1621 5391 1759 5446; x_wconf 90' lang='lat' dir='ltr'>pro-</span> 
     </span>
    </p>
   </div>
   <div class='ocr_carea' id='block_1_70' title="bbox 168 5463 1757 5537">
    <p class='ocr_par' dir='ltr' id='par_1_70' title="bbox 168 5463 1757 5537">
     <span class='ocr_line' id='line_1_70' title="bbox 168 5463 1757 5537; baseline -0.003 -15"><span class='ocrx_word' id='word_1_631' title='bbox 168 5466 296 5523; x_wconf 85' lang='lat' dir='ltr'>ditus</span> <span class='ocrx_word' id='word_1_632' title='bbox 342 5472 429 5525; x_wconf 87' lang='lat' dir='ltr'>est</span> <span class='ocrx_word' id='word_1_633' title='bbox 458 5466 767 5523; x_wconf 63' lang='lat' dir='ltr'>Ecclesiae?</span> <span class='ocrx_word' id='word_1_634' title='bbox 799 5463 1016 5537; x_wconf 80' lang='lat' dir='ltr'>(Matth.</span> <span class='ocrx_word' id='word_1_635' title='bbox 1045 5481 1097 5532; x_wconf 92' lang='lat' dir='ltr'>v,</span> <span class='ocrx_word' id='word_1_636' title='bbox 1148 5463 1264 5537; x_wconf 83' lang='lat'>23.)</span> <span class='ocrx_word' id='word_1_637' title='bbox 1316 5463 1358 5518; x_wconf 96' lang='grc' dir='ltr'>Ο</span> <span class='ocrx_word' id='word_1_638' title='bbox 1388 5463 1688 5534; x_wconf 79' lang='lat' dir='ltr'>tempora!</span> <span class='ocrx_word' id='word_1_639' title='bbox 1724 5480 1757 5518; x_wconf 91' lang='grc' dir='ltr'>ο</span> 
     </span>
    </p>
   </div>
   <div class='ocr_carea' id='block_1_71' title="bbox 167 5551 1759 5631">
    <p class='ocr_par' dir='ltr' id='par_1_71' title="bbox 167 5551 1759 5631">
     <span class='ocr_line' id='line_1_71' title="bbox 167 5551 1759 5631; baseline -0.003 -18"><span class='ocrx_word' id='word_1_640' title='bbox 167 5572 369 5615; x_wconf 86' lang='lat' dir='ltr'>mores:</span> <span class='ocrx_word' id='word_1_641' title='bbox 404 5559 579 5615; x_wconf 85' lang='lat' dir='ltr'>Certe</span> <span class='ocrx_word' id='word_1_642' title='bbox 597 5555 694 5631; x_wconf 91' lang='lat' dir='ltr'>qui</span> <span class='ocrx_word' id='word_1_643' title='bbox 710 5555 907 5613; x_wconf 90' lang='lat' dir='ltr'>volunt</span> <span class='ocrx_word' id='word_1_644' title='bbox 924 5551 1153 5627; x_wconf 85' lang='lat' dir='ltr'>exsequi</span> <span class='ocrx_word' id='word_1_645' title='bbox 1171 5551 1231 5607; x_wconf 90' lang='lat' dir='ltr'>in</span> <span class='ocrx_word' id='word_1_646' title='bbox 1260 5551 1574 5609; x_wconf 87' lang='lat' dir='ltr'>fabrateria</span> <span class='ocrx_word' id='word_1_647' title='bbox 1594 5569 1759 5608; x_wconf 90' lang='lat' dir='ltr'>men-</span> 
     </span>
    </p>
   </div>
   <div class='ocr_carea' id='block_1_72' title="bbox 1858 3410 3477 3486">
    <p class='ocr_par' dir='ltr' id='par_1_72' title="bbox 1858 3410 3477 3486">
     <span class='ocr_line' id='line_1_72' title="bbox 1858 3410 3477 3486; baseline -0.002 -19"><span class='ocrx_word' id='word_1_648' title='bbox 1858 3414 1948 3479; x_wconf 90' lang='lat' dir='ltr'>tit,</span> <span class='ocrx_word' id='word_1_649' title='bbox 1979 3414 2079 3469; x_wconf 90' lang='lat' dir='ltr'>sed</span> <span class='ocrx_word' id='word_1_650' title='bbox 2105 3430 2212 3485; x_wconf 89' lang='lat' dir='ltr'>ego</span> <span class='ocrx_word' id='word_1_651' title='bbox 2241 3413 2299 3469; x_wconf 92' lang='lat' dir='ltr'>in</span> <span class='ocrx_word' id='word_1_652' title='bbox 2328 3431 2500 3486; x_wconf 87' lang='lat' dir='ltr'>quem</span> <span class='ocrx_word' id='word_1_653' title='bbox 2529 3413 2982 3486; x_wconf 88' lang='lat' dir='ltr'>peccavit,aquo</span> <span class='ocrx_word' id='word_1_654' title='bbox 3011 3410 3477 3466; x_wconf 87' lang='lat' dir='ltr'>excommunica-</span> 
     </span>
    </p>
   </div>
   <div class='ocr_carea' id='block_1_73' title="bbox 1860 3498 3479 3575">
    <p class='ocr_par' dir='ltr' id='par_1_73' title="bbox 1860 3498 3479 3575">
     <span class='ocr_line' id='line_1_73' title="bbox 1860 3498 3479 3575; baseline -0.002 -19"><span class='ocrx_word' id='word_1_655' title='bbox 1860 3502 2032 3557; x_wconf 90' lang='lat' dir='ltr'>tionis</span> <span class='ocrx_word' id='word_1_656' title='bbox 2084 3504 2238 3558; x_wconf 91' lang='lat' dir='ltr'>malo</span> <span class='ocrx_word' id='word_1_657' title='bbox 2283 3520 2529 3575; x_wconf 88' lang='lat' dir='ltr'>regnum</span> <span class='ocrx_word' id='word_1_658' title='bbox 2556 3506 2808 3557; x_wconf 89' lang='lat' dir='ltr'>vestrum</span> <span class='ocrx_word' id='word_1_659' title='bbox 2834 3504 3097 3574; x_wconf 89' lang='lat' dir='ltr'>purgate,</span> <span class='ocrx_word' id='word_1_660' title='bbox 3126 3498 3479 3559; x_wconf 83' lang='lat' dir='ltr'>serenissimi</span> 
     </span>
    </p>
   </div>
   <div class='ocr_carea' id='block_1_74' title="bbox 1863 3587 3481 3664">
    <p class='ocr_par' dir='ltr' id='par_1_74' title="bbox 1863 3587 3481 3664">
     <span class='ocr_line' id='line_1_74' title="bbox 1863 3587 3481 3664; baseline -0.003 -18"><span class='ocrx_word' id='word_1_661' title='bbox 1863 3592 2168 3664; x_wconf 90' lang='lat' dir='ltr'>principes,</span> <span class='ocrx_word' id='word_1_662' title='bbox 2223 3592 2356 3664; x_wconf 90' lang='lat' dir='ltr'>quia</span> <span class='ocrx_word' id='word_1_663' title='bbox 2392 3592 2479 3647; x_wconf 78' lang='lat' dir='ltr'>vix</span> <span class='ocrx_word' id='word_1_664' title='bbox 2509 3595 2594 3647; x_wconf 88' lang='lat' dir='ltr'>est</span> <span class='ocrx_word' id='word_1_665' title='bbox 2620 3592 2676 3646; x_wconf 91' lang='lat' dir='ltr'>in</span> <span class='ocrx_word' id='word_1_666' title='bbox 2716 3608 2782 3646; x_wconf 90' lang='lat' dir='ltr'>eo</span> <span class='ocrx_word' id='word_1_667' title='bbox 2812 3590 3014 3662; x_wconf 90' lang='lat' dir='ltr'>aliquis</span> <span class='ocrx_word' id='word_1_668' title='bbox 3044 3589 3351 3645; x_wconf 88' lang='lat' dir='ltr'>hominum</span> <span class='ocrx_word' id='word_1_669' title='bbox 3383 3587 3481 3660; x_wconf 89' lang='lat' dir='ltr'>qui</span> 
     </span>
    </p>
   </div>
   <div class='ocr_carea' id='block_1_75' title="bbox 1863 3677 3477 3751">
    <p class='ocr_par' dir='ltr' id='par_1_75' title="bbox 1863 3677 3477 3751">
     <span class='ocr_line' id='line_1_75' title="bbox 1863 3677 3477 3751; baseline -0.002 -17"><span class='ocrx_word' id='word_1_670' title='bbox 1863 3682 2066 3736; x_wconf 90' lang='lat' dir='ltr'>saltem</span> <span class='ocrx_word' id='word_1_671' title='bbox 2094 3681 2304 3735; x_wconf 88' lang='lat' dir='ltr'>idcirco</span> <span class='ocrx_word' id='word_1_672' title='bbox 2324 3682 2854 3736; x_wconf 82' lang='lat' dir='ltr'>excommunicatus</span> <span class='ocrx_word' id='word_1_673' title='bbox 2873 3696 2989 3734; x_wconf 91' lang='lat' dir='ltr'>non</span> <span class='ocrx_word' id='word_1_674' title='bbox 3004 3679 3095 3747; x_wconf 92' lang='lat' dir='ltr'>sit,</span> <span class='ocrx_word' id='word_1_675' title='bbox 3120 3678 3399 3751; x_wconf 90' lang='lat' dir='ltr'>quoniam</span> <span class='ocrx_word' id='word_1_676' title='bbox 3417 3677 3477 3731; x_wconf 89' lang='lat' dir='ltr'>in</span> 
     </span>
    </p>
   </div>
   <div class='ocr_carea' id='block_1_76' title="bbox 1863 3766 3553 3840">
    <p class='ocr_par' dir='ltr' id='par_1_76' title="bbox 1863 3766 3553 3840">
     <span class='ocr_line' id='line_1_76' title="bbox 1863 3766 3553 3840; baseline -0.002 -17"><span class='ocrx_word' id='word_1_677' title='bbox 1863 3768 2124 3824; x_wconf 89' lang='lat' dir='ltr'>convivio</span> <span class='ocrx_word' id='word_1_678' title='bbox 2164 3770 2250 3823; x_wconf 91' lang='lat' dir='ltr'>vel</span> <span class='ocrx_word' id='word_1_679' title='bbox 2279 3770 2433 3840; x_wconf 90' lang='lat' dir='ltr'>pacis</span> <span class='ocrx_word' id='word_1_680' title='bbox 2459 3770 2652 3823; x_wconf 89' lang='lat' dir='ltr'>osculo</span> <span class='ocrx_word' id='word_1_681' title='bbox 2684 3768 3181 3823; x_wconf 80' lang='lat' dir='ltr'>excommunicato</span> <span class='ocrx_word' id='word_1_682' title='bbox 3215 3766 3476 3821; x_wconf 63' lang='lat' dir='ltr'>adhaesit.</span> <span class='ocrx_word' id='word_1_683' title='bbox 3546 3829 3553 3835; x_wconf 29' lang='grc' dir='ltr'>η</span> 
     </span>
    </p>
   </div>
   <div class='ocr_carea' id='block_1_77' title="bbox 1865 3856 3535 3927">
    <p class='ocr_par' dir='ltr' id='par_1_77' title="bbox 1865 3856 3535 3927">
     <span class='ocr_line' id='line_1_77' title="bbox 1865 3856 3535 3927; baseline -0.003 -15"><span class='ocrx_word' id='word_1_684' title='bbox 1865 3860 2152 3912; x_wconf 65' lang='lat' dir='ltr'>Praeterea</span> <span class='ocrx_word' id='word_1_685' title='bbox 2182 3858 2448 3912; x_wconf 90' lang='lat' dir='ltr'>dominos</span> <span class='ocrx_word' id='word_1_686' title='bbox 2476 3874 2638 3911; x_wconf 86' lang='lat' dir='ltr'>meos</span> <span class='ocrx_word' id='word_1_687' title='bbox 2656 3873 2785 3911; x_wconf 91' lang='lat' dir='ltr'>cum</span> <span class='ocrx_word' id='word_1_688' title='bbox 2800 3857 3161 3911; x_wconf 88' lang='lat' dir='ltr'>familiariter</span> <span class='ocrx_word' id='word_1_689' title='bbox 3178 3856 3478 3927; x_wconf 89' lang='lat' dir='ltr'>alloquens</span> <span class='ocrx_word' id='word_1_690' title='bbox 3532 3894 3535 3895; x_wconf 46' lang='grc' dir='ltr'><em>ν</em></span> 
     </span>
    </p>
   </div>
   <div class='ocr_carea' id='block_1_78' title="bbox 1863 3945 3478 4013">
    <p class='ocr_par' dir='ltr' id='par_1_78' title="bbox 1863 3945 3478 4013">
     <span class='ocr_line' id='line_1_78' title="bbox 1863 3945 3478 4013; baseline -0.003 -12"><span class='ocrx_word' id='word_1_691' title='bbox 1863 3946 2019 4001; x_wconf 90' lang='lat' dir='ltr'>bona</span> <span class='ocrx_word' id='word_1_692' title='bbox 2048 3946 2282 4013; x_wconf 86' lang='lat' dir='ltr'>suadeo,</span> <span class='ocrx_word' id='word_1_693' title='bbox 2321 3948 2638 4001; x_wconf 89' lang='lat' dir='ltr'>multorum</span> <span class='ocrx_word' id='word_1_694' title='bbox 2694 3946 2941 4013; x_wconf 89' lang='lat' dir='ltr'>animos,</span> <span class='ocrx_word' id='word_1_695' title='bbox 2989 3945 3125 4012; x_wconf 89' lang='lat' dir='ltr'>scio,</span> <span class='ocrx_word' id='word_1_696' title='bbox 3153 3946 3357 3999; x_wconf 89' lang='lat' dir='ltr'>contra</span> <span class='ocrx_word' id='word_1_697' title='bbox 3385 3959 3478 3997; x_wconf 90' lang='lat' dir='ltr'>me</span> 
     </span>
    </p>
   </div>
   <div class='ocr_carea' id='block_1_79' title="bbox 1864 4034 2750 4105">
    <p class='ocr_par' dir='ltr' id='par_1_79' title="bbox 1864 4034 2750 4105">
     <span class='ocr_line' id='line_1_79' title="bbox 1864 4034 2750 4105; baseline -0.002 -16"><span class='ocrx_word' id='word_1_698' title='bbox 1864 4035 2112 4103; x_wconf 92' lang='lat' dir='ltr'>concito,</span> <span class='ocrx_word' id='word_1_699' title='bbox 2139 4036 2303 4105; x_wconf 84' lang='lat' dir='ltr'>juxta</span> <span class='ocrx_word' id='word_1_700' title='bbox 2333 4034 2473 4089; x_wconf 91' lang='lat' dir='ltr'>illud</span> <span class='ocrx_word' id='word_1_701' title='bbox 2500 4034 2713 4089; x_wconf 86' lang='lat' dir='ltr'>Comici</span> <span class='ocrx_word' id='word_1_702' title='bbox 2739 4051 2750 4088; x_wconf 96' lang='lat'>:</span> 
     </span>
    </p>
   </div>
   <div class='ocr_carea' id='block_1_80' title="bbox 2018 4138 3132 4205">
    <p class='ocr_par' dir='ltr' id='par_1_80' title="bbox 2018 4138 3132 4205">
     <span class='ocr_line' id='line_1_80' title="bbox 2018 4138 3132 4205; baseline -0.004 -14"><span class='ocrx_word' id='word_1_703' title='bbox 2018 4142 2318 4205; x_wconf 87' lang='lat' dir='ltr'>Obsequium</span> <span class='ocrx_word' id='word_1_704' title='bbox 2351 4141 2555 4199; x_wconf 85' lang='lat' dir='ltr'>amicos,</span> <span class='ocrx_word' id='word_1_705' title='bbox 2585 4143 2767 4205; x_wconf 74' lang='lat' dir='ltr'>veritas</span> <span class='ocrx_word' id='word_1_706' title='bbox 2791 4138 3132 4205; x_wconf 89' lang='lat' dir='ltr'>odium_parit.</span> 
     </span>
    </p>
   </div>
   <div class='ocr_carea' id='block_1_81' title="bbox 2174 4198 3302 4265">
    <p class='ocr_par' dir='ltr' id='par_1_81' title="bbox 2174 4198 3302 4265">
     <span class='ocr_line' id='line_1_81' title="bbox 2174 4198 3302 4265; baseline -0.007 -12"><span class='ocrx_word' id='word_1_707' title='bbox 2174 4198 2465 4265; x_wconf 63' lang='lat' dir='ltr'>(Tsaaxrrus</span> <span class='ocrx_word' id='word_1_708' title='bbox 2494 4198 2548 4251; x_wconf 62' lang='lat' dir='ltr'>in</span> <span class='ocrx_word' id='word_1_709' title='bbox 2577 4202 2792 4261; x_wconf 80' lang='lat' dir='ltr'>Andria,</span> <span class='ocrx_word' id='word_1_710' title='bbox 2824 4206 2925 4251; x_wconf 74' lang='lat' dir='ltr'>Act.</span> <span class='ocrx_word' id='word_1_711' title='bbox 2957 4198 2995 4259; x_wconf 73' lang='grc' dir='ltr'>ιζ</span> <span class='ocrx_word' id='word_1_712' title='bbox 3024 4215 3159 4249; x_wconf 90' lang='lat' dir='ltr'>scen.</span> <span class='ocrx_word' id='word_1_713' title='bbox 3183 4213 3231 4247; x_wconf 86' lang='lat' dir='ltr'>v.</span> <span class='ocrx_word' id='word_1_714' title='bbox 3256 4198 3302 4248; x_wconf 83' lang='grc'>1.</span> 
     </span>
    </p>
   </div>
   <div class='ocr_carea' id='block_1_82' title="bbox 1860 4297 3481 4377">
    <p class='ocr_par' dir='ltr' id='par_1_82' title="bbox 1860 4297 3481 4377">
     <span class='ocr_line' id='line_1_82' title="bbox 1860 4297 3481 4377; baseline -0.004 -17"><span class='ocrx_word' id='word_1_715' title='bbox 1860 4304 1941 4360; x_wconf 90' lang='lat' dir='ltr'>De</span> <span class='ocrx_word' id='word_1_716' title='bbox 1959 4320 2205 4377; x_wconf 88' lang='lat' dir='ltr'>quorum</span> <span class='ocrx_word' id='word_1_717' title='bbox 2218 4302 2585 4357; x_wconf 86' lang='lat' dir='ltr'>animositate</span> <span class='ocrx_word' id='word_1_718' title='bbox 2620 4318 2737 4357; x_wconf 90' lang='lat' dir='ltr'>non</span> <span class='ocrx_word' id='word_1_719' title='bbox 2770 4301 3020 4355; x_wconf 89' lang='lat' dir='ltr'>multum</span> <span class='ocrx_word' id='word_1_720' title='bbox 3050 4314 3307 4366; x_wconf 90' lang='lat' dir='ltr'>moveor,</span> <span class='ocrx_word' id='word_1_721' title='bbox 3330 4297 3481 4353; x_wconf 86' lang='lat' dir='ltr'>dulce</span> 
     </span>
    </p>
   </div>
   <div class='ocr_carea' id='block_1_83' title="bbox 1860 4387 3479 4462">
    <p class='ocr_par' dir='ltr' id='par_1_83' title="bbox 1860 4387 3479 4462">
     <span class='ocr_line' id='line_1_83' title="bbox 1860 4387 3479 4462; baseline -0.005 -14"><span class='ocrx_word' id='word_1_722' title='bbox 1860 4394 2016 4449; x_wconf 87' lang='lat' dir='ltr'>decus</span> <span class='ocrx_word' id='word_1_723' title='bbox 2048 4410 2239 4459; x_wconf 87' lang='lat' dir='ltr'>meum,</span> <span class='ocrx_word' id='word_1_724' title='bbox 2274 4391 2589 4458; x_wconf 80' lang='lat' dir='ltr'>Rodberte,</span> <span class='ocrx_word' id='word_1_725' title='bbox 2625 4407 2798 4462; x_wconf 88' lang='lat' dir='ltr'>quem</span> <span class='ocrx_word' id='word_1_726' title='bbox 2844 4392 3016 4445; x_wconf 81' lang='lat' dir='ltr'>atavis</span> <span class='ocrx_word' id='word_1_727' title='bbox 3054 4389 3260 4458; x_wconf 84' lang='lat' dir='ltr'>regibus</span> <span class='ocrx_word' id='word_1_728' title='bbox 3280 4387 3479 4441; x_wconf 84' lang='lat' dir='ltr'>editum</span> 
     </span>
    </p>
   </div>
   <div class='ocr_carea' id='block_1_84' title="bbox 1864 4476 3482 4554">
    <p class='ocr_par' dir='ltr' id='par_1_84' title="bbox 1864 4476 3482 4554">
     <span class='ocr_line' id='line_1_84' title="bbox 1864 4476 3482 4554; baseline -0.006 -17"><span class='ocrx_word' id='word_1_729' title='bbox 1864 4483 2003 4554; x_wconf 73' lang='lat'>(28*)</span> <span class='ocrx_word' id='word_1_730' title='bbox 2022 4481 2213 4536; x_wconf 68' lang='lat' dir='ltr'>divina</span> <span class='ocrx_word' id='word_1_731' title='bbox 2224 4481 2408 4552; x_wconf 86' lang='lat' dir='ltr'>pietas</span> <span class='ocrx_word' id='word_1_732' title='bbox 2420 4480 2687 4551; x_wconf 79' lang='lat' dir='ltr'>perduxit</span> <span class='ocrx_word' id='word_1_733' title='bbox 2702 4479 2774 4533; x_wconf 91' lang='lat' dir='ltr'>ad</span> <span class='ocrx_word' id='word_1_734' title='bbox 2787 4478 2947 4549; x_wconf 91' lang='lat' dir='ltr'>regni</span> <span class='ocrx_word' id='word_1_735' title='bbox 2964 4478 3279 4548; x_wconf 89' lang='lat' dir='ltr'>fastigium,</span> <span class='ocrx_word' id='word_1_736' title='bbox 3296 4476 3340 4529; x_wconf 91' lang='lat' dir='ltr'>si</span> <span class='ocrx_word' id='word_1_737' title='bbox 3354 4479 3482 4546; x_wconf 91' lang='lat' dir='ltr'>post</span> 
     </span>
    </p>
   </div>
   <div class='ocr_carea' id='block_1_85' title="bbox 1860 4567 3482 4641">
    <p class='ocr_par' dir='ltr' id='par_1_85' title="bbox 1860 4567 3482 4641">
     <span class='ocr_line' id='line_1_85' title="bbox 1860 4567 3482 4641; baseline -0.004 -16"><span class='ocrx_word' id='word_1_738' title='bbox 1860 4572 2044 4625; x_wconf 91' lang='lat' dir='ltr'>Deum</span> <span class='ocrx_word' id='word_1_739' title='bbox 2078 4575 2134 4625; x_wconf 93' lang='lat' dir='ltr'>et</span> <span class='ocrx_word' id='word_1_740' title='bbox 2181 4575 2407 4625; x_wconf 89' lang='lat' dir='ltr'>sanctos</span> <span class='ocrx_word' id='word_1_741' title='bbox 2453 4570 2575 4641; x_wconf 86' lang='lat' dir='ltr'>ejus</span> <span class='ocrx_word' id='word_1_742' title='bbox 2605 4571 2791 4623; x_wconf 87' lang='lat' dir='ltr'>vestro</span> <span class='ocrx_word' id='word_1_743' title='bbox 2849 4567 3171 4640; x_wconf 87' lang='lat' dir='ltr'>specialiter</span> <span class='ocrx_word' id='word_1_744' title='bbox 3198 4568 3482 4620; x_wconf 88' lang='lat' dir='ltr'>sustenter</span> 
     </span>
    </p>
   </div>
   <div class='ocr_carea' id='block_1_86' title="bbox 1860 4654 3481 4730">
    <p class='ocr_par' dir='ltr' id='par_1_86' title="bbox 1860 4654 3481 4730">
     <span class='ocr_line' id='line_1_86' title="bbox 1860 4654 3481 4730; baseline -0.004 -16"><span class='ocrx_word' id='word_1_745' title='bbox 1860 4660 2066 4715; x_wconf 86' lang='lat' dir='ltr'>auxilio</span> <span class='ocrx_word' id='word_1_746' title='bbox 2088 4664 2146 4714; x_wconf 91' lang='lat' dir='ltr'>et</span> <span class='ocrx_word' id='word_1_747' title='bbox 2166 4659 2424 4727; x_wconf 81' lang='lat' dir='ltr'>consilio,</span> <span class='ocrx_word' id='word_1_748' title='bbox 2459 4659 2618 4730; x_wconf 89' lang='lat' dir='ltr'>cujus</span> <span class='ocrx_word' id='word_1_749' title='bbox 2649 4658 3009 4713; x_wconf 90' lang='lat' dir='ltr'>mentionem</span> <span class='ocrx_word' id='word_1_750' title='bbox 3041 4656 3099 4711; x_wconf 91' lang='lat' dir='ltr'>in</span> <span class='ocrx_word' id='word_1_751' title='bbox 3135 4654 3481 4728; x_wconf 88' lang='lat' dir='ltr'>quotidianis</span> 
     </span>
    </p>
   </div>
   <div class='ocr_carea' id='block_1_87' title="bbox 1861 4742 3483 4819">
    <p class='ocr_par' dir='ltr' id='par_1_87' title="bbox 1861 4742 3483 4819">
     <span class='ocr_line' id='line_1_87' title="bbox 1861 4742 3483 4819; baseline -0.005 -16"><span class='ocrx_word' id='word_1_752' title='bbox 1861 4750 2217 4805; x_wconf 79' lang='lat' dir='ltr'>orationibus</span> <span class='ocrx_word' id='word_1_753' title='bbox 2232 4748 2375 4803; x_wconf 91' lang='lat' dir='ltr'>meis</span> <span class='ocrx_word' id='word_1_754' title='bbox 2389 4765 2688 4819; x_wconf 90' lang='lat' dir='ltr'>nunquam</span> <span class='ocrx_word' id='word_1_755' title='bbox 2708 4750 2987 4818; x_wconf 69' lang='lat' dir='ltr'>praetereo</span> <span class='ocrx_word' id='word_1_756' title='bbox 2999 4746 3255 4813; x_wconf 89' lang='lat' dir='ltr'>,tandem</span> <span class='ocrx_word' id='word_1_757' title='bbox 3271 4742 3483 4812; x_wconf 82' lang='lat' dir='ltr'>capitu—</span> 
     </span>
    </p>
   </div>
   <div class='ocr_carea' id='block_1_88' title="bbox 1856 4832 3486 4905">
    <p class='ocr_par' dir='ltr' id='par_1_88' title="bbox 1856 4832 3486 4905">
     <span class='ocr_line' id='line_1_88' title="bbox 1856 4832 3486 4905; baseline -0.006 -13"><span class='ocrx_word' id='word_1_758' title='bbox 1856 4838 2021 4893; x_wconf 90' lang='lat' dir='ltr'>latim</span> <span class='ocrx_word' id='word_1_759' title='bbox 2076 4838 2376 4892; x_wconf 85' lang='lat' dir='ltr'>subtexam</span> <span class='ocrx_word' id='word_1_760' title='bbox 2435 4836 2569 4891; x_wconf 91' lang='lat' dir='ltr'>huic</span> <span class='ocrx_word' id='word_1_761' title='bbox 2619 4835 2873 4890; x_wconf 90' lang='lat' dir='ltr'>indiculo</span> <span class='ocrx_word' id='word_1_762' title='bbox 2906 4851 3033 4905; x_wconf 68' lang='lat' dir='ltr'>qua:</span> <span class='ocrx_word' id='word_1_763' title='bbox 3064 4832 3314 4888; x_wconf 88' lang='lat' dir='ltr'>maxime</span> <span class='ocrx_word' id='word_1_764' title='bbox 3352 4832 3486 4885; x_wconf 92' lang='lat' dir='ltr'>sunt</span> 
     </span>
    </p>
   </div>
   <div class='ocr_carea' id='block_1_89' title="bbox 1858 4921 3483 4999">
    <p class='ocr_par' dir='ltr' id='par_1_89' title="bbox 1858 4921 3483 4999">
     <span class='ocr_line' id='line_1_89' title="bbox 1858 4921 3483 4999; baseline -0.006 -16"><span class='ocrx_word' id='word_1_765' title='bbox 1858 4927 2204 4999; x_wconf 88' lang='lat' dir='ltr'>corrigenda</span> <span class='ocrx_word' id='word_1_766' title='bbox 2234 4927 2290 4981; x_wconf 92' lang='lat' dir='ltr'>in</span> <span class='ocrx_word' id='word_1_767' title='bbox 2325 4928 2512 4981; x_wconf 90' lang='lat' dir='ltr'>vestro</span> <span class='ocrx_word' id='word_1_768' title='bbox 2540 4925 2811 4996; x_wconf 90' lang='lat' dir='ltr'>imperio,</span> <span class='ocrx_word' id='word_1_769' title='bbox 2843 4941 2949 4978; x_wconf 90' lang='lat' dir='ltr'>nec</span> <span class='ocrx_word' id='word_1_770' title='bbox 2979 4924 3179 4976; x_wconf 90' lang='lat' dir='ltr'>tamen</span> <span class='ocrx_word' id='word_1_771' title='bbox 3209 4921 3334 4975; x_wconf 62' lang='lat' dir='ltr'>haec</span> <span class='ocrx_word' id='word_1_772' title='bbox 3356 4936 3483 4974; x_wconf 89' lang='lat' dir='ltr'>ver-</span> 
     </span>
    </p>
   </div>
   <div class='ocr_carea' id='block_1_90' title="bbox 1858 5011 3483 5085">
    <p class='ocr_par' dir='ltr' id='par_1_90' title="bbox 1858 5011 3483 5085">
     <span class='ocr_line' id='line_1_90' title="bbox 1858 5011 3483 5085; baseline -0.006 -13"><span class='ocrx_word' id='word_1_773' title='bbox 1858 5018 1944 5073; x_wconf 87' lang='lat' dir='ltr'>bis</span> <span class='ocrx_word' id='word_1_774' title='bbox 1967 5017 2132 5085; x_wconf 90' lang='lat' dir='ltr'>meis,</span> <span class='ocrx_word' id='word_1_775' title='bbox 2158 5016 2257 5071; x_wconf 89' lang='lat' dir='ltr'>sed</span> <span class='ocrx_word' id='word_1_776' title='bbox 2286 5014 2636 5069; x_wconf 87' lang='lat' dir='ltr'>authenticis</span> <span class='ocrx_word' id='word_1_777' title='bbox 2666 5017 2996 5068; x_wconf 89' lang='lat' dir='ltr'>sanctorum</span> <span class='ocrx_word' id='word_1_778' title='bbox 3030 5011 3216 5077; x_wconf 87' lang='lat' dir='ltr'>dictis,</span> <span class='ocrx_word' id='word_1_779' title='bbox 3244 5012 3307 5064; x_wconf 91' lang='lat' dir='ltr'>ut</span> <span class='ocrx_word' id='word_1_780' title='bbox 3329 5012 3483 5080; x_wconf 89' lang='lat' dir='ltr'>post-</span> 
     </span>
    </p>
   </div>
   <div class='ocr_carea' id='block_1_91' title="bbox 1862 5097 3486 5176">
    <p class='ocr_par' dir='ltr' id='par_1_91' title="bbox 1862 5097 3486 5176">
     <span class='ocr_line' id='line_1_91' title="bbox 1862 5097 3486 5176; baseline -0.007 -15"><span class='ocrx_word' id='word_1_781' title='bbox 1862 5106 2104 5161; x_wconf 89' lang='lat' dir='ltr'>modum</span> <span class='ocrx_word' id='word_1_782' title='bbox 2119 5104 2417 5176; x_wconf 80' lang='lat' dir='ltr'>epiSCOpos</span> <span class='ocrx_word' id='word_1_783' title='bbox 2438 5102 2715 5157; x_wconf 90' lang='lat' dir='ltr'>moveatis</span> <span class='ocrx_word' id='word_1_784' title='bbox 2732 5103 2853 5157; x_wconf 57' lang='lat' dir='ltr'>hac</span> <span class='ocrx_word' id='word_1_785' title='bbox 2875 5100 3152 5155; x_wconf 89' lang='lat' dir='ltr'>canonice</span> <span class='ocrx_word' id='word_1_786' title='bbox 3170 5097 3486 5154; x_wconf 89' lang='lat' dir='ltr'>emendare</span> 
     </span>
    </p>
   </div>
   <div class='ocr_carea' id='block_1_92' title="bbox 1867 5192 2379 5249">
    <p class='ocr_par' dir='ltr' id='par_1_92' title="bbox 1867 5192 2379 5249">
     <span class='ocr_line' id='line_1_92' title="bbox 1867 5192 2379 5249; baseline -0.008 0"><span class='ocrx_word' id='word_1_787' title='bbox 1867 5195 1929 5249; x_wconf 92' lang='lat' dir='ltr'>in</span> <span class='ocrx_word' id='word_1_788' title='bbox 1961 5194 2075 5248; x_wconf 89' lang='lat' dir='ltr'>suis</span> <span class='ocrx_word' id='word_1_789' title='bbox 2106 5192 2379 5248; x_wconf 89' lang='lat' dir='ltr'>conciliis.</span> 
     </span>
    </p>
   </div>
   <div class='ocr_carea' id='block_1_93' title="bbox 1944 5276 3492 5348">
    <p class='ocr_par' dir='ltr' id='par_1_93' title="bbox 1944 5276 3492 5348">
     <span class='ocr_line' id='line_1_93' title="bbox 1944 5276 3492 5348; baseline -0.006 -10"><span class='ocrx_word' id='word_1_790' title='bbox 1944 5283 2217 5338; x_wconf 77' lang='lat' dir='ltr'>Primitus</span> <span class='ocrx_word' id='word_1_791' title='bbox 2249 5282 2318 5335; x_wconf 89' lang='lat' dir='ltr'>de</span> <span class='ocrx_word' id='word_1_792' title='bbox 2353 5281 2464 5336; x_wconf 84' lang='lat' dir='ltr'>[ide</span> <span class='ocrx_word' id='word_1_793' title='bbox 2491 5280 2803 5335; x_wconf 86' lang='lat' dir='ltr'>dicendum</span> <span class='ocrx_word' id='word_1_794' title='bbox 2832 5278 3068 5345; x_wconf 87' lang='lat' dir='ltr'>credidi,</span> <span class='ocrx_word' id='word_1_795' title='bbox 3118 5293 3293 5348; x_wconf 89' lang='lat' dir='ltr'>quam</span> <span class='ocrx_word' id='word_1_796' title='bbox 3327 5276 3492 5330; x_wconf 88' lang='lat' dir='ltr'>alter-</span> 
     </span>
    </p>
   </div>
   <div class='ocr_carea' id='block_1_94' title="bbox 1868 5366 3487 5438">
    <p class='ocr_par' dir='ltr' id='par_1_94' title="bbox 1868 5366 3487 5438">
     <span class='ocr_line' id='line_1_94' title="bbox 1868 5366 3487 5438; baseline -0.007 -11"><span class='ocrx_word' id='word_1_797' title='bbox 1868 5372 2140 5427; x_wconf 87' lang='lat' dir='ltr'>nantibus</span> <span class='ocrx_word' id='word_1_798' title='bbox 2168 5370 2357 5425; x_wconf 88' lang='lat' dir='ltr'>choris</span> <span class='ocrx_word' id='word_1_799' title='bbox 2389 5373 2447 5424; x_wconf 89' lang='lat' dir='ltr'>et</span> <span class='ocrx_word' id='word_1_800' title='bbox 2493 5368 2549 5423; x_wconf 92' lang='lat' dir='ltr'>in</span> <span class='ocrx_word' id='word_1_801' title='bbox 2603 5368 2840 5424; x_wconf 85' lang='lat' dir='ltr'>Francia</span> <span class='ocrx_word' id='word_1_802' title='bbox 2893 5371 2950 5423; x_wconf 92' lang='lat' dir='ltr'>et</span> <span class='ocrx_word' id='word_1_803' title='bbox 2980 5366 3133 5438; x_wconf 86' lang='lat' dir='ltr'>apud</span> <span class='ocrx_word' id='word_1_804' title='bbox 3161 5366 3487 5436; x_wconf 83' lang='lat' dir='ltr'>Anglorum</span> 
     </span>
    </p>
   </div>
   <div class='ocr_carea' id='block_1_95' title="bbox 1868 5452 3475 5523">
    <p class='ocr_par' dir='ltr' id='par_1_95' title="bbox 1868 5452 3475 5523">
     <span class='ocr_line' id='line_1_95' title="bbox 1868 5452 3475 5523; baseline -0.007 -8"><span class='ocrx_word' id='word_1_805' title='bbox 1868 5460 2175 5515; x_wconf 85' lang='lat' dir='ltr'>Ecclesiam</span> <span class='ocrx_word' id='word_1_806' title='bbox 2221 5458 2428 5513; x_wconf 86' lang='lat' dir='ltr'>variari</span> <span class='ocrx_word' id='word_1_807' title='bbox 2456 5458 2667 5514; x_wconf 91' lang='lat' dir='ltr'>audivi.</span> <span class='ocrx_word' id='word_1_808' title='bbox 2699 5457 2807 5511; x_wconf 81' lang='lat' dir='ltr'>Alii</span> <span class='ocrx_word' id='word_1_809' title='bbox 2853 5456 3070 5523; x_wconf 89' lang='lat' dir='ltr'>dicunt,</span> <span class='ocrx_word' id='word_1_810' title='bbox 3099 5458 3162 5509; x_wconf 93' lang='lat' dir='ltr'>ut</span> <span class='ocrx_word' id='word_1_811' title='bbox 3204 5452 3475 5517; x_wconf 90' lang='lat' dir='ltr'>arbitror,</span> 
     </span>
    </p>
   </div>
   <div class='ocr_carea' id='block_1_96' title="bbox 1865 5540 3487 5619">
    <p class='ocr_par' dir='ltr' id='par_1_96' title="bbox 1865 5540 3487 5619">
     <span class='ocr_line' id='line_1_96' title="bbox 1865 5540 3487 5619; baseline -0.008 -14"><span class='ocrx_word' id='word_1_812' title='bbox 1865 5549 2181 5606; x_wconf 89' lang='lat' dir='ltr'>secundum</span> <span class='ocrx_word' id='word_1_813' title='bbox 2206 5548 2349 5604; x_wconf 77' lang='lat' dir='ltr'>Atho</span> <span class='ocrx_word' id='word_1_814' title='bbox 2360 5546 2604 5617; x_wconf 90' lang='lat' dir='ltr'>nasium,</span> <span class='ocrx_word' id='word_1_815' title='bbox 2640 5545 2908 5619; x_wconf 83' lang='lat' dir='ltr'>«spiritus</span> <span class='ocrx_word' id='word_1_816' title='bbox 2936 5547 3164 5601; x_wconf 89' lang='lat' dir='ltr'>sanctus</span> <span class='ocrx_word' id='word_1_817' title='bbox 3188 5559 3221 5597; x_wconf 90' lang='lat' dir='ltr'>a</span> <span class='ocrx_word' id='word_1_818' title='bbox 3239 5542 3406 5597; x_wconf 89' lang='lat' dir='ltr'>Patre</span> <span class='ocrx_word' id='word_1_819' title='bbox 3425 5540 3487 5594; x_wconf 91' lang='lat' dir='ltr'>et</span> 
     </span>
    </p>
   </div>
  </div>
