3876 6172
446 360 553 417 1.75
1482 356 1541 412 s.
1589 352 1884 412 ABBONIS
1937 352 2233 414 ABBATIS
2276 358 2768 418 rwmceusrs
3584 380 3669 435 ηδ

449 483 537 542 XI.
592 482 677 537 De
732 482 933 538 clericis
977 481 1152 536 electis
1199 480 1264 536 ab
1318 463 1723 551 aediﬁcatoribus
1802 477 2048 534 ecclesia-
2085 485 2142 545 Α
2169 497 2283 551 quo
2316 481 2453 538 dicit
2479 485 2647 539 Petro
2675 500 2687 538 :
2722 484 2808 539 Tu
2831 501 2881 540 es
2909 484 3125 553 Petrus,
3145 494 3191 542 et
3213 492 3490 560 superhanc
3505 505 3677 565 petram

556 588 697 627 rum.
2156 569 2425 641 aediﬁcabo
2453 571 2745 627 Ecclesium
2776 591 2947 627 meam
2972 573 3183 643 (Matth.
3209 591 3315 645 xvt,
3339 579 3435 651 l8).
3458 581 3581 645 Quia
3595 585 3679 656 igi-

454 662 562 716 XII.
623 661 706 715 De
774 661 1108 717 ordinatione
1159 661 1242 715 vel
1302 661 1674 731 degradatione
1721 659 2053 731 presbytero-
2156 661 2248 713 tur
2278 660 2401 731 ipsa
2432 666 2516 716 est
2546 662 2885 731 oratorium,
2919 663 2989 718 de
3016 681 3126 735 quo
3158 665 3345 721 beatus
3367 669 3514 725 Pater
3539 673 3683 728 Bene-

561 750 702 825 γαίη.
960 821 973 825 _
1042 821 1055 825 _
1552 824 1555 825 ν
1690 823 1697 825 _
1741 822 1754 825 _
1791 821 1804 825 _
2160 748 2342 802 dictus
2373 749 2509 804 dicit
2544 750 2620 819 (S.
2652 752 2975 807 Beuemcr.
3002 752 3135 825 Reg.
3167 770 3286 825 cap,
3317 756 3399 825 52)
3428 778 3439 813 :
3467 778 3493 810 «
3520 760 3685 816 Orato-

454 822 588 876 XIII.
617 822 702 876 De
747 837 804 876 eo
834 821 973 894 quod
999 821 1192 894 absque
1210 825 1441 894 pecunia
1472 823 1699 894 episcopi
1719 821 1937 876 debeant
1973 836 2049 873 or-

2170 836 2310 892 rium
2344 838 2452 893 hoc
2481 840 2552 893 sit
2577 841 2733 911 quod
2759 840 2987 907 dicitur,
3017 821 3121 896 nec
3149 821 3539 916 ibi-quidquam
3565 849 3691 903 aliud

560 909 772 1002 dinari.
865 1001 868 1002 ν
1169 1001 1172 1002 ν
2161 930 2366 997 agatur
2391 931 2489 983 aut
2519 929 2814 983 condatur.
2850 951 2877 978 ››
2931 930 3340 1001 providendum
3385 936 3461 988 est
3498 952 3578 1002 ne,
3619 937 3692 990 cui

450 1000 581 1055 XIV.
612 999 695 1053 De
721 999 967 1055 electione
993 1000 1218 1055 abbatis.
2163 1013 2417 1070 Christus
2466 1016 2913 1071 fundamentum
2933 999 2948 1001 ﬂ
2971 1021 3076 1084 est,
3110 1017 3167 1072 in
3217 1036 3343 1073 usus
3387 999 3695 1078 saecularium

452 1088 558 1145 XV.
590 1088 672 1142 De
701 1089 1035 1144 ordinatione
1059 1088 1279 1157 abbatis,
1313 1096 1362 1143 et
1410 1088 1474 1143 de
1498 1104 1702 1146 accessu
1731 1084 1958 1159 episcopi
1985 1084 2049 1139 ad

2170 1104 2541 1159 transferatur
2571 1109 2809 1176 propter
2836 1105 3069 1179 rapinas
3099 1123 3326 1162 suarum
3355 1125 3551 1175 rerum,
3589 1111 3698 1181 quia

557 1180 955 1233 monasterium.
2158 1192 2844 1264 perhibenturChristiani
2859 1194 3013 1249 intus
3045 1196 3132 1250 vel
3152 1195 3289 1251 foris
3300 1180 3621 1252 violentiam
3632 1199 3701 1253 in-

453 1267 583 1322 XVI.
601 1267 684 1321 De
704 1267 911 1333 abbate,
936 1266 1076 1339 quod
1103 1266 1342 1321 sacerdos
1367 1284 1471 1321 esse
1497 1266 1701 1321 debeat.

2170 1296 2365 1350 gerere
2388 1283 2546 1337 atriis
2577 1284 2784 1338 domus
2816 1283 2937 1338 Dei.
2985 1283 3150 1339 Unde
3184 1284 3516 1339 Theodosius
3544 1290 3594 1340 et
3617 1286 3702 1341 Va-

454 1356 610 1411 XVII.
642 1355 724 1409 De
755 1363 1001 1410 accusata
1033 1356 1224 1410 abbate
1251 1355 1379 1427 quid
1410 1355 1677 1427 agendum
1705 1357 1792 1409 είι-
2159 1368 2511 1425 lentinianus
2539 1371 2800 1443 Augusti,
2827 1372 2975 1427 libro
2994 1388 3150 1427 nono
3178 1374 3389 1444 legum,
3411 1373 3705 1444 capitulo3t,

456 1445 635 1532 XVIII.
668 1444 750 1528 De
778 1445 1048 1532 monachis
1070 1452 1121 1501 et
1149 1445 1665 1514 sanctimonialibus,
1697 1450 1757 1501 ut
1799 1445 2057 1516 regulari-
2158 1456 2464 1526 Antiocho,
2506 1461 2814 1531 praeposito
2839 1459 2998 1532 (σοιι,
3040 1460 3261 1527 Τιιεοάη
3295 1461 3390 1515 ιη),
3418 1461 3575 1529 mm.
3603 1463 3705 1532 45);

564 1524 642 1570 ter
670 1519 872 1571 vivant.

2170 1563 2193 1597 α
2221 1519 2485 1613 Pateant,
2506 1519 2808 1620 inquiunt,
2835 1519 3051 1603 summi
3084 1549 3189 1603 Dei
3233 1519 3447 1620 templa
3478 1519 3712 1605 timenti-

2160 1633 2400 1701 bus,nec
2418 1637 2539 1691 sola
2566 1636 2768 1691 altaria
2788 1639 2846 1691 et
2871 1637 3193 1693 oratorium
3210 1637 3406 1710 templi
3427 1638 3714 1708 circumjec-

2163 1724 2585 1795 tum,quae[al.,
2616 1724 2732 1796 qui]
2766 1725 3030 1780 ecclesias
3054 1725 3469 1798 quadripartito
3489 1724 3720 1780 intrinse-

2081 1805 2133 1864 B
2163 1829 2260 1867 cus
2274 1813 2563 1883 parietum
2588 1816 2752 1886 septu
2777 1814 3086 1882 concludit,
3112 1815 3188 1869 ad
3218 1813 3515 1871 tuitionem
3555 1813 3720 1869 confu-

2163 1901 2447 1972 gientium
2493 1902 2782 1957 sancimus
2834 1919 2953 1958 esse
2992 1902 3314 1975 proposita,
3343 1902 3440 1958 sed
3468 1917 3629 1974 usque
3667 1899 3724 1955 ad

2163 1992 2449 2046 extremas
2482 1990 2635 2046 fores
2665 1990 2939 2057 ecclesim,
2969 2008 3113 2063 quas
3139 1994 3370 2046 oratum
3398 1990 3627 2062 gestiens
3644 2004 3725 2059 po-

2164 2080 2331 2152 pulus
2365 2080 2581 2153 primas
2606 2079 2951 2151 ingreditur,
2983 2080 3453 2151 confugientibus
3479 2095 3627 2133 aram
3651 2093 3724 2131 sa-

2163 2168 2294 2223 lutis
2341 2185 2462 2223 esse
2504 2169 2887 2241 praecipimus;
2929 2173 2986 2224 et
3042 2169 3277 2227 aditum
3310 2168 3520 2242 pariter
3544 2164 3729 2236 templi,

466 1606 595 1660 XIX.
628 1605 712 1660 De
741 1607 931 1661 abbate
960 1607 1031 1661 ad
1047 1624 1220 1677 regem
1240 1608 1562 1678 pertinente.

458 1695 560 1750 XX.
594 1696 678 1752 De
705 1702 901 1751 rectore
928 1695 1275 1751 Floriacensi.

458 1784 587 1839 XXI.
612 1784 696 1838 De
719 1784 1009 1839 sacerdotio
1036 1786 1306 1840 monachi.

458 1873 610 1928 XXII.
641 1872 725 1927 De
748 1876 1019 1929 monachis
1047 1892 1151 1929 non
1175 1874 1506 1928 servantibus
1524 1873 1874 1945 propositum.

456 1962 638 2018 XXIII.
668 1961 753 2017 De
782 1963 982 2018 clericis
1002 1964 1100 2036 qui
1126 1963 1377 2018 monachi
1400 1962 1521 2032 ﬁeri
1544 1962 1748 2030 volunt,
1772 1968 1825 2017 ‘ct
1843 1959 1907 2015 de
1917 1961 2059 2014 inso-

584 2052 746 2108 lentia
776 2056 1133 2125 episwpomm
1167 2055 1223 2107 in
1251 2053 1552 2107 monachos.

458 2139 631 2197 XXIV.
658 2141 744 2196 De
772 2143 975 2198 clericis
1010 2145 1106 2214 qui
1145 2149 1364 2215 propter
1396 2143 1707 2214 :vanitatem
1753 2140 2063 2211 efﬁciuntur

563 2232 827 2287 monachi.

2170 2272 2337 2329 quem
2361 2232 2646 2330 parietum
2678 2232 3083 2329 descripsimus
3132 2232 3345 2313 cinctd.
3384 2257 3451 2311 Et
3491 2258 3609 2328 post
3633 2232 3735 2308 loca

463 2316 611 2419 XXV;
639 2318 729 2419 De.
739 2321 1150 2389 possessionibus
1179 2318 1423 2385 ecclesiae,
1453 2320 1509 2371 in
1533 2316 1722 2390 quibus
1739 2316 1921 2371 clerici
1942 2315 2063 2369 aedi-
2165 2315 2410 2415 ﬁublicg,
2435 2346 2644 2418 januas
2672 2315 2890 2419 prima;
2918 2345 3174 2402 ecclesia,
3192 2344 3476 2419 quidquid
3492 2315 3657 2399 ’ςυετίι
3674 2340 3741 2395 in.

565 2406 750 2508 ίξεαηξξ
973 2498 1007 2508 η
1143 2498 1153 2508 ⁸
1194 2496 1228 2508 η
1333 2497 1346 2508 ,
1591 2497 1605 2508 ¹
1726 2497 1735 2507 _
1839 2495 1851 2505 .
2166 2434 2471 2504 terjacens,
2491 2435 2604 2490 sive
2636 2436 2695 2490 in
2722 2436 2957 2503 cellulis,
2981 2435 3094 2490 sive
3127 2435 3190 2490 in
3218 2433 3505 2501 domibus,
3534 2428 3740 2485 hortulis

461 2492 647 2638 XXVI}
693 2494 777 2549 De
833 2496 1228 2550 δαηείὺηοηίαίί
1262 2497 1346 2551 vel
1392 2497 1649 2552 monac“
1713 2497 1771 2551 in
1819 2512 1910 2567 7"“
1969 2509 2061 2550 ω’
2166 2525 2223 2577 et
2254 2524 2495 2593 balneis,
2515 2524 2663 2580 areis
2685 2528 2856 2596 atque
2880 2524 3219 2598 porticibus,
3246 2524 3520 2596 confugas
3548 2518 3745 2576 interio-

560 2600 622 2638 ca
652 2600 703 2638 0.
2167 2610 2622 2638 -μ.ιΑ-.ηιε-λ--
2651 2617 2882 2638 μ---μ--
2930 2614 3125 2638 nuu_:_
3170 2611 3524 2638 --ι-,ιηηηλη
3567 2623 3742 2638 Ληοηη-

560 2600 703 2638 cato.

2167 2610 2247 2667 ris
2272 2613 2477 2685 templi
2505 2615 2626 2669 vice
2651 2617 2899 2670 tueatur.
2928 2615 3040 2669 Nec
3070 2614 3132 2671 in
3166 2611 3526 2671 extrahendo
3566 2626 3652 2665 eos
3666 2623 3743 2661 co-

2167 2705 2339 2757 netur
2357 2703 2663 2776 quisquam
2690 2704 2993 2776 sacrilegas
3009 2720 3223 2760 manus
3246 2701 3748 2768 immittere,neque

2168 2790 2283 2862 (aL,
2305 2808 2378 2845 ne
2395 2790 2492 2863 qui
2523 2793 2659 2863 hoc.)
2679 2810 2847 2848 ausus
2877 2793 2971 2860 sit,
2997 2810 3134 2849 cum
3166 2791 3488 2848 discrimen
3515 2803 3667 2842 suum
3686 2783 3750 2836 vi-

2165 2878 2319 2946 deat,
2357 2879 2431 2934 ad
2456 2881 2897 2952 expendendam
2932 2897 3110 2952 opem
3156 2880 3272 2952 ipsi
3303 2895 3534 2954 quoque
3580 2873 3753 2930 coniu-

2165 2968 2346 3040 giant.
2363 2970 2519 3024 Hanc
2550 2972 2744 3024 autem
2770 2969 2938 3041 spatii
2958 2970 3338 3025 latitudinem
3362 2968 3493 3022 ideo
3516 2963 3754 3032 Indulge-

2101 3080 2148 3140 α
2170 3074 2316 3125 mus,
2354 3076 2425 3112 ne
2458 3058 2515 3113 in
2546 3058 2669 3129 ipso
2696 3058 2797 3114 Dei
2826 3059 3044 3130 templo
3072 3063 3130 3113 et
3166 3054 3553 3114 sacrosanctis
3594 3047 3759 3107 altari-

2168 3148 2273 3202 bus
2319 3148 2775 3219 confugientium
2811 3165 3170 3220 quemquam
3209 3163 3393 3204 mane
3440 3145 3527 3199 vel
3554 3154 3760 3212 vespere

2168 3236 2379 3291 cubare
2410 3238 2496 3292 vel
2528 3240 2868 3309 pernoctare
2900 3237 3089 3304 liceat,
3108 3236 3253 3309 ipsis
3274 3237 3394 3292 hoc
3424 3231 3637 3289 clericis
3660 3226 3767 3283 reli-

2167 3324 2356 3396 gionis
2381 3343 2552 3381 causa
2575 3326 2921 3383 vetantibus.
2954 3346 2984 3378 υ

2239 3415 2750 3471 ΙΝτεκΡκετ-Ατιο.
2783 3413 3043 3469 Ecclesiae
3065 3418 3208 3468 sunt
3238 3414 3373 3469 loca
3393 3412 3515 3467 Deo
3530 3407 3773 3472 dicata,ct

2168 3501 2298 3559 ideo
2314 3519 2466 3572 reos,
2495 3503 2591 3577 qui
2615 3504 2830 3559 ibidem
2856 3503 3139 3574 compulsi
3174 3503 3399 3558 timore
3413 3496 3771 3569 confugerint,

2170 3592 2252 3648 ita
2278 3596 2551 3649 tueantur
2580 3595 2643 3660 ut
2666 3595 2857 3648 nullus
2887 3592 3024 3648 locis
3055 3592 3278 3647 sanctis
3307 3592 3386 3647 ad
3410 3586 3776 3661 direptionem

2169 3699 2369 3739 rerum
2390 3683 2505 3738 vim
2536 3686 2636 3738 aut
2657 3699 2865 3737 manus
2889 3681 3095 3737 afferre
3118 3683 3458 3752 prmsumat
3474 3696 3492 3746 ;
3511 3678 3609 3735 sed
3638 3671 3779 3747 quid-

2170 3772 2309 3844 quid
2338 3772 2507 3844 spatii
2536 3774 2622 3827 vel
2649 3772 2707 3827 in
2734 3771 3072 3845 porticibus,
3098 3773 3193 3828 vel
3226 3771 3293 3827 in
3327 3769 3484 3827 areis
3515 3767 3590 3823 ad
3618 3764 3778 3820 eccle‘

2170 3860 2315 3916 siam
2349 3861 2745 3933 adjacentilms
2770 3861 3043 3932 pertinet,
3078 3862 3246 3917 velut
3280 3859 3573 3915 interiora
3600 3849 3782 3923 templi

464 3938 739 3996 XXXVIII.
770 3940 858 3996 De
895 3959 951 3997 eo
985 3942 1124 4016 quod
1143 3945 1410 4015 episcopus
1436 3944 1649 3999 tertiam
1668 3946 1883 4014 partem
1907 3938 2049 3997 eccle‘

2170 3950 2339 4022 prisci
2346 3951 2534 4023 pimus
2554 3950 2847 4016 custodiri,
2868 3954 2932 4004 ut
2950 3967 3077 4005 reos
3102 3950 3347 4005 timoris
3360 3946 3667 4005 necessitas
3680 3954 3784 3996 non

458 2670 654 2738 XXVII,
685 2672 769 2728 De
796 2672 883 2729 his
908 2690 1028 2747 quae
1046 2676 1346 2746 oﬂ‘eruntur
1363 2674 1606 2732 ecclesiae.

459 2761 680 2818 XXVIII.
725 2764 811 2819 De
879 2764 1128 2835 episcopis
1180 2764 1525 2820 invasoribus
1550 2763 1906 2836 pratermissa
1970 2778 2060 2832 sy-

565 2851 722 2906 nodo.

461 2938 637 2998 XXIX.
667 2941 752 2996 De
781 2944 1060 2998 tricennali
1072 2944 1490 3015 praesagitione.

456 3027 609 3083 XXX.
641 3029 724 3083 De
749 3031 868 3086 dote
892 3032 1247 3088 ecclesiarum.

460 3115 642 3173 XXXI.
668 3119 750 3174 De
774 3123 1029 3192 episcopo,
1063 3124 1193 3194 quid
1223 3122 1412 3178 habere
1441 3121 1621 3176 debeat
1651 3121 1714 3175 de
1756 3122 1987 3177 ecclesia.

462 3203 667 3265 XXXII.
700 3210 783 3264 De
813 3212 963 3265 rebus
989 3212 1213 3267 ccclesia'
1241 3219 1290 3266 et
1316 3213 1379 3266 de
1397 3213 1672 3283 proximis
1707 3212 2060 3281 fundatorum

567 3317 613 3370 ε]
623 3318 699 3354 us.

459 3387 687 3444 XXXIII.
716 3388 799 3444 De
817 3389 1121 3460 provisione
1140 3390 1392 3460 su/[ragii
1414 3390 1789 3460 episcoporum.

461 3475 685 3532 XXXIV.
713 3476 797 3531 De
826 3477 1119 3547 indigentia
1158 3494 1343 3532 eorum
1371 3479 1465 3550 qui
1486 3494 1566 3533 res
1610 3495 1733 3533 suas
1761 3475 2068 3532 obtulerunt

568 3565 811 3621 ecclesiae.

461 3652 665 3709 XXXV.
696 3654 779 3709 De
807 3657 1035 3709 avaritia
1061 3655 1409 3713 sacerdotum.

462 3741 693 3799 XXXVI.
722 3744 805 3799 De
834 3746 1031 3816 injuste
1068 3747 1558 3802 excommunicatis.

469 3830 721 3889 XXXVII.
741 3833 825 3889 De
848 3835 1072 3889 ecclesiis
1091 3842 1141 3890 et
1162 3854 1346 3891 earum
1368 3836 1734 3907 presbyteriis.

570 4032 662 4085 sise
679 4038 854 4103 potest
878 4032 1006 4087 dare
1022 4035 1113 4087 cui
1130 4033 1383 4090 voluerit.

2170 4039 2534 4110 constringat
2547 4039 2700 4094 circa
2720 4038 2922 4093 alteria
2944 4043 3286 4107 manere,et
3311 4039 3448 4094 loca
3460 4027 3788 4109 venerabilia

461 4118 689 4177 XXXIX.
722 4120 804 4176 De
830 4123 1111 4178 sanctitate
1138 4124 1261 4177 vitae
1278 4122 1609 4178 clericorum.
2171 4129 2523 4201 polluantur.
2550 4128 2699 4182 Sane
2734 4127 2777 4181 si
2801 4128 2898 4199 qui
2923 4127 2995 4182 ad
3018 4132 3226 4182 sancta
3258 4130 3395 4183 loca
3410 4119 3787 4195 confugerint,

461 4208 572 4267 XL.
603 4210 684 4264 De
711 4209 841 4283 ﬁliis
868 4212 1218 4281 sacerdotum,
1248 4212 1333 4266 vel
1356 4212 1747 4268 ministrorum.
2172 4233 2355 4285 arma,
2370 4217 2414 4272 si
2447 4234 2559 4288 qua
2576 4233 2768 4272 secum
2790 4216 3343 4289 portaverint,mox
3374 4216 3793 4289 deponant,nec

463 4300 596 4368 XLI,
628 4300 711 4353 De
739 4301 889 4355 rebus
908 4300 1133 4357 ecclesia
1161 4300 1542 4374 dispensandis.
2097 4338 2150 4397 D
2172 4322 2229 4361 se
2248 4306 2536 4362 aestiment
2552 4306 2737 4378 magis
2762 4322 3061 4362 armorum
3076 4305 3366 4377 praesidio
3382 4320 3565 4378 quam
3587 4300 3793 4397 sancto-

464 4395 623 4453 XLII.
665 4397 737 4453 Ut
766 4399 944 4453 nullus
969 4400 1240 4472 episcopus
1262 4400 1365 4455 sibi
1389 4399 1556 4471 eligat
1571 4410 1936 4456 successorem.
2097 4390 2140 4397 —
2171 4411 2302 4451 rum
2334 4397 2595 4451 locorum
2625 4395 2999 4451 veneratione
3030 4394 3304 4451 defendi.
3343 4393 3521 4459 Quod
3558 4391 3602 4446 si
3635 4390 3797 4458 depo-

464 4483 646 4541 XLIII.
674 4485 757 4541 De
784 4486 1150 4545 Eucharistia.
2174 4501 2313 4539 nere
2347 4501 2512 4540 arma
2542 4484 2854 4550 noluerint,
2890 4486 2947 4538 et
2977 4483 3275 4539 sacerdoti
3313 4484 3409 4539 vel
3444 4478 3669 4538 clericis
3696 4489 3799 4530 non

464 4573 645 4629 wa,
677 4575 761 4629 De
788 4578 1179 4633 accusatoribus
1203 4579 1551 4638 sacerdotum,
2174 4574 2546 4641 crediderint,
2578 4574 2761 4630 sciant
2794 4591 2852 4629 se
2902 4577 3279 4629 armatorum
3336 4572 3569 4630 viribus
3595 4571 3804 4645 pertra-

469 4662 625 4721 XLV.
665 4663 749 4720 De
777 4667 1030 4738 episcopis
1052 4668 1107 4721 in
1126 4666 1404 4739 judicium
1428 4673 1716 4728 testimonii
1759 4689 1922 4729 causa
1951 4688 2070 4728 e'oo-
2172 4663 2416 4720 hendos.
2458 4662 2517 4719 Si
2544 4680 2681 4719 vero
2714 4662 2920 4736 aliquis
2961 4663 3279 4720 extrahere
3317 4664 3397 4720 de
3432 4661 3581 4719 locis
3603 4654 3802 4715 sanctis

573 4754 729 4813 eatis.
2173 4753 2495 4826 quemlibet
2522 4769 2689 4808 reum
2722 4768 3065 4826 quacunque
3096 4754 3347 4809 ratione
3379 4748 3807 4815 tentaverit,ca-

468 4841 647 4901 XLVI.
681 4844 765 4900 De
800 4844 883 4899 his
906 4846 1003 4919 qui
1017 4852 1200 4902 contra
1222 4849 1517 4923 episcopum
1546 4850 1739 4908 habent
1760 4867 1997 4909 causam.
2174 4842 2337 4915 pitali
2367 4840 2645 4915 supplicio
2680 4858 2799 4897 esse
2821 4840 3258 4898 damnandum.

465 4931 665 4989 XLVII.
695 4934 779 4992 De
800 4937 1060 4991 accusatis
1088 4939 1358 5010 episcopis.

2175 4954 2242 5011 II.
2280 4982 2355 4994 —
2400 4949 2484 5005 De
2557 4949 2922 5020 defensoribus
2970 4948 3335 5007 ecclesiarum
3412 4947 3519 5013 uel,
3562 4947 3818 5004 monaste-

464 5021 691 5081 XLVIII.
722 5023 807 5081 De
837 5029 1145 5082 testimoniis
1171 5029 1496 5088 clericorum.
2858 5023 3082 5077 νίονωηο

467 5112 648 5171 XLIX.
672 5113 759 5170 De
774 5114 1337 5189 frequentizsacrzﬁcio.
2170 5185 2182 5189 Α
2241 5112 2587 5168 Defensores
2598 5110 2968 5167 ecclesiarum
2988 5108 3086 5183 qui
3102 5108 3823 5178 dicunturhodie,contra

466 5201 527 5258 L.
547 5203 631 5261 De
656 5185 1028 5263 militantibus.
1196 5185 1203 5188 ﬁ
2156 5185 2578 5259 ’auctoritatem
2594 5202 2786 5274 legum
2801 5203 3157 5256 etcanonum
3171 5199 3294 5255 sibi
3316 5201 3503 5256 defen
3517 5192 3823 5267 duntquod

472 5292 559 5352 LI.
590 5294 674 5348 De
689 5295 961 5367 stipendiis
994 5297 1247 5354 militum.
2176 5294 2368 5349 fuerat
2390 5290 2532 5364 juris
2562 5288 2957 5358 ecclesiarum,
2987 5289 3183 5362 sicque
3212 5289 3594 5347 violentiam
3615 5281 3829 5343 clericis

467 5381 579 5442 LII.
613 5382 697 5440 De
721 5385 1076 5443 militantibus
1105 5388 1323 5442 clericis.
2180 5389 2238 5437 et
2267 5380 2566 5438 monachis
2596 5379 2936 5452 ingerendo,
2957 5395 3050 5435 res
3072 5377 3479 5436 ecclesiarum
3505 5395 3613 5435 seu
3637 5387 3831 5431 mona-

538 5474 582 5529 I.
616 5504 680 5517 —-
708 5475 792 5531 De
818 5477 1017 5533 honore
1042 5477 1384 5533 ecclesiarum
1422 5481 1473 5531 et
1500 5476 1960 5532 monasteriorum.
2179 5471 2491 5528 steriorum
2525 5468 2943 5525 usufructuario
2962 5467 3273 5539 diripiunt,
3313 5469 3575 5524 calones
3602 5466 3665 5521 in
3695 5478 3831 5537 pau-

537 5562 791 5620 Ecclesia
819 5581 949 5640 quas
980 5568 1069 5623 est
1094 5566 1385 5642 templum
1411 5565 1515 5623 Dei
1544 5564 1671 5636 vivi,
1705 5582 1818 5641 quo
1849 5567 2073 5624 honore
2177 5564 2467 5636 pertatem
2497 5560 2789 5632 redigunt,
2817 5557 3209 5633 possessiones
3271 5556 3688 5613 ecclesiarum
3720 5568 3833 5610 non

463 5650 737 5714 habenda
765 5653 861 5729 sit,
891 5658 1135 5716 testatur
1182 5657 1305 5736 ipse
1354 5656 1641 5718 Dominus
1669 5655 1732 5716 in
1763 5656 2073 5733 Evangelio
2179 5654 2417 5728 augent,
2449 5650 2551 5709 sed
2578 5651 2881 5718 minuunt,
2934 5650 2992 5708 et
3020 5661 3287 5725 quorum
3316 5646 3697 5709 defensores
3721 5655 3839 5704 esse
