3876 6172
210 361 295 418 677

1434 348 1818 431 COLLECTIO
1863 349 2196 408 CANONUM

3363 355 3467 412 478

209 479 500 550 debuerant,
530 491 628 530 eos
656 477 901 532 vastant.
927 473 1098 531 Patet
1126 491 1325 530 rerum
1353 474 1520 546 copia
1549 471 1766 528 cunctis
1788 481 1843 542 Α
1867 471 2039 527 certis
2065 471 2224 526 horis
2251 470 2610 528 orationibus
2637 469 2920 540 insistere,
2952 474 3089 527 ante
3127 472 3299 528 horas
3327 488 3466 530 cou-

209 565 429 624 hostibus
455 562 684 637 praedae,
718 579 822 618 nec
853 567 1063 634 parant
1093 565 1296 620 saltem
1330 565 1416 618 vel
1450 561 1635 618 verbis
1665 562 1766 617 ob-

205 657 352 720 viant,
381 657 437 708 ut
463 652 749 720 resistant,
784 651 882 724 qui
913 671 970 707 se
1000 657 1205 726 putant
1234 670 1350 708 non
1369 653 1496 724 jam
1525 651 1764 706 advoca-

203 747 294 809 tos,
321 741 410 796 sed
452 740 736 808 dominos,
789 740 927 795 dum
969 743 1099 813 post
1146 743 1472 796 abscessum
1511 739 1760 795 hostium

202 832 509 887 consumunt
550 828 831 900 quidquid
873 829 1046 884 fuerit
1085 831 1400 897 residuum,
1433 831 1598 901 juxta
1627 828 1765 883 illud

197 917 554 992 propheticum
585 934 598 972 ε
627 917 921 972 Residuum
961 936 1132 973 eruca"
1181 920 1402 974 comedit
1455 919 1671 984 lucusta,
1715 923 1765 971 et

195 1009 422 1064 residuum
451 1006 663 1060 locustae
678 1006 900 1062 comedit
916 1007 1158 1076 bruchus,
1179 1008 1453 1079 etc.(Joel.
1481 1025 1518 1070 ι,
1541 1007 1618 1080 4).
1651 1008 1760 1062 De-

194 1098 336 1170 nique
362 1094 570 1150 idcirco
600 1095 860 1150 videmus
891 1099 1154 1152 ecclesias
1185 1099 1521 1163 destructas,
1555 1114 1759 1151 mona-

189 1183 1082 1256 steriaquaedamdirutaquaedam
1104 1185 1176 1241 ad
1193 1203 1484 1241 summam
1505 1185 1762 1256 inopiam

187 1275 538 1346 redacta,qum
551 1273 845 1329 bonorum
858 1274 1114 1330 virorum
1127 1275 1763 1348 eleemosynaaliquan-

185 1364 244 1420 do
265 1363 575 1418 ﬂoruerunt
603 1363 664 1417 in
696 1379 908 1434 magna
942 1364 1145 1434 gloria,
1170 1364 1305 1436 quia
1329 1363 1494 1420 multi
1526 1381 1584 1418 se
1611 1365 1760 1418 ultro

184 1452 454 1507 oli'erentes
483 1452 588 1506 sub
635 1451 1026 1507 advocationis
1059 1453 1322 1520 obtentu,
1355 1453 1426 1508 de
1453 1452 1760 1526 possessio-

181 1542 335 1607 nibus,
376 1541 444 1596 de
499 1540 842 1607 redditibus,
896 1540 967 1596 de
1015 1541 1399 1596 oblationibus
1447 1542 1762 1598 maximam

180 1630 470 1702 portionem
499 1628 900 1701 intercipiunt,
934 1646 1108 1702 quam
1149 1630 1522 1685 ecclesiastici
1555 1647 1762 1702 capere

181 1717 483 1774 debuerant.
517 1717 682 1772 Unde
711 1720 775 1772 ut
802 1719 931 1772 talis
961 1719 1335 1791 prmsumptio
1382 1723 1649 1784 cessaret,
1683 1719 1762 1775 ita

1868 576 2040 630 gruas
2079 577 2197 615 non
2248 561 2480 632 gustare
2521 559 2734 614 cibum.
2776 559 2871 614 Vae
2909 562 3050 616 enim
3095 568 3265 628 terra,
3317 563 3470 633 cujus

1867 667 1958 704 rex
1979 656 2054 704 est
2065 667 2222 720 puer,
2255 655 2306 704 et
2333 651 2486 720 cujus
2503 652 2769 722 principes
2795 667 2951 705 mane
2969 651 3246 705 comedunt
3265 649 3466 724 (Eccle.

1865 755 1922 806 κ,
1958 737 2060 808 16).
2091 739 2220 792 Haec
2259 739 2424 809 regni
2469 740 2913 810 prosperitatem
2961 738 3020 794 in
3071 741 3341 810 prmsenti
3387 742 3470 796 fa-

1867 827 2044 895 ciunt,
2079 829 2135 882 et
2162 843 2364 900 regem
2395 827 2469 882 ad
2497 827 2746 882 cmlestia
2782 844 2963 899 regna
2991 828 3233 884 meliora
3261 830 3470 900 perdu-

1863 921 2020 972 cunt.
2055 937 2083 966 »

2287 1006 2374 1061 ιν.
2405 1037 2475 1048 -
2500 1007 2583 1062 De
2629 1006 2882 1079 ﬁdelitate
2919 1009 3072 1077 regis,

1935 1093 2076 1149 Cum
2107 1093 2260 1166 regis
2288 1095 2672 1152 ministerium
2704 1096 2776 1151 sit
2813 1097 2984 1152 totius
3028 1095 3196 1167 regni
3239 1095 3468 1168 penitus

1863 1183 2100 1254 negotia
2129 1183 2430 1253 discutere,
2465 1201 2538 1240 ne
2568 1185 2705 1258 quid
2735 1185 2793 1240 in
2821 1186 2902 1240 eis
2944 1189 3121 1240 lateat
3145 1185 3460 1256 injustitiaa,

1862 1273 2158 1344 quomodo
2193 1274 2267 1329 ad
2292 1277 2454 1329 tanta
2484 1274 2697 1347 poterit
2713 1275 3038 1342 subsistere,
3059 1273 3168 1329 nisi
3199 1291 3461 1330 annuen-

1866 1361 2017 1416 tibus
2037 1362 2320 1434 episcopis
2355 1366 2411 1418 et
2431 1363 2780 1434 primoribus
2807 1364 3016 1436 regni?
3043 1365 3110 1418 Et
3149 1380 3280 1419 cum
3310 1366 3464 1438 Apo-

1865 1451 2042 1506 stolus
2065 1451 2245 1506 dicat:
2265 1451 2441 1508 Deum
2467 1455 2659 1520 timete,
2688 1469 2858 1523 regem
2873 1453 3213 1522 honoriﬁcate
3239 1451 3290 1526 (1
3310 1453 3462 1517 Petr.

1864 1556 1926 1607 η,
1951 1539 2060 1611 17),
2085 1557 2198 1612 qua
2214 1542 2439 1596 ratione
2461 1541 2546 1595 sui
2583 1541 2885 1596 ministerii
2913 1541 3060 1596 vices
3094 1540 3380 1596 exercebit
3409 1540 3468 1595 in

1864 1629 2294 1684 contumacium
2327 1629 2592 1700 perﬁdia,
2615 1629 2660 1684 si
2689 1630 2741 1684 ei
2764 1629 3047 1701 primores
3069 1629 3235 1702 regni
3260 1629 3468 1685 auxilio

1865 1719 1924 1770 et
1951 1718 2192 1773 concilio
2225 1734 2342 1772 non
2374 1718 2683 1772 exhibeant
2713 1718 2974 1774 debitum
3004 1719 3291 1773 honorem
3340 1734 3472 1773 cum

178 1809 373 1861 cautum
403 1809 492 1861 est
517 1805 580 1860 in
611 1805 852 1862 concilio
883 1807 1177 1876 Africano,
1201 1824 1327 1879 cap.
1357 1809 1446 1863 64.
1482 1828 1514 1862 <<
1543 1807 1762 1864 Placuit
1787 1803 1840 1862 B
1863 1805 2023 1859 omni
2041 1805 2524 1879 reverentia?lpse
2545 1806 2703 1861 enim
2725 1809 2877 1860 solus
2899 1823 3016 1862 non
3035 1806 3244 1862 sufficit
3264 1806 3336 1862 ad
3355 1822 3478 1862 om-

178 1896 320 1949 etiam
343 1897 403 1949 ut
429 1896 639 1967 petant
667 1911 736 1950 ex
766 1895 1004 1951 nomine
1033 1896 1464 1969 provinciarum
1495 1897 1760 1952 omnium

176 1982 314 2054 legati
339 1981 686 2054 perrecturi,
715 1982 1049 2038 Vincentius
1078 1987 1135 2038 et
1167 1985 1554 2052 Fortunatius,
1579 2003 1613 2040 a
1638 1986 1760 2057 glo-

175 2071 459 2126 riosissimis
489 2071 969 2145 imperatoribus,
1003 2075 1065 2128 ut
1096 2072 1235 2127 dent
1281 2073 1617 2128 facultatem
1650 2075 1750 2129 de-

173 2158 390 2216 fensores
419 2159 818 2216 constituendi
845 2160 1232 2229 scholasticos,
1259 2161 1355 2234 qui
1387 2163 1448 2218 in
1474 2155 1606 2217 actu
1623 2165 1760 2217 sunt

175 2250 243 2302 vel
266 2249 316 2303 in
343 2265 592 2304 munere
636 2249 987 2305 defensionis
1023 2265 1349 2318 causarum,
1383 2254 1446 2311 ut
1479 2268 1641 2307 more
1672 2267 1758 2306 sa-

173 2337 434 2392 cerdotum
461 2337 780 2411 provinciae
819 2337 880 2392 id
918 2337 1047 2408 ipsi,
1080 2337 1177 2410 qui
1209 2337 1609 2394 defensionem
1661 2357 1754 2395 ec-

173 2426 433 2481 clesiarum
468 2427 856 2498 susceperint,
887 2426 1142 2482 habeant
1163 2427 1496 2483 facultatem
1526 2446 1630 2501 pro
1653 2447 1752 2484 ne-

170 2514 308 2584 gotiis
335 2515 734 2582 ecclesiarum,
763 2515 988 2587 quoties
1029 2516 1336 2572 necessitas
1386 2517 1749 2590 tlagitaverit,

169 2602 238 2656 vel
263 2603 327 2658 ad
356 2603 758 2660 obsistendum
790 2605 1218 2678 obrepentibus,
1241 2607 1415 2662 velad
1435 2609 1754 2664 necessaria

169 2692 508 2763 suggerenda
544 2693 770 2764 ingredi
795 2692 1054 2762 judicum
1087 2695 1411 2750 secretaria.
1445 2716 1474 2744 »

527 2782 620 2835 Ill.
653 2812 722 2821 —
749 2781 832 2836 De
871 2783 1161 2837 ministerio
1203 2785 1358 2853 regis.

219 2866 378 2933 Quale
395 2869 794 2925 ministerium
829 2870 984 2942 regis
999 2869 1091 2938 sit,
1115 2873 1173 2926 et
1194 2871 1313 2942 ipse
1341 2871 1616 2928 suiofﬁcii
1647 2890 1752 2931 no-

161 2955 294 3010 mine
306 2959 524 3029 prodit,
547 2961 603 3014 et
616 2959 792 3014 totius
805 2960 970 3032 regni
990 2963 1256 3032 suscepta
1271 2977 1406 3016 cura
1423 2961 1750 3024 innotescit;

1861 1892 1960 1948 nia
1982 1893 2150 1966 regni
2179 1894 2360 1948 utilia.
2379 1893 2598 1950 Idcirco
2630 1894 2918 1967 partitoin
2937 1895 3064 1950 aliis
3093 1911 3291 1964 onere,
3323 1911 3466 1968 quos

1860 1979 2066 2052 dignos
2097 1981 2279 2036 credit
2305 1983 2551 2049 honore,
2583 1983 2962 2039 honorandus
2991 1985 3077 2037 est
3105 1985 3163 2036 et
3189 1982 3310 2054 ipse
3351 1983 3466 2038 sin-

1858 2085 1992 2125 cera
2011 2070 2418 2139 devotione,ne
2436 2071 2560 2144 quis
2582 2071 2633 2126 ei
2655 2071 3014 2126 contradicat
3033 2071 3466 2142 quomodocun—

1859 2175 1991 2230 que,
2025 2158 2160 2232 quia
2189 2161 2286 2232 qui
2299 2163 2556 2232 potestati
2583 2163 2794 2228 resistit,
2826 2160 2932 2215 Dei
2977 2161 3310 2214 ordinatiom‘
3335 2161 3464 2214 resi-

1854 2251 1947 2302 stit
1967 2247 2144 2320 (Rom.
2177 2266 2297 2316 xm,
2329 2250 2438 2321 l2).
2468 2248 2763 2321 Siquidem
2790 2254 2853 2304 ut
2883 2249 3088 2304 melius
3119 2253 3204 2304 est
3233 2265 3350 2304 non
3369 2266 3466 2305 vo-

1857 2352 1988 2392 vere
2015 2354 2189 2410 quam
2221 2341 2352 2408 post
2382 2343 2576 2395 votum
2606 2357 2724 2394 non
2754 2337 3119 2406 reddere,ita
3146 2337 3352 2393 melius
3377 2340 3464 2392 est

1855 2426 2122 2481 electioni
2143 2426 2420 2500 principis
2438 2444 2558 2482 non
2589 2428 2944 2483 subscribere
2973 2445 3146 2499 quam
3169 2429 3298 2498 post
3326 2426 3460 2482 sub-

1856 2513 2229 2586 scriptionem
2257 2517 2504 2570 electum
2537 2520 2914 2571 contemnere
2949 2517 3032 2570 vel
3081 2515 3458 2588 proscribere,

1855 2605 2324 2676 quandoquidem
2339 2605 2396 2660 in
2421 2607 2600 2662 altero
2628 2607 2906 2662 libertatis
2925 2621 3090 2661 amor
3110 2602 3462 2672 laudatur,in

1853 2693 2037 2747 altero
2061 2693 2279 2748 servilis
2290 2696 2654 2750 contumacia
2665 2695 2848 2766 probo
2863 2695 3190 2750 datur.Tres
3206 2707 3460 2765 namque

1853 2781 2162 2836 electiones
2178 2784 2480 2854 generales
2501 2783 2780 2846 novimus,
2807 2800 3050 2855 quarum
3073 2799 3188 2838 una
3203 2785 3288 2837 est
3306 2779 3460 2853 regis

1851 2869 1938 2922 vel
1969 2869 2353 2941 imperatoris,
2383 2872 2564 2925 altera
2592 2871 2897 2941 pontiﬁcis,
2929 2871 3099 2926 tertia
3129 2869 3370 2925 abbatis.
3391 2869 3460 2923 Et

1852 2956 2104 3027 primam
2137 2958 2373 3030 quidem
2405 2959 2541 3013 facit
2583 2959 2893 3014 concordia
2923 2959 3094 3012 totius
3135 2957 3334 3029 regni;
3367 2973 3456 3011 se-

160 3059 244 3099 nec
268 3047 446 3118 magis
479 3048 606 3102 ulla
651 3049 940 3103 sententia
985 3049 1245 3104 animum
1291 3050 1444 3120 regis
1492 3051 1564 3105 ad
1601 3052 1750 3106 bene
1781 3056 1825 3119 Ο
1851 3047 2102 3102 cundam
2133 3065 2266 3102 vero
2300 3048 2652 3102 unanimitas
2679 3048 2888 3103 civium
2917 3052 2972 3102 et.
3001 3047 3138 3102 cleri
3167 3065 3181 3115 ;
3221 3045 3456 3100 tertiam

161 3135 417 3203 agendum
438 3135 882 3208 subrigitquam
909 3136 1268 3193 diversorum
1287 3139 1618 3212 principum
1641 3141 1749 3194 cle'

158 3223 344 3277 mentia
361 3224 669 3298 proposita
687 3225 792 3280 sub
817 3226 1115 3298 exemplis,
1150 3227 1283 3298 quia
1314 3230 1372 3282 et
1387 3227 1746 3283 Constantini

158 3307 492 3380 imperatoris
529 3315 914 3369 mansuetudo
945 3315 1380 3371 laudaturinter
1407 3317 1746 3372 dissidentes

161 3397 443 3473 episcopos,
473 3406 534 3456 et
555 3401 827 3456 Marciani
855 3418 1003 3472 pura
1029 3403 1170 3458 ﬁdes
1191 3403 1342 3458 inter
1358 3406 1658 3460 haereticos
1688 3410 1746 3460 et

158 3487 628 3546 orthodoxos.Sed
643 3491 711 3545 de
733 3491 985 3546 externis
1003 3491 1140 3563 quid
1153 3493 1742 3565 loquor,etloquendo

158 3569 568 3646 immorer,cum
591 3579 666 3633 ad
689 3579 1180 3652 dispensationem
1205 3582 1532 3653 reipublicae
1565 3583 1746 3637 etuti-

154 3660 342 3719 litatem
354 3667 738 3722 ecclesiarum
761 3671 925 3722 tanta
937 3667 1114 3722 fuerit
1129 3668 1313 3739 pietas
1345 3685 1409 3722 ac
1437 3669 1746 3740 prudentia

157 3747 390 3819 Caroli,et
405 3755 510 3810 ﬁlii
533 3757 588 3827 ej
600 3773 662 3810 us
687 3756 994 3812 Ludovici?
1031 3757 1197 3812 Certe
1215 3758 1444 3830 utrique
1467 3775 1570 3829 pro
1597 3762 1743 3813 tem-

151 3852 265 3907 pore
285 3861 343 3900 ac
367 3845 609 3901 ratione
629 3849 910 3900 noverant
935 3861 1171 3917 parcere
1187 3847 1455 3916 subjectis
1468 3850 1526 3900 et
1545 3847 1741 3902 debel-

152 3923 248 3982 lare
273 3934 571 4005 superbos.
604 3933 767 3989 Unde
790 3951 857 3990 ex
884 3935 1064 4002 libris,
1101 3935 1199 4007 qui
1249 3952 1316 3989 ex
1352 3935 1609 3990 conciliis
1657 3937 1743 3991 sui

149 4016 393 4090 temporis
417 4022 619 4078 eﬂecti
645 4026 776 4078 sunt
790 4040 922 4078 cum
935 4023 1292 4094 subjectione
1317 4023 1740 4096 episcoporum,

152 4112 332 4176 quanta
344 4111 514 4167 facile
535 4115 628 4166 est
646 4111 912 4184 reperiri,
929 4128 1261 4183 expressum
1295 4113 1444 4169 libro
1473 4131 1532 4182 ιι,
1555 4130 1681 4184 cap.
1717 4119 1734 4170 l

153 4191 358 4257 (Concil.
382 4199 576 4255 Paris.
597 4205 695 4268 v1),
716 4205 846 4271 post
877 4202 1070 4274 aliqua
1102 4219 1114 4256 :
1151 4225 1178 4252 «
1209 4203 1434 4257 Iustitia
1462 4203 1614 4274 regis
1637 4207 1743 4278 est,

150 4285 420 4344 nominem
446 4289 670 4361 injuste
686 4307 792 4362 per
803 4291 1127 4362 potentiam
1149 4291 1505 4364 opprimere,
1525 4293 1646 4348 sine
1659 4310 1747 4348 ac-

1849 3135 2036 3190 sanius
2058 3138 2360 3191 consilium
2374 3137 2704 3192 coenobialis
2719 3136 3202 3209 congregationis.
3225 3137 3292 3190 Et
3312 3151 3454 3190 una-

1849 3239 2090 3296 quaeque
2113 3243 2228 3280 non
2245 3243 2349 3297 pro
2371 3226 2657 3281 saecularis
2679 3226 2945 3281 amicitiae
2973 3225 3159 3297 gratia
3187 3225 3276 3279 vel
3319 3239 3452 3297 pre-

1845 3311 2054 3380 tio,sed
2069 3315 2141 3368 ad
2155 3332 2316 3369 suam
2341 3332 2445 3386 pro
2457 3316 2767 3370 fessionem
2794 3333 2897 3387 pro
2921 3314 3200 3386 sapientia
3219 3314 3302 3368 vel
3323 3313 3453 3368 vita!

1847 3402 2076 3456 merito.
2113 3405 2290 3457 Porro
2319 3404 2616 3458 ordinatus
2649 3423 2744 3459 rex
2775 3406 2846 3459 ab
2897 3404 3169 3459 omnibus
3215 3401 3456 3457 subditis

1845 3489 2022 3544 ﬁdem
2055 3491 2162 3546 sibi
2206 3498 2568 3548 sacramento
2596 3495 2790 3566 exigit,
2834 3511 2906 3548 ne
2945 3494 3004 3548 in
3040 3493 3324 3564 aliquibus
3361 3507 3452 3546 re-

1846 3579 1944 3650 gni
1972 3579 2055 3633 sui
2089 3581 2300 3636 ﬁnibus
2327 3583 2611 3638 discordia
2639 3583 2906 3655 generari
2945 3583 3142 3654 possit.
3177 3581 3320 3635 Hinc
3349 3581 3453 3634 ha-

1843 3667 1945 3722 bes
1971 3669 2244 3740 scriptum
2295 3671 2355 3724 in
2405 3673 2645 3726 concilio
2694 3675 2968 3727 Toletano
3012 3688 3107 3726 Iv:
3141 3672 3328 3725 «Post
3363 3670 3454 3724 in-

1845 3755 2041 3812 stituta
2062 3761 2324 3829 qumdam
2345 3761 2702 3814 ecclesiastici
2726 3760 2942 3814 ordinis
2961 3762 3044 3814 vel
3070 3761 3454 3831 decreta,qum

1844 3845 1918 3899 ad
1939 3847 2327 3916 quorumdam
2353 3848 3340 3919 pertinenldisciplinam,postremo
3356 3863 3456 3901 no-

1844 3934 1930 3988 bis
1968 3936 2185 3990 cunctis
2216 3938 2611 3992 sacerdotibus
2637 3938 2921 3992 sententia
2951 3942 3036 3991 est
3082 3954 3188 4008 pro
3240 3937 3450 3991 robore

1845 4027 2178 4078 nostrorum
2209 4043 2412 4094 regum
2446 4029 2501 4080 ct
2530 4027 2836 4080 stabilitate
2887 4027 3076 4096 gentis
3121 4025 3450 4097 pontiﬁcale

1845 4112 2117 4167 ultimum
2149 4115 2251 4168 sibi
2277 4117 2394 4169 Deo
2415 4115 2606 4186 judice
2635 4116 2785 4168 ferre
2817 4114 3454 4168 decretum.Multarum

1848 4201 2058 4272 quippe
2077 4203 2359 4272 gentium,
2383 4207 2445 4258 ut
2486 4204 2643 4257 fama
2674 4210 2776 4267 est,
2803 4206 2965 4256 tanta
3001 4206 3185 4256 exstat
3211 4201 3454 4273 perﬁdia

1849 4291 2201 4358 animorum,
2233 4294 2292 4345 ut
2321 4292 2495 4346 ﬁdem
2525 4297 2886 4346 sacramento
2919 4292 3268 4363 promissam
3295 4290 3448 4362 regi-

147 4373 374 4442 ceptione
389 4395 784 4450 personarum
800 4380 1152 4434 intervirum
1168 4385 1224 4435 et
1236 4380 1746 4453 proximumsuum
1769 4351 1822 4410 D
1848 4379 1952 4434 bus
1984 4380 2095 4433 suis
2128 4397 2352 4435 servare
2384 4382 2786 4443 contemnant,
2819 4383 2875 4434 et
2897 4398 2995 4435 ore
3009 4381 3453 4452 simulentjura-

141 4455 388 4532 judicare,
416 4467 665 4522 advenis
699 4471 756 4522 et
795 4468 1028 4541 pupillis
1078 4471 1136 4522 et
1160 4469 1344 4524 viduis
1375 4471 1744 4526 defensorem

145 4560 260 4618 esse,
290 4551 442 4610 furta
473 4555 777 4622 cohibere,
812 4557 1096 4612 adulteria
1125 4557 1356 4630 punire,
1380 4559 1608 4632 iniquos
1622 4578 1740 4617 non

145 4639 729 4716 exaltare,impudicos
743 4648 802 4700 et
815 4643 1128 4702 histriones
1142 4663 1260 4703 non
1281 4647 1739 4721 nutrire,impios

143 4721 201 4780 de
219 4731 361 4786 terra
379 4733 656 4805 perdere,
662 4733 977 4807 parricidas
994 4737 1151 4809 etpej
1160 4740 1386 4793 erantes
1405 4737 1592 4792 vivere
1616 4755 1734 4794 non

143 4809 320 4884 Sinere,
347 4821 626 4876 ecclesias
670 4821 993 4892 defensare,
1025 4841 1310 4898 pauperes
1355 4827 1734 4900 eleemosynis

150 4899 308 4975 alere;
323 4907 518 4978 justos
541 4925 716 4982 super
734 4911 902 4984 regni
921 4914 1159 4984 negotia
1173 4913 1545 4983 constituere,
1571 4899 1734 4971 senes

145 4993 189 5043 et
199 4995 472 5066 sapientes
491 5001 557 5054 et
573 4999 796 5056 sobrios
809 5001 1166 5058 consiliarios
1181 5003 1732 5076 habere,magorum

145 5079 190 5132 et
219 5081 577 5142 hariolorum
616 5089 1202 5164 pythonissarumque
1232 5093 1735 5165 superstitionibus

143 5172 578 5244 nonintendere,
598 5177 959 5236 iracundiam
981 5181 1494 5253 differre,patriam
1507 5183 1735 5238 fortiter

144 5256 330 5344 injuste
341 5269 558 5320 contra
576 5266 934 5324 adversarios
953 5270 1286 5340 defendere;
1312 5288 1418 5344 per
1443 5272 1640 5328 omnia
1668 5272 1728 5328 in

145 5343 238 5402 Deo
263 5351 469 5424 vivere,
500 5356 980 5429 prosperitatibus
1021 5370 1140 5414 non
1181 5343 1404 5416 elevare
1441 5361 1723 5432 animum,

145 5441 316 5495 cuncta
347 5442 593 5498 adversa
616 5444 911 5517 patienter
951 5445 1128 5516 ferre,
1164 5448 1341 5505 ﬁdem
1381 5451 1723 5508 catholicam

145 5524 194 5583 in
207 5525 374 5587 Deum
390 5531 636 5606 habere,
649 5533 796 5592 ﬁlios
819 5552 950 5594 suos
972 5553 1091 5594 non
1113 5537 1302 5596 sinere
1327 5538 1506 5614 impie
1523 5557 1719 5614 agere,

1845 4469 2028 4522 menti
2059 4469 2652 4541 professionem,dum
2683 4470 2939 4524 retinent
2969 4473 3164 4524 mente
3197 4470 3453 4539 perﬁdiae

1843 4556 2226 4630 impietatem.
2257 4559 2460 4613 Jurant
2507 4559 2740 4630 regibus
2783 4559 2916 4626 suis,
2949 4563 3007 4613 et
3051 4559 3228 4614 ﬁdem
3277 4576 3453 4631 quam

1839 4647 2722 4722 pollieentur,przevaricant,nec
2745 4651 3014 4704 metuunt
3030 4651 3301 4704 volumen
3313 4649 3454 4704 illud

1830 4736 2033 4806 judicii
2059 4737 2180 4805 Dei,
2205 4755 2309 4810 per
2329 4737 2790 4811 quodinducitur
2814 4737 3145 4794 maledictio
3158 4740 3452 4810 multaque

1830 4842 2133 4898 paenarum
2147 4827 2522 4882 comminatio
2536 4844 2707 4900 super
2717 4844 2816 4882 eos
2831 4827 3200 4899 quijurantin
3215 4827 3456 4883 nomine

1835 4915 2066 4970 Domini
2088 4917 2468 4971 mendaciter.
2491 4917 2626 4981 Quae
2642 4916 2819 4989 igitur
2833 4933 2964 4989 spes
2988 4917 3198 4972 talibus
3226 4916 3453 4990 populis

1837 5007 2040 5060 contra
2053 5006 2248 5060 hostes
2269 5005 2668 5061 laborantibus
2683 5005 2834 5060 erit?
2851 5023 2978 5078 qua:
2999 5005 3142 5061 ﬁdes
3157 5007 3304 5061 ultra
3318 5023 3452 5062 cum

1838 5094 1965 5148 aliis
1996 5094 2267 5166 gentibus
2296 5093 2355 5148 in
2387 5110 2529 5166 pace
2559 5095 2848 5150 credenda
2878 5095 2907 5150 ?
2944 5096 3100 5170 quod
3125 5095 3310 5152 fcedus
3333 5111 3454 5152 non

1833 5183 2207 5238 violandum?
2227 5200 2356 5256 quas
2372 5182 2433 5238 in
2460 5183 2717 5239 hostibus
2738 5185 2934 5256 jurata
2959 5185 3190 5260 sponsio
3220 5200 3456 5258 perma-

1833 5272 2018 5339 nebit,
2048 5271 2282 5344 quando
2313 5289 2422 5327 nec
2471 5272 2610 5345 ipsis
2635 5273 2884 5346 propriis
2928 5273 3162 5346 regibus
3193 5275 3450 5347 juratam

1829 5363 2006 5418 ﬁdem
2039 5361 2440 5418 conservant?
2466 5362 2595 5435 quis
2609 5363 2765 5418 enim
2793 5363 2938 5418 adeo
2951 5363 3198 5420 furiosus
3226 5369 3331 5431 est,
3353 5373 3450 5435 qui

1825 5449 1999 5520 caput
2023 5466 2192 5504 suum
2224 5468 2404 5508 manu
2447 5452 2684 5524 propria
2720 5451 2988 5508 desecet?
3013 5451 3120 5522 Illi,
3154 5456 3216 5509 ut
3246 5454 3449 5507 notum

1824 5543 1934 5612 est,
1961 5540 2345 5600 immemores
2369 5541 2568 5602 salutis
2596 5559 2733 5614 suis,
2761 5542 3000 5619 prepria
3027 5559 3208 5604 manu
3231 5539 3450 5612 seipr
