3876 6172
447 398 550 456 δ79

1475 397 1532 456 S.
1570 393 1818 456 ABONIS
1858 394 2149 458 ABBATIS
2196 395 2691 459 FLORIACENSIS
3592 409 3674 465 480

445 523 812 590 interimunt,
839 523 897 577 in
931 522 1266 596 semetipsos
1299 539 1542 595 suosque
1580 541 1747 596 reges
1787 524 2050 598 proprias
2071 528 2127 586 Α
2147 525 2409 580 Habeant
2439 528 2634 579 autem
2667 523 3122 589 immunitatem,
3152 524 3348 579 sortitis
3393 530 3676 585 muneribus

449 611 835 666 convertendo
863 609 1028 665 vires.
1058 612 1124 664 Et
1166 629 1297 666 cum
1348 611 1625 667 Dominus
1655 612 1804 668 dicat
1829 631 1840 667 :
1872 613 2051 668 Nolite

443 705 659 770 tangere
704 701 926 755 christos
977 706 1130 756 meos‘
1175 700 1346 772 (Psal.
1393 719 1497 768 CIV,
1546 704 1670 772 l5);
1719 706 1775 756 et
1825 703 2045 758 David:

445 788 592 855 Quis,
625 789 832 860 inquit,
863 789 1102 845 extendet
1129 808 1347 844 manum
1372 809 1525 845 suam
1555 793 1610 844 in
1641 789 1911 846 Christum
1941 793 2051 846 Do-

442 878 596 943 mini,
620 884 668 931 et
690 880 933 933 innocens
952 881 1051 932 erit
1067 881 1143 950 ?(1
1166 879 1300 949 Reg,
1327 897 1474 946 xxvr,
1512 880 1567 953 9)
1595 879 1702 934 illis
1728 897 1832 934 nec
1866 882 2046 936 vitare

439 971 628 1021 metus
659 972 743 1022 est
767 969 1107 1040 perjurium,
1139 987 1243 1024 nec
1276 971 1509 1042 regibus
1539 970 1654 1024 suis
1683 970 1898 1025 inferre
1930 971 2045 1025 exi-

438 1056 605 1111 tium.
649 1058 915 1112 Hostibus
942 1059 1154 1131 quippe
1181 1060 1323 1114 ﬁdes
1367 1059 1517 1130 pacti
1551 1061 1738 1128 datur,
1773 1077 1878 1114 nec
1927 1060 2044 1115 vio-

2152 613 2618 669 extraordinariis
2640 614 2696 666 et
2727 611 3129 666 lucrativorum
3161 613 3531 685 descriptione.
3561 639 3584 664 η

2239 703 2324 756 Vl.
2355 733 2423 741 ——
2449 703 2532 758 De
2553 703 2833 772 praeceptis
2865 701 3124 770 regalibus
3158 701 3241 756 vel
3265 703 3603 772 imperialibus.

2220 791 2773 846 Gloriosissimorum
2791 806 2994 862 regum
3010 789 3260 861 potentia
3273 790 3456 845 stabile
3467 791 3688 847 firmum-

2150 897 2260 952 que
2293 898 2415 935 esse
2443 879 2621 934 voluit
2660 878 2941 951 quidquid
2984 879 3155 932 verbo
3194 880 3277 933 vel
3323 895 3480 949 opere
3523 882 3690 950 praeci-

2149 969 2362 1040 piendo
2397 969 2712 1035 constituit,
2749 967 2998 1021 maxime
3031 967 3181 1039 quod
3209 967 3276 1021 ad
3308 968 3584 1023 utilitatem
3609 971 3692 1023 Ec-

2149 1058 2332 1112 clesice
2361 1074 2594 1112 suorum
2617 1073 2922 1128 procerum
2939 1055 3388 1127 suggestionibus
3407 1061 3576 1111 ratum
3597 1075 3694 1111 esse

437 1145 611 1213 latur,
644 1145 700 1200 id
738 1151 842 1214 est,
886 1147 930 1200 si
968 1148 1118 1202 bello
1151 1148 1293 1202 ﬁdes
1322 1150 1491 1216 valet,
1526 1152 1742 1220 quanto
1776 1149 1962 1221 magis
1986 1149 2045 1203 in
2140 1145 2443 1218 judicavit.
2481 1144 2844 1217 Quapropter
2876 1144 2972 1216 qui
2991 1145 3289 1217 prazceptis
3313 1145 3575 1216 regalibus
3591 1162 3698 1200 con-

437 1233 551 1289 suis
577 1236 859 1290 servanda
886 1234 1013 1292 est?
1057 1235 1434 1308 Sacrilegium
1477 1237 1688 1310 quippe
1719 1240 1823 1304 est,
1856 1238 1900 1292 si
1926 1237 2045 1291 vio-

435 1324 585 1378 letur
634 1341 668 1378 a
699 1324 968 1396 gentibus
1018 1342 1225 1397 regum
1279 1342 1514 1380 suorum
1557 1326 1841 1398 promissa
1882 1325 2044 1393 ﬁdes,

437 1413 572 1485 quia
603 1430 719 1468 non
751 1415 937 1468 solum
969 1413 1029 1468 in
1051 1413 1130 1468 eis
1153 1415 1218 1467 fit
1244 1414 1393 1486 pacti
1432 1414 1832 1487 transgressio,
1861 1415 1960 1469 sed
1991 1417 2048 1468 et

436 1501 495 1556 in
518 1500 703 1555 Deum
734 1501 1000 1574 quidem,
1029 1503 1088 1557 in
1119 1503 1278 1575 cujus
1327 1503 1565 1559 nomine
1597 1503 1898 1576 pollicetur
1925 1503 2048 1576 ipsa

437 1589 765 1662 promissio.
802 1612 829 1640 »

934 1682 998 1736 V.
1031 1713 1100 1722 —-
1123 1682 1206 1736 De
1233 1683 1546 1755 privilegiis.

510 1769 786 1824 Romana:
824 1774 881 1824 et
911 1773 1236 1843 apostolicae
1269 1773 1417 1827 sedis
1465 1772 1774 1826 auctoritas
1823 1769 2044 1826 Christo

2147 1234 2398 1301 tradicit,
2433 1251 2490 1288 se
2521 1250 2722 1305 regem
2754 1250 2870 1288 non
2903 1233 3142 1304 diligere
3172 1250 3276 1288 nec
3316 1234 3508 1288 timere
3548 1239 3702 1289 osten-

2150 1322 2252 1390 dit,
2286 1323 2608 1394 prassertim
2637 1339 2767 1376 cum
2798 1322 3122 1394 priscorum
3146 1322 3396 1378 virorum
3414 1322 3703 1377 fulcituras-

2149 1411 2422 1479 sertione,
2443 1429 2617 1483 quam
2644 1411 3035 1466 anthenticam
3067 1429 3185 1467 non
3209 1411 3430 1485 ignorat
3457 1412 3704 1468 esse.Nam

2151 1501 2431 1555 Dominus
2462 1499 2602 1554 dicit
2631 1518 2647 1553 :
2673 1499 2735 1555 St
2784 1503 2900 1572 quis
2948 1501 3132 1570 diligit
3169 1519 3271 1568 me,
3320 1518 3559 1554 sermones
3595 1518 3707 1554 meos

2153 1589 2378 1643 servabit
2405 1588 2584 1657 (Joan.
2611 1605 2720 1655 Xiv,
2750 1589 2860 1660 22).
2898 1588 3004 1652 Qui
3036 1606 3178 1661 ergo
3220 1605 3417 1660 regem
3457 1589 3584 1656 odit,
3613 1589 3710 1643 odit

2147 1681 2505 1749 praeceptum
2525 1677 2692 1749 illius;
2713 1693 3012 1731 sermones
3031 1678 3207 1732 etiam
3231 1677 3711 1748 irreprehensibiles

2147 1765 2578 1837 reprehendere
2627 1766 2853 1837 quaerit.
2889 1765 3002 1820 Sed
3042 1766 3197 1820 unde
3227 1767 3336 1821 hoc
3365 1765 3604 1836 contigit,
3628 1765 3713 1818 nisi

437 1859 684 1914 Domino
711 1860 1061 1931 propitiante
1082 1861 1330 1933 refulget
1351 1879 1453 1933 per
1471 1861 1850 1916 universalem
1872 1861 2045 1916 totius
2067 1859 2117 1917 B
2147 1871 2213 1909 εἰ
2247 1854 2426 1908 nimia
2453 1855 2896 1909 mansuetudine
2922 1855 3114 1926 regis?
3143 1855 3348 1910 Omnia
3385 1855 3531 1908 enim
3560 1853 3710 1907 nimia

439 1947 593 2001 orbis
624 1948 951 2002 Ecclesiam.
986 1949 1099 2003 Nec
1148 1949 1384 2018 mirum,
1418 1966 1549 2004 cum
1591 1950 1850 2020 ejusdem
1900 1949 2047 2004 sedis

435 2037 738 2107 pontiﬁces
753 2039 1061 2093 beatiPetri
1072 2037 1188 2110 ,qui
1202 2039 1468 2112 princeps
1486 2042 1570 2094 est
1584 2039 2044 2105 totiusEcclesiae,

432 2125 742 2180 videantur
763 2126 909 2181 vices
925 2127 1546 2198 gerere.AChristianis
1559 2145 1787 2200 quoque
1801 2129 2049 2199 impera-

434 2213 656 2269 toribus
673 2215 822 2269 hanc
847 2216 1115 2270 eamdem
1138 2216 1514 2271 obtinuerunt
1535 2216 1946 2288 singularitatis
1959 2234 2050 2271 ex-

436 2303 767 2358 cellentiam
794 2306 858 2358 ut
882 2305 1139 2360 fundatis
1167 2305 1586 2376 episcopalibus
1615 2305 2049 2372 ecclesiis,viro-

431 2407 563 2446 rum
584 2408 684 2447 seu
709 2391 1236 2447 sanctimonialium
1251 2394 1637 2459 monasteriis,
1657 2395 1846 2465 legem
1868 2409 2046 2465 quam

433 2481 612 2535 semel
646 2480 749 2534 sub
779 2482 1396 2538 excommunicationis
1435 2483 1806 2537 anathemate
1858 2482 2044 2552 impo-

433 2570 697 2638 suissent,
731 2586 1054 2642 nunquam,
1079 2570 1188 2625 nisi
1216 2572 1524 2626 necessitas
1553 2571 2048 2643 impediret,dein-

433 2675 566 2731 ceps
594 2660 927 2731 perderent.
963 2659 1126 2714 Unde
1158 2659 1240 2714 ita
1269 2661 1447 2716 habes
1477 2661 1754 2732 scriptum
1797 2659 1855 2713 in
1905 2676 2043 2714 con-

431 2746 561 2802 cilio
592 2748 842 2817 Niceeno,
875 2764 998 2819 cap.
1031 2750 1083 2802 6.
1116 2767 1148 2800 «
1178 2749 1431 2822 Antiqua
1462 2749 1820 2805 consuetudo
1852 2765 2040 2803 serve-

431 2838 527 2892 tur
547 2853 651 2908 per
680 2837 1014 2909 Egyptum,
1044 2837 1281 2908 Lybiam
1329 2841 1385 2892 et
1438 2837 1824 2910 Pentapolim,
1876 2837 1958 2892 ita
1982 2839 2044 2891 ut

428 2924 849 2980 Alexandrinus
901 2925 1199 2997 episcopus
1256 2927 1465 2981 horum
1516 2927 1781 2982 omnium
1831 2926 2044 2980 habeat

427 3017 796 3088 potestatem,
847 3015 982 3086 quia
1031 3019 1088 3070 et
1117 3015 1271 3070 urbis
1320 3017 1518 3071 Romae
1551 3016 1817 3086 episcopo
1849 3015 2043 3087 parilis

428 3119 557 3158 mos
586 3107 691 3158 est.
720 3103 999 3159 Similiter
1022 3108 1217 3159 autem
1239 3107 1297 3159 et
1320 3105 1850 3177 apudAntiochiam
1873 3109 2042 3160 caete-

430 3209 638 3265 rasque
652 3192 972 3265 provincias
983 3194 1096 3247 suis
1107 3193 1407 3264 privilegia
1424 3197 1720 3247 serventur
1736 3192 2002 3247 ecclesiis.
2014 3214 2040 3243 υ

506 3284 669 3350 Ilem,
716 3282 1027 3337 GREGCRlUS
1056 3283 1254 3336 JOANNI
1293 3281 1560 3353 episcopo
1593 3281 1778 3355 (Gneo.
1810 3281 1909 3335 lib.
1944 3298 2040 3348 vn,

435 3387 528 3443 ep.
561 3373 650 3437 33,
675 3371 796 3424 ind.
831 3374 900 3438 l).

505 3482 534 3510 «
560 3460 738 3514 Grave
772 3458 944 3514 nimis
973 3462 1031 3514 et
1060 3463 1262 3515 contra
1288 3460 1642 3514 sacerdotale
1666 3462 1891 3515 constat
1921 3477 2042 3516 esse

429 3548 814 3621 propositum,
842 3548 1179 3619 cujusquam
1207 3548 1540 3603 monasterii
1573 3548 1872 3621 privilegia
1902 3550 2042 3605 olim

429 3636 655 3691 indulta
686 3636 1062 3705 confundere,
1099 3640 1156 3690 et
1201 3636 1276 3690 ad
1320 3636 1569 3705 irritum,
1604 3654 1732 3709 quae
1762 3641 1895 3692 sunt
1938 3655 2042 3711 pro

432 3725 627 3798 quiete
650 3725 947 3796 disposita,
977 3726 1082 3779 niti
1113 3725 1415 3780 deducere.
1455 3725 1649 3790 Questi
1690 3726 1885 3798 itaque
1911 3729 2045 3780 sunt

431 3814 598 3870 nobis
630 3815 900 3869 monachi
925 3817 1038 3869 tute
1066 3814 1378 3870 diaeceseos
1403 3814 1537 3887 quia
1557 3832 1658 3870 suo
1689 3815 2040 3870 monasterio

430 3904 697 3976 quadam
729 3907 933 3958 contra
962 3921 1050 3970 ea,
1087 3921 1214 3976 quae
1250 3921 1283 3958 a
1307 3904 1823 3974 prmdecessoribus
1845 3903 2043 3958 vestris

430 3992 711 4065 permissa
738 3995 994 4064 aclonga
1015 3993 1429 4048 consuetudine
1457 3996 1680 4047 servata
1695 3997 1847 4059 sunt,
1885 3992 2041 4046 festi-

432 4081 582 4136 netis
614 4081 884 4137 inducere
916 4086 974 4136 et
1002 4083 1303 4154 antiquam
1335 4082 1762 4137 ordinationem
1789 4080 2041 4153 quadam

427 4170 746 4240 prmjudicii
766 4171 1017 4226 novitate
1037 4171 1290 4226 turbare.
1319 4171 1568 4226 Proinde
1589 4172 1659 4226 de
1671 4170 2040 4225 hisfraterni-

429 4261 613 4313 tatem
637 4262 884 4313 vestram
907 4261 1210 4314 hortamur
1233 4259 1518 4327 affatibus,
1548 4263 1628 4328 ut,
1657 4259 1702 4313 si
1734 4260 1813 4314 ita
1834 4261 1939 4326 est,
1969 4259 2040 4313 ab

431 4347 554 4418 ejus
578 4365 636 4402 se
670 4347 932 4403 molestia
949 4349 1072 4404 sine
1103 4350 1293 4421 aliqua
1321 4348 1684 4404 excusatione
1722 4349 2037 4416 contineat,

2068 3155 2115 3213 C

2149 1947 2380 1998 nocent.
2408 1946 2721 2014 Propterea
2741 1944 2992 2015 denique
3005 1945 3287 2014 jubemur
3306 1943 3512 1998 habere
3526 1942 3711 2015 simpli-

2150 2033 2384 2087 citatem
2416 2033 2812 2086 columbinam
2845 2049 2910 2086 ac
2940 2033 3336 2104 serpentinam
3356 2032 3624 2097 astutiam,
3656 2047 3714 2084 ne

2151 2121 2223 2176 ad
2250 2125 2558 2193 utramque
2585 2124 2810 2193 partem
2841 2121 2914 2175 sit
2945 2121 3348 2176 vehementior
3377 2120 3606 2187 animus,
3641 2117 3719 2190 qui

2150 2210 2332 2265 nescit
2356 2226 2581 2265 servare
2612 2210 2853 2265 modum
2875 2211 3002 2282 plus
3020 2228 3188 2283 aequo
3217 2211 3432 2266 anxius.
3466 2208 3718 2281 Siquidem

2152 2316 2271 2353 non
2305 2298 2374 2352 de
2405 2298 2693 2370 imperiali
2720 2301 3033 2370 praecepto,
3083 2301 3187 2355 sed
3233 2300 3305 2355 de
3342 2297 3590 2354 indiculis
3625 2295 3722 2367 epi-

2148 2388 2426 2442 stolarum
2453 2403 2684 2441 suarum
2702 2387 2812 2441 hoc
2846 2387 3081 2442 Carolus
3106 2387 3411 2460 proposuit
3433 2386 3657 2441 edictum
3676 2383 3722 2436 in

2145 2475 2293 2530 libro
2317 2492 2370 2528 ιν
2399 2475 2634 2546 capilul.
2679 2492 2936 2531 suorum.
2968 2499 2996 2527 ‹‹
3033 2476 3093 2532 Si
3125 2478 3256 2548 quis
3287 2478 3501 2531 litteras
3535 2476 3726 2529 nostras

2148 2564 2496 2636 despexerit,
2529 2563 2588 2618 id
2615 2567 2698 2618 est
2738 2564 3163 2632 tractatoriam,
3205 2583 3336 2638 quae
3367 2567 3591 2636 propter
3614 2560 3724 2616 mis-

2144 2669 2234 2708 sos
2265 2652 2626 2722 recipiendos
2672 2651 3077 2724 dirigitur,aut
3102 2655 3360 2709 honores
3389 2669 3528 2726 quos
3560 2649 3724 2713 habet,

2145 2740 2412 2809 amittat;
2448 2745 2547 2795 aut
2566 2741 2626 2794 in
2657 2742 2783 2796 loco
2815 2742 2874 2795 in
2903 2731 3015 2813 quo
3040 2742 3354 2813 praedictos
3376 2741 3568 2796 missos
3589 2735 3729 2792 susci-

2145 2847 2281 2902 pere
2309 2829 2527 2897 debuit,
2551 2830 2752 2884 tandiu
2783 2831 3033 2885 resideat
3064 2835 3123 2886 et
3149 2832 3222 2887 de
3253 2831 3368 2886 suis
3410 2831 3572 2885 rebus
3602 2829 3733 2898 lega-

2144 2918 2332 2973 tiones
2362 2918 2493 2972 illuc
2524 2918 2822 2972 venientes
2853 2919 3145 2992 suscipiat,
3204 2938 3322 2993 quo
3365 2937 3536 2992 usque
3564 2916 3730 2972 animo

2145 3009 2342 3061 nostro
2373 3007 2724 3061 satisfactum
2750 3007 2963 3062 habeat
2996 3024 3008 3062 :
3045 3008 3144 3081 qui
3173 3026 3312 3064 vero
3344 3009 3632 3081 epistolam
3653 3019 3735 3058 no-

2144 3099 2324 3150 stram
2356 3111 2699 3167 quocunque
2732 3094 2929 3164 modo,
2947 3096 3110 3167 jussu
3140 3101 3344 3154 nostro
3386 3097 3457 3151 ad
3488 3093 3735 3168 palatium

2144 3184 2338 3239 veniat
2371 3193 2427 3238 et
2457 3184 2529 3238 ad
2554 3185 2912 3239 voluntatem
2941 3190 3210 3242 nostram
3262 3201 3579 3258 congruam
3622 3180 3736 3236 stul-

2143 3272 2285 3327 titiae
2317 3290 2433 3327 suae
2464 3273 2902 3344 castigationem
2936 3274 3206 3346 accipiat.
3234 3277 3305 3330 Et
3333 3275 3379 3330 si
3407 3276 3577 3330 homo
3598 3271 3738 3332 liber,

2143 3361 2201 3416 id
2225 3365 2310 3416 est
2341 3362 2734 3418 ministerialis
2767 3363 3011 3432 comitis,
3045 3365 3162 3420 hoc
3205 3363 3432 3432 fecerit,
3467 3365 3739 3420 honorem,

2147 3453 2608 3525 qualemcunque
2639 3453 2928 3522 habuerit,
2957 3453 3070 3509 sive
3098 3454 3482 3510 beneﬁcium.
3507 3450 3741 3512 amittat;

2147 3544 2204 3595 et
2227 3541 2271 3595 si
2302 3559 2495 3596 servus
2519 3541 2728 3608 nudus,
2761 3542 2834 3596 ad
2853 3544 3051 3613 palum
3081 3545 3352 3616 vapulet,
3379 3545 3438 3598 et
3467 3542 3626 3612 caput
3645 3537 3744 3607 ejus

2146 3631 2512 3686 tondeatur.»

2216 3719 2327 3777 VII.
2356 3751 2426 3759 —
2445 3720 2527 3774 De
2551 3720 2856 3792 di/ferentia
2881 3725 3325 3776 testamentorum
3353 3728 3404 3775 et
3423 3718 3684 3792 precariis.

2219 3807 2505 3871 Quoniam
2537 3813 3020 3864 testamentorum
3034 3809 3149 3864 alia
3167 3810 3322 3865 ﬁunt
3337 3809 3487 3866 dotis
3514 3805 3747 3865 nomine,

2145 3897 2257 3951 alia
2280 3897 2636 3952 haereditatis
2663 3897 3002 3965 donatione,
3038 3899 3154 3953 alia
3188 3899 3263 3954 de
3296 3900 3473 3954 rebus
3498 3893 3744 3955 ecclesia},

2145 4002 2286 4057 quas
2315 3986 2630 4040 abalienari
2657 3990 2742 4040 est
2759 3986 3012 4054 difﬁcile,
3046 3991 3103 4042 et
3136 3988 3421 4044 dicuntur
3444 3982 3747 4060 primariae:

2146 4074 2396 4144 exceptis
2420 4073 2528 4140 his,
2548 4079 2683 4129 sunt
2709 4079 3000 4148 praecepta
3032 4078 3278 4148 regalis,
3299 4079 3360 4133 id
3393 4081 3481 4132 est
3510 4071 3753 4145 imperia-

2143 4161 2231 4228 lis,
2271 4161 2542 4232 jussionis
2572 4165 2914 4219 auctoritate
2949 4165 3255 4233 roborata,
3291 4167 3508 4239 quibus
3538 4175 3752 4219 consen-

2144 4251 2708 4307 tiuntRomanorum
2733 4253 3073 4324 pontiﬁcum
3095 4253 3532 4326 privilegiasub
3554 4264 3755 4306 excom-

2145 4339 2556 4395 municationis
2584 4342 2956 4396 anathemate
2991 4342 3250 4397 decreta.
3281 4345 3359 4398 At
3405 4359 3542 4398 vero
3582 4352 3756 4412 preca-

430 4439 489 4491 et
506 4454 634 4508 quae
663 4437 716 4492 ei
744 4440 878 4492 sunt
913 4438 1124 4493 diutius
1165 4438 1447 4493 custodita
1491 4437 1698 4492 nullius
1730 4438 2042 4493 occasionis
2064 4440 2116 4498 D
2144 4427 2267 4491 riae.
2305 4446 2432 4500 quae
2465 4446 2530 4484 ex
2557 4430 2939 4485 conventione
2993 4430 3165 4498 ﬁunt,
3214 4437 3276 4486 et
3323 4432 3591 4504 precibus
3629 4428 3755 4482 Obii‘

428 4529 617 4581 tentet
633 4527 1005 4600 usurpatione
1022 4528 1344 4582 convellere
1366 4545 1380 4595 ;
1404 4527 1506 4582 sed
1529 4530 1734 4582 cuncta
1747 4527 1964 4582 illibate
1987 4530 2044 4583 et

431 4614 555 4670 sine
572 4617 688 4671 ulla
703 4617 930 4672 studeat
941 4616 1331 4689 refragatione
1349 4633 1601 4684 servare,
1627 4620 1684 4670 et
1700 4617 1826 4687 plus
1846 4616 1952 4671 sibi
1984 4617 2042 4671 in

430 4705 640 4760 eodem
652 4705 1006 4761 monasterio
1025 4722 1198 4778 quam
1211 4704 1726 4776 prmdecessorihus
1738 4705 1851 4760 suis
1863 4705 2040 4772 licuit,

427 4791 656 4848 noverit
699 4812 819 4849 non
867 4794 1060 4852 licere.
1095 4796 1290 4850 nltem
1345 4795 1404 4850 in
1464 4795 1688 4866 legibus
1737 4812 1865 4868 cap.
1915 4798 2038 4850 510.

430 4900 463 4934 α
482 4883 874 4939 Possessiones
887 4884 960 4938 ad
980 4883 1277 4955 religiosas
1301 4884 1506 4940 domos
1530 4884 1887 4955 pertinentes
1915 4886 2042 4940 nul-

428 4971 549 5026 lam
583 4973 1029 5045 descriptionem
1062 4975 1401 5047 agnuscant,
1428 4974 1536 5029 nisi
1566 4974 1642 5029 ad
1671 4974 2044 5030 constructio-

431 5077 570 5116 nem
599 5061 820 5118 viarum
845 5065 932 5118 vel
957 5064 1226 5135 pontium
1258 5063 1687 5131 aediﬁcationes,
1711 5064 1792 5119 ita
1816 5068 2036 5132 tamen,

429 5150 476 5205 si
497 5150 813 5207 habuerint
841 5152 1226 5224 possessiones
1256 5153 1409 5207 intra
1437 5152 1799 5208 territorium
1828 5153 2040 5208 consti-

427 5241 580 5296 tutas
600 5240 748 5297 illius
764 5241 1024 5310 civitatis,
1052 5241 1112 5296 in
1145 5258 1259 5314 qua
1315 5241 1673 5296 desideratur
1713 5241 2041 5314 descriptio.

501 5401 714 5476 (33)_In
745 5403 880 5476 libro
929 5401 1094 5476 Cone.
1130 5403 1308 5476 tertio:
1338 5403 1395 5476 id
1419 5402 1686 5476 habetur
1712 5402 1781 5476 fin
1815 5419 1940 5476 cap.
1976 5406 2044 5460 22

428 5473 656 5529 concilii
684 5474 987 5530 Meldensis
1017 5491 1170 5529 anno
1209 5473 1316 5529 845
1338 5474 1549 5546 habiti;
1574 5475 1731 5546 quod
1746 5473 2042 5532 decretum

427 5562 495 5618 ex
525 5546 789 5618 capitulis
809 5546 1014 5618 synodi
1047 5545 1800 5618 Belvacensisdesumptum
1829 5552 1934 5615 est,
1958 5566 2044 5604 re-

424 5617 612 5672 latum
630 5635 664 5673 a
681 5617 981 5746 Reﬁnone
995 5617 1052 5672 in
1065 5618 1162 5672 lib.
1183 5618 1291 5673 iDe
1306 5617 1699 5673 ecclesiasticis
1711 5617 2040 5692 disciplinis,

424 5703 548 5746 cap.
575 5691 700 5746 363.
724 5706 758 5746 a
829 5689 1120 5746 urchardo
1155 5687 1300 5746 item
1320 5693 1379 5746 et
1405 5689 1698 5746 Gratiano.
1741 5689 1885 5746 Cum
1913 5709 2040 5746 vero

420 5703 548 5759 cap.
575 5691 700 5760 363,
724 5706 758 5746 a

2146 4521 2379 4586 nentur,
2413 4517 2537 4573 aliae
2566 4519 2669 4573 sub
2703 4519 2984 4590 quotlibet
3014 4521 3285 4591 personis
3316 4519 3662 4576 censualiter
3684 4529 3758 4570 re-

2145 4606 2418 4662 tinentur
2451 4625 2554 4662 usu
2595 4608 2933 4675 fructuario,
2962 4608 3088 4663 aliae
3138 4628 3251 4682 per
3298 4603 3757 4665 commutationis

2146 4696 2673 4770 emphyteosim,id
2687 4701 2772 4752 est
2797 4701 3185 4755 contractum:
3209 4718 3347 4773 quas
3379 4700 3448 4754 ﬁt
3478 4717 3546 4756 eo
3577 4695 3755 4758 modo,

2146 4804 2258 4860 quo
2283 4787 2528 4842 habetur
2559 4787 2618 4840 in
2651 4785 2797 4842 libro
2831 4787 3226 4844 Conciliorum
3266 4791 3445 4845 tertio
3487 4791 3617 4862 (33),
3647 4798 3756 4853 cap.

2147 4879 2214 4932 22
2244 4893 2256 4931 :
2283 4899 2311 4927 «
2346 4877 2621 4932 Precariae
2663 4894 2696 4932 a
2740 4877 2976 4932 nemine
3026 4878 3096 4933 de
3149 4879 3335 4934 rebus
3385 4870 3761 4934 ecclesiasticis

2147 4965 2270 5020 ﬁeri
2302 4969 2750 5037 praesumantur,
2785 4966 2890 5020 nisi
2920 4969 3207 5038 quantum
3243 4968 3320 5022 de
3350 4967 3762 5041 qualitatecon-

2143 5062 2299 5119 venti
2328 5064 2450 5134 [ιιι.,
2483 5064 2866 5126 convenienti]
2896 5064 3063 5119 datur
3091 5081 3158 5119 ex
3216 5065 3495 5139 proprio,
3537 5061 3761 5136 duplum

2146 5153 2460 5227 accipiatur
2508 5170 2575 5208 ex
2627 5154 2797 5209 rebus
2853 5155 3125 5221 ecclesias,
3159 5153 3226 5208 in
3259 5173 3370 5211 suo
3406 5159 3639 5210 tantum
3677 5146 3764 5220 qui

2147 5243 2372 5300 dederit
2396 5243 2658 5313 nomine,
2691 5244 2737 5298 si
2785 5261 2876 5299 res
2916 5243 3181 5316 proprias
3247 5249 3311 5300 et
3360 5242 3764 5300 ecclesiasticas

2147 5424 2214 5462 ex
2250 5406 2396 5461 libro
2447 5405 2835 5461 Conciliorum
2881 5405 3053 5460 tertio
3101 5405 3158 5460 id
3215 5406 3364 5461 citet
3392 5407 3544 5472 Abo,
3587 5401 3765 5459 innuit

2145 5479 2385 5552 fortasse
2412 5479 2718 5552 concilium
2769 5477 3050 5552 Meldense
3078 5493 3177 5552 suo
3215 5482 3498 5552 tempore
3531 5478 3589 5533 in
3622 5475 3767 5531 codi-

2143 5551 2303 5605 cibus
2328 5550 2748 5604 mss.habuisse
2777 5550 3066 5604 rationem
3104 5549 3244 5604 libri
3283 5549 3451 5606 tertii
3485 5551 3771 5604 intercon-

2143 5621 2292 5695 cilia,
2321 5638 2513 5695 quzeAa
2543 5621 2729 5676 Caroli
2751 5620 2901 5677 Calvi
2929 5620 3267 5695 principatu
3298 5623 3378 5677 ad
3401 5639 3541 5678 eum
3554 5632 3768 5677 annum

829 5689 1120 5748 urchardo
1155 5687 1300 5751 item
1320 5693 1379 5750 et
1405 5689 1698 5749 Gratiano.
1741 5687 1885 5749 Cum
1913 5709 2047 5751 vero
2139 5687 2432 5751 celebrata
2455 5691 2707 5750 fuerant.
