3876 6172
203 375 281 440 ιεί
1473 377 1852 440 COLLECTIO
1901 380 2234 439 CANONUM

204 518 287 557 usu
311 494 620 557 fructuaria
650 500 848 556 tenere
892 495 1156 557 voluerit.
1203 498 1260 557 Si
1292 501 1488 556 autem
1521 517 1613 556 res
1638 519 1775 575 pro-

204 592 330 663 prias
356 591 426 645 ad
447 607 702 662 praesens
725 589 1025 656 dimiserit,
1060 607 1128 644 ex
1161 591 1331 644 rebus
1381 591 1780 645 ecclesiasticis

203 679 483 734 fructuario
516 696 618 733 usu
667 678 726 732 in
784 695 882 732 suo
916 682 1141 733 tantum
1191 679 1316 750 quis
1349 679 1585 734 nomine
1620 697 1776 735 assu-

205 773 319 834 mat,
344 769 478 841 quia
507 767 585 821 sic
612 784 708 821 eas
731 783 1133 839 quemcunque
1159 771 1388 821 tueatur
1428 772 1680 839 oportet,
1719 770 1780 822 ut

205 858 494 912 alienarum
522 856 1000 926 dispensatorem,
1049 871 1164 909 non
1199 856 1569 927 propriarum
1610 858 1782 928 largi-

207 951 362 1001 torem
400 946 514 998 Eta
543 945 991 1015 nullapotestate
1019 943 1144 1016 quis
1174 949 1412 1015 cogatur
1442 945 1630 999 facere
1653 962 1783 1016 pre-

205 1035 387 1088 cariam
419 1033 490 1086 de
519 1034 690 1086 rebus
711 1034 826 1086 Deo
854 1037 912 1087 et
937 1033 1148 1087 sanctis
1187 1033 1406 1099 dicatis,
1450 1050 1580 1086 cum
1629 1033 1776 1088 ratio

205 1127 246 1177 et
272 1140 388 1176 usus
413 1122 716 1176 obtineant
746 1122 1064 1186 neminem,
1101 1122 1197 1192 qui
1253 1138 1371 1175 non
1403 1123 1542 1187 vult,
1578 1126 1782 1176 contra

206 1211 480 1265 utilitatem
500 1213 560 1264 et
589 1209 874 1263 rationem
907 1210 1221 1280 prmstitum
1244 1210 1312 1263 de
1334 1209 1567 1280 proprio
1592 1211 1780 1264 facere

207 1298 538 1354 beneﬁcium.
560 1299 853 1369 Prascepta
865 1302 1060 1352 autem
1077 1297 1294 1369 regalia
1317 1314 1485 1368 super
1507 1298 1780 1368 precariis

206 1387 565 1442 ecclesiasticis
593 1387 739 1454 fieri,
773 1404 876 1441 nec
907 1387 1054 1440 ratio
1099 1387 1255 1452 sinit,
1310 1403 1414 1440 nec
1464 1387 1777 1441 auctoritas

205 1477 428 1548 quolibet
485 1476 660 1531 modo
708 1475 1014 1546 permittit,
1063 1475 1342 1547 quoniam
1391 1480 1683 1547 przecepta
1717 1476 1774 1530 in

201 1565 302 1634 jure
323 1564 702 1618 ecclesiastico
735 1563 966 1618 ﬁrmare
988 1563 1299 1634 indignum
1327 1562 1553 1632 judicet
1583 1580 1778 1617 neces-

207 1655 342 1706 seest
369 1653 640 1722 majestas
663 1651 842 1722 regia,
878 1650 984 1704 nisi
1016 1651 1086 1704 ab
1123 1650 1510 1704 ecclesiastico
1547 1655 1774 1705 rectore

207 1743 461 1810 petantur.
491 1740 678 1794 Isdem
708 1743 902 1793 autem
921 1742 1108 1792 custos
1129 1737 1378 1792 ecclesiae
1405 1738 1777 1794 solertissime

3380 374 3490 439 482

1806 533 1861 592 Α
1883 506 2080 575 poleos
2095 505 2154 558 in
2165 503 2292 574 Troj
2303 519 2398 559 am
2418 505 2670 560 mutatus
2691 505 2795 558 est.
2813 503 3103 560 Potestate
3128 504 3476 576 quoqueRo-

1877 593 2038 648 mani
2069 593 2356 664 pontiﬁcis
2389 592 2697 664 Perigenes
2750 593 2808 646 in
2864 593 3048 647 Petris
3076 592 3375 648 ordinatus
3403 596 3488 648 est

1880 683 2506 755 episcopus,neC[/.nec
2528 683 2666 753 non]
2688 686 2956 754 receptus
2977 682 3399 738 inthronizatus
3429 683 3488 738 in

1881 772 2200 834 Corinthio,
2221 772 2490 826 defuncto
2513 773 2633 842 ejus
2648 770 3060 843 episcopo.Nec
3078 773 3148 826 de
3164 771 3252 825 his
3275 772 3489 828 miran-

1882 862 2042 928 dum,
2077 878 2207 915 cum
2237 861 2368 915 odio
2396 861 2727 915 habendam
2762 861 3017 915 Christus
3049 860 3265 927 docuit,
3317 877 3495 932 quam

1880 952 2183 1021 Apostolus
2210 967 2446 1005 uxorem
2481 967 2585 1004 nos
2605 949 2844 1020 diligere
2867 949 3160 1022 prmcepit.
3189 949 3499 1020 Gregorius

1882 1058 2112 1112 quoque
2130 1042 2200 1094 ab
2234 1040 2359 1094 aliis
2382 1040 2663 1112 episcopis
2680 1040 2990 1094 damnatos
3003 1057 3118 1093 suae
3139 1039 3498 1094 auctoritatis

1883 1129 2183 1202 privilegio
2217 1128 2474 1201 pristinis
2506 1129 2780 1200 gradibus
2810 1128 3502 1200 reformabat,episcopos

1882 1218 2104 1282 unibat,
2138 1233 2494 1271 successores
2523 1216 2807 1288 episcopis
2838 1217 3013 1270 dabat
3037 1215 3227 1286 (Gneo.
3274 1217 3372 1271 lib.
3402 1231 3498 1285 III,
3544 1270 3557 1283 ,

1881 1306 2046 1375 epist.
2083 1306 2192 1376 20).
2228 1306 2578 1360 Salonitanaa
2611 1305 2852 1359 civitatis
2883 1304 3498 1375 episcopum,nomine

1879 1395 2348 1466 Maximum,quia
2371 1394 2630 1466 pecuniis
2648 1395 2945 1448 ordinatus
2966 1393 3358 1450 Simoniacam
3377 1396 3496 1449 1133-

1881 1485 2056 1538 resim
2089 1485 2429 1549 incurrerat,
2472 1484 2781 1554 Gregorius
2812 1483 3356 1537 excommunicavit.
3387 1482 3499 1547 Qui

1879 1573 2411 1628 excommunicatus
2444 1572 2644 1626 missas
2675 1571 2982 1625 celebravit
3009 1588 3021 1638 ;
3050 1574 3250 1626 tamen
3293 1574 3424 1642 post
3453 1577 3484 1626 7

1878 1679 2060 1717 annos
2079 1661 2419 1732 paenitentia
2431 1660 2668 1714 ductum
2693 1677 2808 1714 suae
2829 1659 2950 1714 sedi
2970 1660 3302 1726 restituit,et
3323 1660 3498 1732 pallio

1878 1750 2130 1817 donavit,
2164 1753 2398 1821 accepto
2444 1751 2812 1802 sacramento
2848 1748 2917 1801 de
2963 1747 3282 1808 interdictis
3325 1763 3498 1818 super

211 1833 370 1882 caveat
399 1845 472 1882 ne
501 1829 586 1882 sui
624 1827 842 1882 ordinis
886 1830 942 1879 et
972 1826 1364 1881 ecclesiasticas
1407 1843 1773 1882 communio-

1903 1856 2084 1911 :orpus
2104 1836 2648 1908 sanctiApollinaris
2684 1836 2800 1908 (lib.
2834 1852 2939 1902 vu,
2964 1836 3130 1907 epist.
3150 1840 3240 1904 82,
3259 1836 3383 1894 ind.
3407 1841 3489 1903 2).

215 1916 279 1970 nis
297 1917 430 1970 forte
462 1916 777 1970 immemor
823 1918 1025 1969 contra
1065 1913 1470 1969 auctoritatem
1524 1932 1779 1987 praecep-

217 2007 311 2057 tum
337 2004 556 2075 regium
589 2021 694 2074 pro
730 2020 1070 2076 quacunque
1097 2003 1482 2058 assentatione
1517 2004 1638 2058 ﬁeri
1670 2020 1772 2074 pe-

218 2095 296 2148 tat.
319 2092 412 2156 Qui
440 2097 496 2146 et
542 2093 587 2146 si
619 2091 838 2158 fecerit,
876 2107 995 2144 non
1047 2091 1352 2159 audiatur;
1394 2092 1439 2145 si
1464 2095 1689 2146 ‘autem
1721 2095 1779 2146 et

222 2179 509 2247 obtinuerit,
543 2181 704 2252 regia
733 2180 1074 2234 discretione
1106 2182 1162 2233 et
1209 2179 1520 2252 episcopali
1556 2180 1776 2250 judicio

225 2267 341 2322 idem
365 2269 738 2335 rescindatur,
777 2272 836 2322 et
861 2268 1073 2340 petitor
1102 2267 1346 2337 iniustus
1370 2284 1474 2339 pro
1501 2267 1777 2339 principis

228 2352 395 2425 injusta
422 2355 786 2427 suggestione
818 2354 990 2425 digne
1030 2354 1392 2426 corripiatur.
1428 2375 1456 2402 ››

226 2460 329 2514 Vill.
377 2493 440 2501 —
491 2461 573 2515 De
629 2477 688 2517 eo
738 2461 878 2533 quod
933 2461 1211 2515 necessitas
1258 2460 1486 2514 excludet
1538 2460 1670 2529 leges
1729 2467 1778 2515 et

865 2565 1106 2604 canones.

277 2640 655 2695 Ecclesiasticas
677 2639 888 2710 reguli?
899 2681 912 2705 ,
928 2655 1067 2710 quas
1082 2638 1259 2693 Graeci
1284 2655 1534 2692 canones
1547 2642 1772 2706 vocant,

219 2743 243 2780 a
265 2729 450 2782 sanctis
476 2729 738 2782 Patribus
763 2731 894 2781 sunt
928 2729 1175 2781 inventae
1207 2727 1440 2797 idcirco,
1470 2729 1532 2780 ut
1562 2729 1775 2800 absque

215 2817 305 2870 ullo
334 2817 535 2871 erroris
572 2817 835 2870 anfractu
863 2832 966 2886 per
987 2815 1225 2885 justitia:
1254 2816 1521 2869 semitam
1545 2817 1774 2886 gradia-

211 2919 333 2957 mur.
361 2906 464 2958 Nec
514 2904 708 2958 diﬁcrt
756 2921 868 2975 qua
918 2920 1208 2958 canonum
1258 2903 1616 2958 institutione
1649 2905 1775 2976 quis

206 2991 463 3047 imbuatur
485 2993 558 3046 ad
590 2995 1019 3062 competentem
1047 2992 1382 3045 Christiana:
1411 2991 1776 3063 ﬁdeiprofes-

204 3081 566 3149 sionem,dum
582 3085 779 3134 tamen
800 3080 1080 3134 inoffenso
1095 3081 1331 3152 vestigio
1349 3079 1502 3134 viam
1517 3080 1774 3135 veritatis

201 3167 588 3240 ingressus,per
603 3168 874 3222 ducatum
890 3167 1180 3238 Evangelii
1199 3184 1316 3222 non
1337 3168 1566 3222 recedat
1583 3185 1616 3220 a
1634 3167 1772 3221 divi-

197 3255 272 3308 nis
290 3257 542 3310 oraculis.
569 3257 693 3310 Non
708 3256 864 3309 enim
883 3255 1073 3310 omnis
1099 3255 1350 3310 inventio
1372 3255 1772 3309 necessitatem

194 3345 496 3411 comitatur,
532 3348 594 3398 ut
626 3344 736 3398 alio
768 3344 941 3398 modo
974 3343 1093 3397 ﬁeri
1124 3343 1476 3414 impossibile
1506 3344 1577 3397 sit
1618 3344 1772 3415 quod

195 3431 376 3502 aliquis
398 3434 614 3487 utiliter
641 3433 877 3486 invenit.
925 3433 1083 3486 Sicut
1111 3431 1170 3484 in
1211 3432 1452 3485 concilio
1502 3431 1772 3486 Africano

193 3520 338 3588 plura
367 3525 572 3575 tractat
605 3521 766 3576 Osius
797 3520 1175 3575 Cordubensis
1205 3520 1279 3573 ad
1326 3519 1622 3591 placitum,
1647 3537 1773 3590 qum

191 3608 417 3665 libenter
446 3611 683 3683 suscipit
703 3610 947 3663 Ecclesia
966 3626 1070 3680 pro
1094 3608 1388 3662 verissima
1415 3609 1772 3662 institutione

187 3712 480 3752 canonum.
519 3699 684 3754 Unde
715 3697 1163 3752 considerandus
1194 3701 1279 3751 est
1307 3701 1595 3750 terrarum
1612 3697 1769 3764 situs,

185 3786 415 3855 qualitas
463 3792 822 3858 temporum,
865 3786 1173 3840 inﬁrmitas
1197 3785 1524 3851 hominum,
1560 3789 1616 3839 et
1647 3787 1770 3839 alias

183 3876 534 3929 necessitates
567 3892 785 3940 rerum,
818 3891 944 3945 quas
974 3876 1163 3928 solent
1188 3876 1414 3927 mutare
1443 3875 1669 3944 regulas
1694 3873 1773 3927 di-

181 3976 458 4018 versarum
476 3964 1219 4035 provinciarum.Potestatc
1243 3963 1415 4016 etiam
1441 3963 1621 4015 multa
1643 3979 1769 4016 mu-

181 4052 290 4104 tata
318 4058 444 4106 sunt
467 4069 572 4124 pro
605 4052 900 4106 communi
930 4052 1170 4106 utilitate
1205 4051 1597 4116 ecclesiarum,
1643 4068 1769 4122 qua:

180 4153 345 4192 nemo
373 4141 747 4212 reprehendit
767 4140 1048 4194 ﬁdelium.
1087 4141 1151 4194 Et
1183 4140 1317 4211 quid
1344 4139 1557 4193 mirum
1581 4141 1607 4194 ἱ)
1638 4157 1768 4192 cum

181 4241 594 4300 nonnunquam
642 4229 1013 4282 inveniantur
1055 4245 1305 4282 canones
1337 4227 1444 4281 sibi
1477 4228 1767 4281 contradi-

177 4320 382 4382 centes,
427 4322 483 4371 et
528 4317 687 4388 quod
726 4317 784 4370 in
823 4318 1005 4370 altera
1036 4316 1278 4370 concilio
1321 4316 1673 4386 praecipitur,
1709 4315 1769 4369 in

180 4403 354 4457 altero
376 4407 713 4475 prohibetur
726 4422 831 4459 nec
857 4405 1015 4459 enim
1035 4405 1091 4458 id
1112 4405 1324 4458 frustra
1340 4405 1554 4457 factum
1579 4404 1767 4458 existi-
1796 4414 1846 4471 D

180 4497 356 4558 mant,
378 4496 466 4565 qui
494 4512 600 4565 pro
625 4494 960 4565 temporalis
987 4494 1112 4548 vitae
1139 4493 1446 4547 commodo
1470 4509 1767 4563 nunquam

177 4582 402 4649 cupiunt
433 4582 724 4636 declinare
751 4599 784 4635 a
815 4583 1024 4636 virtute
1056 4581 1124 4635 ad
1156 4582 1308 4648 vitia,
1340 4597 1444 4634 nec
1471 4598 1503 4634 a
1528 4581 1767 4635 veritate

179 4667 247 4720 ad
279 4672 662 4725 mendacium.
682 4670 896 4724 Namin
928 4671 1170 4724 decretis
1192 4670 1535 4740 pontiﬁcum
1562 4669 1769 4723 eadem

179 4757 320 4811 ratio
335 4760 534 4825 existit,
563 4776 811 4831 quorum
834 4762 998 4812 tanta
1011 4759 1322 4812 auctoritas
1350 4761 1525 4824 est,ut
1545 4762 1770 4812 senten-

179 4843 265 4896 tiae
289 4849 666 4915 plurimorum
691 4848 856 4901 unius
870 4847 1114 4902 Romani
1141 4846 1422 4917 pontiﬁcis
1443 4849 1772 4916 exspectent

173 4930 459 4996 judicium.
487 4939 732 5008 Semper
751 4937 924 5008 igitur
947 4936 1002 4988 in
1020 4936 1225 4989 talibus
1244 4935 1652 5007 praeponderat
1667 4935 1773 4987 uti-

184 5020 301 5074 litas
333 5030 383 5077 et
411 5028 701 5092 honestas,
732 5042 846 5079 non
876 5025 1231 5090 illecebrosa,
1262 5041 1436 5095 quam
1456 5023 1638 5076 sancti
1665 5022 1770 5076 viri

185 5106 415 5180 fugiunt,
443 5114 883 5168 desideriorium
913 5115 1190 5183 voluptas.
1223 5113 1334 5167 Sed
1375 5129 1447 5165 ne
1483 5112 1770 5166 incassum

188 5199 314 5253 talia
327 5204 502 5258 dicere
529 5204 849 5270 videamur,
869 5205 1134 5273 exempla
1157 5201 1770 5273 proponimus.’l‘rans—

190 5285 438 5357 migratio
469 5292 875 5365 episcoporum
907 5290 1202 5362 prohibita
1233 5294 1316 5344 est
1348 5291 1404 5343 in
1456 5290 1680 5342 Nicasna
1713 5292 1770 5342 et

194 5371 618 5435 Chalcedonensi
637 5380 878 5452 synodo;
913 5381 1251 5433 necessitate
1273 5380 1356 5432 vel
1379 5378 1622 5431 utilitate
1637 5395 1771 5433 con-

195 5475 334 5518 cessa
352 5472 428 5522 est
452 5472 506 5524 in
521 5469 885 5523 Antiocheno
908 5468 1173 5523 concilio.
1191 5468 1256 5520 Et
1282 5466 1622 5521 necessitate
1646 5465 1770 5537 qui-

197 5549 334 5616 dem,
351 5561 578 5629 prepter
593 5557 774 5627 frigus
796 5556 1012 5611 scilicet
1039 5555 1192 5627 quod
1214 5555 1262 5626 ej
1274 5572 1335 5609 us
1359 5554 1544 5609 debile
1558 5571 1766 5624 corpus

194 5637 327 5696 ferre
355 5663 460 5701 non
486 5649 738 5720 poterat,
770 5645 1032 5700 Silvanus
1062 5644 1133 5699 ab
1165 5645 1351 5699 Attico
1381 5662 1446 5698 ex
1477 5642 1765 5715 Philippo-

2020 1946 2103 1998 lX.
2140 1973 2204 1985 —-
2232 1946 2316 2000 De
2343 1944 2645 2014 diﬂ'erentia
2677 1943 2806 2013 legis
2857 1950 2905 1998 el
2935 1945 3348 2000 consuetudinis.

1950 2043 2106 2098 Sicut
2135 2059 2233 2097 rex
2259 2060 2292 2096 a
2317 2043 2575 2114 regendo
2609 2042 2836 2108 dicitur,
2871 2042 2950 2096 ita
2976 2046 3033 2095 et
3056 2043 3145 2095 lex
3165 2059 3198 2096 a
3219 2043 3490 2112 legendo.

1879 2132 2445 2204 QuaprOpterlegum
2461 2130 3060 2203 promulgatioregum
3080 2130 3282 2185 edictis
3296 2133 3494 2186 exten-

1879 2221 2052 2288 ditur,
2080 2224 2138 2275 et
2181 2221 2569 2292 unusquisque
2602 2220 2754 2273 infra
2785 2219 2869 2273 sui
2900 2219 3067 2290 regni
3117 2219 3262 2274 ﬁnes
3303 2219 3492 2292 impe-

1878 2311 2030 2364 rium
2066 2308 2455 2364 Christianum
2489 2308 2702 2378 pietate
2730 2307 3076 2379 exsequitur.
3119 2308 3219 2362 Cui
3251 2324 3493 2362 consue-

1878 2400 2016 2470 tudo
2046 2402 2246 2469 paret;
2279 2414 2406 2469 quas
2438 2397 2483 2451 si
2515 2395 2755 2468 publicis
2787 2396 3131 2450 utilitatibus
3163 2413 3282 2450 non
3308 2395 3494 2468 impe-

1879 2489 2032 2543 ditur
2063 2488 2184 2558 ipsa
2215 2503 2318 2558 pro
2350 2488 2478 2558 lege
2511 2485 2782 2540 succedit.
2816 2486 2962 2539 Nam
2989 2484 3186 2538 Cicero
3213 2485 3272 2538 in
3297 2484 3494 2539 rheto-

1877 2577 2006 2632 ricis
2026 2577 2236 2631 harum
2263 2574 2707 2630 similitudinem
2732 2591 2795 2628 ac
2831 2573 3221 2627 ditl'erentiam
3242 2573 3321 2627 ita
3348 2573 3495 2626 deﬁ-

1878 2666 2099 2720 nitione
2133 2665 2388 2737 pandere
2421 2680 2535 2718 non
2570 2662 2891 2734 supersedit
2915 2661 3058 2733 (CIC.
3092 2662 3192 2716 lib.
3228 2679 3287 2728 ιι,
3311 2662 3374 2715 de
3397 2662 3494 2716 1n-

1876 2755 2042 2826 vent.)
2074 2777 2099 2802 ‹‹
2127 2752 2685 2822 Consuetudinisjus
2716 2767 2835 2806 esse
2869 2755 3107 2821 putatur
3129 2750 3186 2804 in
3210 2751 3367 2822 quod
3397 2767 3493 2805 vo-

1877 2844 2095 2897 luntate
2128 2841 2396 2897 omnium
2427 2841 2549 2894 sine
2580 2843 2706 2910 lege
2737 2843 2986 2893 vetustas
3018 2839 3434 2909 comprobarit.
3466 2861 3494 2888 ››

1875 2933 2011 2985 Jura
2041 2947 2174 2984 vero
2221 2928 2484 3000 legitima
2512 2945 2579 2981 ex
2614 2927 2838 2998 legibus
2875 2926 3154 2997 cognosci.
3183 2926 3495 2996 oportebit,

1876 3024 1934 3074 et
1954 3037 1988 3074 a
2009 3018 2226 3091 vulgari
2256 3016 2638 3088 intelligentia
2663 3016 2983 3070 remotiora
3005 3018 3167 3081 sunt;
3198 3014 3270 3067 ad
3299 3014 3498 3069 simili-

1874 3109 2138 3162 tudinem
2165 3124 2298 3161 vero
2321 3105 2598 3177 aliquam,
2635 3107 2734 3158 aut
2757 3103 2829 3158 ad
2853 3119 2980 3158 rem
3013 3102 3490 3172 ampliﬁcandam

1875 3214 2026 3268 saepe
2053 3199 2184 3250 sunt
2206 3194 2530 3248 inferenda.
2567 3192 2865 3258 Quocirca,
2891 3192 2934 3245 si
2954 3192 3102 3245 bene
3134 3190 3494 3257 memini,lex

1877 3289 1935 3340 et
1960 3302 2086 3340 mos
2116 3283 2334 3356 species
2363 3285 2496 3336 sunt
2539 3281 2706 3353 juris.
2754 3281 2900 3334 Nam
2940 3281 3028 3334 lex
3071 3282 3128 3333 et
3158 3280 3491 3350 principum

1877 3373 2208 3429 constitutio
2239 3371 2469 3443 scripta;
2503 3387 2628 3425 mos
2650 3385 2784 3424 vero
2817 3368 3172 3423 consuetudo
3203 3370 3487 3422 vetustate

1877 3463 2140 3535 probata,
2164 3477 2270 3515 nec
2293 3464 2489 3514 tamen
2517 3458 2746 3530 scripta.
2779 3459 2866 3510 An
2899 3460 3150 3511 vetustas
3199 3457 3344 3510 adeo
3386 3455 3493 3511 sibi

1875 3550 2164 3605 consensit
2185 3549 2242 3602 in
2263 3550 2416 3602 malo
2441 3551 2502 3602 ut
2523 3563 2755 3602 morum
2777 3545 3142 3618 disciplinam
3160 3546 3350 3598 nullus
3377 3545 3491 3599 vel-

1875 3639 1953 3692 let
1967 3637 2310 3709 aliquando?
2333 3636 2446 3691 Sed
2470 3637 2576 3690 hoc
2592 3650 2876 3706 nusquam
2900 3633 3164 3705 gentium
3184 3632 3493 3688 didicimus

1875 3726 2146 3781 omnibus
2191 3725 2526 3779 hominibus
2571 3723 2789 3777 bonum
2844 3726 3067 3775 natura;
3129 3722 3304 3775 etiam
3339 3723 3492 3776 male

1874 3815 2101 3886 agendo
2121 3813 2468 3867 amantibus.
2499 3811 2712 3865 Omnes
2735 3811 2910 3881 igitur
2925 3811 3194 3864 homines
3221 3809 3388 3864 bonis
3410 3811 3489 3864 le-

1873 3904 2060 3974 gibus,
2081 3907 2179 3956 aut
2196 3901 2363 3956 bonis
2386 3900 2643 3955 moribus
2667 3901 2904 3953 utantur
2925 3914 3156 3952 necesse
3173 3901 3276 3951 est.
3308 3899 3487 3953 Porro

1874 3992 2156 4063 quosdam
2178 3989 2592 4063 comperimus,
2628 3987 2724 4059 qui
2760 4003 2866 4040 nec
2899 3987 3064 4040 bonis
3099 3985 3358 4040 moribus
3384 4003 3482 4056 per

1873 4079 2377 4144 consuetudinem,
2414 4094 2518 4131 nec
2559 4076 2681 4129 ullis
2706 4075 2929 4144 legibus
2956 4090 3013 4127 se
3041 4073 3301 4127 subditos
3327 4073 3488 4126 arbi-

1873 4169 2132 4232 trentur;
2167 4170 2223 4219 et
2253 4165 2487 4237 quisine
2512 4165 2638 4234 lege
2664 4163 2881 4228 vivunt,
2902 4162 3167 4231 sinelege
3188 4162 3481 4234 peribunt.

1871 4275 1929 4328 X.
1961 4305 2034 4314 ——
2064 4274 2146 4328 De
2175 4289 2231 4326 eo
2283 4271 2423 4344 quod
2450 4270 2743 4324 sacerdotes
2787 4269 3103 4323 mandatum
3163 4267 3233 4321 ad
3278 4275 3488 4338 gentem

2322 4369 2626 4415 extraneum
2661 4376 2766 4412 non
2795 4361 3035 4414 mittant.

1944 4462 2026 4515 Ex
2064 4461 2342 4515 Toletano
2375 4458 2619 4513 concilio
2648 4458 2733 4524 IV,
2764 4473 2890 4527 cap.
2929 4460 3031 4512 30:
3065 4479 3092 4505 ‹‹
3123 4454 3478 4510 Conﬁn-itimi

1872 4551 2124 4605 hostium
2139 4548 2704 4618 sacerdotes,prceter
2727 4563 2824 4600 eos
2840 4545 2936 4616 qui
2954 4544 3114 4615 regia
3125 4546 3411 4614 potestate
3424 4543 3490 4597 li-

1872 4639 2119 4693 centiam
2136 4653 2450 4708 acceperun
2462 4640 2618 4706 t,quc
2630 4634 2810 4688 dlibet
2823 4633 3008 4703 adgen
3021 4636 3137 4686 tem
3151 4635 3491 4686 extraneam

1872 4727 2217 4782 mandatum
2241 4726 2460 4779 occulte
2475 4724 2737 4794 accipere
2763 4723 2846 4776 vel
2868 4721 3117 4792 dirigere
3134 4738 3250 4776 non
3270 4737 3485 4790 pransu-

1874 4819 2055 4870 mant.
2093 4814 2198 4878 Qui
2250 4817 2445 4868 autem
2494 4810 2950 4882 deprehenditur
2999 4813 3170 4881 atque
3201 4807 3490 4863 convinci-

1873 4907 1986 4970 tur,
2017 4902 2388 4957 denuntiatus
2438 4900 2684 4973 principi
2719 4899 2873 4971 apud
2903 4898 3237 4960 concilium,
3269 4913 3486 4969 magna

1873 4991 2378 5046 animadversione
2407 4993 2465 5043 et
2497 4989 2790 5059 condigna
2819 4986 3175 5041 multabitur.
3211 5007 3238 5034 n

1873 5100 1936 5152 Xl
1964 5097 2116 5150 ——De
2145 5096 2346 5150 clericis
2371 5095 2543 5148 electis
2573 5095 2639 5147 ab
2668 5092 3079 5161 aediﬁcatoribus
3103 5091 3487 5147 venerabilia»:

2205 5185 2464 5249 locorum,
2495 5183 2577 5236 vel
2605 5181 2899 5235 heredibus
2943 5197 3148 5235 cormn.

1943 5287 2002 5338 ln
2031 5283 2273 5354 legibus,
2294 5299 2420 5352 cap.
2445 5284 2548 5336 456
2580 5297 2591 5334 :
2627 5303 2653 5330 «
2678 5280 2734 5334 Si
2759 5279 2885 5350 quis
2908 5279 3220 5334 oratoriam
3242 5277 3485 5331 domum

1872 5372 2257 5438 aediﬁcaverit,
2281 5374 2338 5425 et
2358 5371 2474 5443 ipse
2493 5371 2579 5424 vel
2594 5369 2854 5424 haaredes
2875 5369 2922 5438 ej
2934 5386 2996 5422 us
3017 5367 3253 5421 clericos
3272 5367 3328 5420 in
3364 5367 3488 5438 ipsa

1873 5464 2050 5517 domo
2074 5477 2416 5516 consecrare
2442 5458 2774 5524 maluerint,
2791 5460 3053 5526 sumptus
3072 5454 3483 5508 administran-

1872 5556 1955 5606 tes
1991 5551 2248 5622 ejusdem
2302 5550 2508 5603 domus
2539 5547 2867 5612 audiantur,
2909 5545 2954 5597 si
2983 5543 3188 5614 dignos
3215 5539 3481 5594 nomina-

1873 5640 2059 5694 verint
2085 5639 2352 5709 clericos;
2385 5637 2469 5691 sin
2503 5639 2697 5691 autem
2727 5634 2806 5689 illi
2837 5634 2978 5687 tales
3010 5632 3142 5692 sint,
3185 5632 3244 5682 ut
3277 5625 3483 5682 divinis
