3876 6172
453 441 558 504 483

453 558 772 621 canonibus
811 569 930 611 non
961 545 1433 620 comprobantur,
1463 543 1536 600 ad
1567 542 1900 615 episcopum
1932 556 2060 615 per.

451 653 660 712 tinebit
693 649 834 705 alios
871 642 1105 698 clericos
1137 639 1376 693 idoneos
1407 633 1641 704 eligere.
1667 652 1699 686 πο

449 741 719 802 Xll.—-De
745 735 1076 792 ordinatione
1104 729 1187 782 vel
1215 725 1590 795 degrmlationc
1600 723 2049 793 presbyterorum.

521 835 599 887 Ex
629 823 945 900 Hispalensi
970 817 1214 874 concilio
1245 817 1310 881 ll,
1344 831 1468 882 cap.
1492 829 1565 864 vi.
1596 810 1897 864 «Ecclesia:
1933 809 2048 878 [al.,

451 898 840 992 comperimus
903 909 1276 980 Fragilanum
1327 899 1706 956 Cordubensis
1764 898 2050 964 Ecclesiae]

451 1011 851 1088 presbyterum
875 1020 908 1056 a
927 998 1197 1073 pontiﬁce
1215 1010 1312 1047 suo
1332 993 1536 1061 injuste
1570 991 1707 1044 olim
1737 989 2046 1058 dejectum,

449 1079 508 1160 et
539 1099 906 1156 innocentem
933 1089 1124 1144 exsilio
1153 1083 1622 1139 condemnatum.
1654 1079 1835 1142 Quem
1856 1094 2049 1131 rursus

448 1210 552 1266 per
581 1183 1058 1255 subscriptionem)
1101 1177 1359 1227 nostram
1393 1168 1773 1231 decrevimus,
1801 1171 1860 1220 ut
1885 1167 2050 1236 juxta.

450 1256 771 1357 priscorum
827 1273 1060 1326 Patrum
1107 1261 1443 1334 synodalem
1477 1257 1825 1312 sententiam
1860 1256 2048 1309 nullus

447 1344 702 1428 virorum
731 1364 855 1416 sine
913 1353 1136 1410 concilii
1183 1347 1608 1404 examinatione
1655 1344 2043 1414 dejiciendum

445 1456 765 1534 quemlibet
792 1450 1188 1522 presbyterum
1217 1442 1300 1492 vel
1325 1438 1629 1490 diaconum
1663 1435 2039 1488 amieatNam

447 1524 612 1606 multi
639 1543 772 1598 sunt
803 1537 898 1609 qui
933 1534 1273 1588 indiscussos
1295 1529 1572 1597 potestate
1602 1524 2044 1594 tyrannica,non

447 1633 788 1696 auctoritate
815 1623 1114 1685 canonica,
1137 1618 1446 1680 damnant;
1481 1617 1538 1666 et
1567 1613 1707 1666 sicut
1737 1613 2044 1666 nonrmllos

443 1725 644 1800 gratias
656 1721 845 1776 favore
859 1707 1275 1768 sublimant,ita
1289 1702 1560 1775 quosdam
1579 1702 1706 1756 odio
1723 1701 2046 1771 invidiaque

445 1789 694 1890 permoti
719 1803 1046 1866 humiliant,
1081 1802 1138 1850 et
1182 1795 1253 1848 ad
1288 1796 1473 1848 levem
1513 1789 1801 1863 opinionis
1841 1805 2043 1842 auram

1484 421 1541 480 Β.
1573 417 1868 478 ABBONIS
1904 412 2191 474 ABBATIS
2231 410 2728 473 FLOBIACENSIS
3583 413 3668 473 ιδι

2157 525 2463 612 ειιὶω,’ρι·ο
2493 552 2594 592 suo
2639 529 2970 606 turpissimo
3019 525 3156 585 lucri
3197 527 3494 600 commodo,
3531 530 3572 587 is
3593 535 3672 608 qui

2154 629 2264 684 hoc
2293 629 2603 682 attentasse
2633 625 2908 696 probatus
2932 618 3124 686 fuerit,
3155 617 3358 690 proprii
3385 619 3570 690 gradus
3593 639 3674 695 pe.

2155 716 2336 771 riculo
2369 713 2721 786 subjacebit;
2755 715 2814 767 et
2855 709 2953 782 qui
2991 707 3275 763 ordinatus
3325 708 3420 769 est,
3465 708 3585 764 nihil
3621 728 3678 766 ex

2155 806 2261 860 hac
2294 803 2660 860 ordinatione
2687 801 2773 854 vel
2801 797 3186 872 promotione,
3217 811 3334 868 qum
3363 799 3440 850 est
3475 812 3565 867 per
3603 815 3681 854 ne-

2154 895 2538 965 gotiationem
2577 891 2749 956 facta,
2779 886 3076 960 proﬁciat;
3104 885 3200 939 sed
3239 883 3306 938 sit
3345 883 3538 938 alienus
3557 901 3586 940 a
3609 886 3678 942 di-

2153 983 2375 1054 gnitate
2405 982 2492 1036 vel
2532 977 2940 1042 sollicitudine,
2973 989 3146 1045 quam
3183 972 3421 1043 pecuniis
3443 973 3680 1044 qumsivit.

2153 1072 2209 1126 Si
2237 1072 2362 1144 quis
2391 1087 2526 1124 vero
2573 1068 2860 1124 mediator
2899 1068 3020 1118 tam
3080 1063 3330 1134 turpibus
3373 1066 3424 1115 et
3465 1061 3684 1116 nefandis

2151 1161 2318 1228 datis,
2349 1162 2436 1215 vel
2469 1159 2712 1229 acceptis
2741 1154 3038 1219 exstiterit,
3061 1151 3337 1224 siquidem
3358 1150 3568 1204 clericus
3584 1151 3684 1204 fuc-

2148 1251 2242 1316 rit,
2271 1248 2504 1322 proprio
2535 1247 2719 1321 gradu
2754 1244 3012 1309 decidat;
3041 1243 3088 1297 si
3131 1256 3259 1295 vero
3297 1239 3459 1294 laicus
3479 1242 3565 1294 aut
3587 1254 3686 1292 mo-

2146 1339 2382 1406 nachus,
2415 1333 2962 1392 anatliematizetur.
2997 1351 3026 1380 »

2498 1425 2628 1480 XIV.
2667 1455 2728 1464 -—
2760 1423 2840 1476 De
2883 1421 3129 1475 electione
3164 1418 3379 1473 abbatis.

2217 1509 2278 1560 In
2311 1505 2572 1578 Legibus,
2608 1519 2732 1574 cap.
2777 1503 2881 1556 480
2915 1517 2927 1554 :
2960 1519 2990 1550 «
3020 1499 3214 1578 Restat
3246 1503 3316 1578 ut~
3338 1496 3405 1550 de
3434 1495 3692 1578 monachis

2147 1575 2424 1641 dicamus.
2455 1586 2635 1656 lgitur
2655 1581 2963 1643 sancimus,
2987 1583 3050 1633 ut
3079 1577 3254 1632 abbas
3278 1576 3385 1630 sive
3411 1575 3694 1630 archiman-

2149 1665 2300 1720 drita
2331 1667 2388 1720 in
2417 1662 2650 1736 singulis
2681 1657 3047 1716 monasteriis
3077 1658 3456 1728 praeponatur,
3485 1669 3588 1708 non
3621 1669 3694 1706 se-

2149 1745 2400 1800 cundum
2433 1731 2679 1817 gradum
2713 1739 3160 1803 monachorum,
3203 1735 3303 1789 sed
3330 1750 3495 1806 quem
3536 1731 3695 1786 cuncti

2148 1811 2560 1892 monachifvel
2591 1820 2843 1876 melioris
2891 1815 3183 1889 opinionis
3222 1811 3500 1869 constituti
3544 1812 3694 1882 elege-

445 1897 840 1960 condemnant
861 1903 1108 1977 (Ιυονυιη
1133 1899 1375 1977 crum“?
1395 1898 1513 1977 11,9"
1527 1878 2042 1977 _app,mb,ant'Epls'
2071 1877 2124 1936 B
2143 1906 2280 1973 rint,
2314 1877 2621 1977 propositis
2667 1899 2876 1955 sanctis
2921 1877 3254 1968 evangeliis,
3299 1893 3538 1948 dicentes
3567 1877 3698 1961 quod

443 2008 618 2065 cepus
633 1985 788 2042 enim
806 1976 1197 2035 sacerdotibus
1217 1989 1278 2026 ac
1297 1969 1569 2026 ministris
1582 1969 1733 2022 solus
1753 1968 2040 2022 honorem

443 2056 581 2138 dare
597 2070 1040 2149 potest,auferre
1054 2081 1169 2118 non
1189 2059 1459 2134 potest.Si
1476 2057 1633 2112 enim
1665 2057 1847 2128 hi,qui
1861 2056 1918 2109 in
1937 2072 2039 2109 saa-

442 2170 569 2226 culo
597 2145 636 2221 a
670 2159 920 2218 dominis
950 2155 1063 2210 suis
1083 2145 1662 2206 honoremlibertatis
1679 2145 1870 2215 adepti
1886 2147 2037 2212 sunt,

442 2259 500 2314 in
535 2250 818 2312 servitutis
851 2260 1060 2302 nexum
1092 2257 1209 2295 non
1239 2239 1626 2302 revolvuntur,
1659 2233 1766 2288 nisi
1815 2233 2040 2304 publice

441 2345 594 2419 apud
607 2354 872 2416 proceres
884 2329 1156 2388 tribunali
1175 2329 1300 2382 foro
1311 2325 1528 2380 fuerint
1549 2322 2037 2392 accusati,quanto

444 2410 630 2506 magis
657 2428 716 2484 hi
763 2426 858 2500 qui
901 2419 1104 2476 divinis
1158 2414 1434 2470 altaribus
1463 2410 1777 2466 consecrati
1818 2410 2039 2463 honore

440 2497 818 2581 ecclesiastico
851 2509 1198 2567 decorantur
1218 2504 1245 2558 ἱ)
1276 2502 1381 2566 Qui
1408 2500 1665 2572 profecto
1693 2514 1800 2552 nec
1827 2497 1898 2551 ab
1925 2514 2038 2552 uno

441 2609 729 2676 damnari,
763 2621 870 2661 nec
909 2617 1024 2656 uno
1049 2596 1345 2670 judicante
1377 2593 1652 2664 poterunt
1679 2588 1916 2644 honoris
1955 2587 2039 2641 sui

443 2697 758 2776 privilegiis
809 2691 958 2757 exui,
1010 2687 1108 2742 sed
1142 2681 1466 2757 praesentati
1512 2677 1771 2751 synodali
1793 2676 2037 2750 judicio,

440 2767 598 2866 quod
635 2767 820 2844 canon
849 2782 920 2836 de
941 2777 1052 2832 illis
1087 2770 1448 2848 praeceperit,
1478 2767 1726 2824 deﬁniri.
1759 2785 1791 2818 »

439 2856 733 2938 ἱΙιΙρ-Πι
753 2871 900 2927 nulla
916 2867 1148 2941 pecunia
1175 2862 1284 2934 (34)
1310 2860 1436 2914 data
1458 2859 1687 2941 episcopi
1705 2856 2035 2941 ordinentur.

511 2959 588 3016 Ex
619 2956 765 3012 libro
796 2937 1015 3023 Legum
1063 2947 1198 3012 (35),
1239 2957 1364 3014 cap.
1413 2942 1518 2996 430
1548 2957 1566 2992 :
1598 2961 1625 2990 «
1659 2938 1807 2992 Ante
1839 2937 2039 2992 omnia

439 3047 581 3106 illud
610 3038 897 3102 observari
912 3035 1220 3098 sancimus,
1248 3033 1310 3084 ut
1340 3045 1515 3084 nemo
1545 3027 1650 3082 sub
1667 3026 2038 3100 praestatione

440 3139 563 3197 auri
596 3136 683 3191 vel
715 3129 947 3187 alterius
975 3125 1058 3180 rei
1107 3121 1408 3194 episcopus
1455 3119 1838 3173 consecretur.
1873 3115 2038 3179 Quod

440 3229 484 3285 si
515 3227 630 3282 tale
683 3217 902 3291 aliquid
955 3211 1271 3268 admissum
1325 3205 1518 3272 fuerit,
1557 3205 1772 3276 seipsos
1823 3206 1880 3258 et
1910 3219 2038 3258 suas

443 3315 666 3373 animas
696 3305 947 3382 perdunt
969 3300 1030 3354 lii
1053 3297 1150 3370 qui
1174 3294 1444 3368 pecunias
1464 3291 1752 3364 accipiunt
1772 3293 1864 3346 vel
1897 3307 2038 3362 prie-

441 3405 616 3468 stant,
648 3379 714 3452 et
735 3391 1084 3450 mediatores
1113 3399 1315 3440 eorum
1346 3380 1660 3436 secundum
1700 3379 1919 3434 divinas
1947 3396 2036 3434 re-

448 3491 611 3564 gulas
640 3489 698 3540 et
723 3495 914 3538 sacros
943 3489 1194 3530 canones
1223 3467 1696 3526 condemnationi
1727 3467 2036 3539 subjiciun-

441 3555 554 3634 tur.
584 3572 903 3645 Eapropter
924 3567 1033 3620 hoc
1064 3567 1123 3616 et
1154 3559 1250 3632 qui
1280 3559 1399 3621 dat,
1430 3559 1487 3611 et
1508 3555 1603 3629 qui
1633 3556 1920 3628 accipit,et
1939 3555 2036 3628 qui

440 3664 732 3722 mediator
761 3659 942 3712 factus
982 3653 1086 3718 est,
1126 3647 1446 3704 sacerdotio
1493 3647 1581 3700 vel
1609 3645 1908 3700 clericatus
1931 3646 2038 3700 ho-

443 3771 586 3811 nore
618 3747 1002 3808 removeatur.
1033 3739 1200 3804 Quod
1230 3751 1335 3808 pro
1383 3752 1467 3790 ea.
1506 3750 1676 3788 causa
1701 3733 1900 3788 datum
1929 3738 2034 3803 est,

441 3840 690 3900 ecclesia;
721 3835 1041 3891 vindicetur
1070 3827 1171 3895 illi,
1217 3825 1375 3884 cuius
1418 3823 1596 3877 voluit
1651 3823 2035 3878 sacerdotium

439 3948 656 3990 emere.
690 3927 748 3985 Si
778 3927 972 3981 autem
1010 3917 1187 3974 laicus
1227 3915 1358 3982 erit,
1401 3911 1498 3984 qui
1552 3928 1656 3984 pro
1710 3912 1817 3966 hac
1869 3928 2038 3968 causa

439 4020 659 4095 aliquid
712 4012 951 4085 accepit,
996 4010 1080 4064 vel
1124 4003 1414 4060 mediator
1464 4000 1548 4056 rei
1605 4001 1789 4056 factus
1829 4004 1935 4069 est,
1969 4017 2039 4056 ea

437 4089 564 4184 qua-3
592 4108 727 4164 data
749 4105 884 4158 sunt
910 4099 972 4154 in
1003 4095 1241 4169 duplum
1271 4092 1342 4146 ab
1374 4107 1442 4145 eo
1474 4089 1798 4161 exigantur,
1838 4089 1910 4143 ab
1941 4105 2033 4144 ec-

437 4177 608 4255 clesia
655 4189 1018 4250 vindicanda.
1052 4185 1177 4239 Non
1210 4181 1395 4235 solum
1423 4180 1620 4232 autem
1652 4195 1720 4232 ea
1745 4194 1872 4250 quae
1901 4177 2036 4232 data

435 4289 590 4353 sunt,
625 4277 900 4338 vindicari
930 4271 1322 4348 praecipimus;
1351 4267 1447 4322 sed
1479 4271 1536 4321 et
1556 4283 1792 4322 omnem
1825 4266 2035 4322 cautio-

436 4391 596 4440 nem,
646 4373 704 4425 et
751 4380 988 4422 omnem
1035 4361 1208 4416 aliam
1253 4357 1714 4429 qualemcunque
1745 4355 2033 4410 actionem

434 4473 654 4519 cessare
666 4455 977 4518 sancimus,
999 4453 1061 4504 ut
1080 4449 1174 4502 ille
1200 4447 1297 4519 qui
1325 4445 1770 4517 promissionem
1793 4446 2032 4517 accepit,
2055 4433 2109 4493 D

435 4567 554 4607 non
579 4548 766 4602 solum
788 4539 1117 4596 cautionem
1131 4535 1396 4601 reddere,
1413 4534 1582 4589 sedet
1602 4534 1778 4602 aliud,
1809 4538 2035 4591 tantum

435 4640 716 4714 quantum
731 4630 920 4688 cautio
943 4627 1221 4689 continet,
1239 4623 1544 4678 conveniat
1559 4623 1680 4676 Eccl
1690 4623 1818 4678 θείω
1837 4624 2031 4680 dare.»

501 4731 647 4785 item
697 4739 763 4778 ex
815 4715 1056 4774 concilio
1109 4711 1580 4778 Chalcedonensi,
1617 4727 1743 4784 cap.
1771 4716 1828 4768 11
1864 4731 1878 4768 :
1913 4737 1941 4764 ‹‹
1977 4715 2034 4770 Si

431 4817 558 4892 quis
589 4811 888 4886 episcopus
907 4820 1010 4878 per
1021 4801 1326 4876 pecuniam
1352 4800 1554 4856 fecerit
1578 4801 2031 4871 ordinationem,

432 4891 490 4964 et
503 4905 607 4962 sob
621 4899 806 4974 pretio
821 4892 1110 4966 redegerit
1123 4891 1372 4964 gratiam
1394 4907 1522 4962 qua:
1535 4905 1652 4945 non
1666 4892 2034 4962 poteslvendi

434 4987 907 5058 ordinaveritque
934 4999 1040 5056 per
1083 4978 1357 5053 pecunias
1387 4978 1744 5050 episcopum,
1776 4983 1875 5034 aut
1905 4995 2034 5050 pre-

435 5088 753 5160 sbyterum,
785 5080 883 5132 aut
913 5075 1246 5138 diaconum,
1279 5071 1366 5126 vel
1397 5069 1715 5141 quemlibet
1743 5085 1809 5123 ex
1841 5067 2037 5140 bisqui

429 5157 986 5232 connumeranturm
1000 5157 1643 5230 clero,autpromoverit
1655 5172 1757 5228 per
1768 5157 2039 5228 pecunias

435 5261 922 5336 dispensatorem,
946 5251 1034 5308 vel
1050 5263 1408 5323 quemquam
1425 5245 1520 5318 qui
1537 5244 1824 5315 subjectus
1845 5247 1930 5300 est
1944 5261 2035 5300 re-

496 5386 616 5461 (34)
640 5383 724 5461 _Ut
747 5379 897 5461 nulla
919 5377 1170 5458 pecunia.
1201 5371 1576 5461 {ir-assabatur
1595 5383 1699 5440 per
1720 5367 2036 5461 id‘tLempus

431 5441 708 5518 Simonim
729 5441 974 5514 crimen,
992 5449 1054 5502 in
1068 5445 1224 5518 quod
1238 5443 1450 5568 stplum
1468 5455 1740 5495 exeruere
1765 5441 1890 5495 Abo
1912 5441 2033 5512 ipse.

431 5535 498 5568 ...4
525 5525 877 5568 ηορηιιτ-Αιιιη
905 5519 1170 5568 abbatem
1194 5515 1284 5568 Bel
1313 5513 1620 5567 ilocensem
1642 5511 1794 5568 apud
1813 5511 2030 5568 Aimoi-

428 5511 878 5589 aoi'bernardum
905 5511 1170 5575 abbatem
1194 5511 1620 5589 Bellilocensem
1638 5511 1794 5589 apud
1813 5511 2030 5589 ᾼίιξφί-

432 5582 1220 5670 numinipsiusltita,cap._lo;
1236 5584 1514 5670 etGlaber
1531 5582 1808 5670 Rodulfus
1829 5583 1885 5637 in
1905 5584 2024 5638 His-

430 5657 715 5730 toriarum
742 5665 844 5720 lib.
873 5664 934 5730 ii,
958 5657 1084 5734 cap}
1119 5663 1172 5734 6,
1205 5657 1425 5734 aliique
1447 5657 2029 5734 eorum_temporum

432 5725 718 5808 auctores,
767 5725 972 5812 quibus
1024 5725 1248 5806 punivit
1300 5725 1608 5786 Gerbertus
1664 5725 1720 5782 in
1760 5725 2029 5786 sermone

2144 1971 2274 2042 non?
2296 1971 2532 2057 propter
2563 1980 2881 2037 amicitiam
2926 1979 3016 2034 vel
3045 1977 3316 2048 gratiam,
3362 1973 3456 2028 sed
3492 1971 3698 2026 scientes

2143 2085 2277 2124 eum
2296 2049 2440 2121 ‘ﬁde‘i
2470 2067 2640 2118 rectae
2672 2065 2729 2114 et
2753 2059 2880 2114 vita;
2921 2061 3114 2122 castae,
3146 2057 3204 2109 et
3247 2049 3700 2108 administratione

2143 2149 2385 2218 dignum
2412 2149 2471 2198 et
2499 2143 2800 2213 potentem
2818 2137 2891 2218 ad
2918 2136 3345 2218 monachorum
3381 2128 3702 2218 disciplinam

2141 2207 2461 2282 etvomnem
2499 2207 2854 2276 ‘1n0nasterii
2907 2219 3123 2272 statum
3185 2213 3398 2268 utiliter
3433 2207 3698 2273 custodire,

2143 2323 2275 2360 eum
2307 2301 2608 2375 elegerint.
2635 2300 2701 2353 Et
2726 2299 2771 2352 si
2802 2298 2882 2352 sic
2907 2296 3122 2350 electus
3162 2292 3356 2358 fuerit,
3387 2287 3564 2344 modis
3597 2301 3702 2340 om-

2142 2387 2312 2440 nibus
2335 2366 2714 2438 coiifirmetur
2749 2379 2820 2432 ab
2852 2375 3144 2448 episcopo,
3196 2389 3286 2426 Clll
3329 2366 3705 2426 monasterium

2141 2466 2462 2536 subjectum
2485 2463 2590 2514 est.
2625 2458 2762 2522 Quae
2804 2459 2998 2510 autem
3041 2453 3113 2507 de
3153 2448 3510 2505 monasteriis
3534 2459 3706 2530 mona-

2143 2519 2384 2600 chourum
2417 2540 2681 2603 diximus,
2713 2536 2921 2591 eadem
2943 2535 3185 2588 teneant
3205 2534 3265 2585 et
3295 2530 3356 2583 in
3385 2519 3709 2582 monasteriis

2143 2628 2201 2680 et
2225 2619 2570 2678 archisteriis
2601 2617 2935 2672 mulierum.
2967 2631 2999 2666 ››

2140 2714 2245 2769 XV.
2281 2743 2347 2753 —
2377 2710 2460 2764 De
2487 2708 2690 2764 abbatis
2721 2704 3078 2768 ordinatione,
3111 2706 3163 2755 et
3192 2699 3258 2754 de
3281 2712 3483 2753 accessu
3513 2690 3706 2764 episcopi

2688 2775 2758 2830 ad
2788 2773 3188 2828 monasterium.

2213 2853 2522 2909 Gnaeoaws
2549 2849 2872 2904 MARINIANO
2905 2844 3178 2918 episcopo
3207 2842 3492 2896 Ravennae
3543 2831 3709 2904 (Greg.

2139 2943 2238 3000 lib.
2270 2957 2364 3008 vn,
2393 2956 2484 3011 ep.
2518 2939 2604 3005 18,
2635 2935 2836 2990 indict.
2870 2931 2922 3007 i)
2957 2949 2972 2988 :

2211 3055 2239 3082 ι(
2273 3031 2456 3096 Quam
2498 3027 2570 3081 sit
2609 3021 2998 3080 necessarium
3027 3016 3518 3076 monasteriorum
3558 3007 3714 3084 quieti

2064 3155 2112 3214 ο
2137 3119 2464 3201 prospicere
2482 3114 2620 3170 etde
2640 3128 2841 3168 eorum
2855 3112 3138 3182 perpetua
3151 3105 3463 3163 securitate
3477 3103 3714 3165 tractare,

2226 3213 2230 3214 ,
2363 3210 2372 3214 -
2651 3202 2704 3214 ,ιη
2747 3201 2756 3211 ο
3029 3197 3076 3214 1'
3227 3190 3694 3214 ,°,,_!_-_._-..--luu

2140 3213 2274 3264 ante
2293 3196 2482 3262 actum
2495 3221 2594 3258 vos
2611 3197 3050 3271 ofﬁcium,quod
3063 3197 3122 3252 in
3145 3194 3438 3268 regimine
3455 3190 3716 3246 monaste-

2139 3293 2571 3358 riiexhibuistis,
2599 3290 2894 3345 informat.
2924 3288 2992 3342 Et
3009 3285 3140 3341 ideo
3166 3285 3307 3358 quia
3335 3276 3720 3337 monasterium

2140 3386 2442 3441 beatorum
2463 3378 2768 3436 Joanniset
2787 3372 3258 3448 Stephani,quod
3279 3371 3339 3426 in
3367 3369 3640 3426 Clasitana
3660 3361 3722 3415 ci-

2137 3474 2309 3529 vitate
2325 3475 2410 3526 est
2425 3464 2914 3532 constitutum,cui
2936 3461 3273 3518 communis
3290 3459 3445 3515 ﬁlius
3481 3451 3721 3512 Claudius

2139 3563 2315 3617 abbas
2347 3574 2592 3631 praeesse
2646 3551 3023 3626 dignoscitur,
3067 3551 3261 3606 multa
3292 3565 3328 3603 a
3359 3539 3720 3602 decessoribus

2136 3649 2336 3706 vestris
2364 3646 2698 3720 prmjudicia
2727 3648 2898 3715 atque
2926 3639 3276 3713 gravamina
3319 3634 3611 3710 pertulisse
3653 3643 3730 3682 co-

2137 3737 2463 3811 gnovimus,
2496 3736 2726 3807 oportet
2749 3735 2812 3786 ut
2848 3728 3242 3784 fraternitatis
3274 3728 3477 3782 vestrae
3511 3716 3726 3792 provisio

2137 3804 2340 3884 eorum
2367 3827 2437 3881 de
2466 3804 2658 3880 futura
2711 3821 2900 3892 quiete
2957 3817 3176 3872 salubri
3223 3812 3592 3872 ordinatione
3640 3804 3733 3861 dis-

2136 3919 2338 3990 ponat,
2364 3917 2647 3986 quatenus
2677 3907 3086 3964 conversantes
3105 3903 3228 3959 illie
3259 3904 3325 3958 in
3365 3901 3466 3956 Dei
3499 3893 3728 3956 servitio,

2136 3985 2312 4078 ipsius
2363 3985 2593 4075 quoque
2644 3997 2832 4071 gratia
2877 3994 3265 4066 suffragante,
3318 3993 3518 4047 mente
3572 3985 3734 4040 libera

2135 4094 2522 4166 perseverent.
2553 4070 2666 4143 Sed
2696 4104 2769 4141 ne
2801 4103 2868 4140 ex
2889 4101 2958 4138 ea
2983 4100 3112 4156 qua:
3145 4081 3344 4154 magis
3389 4070 3732 4134 emendanda

2137 4186 2242 4250 est,
2275 4177 2689 4236 consuetudine
2717 4173 3026 4247 quisquam
3055 4171 3172 4227 illic
3205 4169 3478 4244 quolibet
3493 4170 3736 4234 tempore

2136 4271 2454 4343 quidquam
2509 4265 2788 4321 molestiae
2844 4265 3160 4335 praesumat
3216 4259 3465 4323 inferre,
3526 4263 3734 4308 necesse

2135 4364 2222 4415 est
2259 4363 2320 4412 ut
2350 4359 2472 4412 haec
2503 4372 2629 4428 quae
2669 4351 2907 4408 inferius
2953 4347 3370 4406 enumeranda
3407 4341 3734 4403 curavimus,

2135 4449 2216 4504 ita
2245 4425 2618 4502 fraternitatis
2666 4445 2866 4496 vestrae
2903 4438 3090 4493 studio
3146 4437 3413 4492 debeant
3460 4425 3734 4489 custodiri,

2137 4540 2200 4592 ut
2228 4554 2295 4592 ex
2321 4535 2401 4591 eis
2426 4551 2543 4588 non
2575 4531 2752 4605 possit
2784 4528 3019 4584 ulterius
3045 4525 3379 4581 inferendae
3412 4511 3739 4593 inquietudi-

2135 4626 2224 4681 nis
2243 4623 2463 4679 occasio
2489 4601 2748 4692 reperiri.
2782 4618 2978 4672 Nullus
3025 4615 3208 4687 igitur
3254 4615 3415 4668 ultra
3445 4607 3651 4664 audeat
3679 4601 3739 4692 de

2134 4713 2474 4779 redditibus,
2507 4687 2698 4776 rebus,
2729 4708 2820 4762 vel
2850 4703 3061 4762 chartis
3086 4701 3226 4758 dicti
3257 4693 3626 4759 monasterii,
3663 4687 3740 4743 vel

2136 4805 2206 4859 de
2232 4805 2356 4858 loco
2397 4800 2611 4872 aliquo,
2645 4796 2740 4868 qui
2779 4795 2854 4850 ad
2899 4810 3033 4849 eum
3076 4791 3366 4865 pertinet,
3414 4793 3743 4860 quocunque

2135 4891 2334 4959 modo,
2367 4888 2621 4960 qualibet
2645 4884 3010 4940 excusatione
3041 4880 3343 4946 minuere,
3383 4891 3491 4931 nec
3536 4867 3741 4926 immis-

2138 4980 2326 5036 siones
2357 4979 2581 5034 dolosas
2611 4976 2831 5047 aliquas
2853 4973 3064 5038 facere,
3093 4969 3193 5024 sed
3213 4967 3263 5023 si
3281 4983 3402 5040 qua
3430 4965 3580 5019 forte
3593 4969 3749 5014 causa

2139 5069 2290 5124 inter
2305 5069 2700 5124 Ravennatem
2714 5062 3013 5118 ecclesiam
3035 5063 3092 5114 et
3114 5056 3440 5130 praefatum
3476 5047 3747 5104 monaste—

2137 5157 2289 5213 rium
2313 5155 2586 5222 evenerit,
2619 5157 2677 5208 et
2707 5152 2940 5223 paciﬁcc
2987 5166 3105 5204 non
3157 5144 3432 5220 potuerit
3481 5130 3748 5196 ordinari,

2139 5246 2293 5320 apud
2322 5246 2532 5300 electos
2557 5260 2590 5298 a
2617 5242 2874 5315 partibus
2889 5240 3162 5294 timentes
3178 5236 3400 5300 Deum,
3421 5231 3546 5284 sine
3569 5227 3750 5280 volun-

2135 5371 2394 5442 superius
2420 5368 2598 5442 edito,
2629 5367 2724 5421 ubi
2753 5365 2967 5420 malum
2995 5363 3112 5442 boc
3135 5377 3243 5442 suo
3289 5374 3418 5442 aevo
3444 5349 3752 5442 lrevixi’sse.

2134 5419 2244 5498 ho‘c
2273 5446 2359 5498 est
2386 5419 2706 5505 invaluisse,
2730 5419 3314 5508 cunqueritur._l.ege
3334 5419 3752 5508 lfiutpraudum

2131 5513 2491 5570 Ticinensem
2519 5493 2827 5565 diaconum
2858 5493 2915 5562 in
2947 5503 3193 5561 Historia
3227 5493 3320 5555 sui
3354 5493 3664 5570 tem—poris:

2205 5560 3327 5657 6ὲῖῈέΪὶίῖἶέρεῖιὶῖἑίίπιιιη,ιαευπι
3358 5560 3752 5657 emanat?"

2131 5632 2402 5728 intelligit
2432 5655 2640 5728 librum
2667 5632 3036 5728 i‘lovellarum
3060 5665 3075 5713 ;
3101 5647 3147 5728 is
3173 5632 3326 5728 vero
3375 5643 3548 5728 locus
3581 5632 3751 5690 habe-

2129 5730 2226 5786 tur
2253 5715 2552 5784 invnovell.
2582 5728 2638 5789 6,
2659 5739 2782 5799 cap.
2815 5723 2871 5792 8,
2899 5724 2956 5776 et
2972 5718 3158 5776 novel.
3191 5719 3325 5783 123,
3362 5728 3473 5786 cap
3534 5715 3578 5764 t.
