3922 6168
173 767 513 837 cbngregatio
535 767 799 838 elegerit,
820 771 879 820 et
895 767 997 839 qui
1029 768 1240 824 electus
1266 771 1460 836 fuerit,
1479 774 1600 829 sine
1620 776 1755 831 dolo

174 854 241 908 vel
258 855 551 910 venalitate
574 856 771 928 aliqua
792 856 1119 911 ordinetur.
1149 858 1344 930 Neque
1371 862 1624 917 venienti
1653 865 1754 919 ab-

171 942 265 997 bati
289 959 639 1016 quaecunque
661 960 919 1016 persona
947 945 1203 1016 qualibet
1228 950 1528 1005 occasione
1557 952 1617 1005 in
1651 970 1754 1009 suo

169 1034 484 1088 monasterio
504 1037 865 1105 opponatur,
887 1033 997 1088 nisi
1018 1033 1166 1089 forte
1189 1039 1541 1094 exstantibus
1555 1041 1753 1096 crimi-

169 1121 303 1174 nibus
325 1122 493 1192 (quod
510 1122 704 1193 absit),
739 1139 870 1194 quas
894 1124 1038 1176 sacri
1067 1140 1317 1179 canones
1343 1129 1551 1198 punire
1579 1147 1751 1185 mon-

167 1212 399 1264 strantur.
423 1211 653 1265 Pariter
683 1215 885 1265 autem
907 1213 1347 1269 custodiendum
1376 1221 1458 1270 est
1492 1218 1751 1273 utinvito

165 1297 382 1366 ejusdem
412 1300 761 1355 monasterii
794 1301 1005 1355 abbate
1037 1301 1109 1355 ad
1141 1302 1469 1358 ordinanda
1486 1305 1608 1359 alia
1625 1323 1751 1361 mo-

169 1387 397 1453 nasteria,
429 1392 531 1442 aut
560 1389 639 1443 ad
692 1389 936 1444 ordines
985 1405 1172 1444 sacros
1225 1392 1313 1444 vel
1341 1392 1414 1445 ad
1445 1393 1757 1449 clericatus

168 1474 383 1528 ofﬁcium
404 1476 527 1530 tolli
560 1478 773 1531 exinde
803 1477 1074 1531 monachi
1121 1493 1235 1531 non
1267 1478 1546 1547 debeant,
1579 1482 1684 1536 sed
1714 1481 1759 1537 si

166 1561 485 1617 abundantes
507 1565 753 1630 fuerint,
769 1564 870 1637 qui
900 1565 972 1619 ad
989 1566 1360 1620 celebrandas
1374 1567 1493 1621 Deo
1520 1568 1758 1638 laudes,

166 1652 232 1704 vel
245 1653 496 1707 utilitates
508 1653 1381 1726 monasteriorumcomplendas
1395 1654 1762 1726 sutfecerint,

168 1738 311 1793 abbas
336 1757 466 1796 cum
502 1742 829 1798 devotione
858 1743 931 1796 de
955 1742 1042 1796 his
1074 1743 1168 1814 qui
1194 1746 1761 1815 supersunt,otferat,

170 1843 282 1897 quos
307 1829 512 1902 dignos
538 1847 751 1886 eorum
782 1830 1097 1901 putaverit.
1143 1830 1305 1895 Quod
1325 1832 1372 1885 si
1400 1830 1767 1887 sufficienter
1788 1841 1838 1900 Β

170 1916 349 1971 habens
377 1919 516 1973 dare
552 1920 838 1987 noluerit,
874 1924 1011 1973 tunc
1042 1920 1339 1973 Ravennas
1360 1920 1673 1991 episcopus
1692 1922 1766 1976 ad

172 2004 453 2061 ordinanda
476 2007 595 2061 alia
627 2006 997 2063 monasteria
1026 2007 1100 2061 de
1148 2007 1235 2061 his
1287 2007 1381 2077 qui
1429 2012 1765 2081 supersunt,

171 2092 389 2161 tollat;ad
400 2096 860 2151 ecclesiasticum
880 2099 1080 2149 tamen
1095 2094 1346 2150 ofﬁcium
1362 2097 1552 2150 nullus
1562 2096 1769 2154 exinde

172 2181 624 2251 producatur,nisi
648 2201 831 2257 quem
855 2185 1037 2239 abbas
1054 2183 1163 2237 loci
1179 2184 1510 2238 admonitus
1530 2187 1766 2256 propria

172 2270 421 2325 voluntate
452 2273 758 2328 obtulerit.
813 2271 1087 2344 Quisquis
1129 2275 1323 2326 autem
1367 2289 1435 2326 ex
1482 2274 1760 2343 praedicto

172 2359 480 2414 monasterio
513 2360 595 2415 ad
618 2359 1082 2416 ecclesiasticum
1115 2359 1379 2414 ordinem
1403 2363 1755 2430 pervenerit,

171 2446 365 2502 ulterius
379 2449 491 2503 illic
510 2465 624 2504 nec
647 2453 1009 2522 potestatem
1033 2448 1307 2519 aliquam,
1332 2465 1440 2504 nec
1461 2448 1756 2507 licentiam

170 2534 340 2592 habeat
366 2538 697 2594 habitandi.
732 2538 1180 2595 Observandum
1213 2542 1295 2592 est
1325 2554 1558 2610 quoque
1580 2543 1643 2593 ut
1660 2540 1757 2595 de-

169 2626 362 2696 scriptio
392 2644 594 2683 rerum
624 2632 726 2683 aut
754 2629 1100 2683 chartarum
1125 2626 1384 2698 ejusdem
1411 2628 1755 2685 monasterii

168 2712 611 2773 abecclesiasticis
630 2717 757 2771 ﬁeri
781 2732 907 2772 non
938 2716 1167 2783 debeat,
1184 2717 1231 2770 si
1254 2715 1488 2787 quando
1509 2732 1600 2770 res
1637 2719 1753 2773 exi-

167 2800 248 2870 git,
260 2804 349 2858 sed
367 2806 547 2861 abbas
578 2806 685 2860 loci
702 2821 841 2860 cum
861 2803 1170 2859 abbatibus
1190 2805 1312 2858 aliis
1334 2820 1534 2858 rerum
1554 2804 1755 2862 inven-

168 2890 346 2947 tarium
370 2893 572 2948 faciat.
608 2893 851 2958 Quoties
883 2895 1082 2947 autem
1114 2908 1218 2964 pro
1247 2893 1493 2948 utilitate
1521 2894 1607 2947 sui
1628 2911 1755 2951 mo-

169 2980 367 3034 nasterii
396 2981 469 3035 ad
504 2981 855 3052 pontificem
881 2981 1212 3035 Romanum
1240 2981 1419 3036 abbas
1450 2980 1648 3037 venire
1667 2984 1753 3040 vel

168 3068 523 3124 transmittere
537 3069 691 3125 forte
704 3068 977 3136 voluerit,
998 3068 1049 3122 ei
1066 3069 1253 3124 modis
1274 3069 1545 3124 omnibus
1561 3068 1748 3127 liceat.

171 3153 411 3211 Praeterea
432 3174 572 3212 cum
601 3158 1020 3231 episcoporum
1050 3158 1326 3213 adventus
1354 3158 1752 3215 desideranter

171 3258 196 3294 ει
217 3247 565 3302 monasteriis
591 3248 803 3303 debeat
832 3248 1171 3318 exspectari,
1211 3248 1348 3321 quia
1394 3251 1593 3303 tamen
1625 3251 1751 3306 hos-

170 3331 355 3400 pitandi
375 3336 682 3390 occasione
708 3336 1058 3408 praedictum
1081 3336 1502 3391 monasterium
1530 3340 1751 3410 tempo-

172 3418 296 3474 ribus
316 3422 628 3478 decessoris
659 3424 830 3478 vestri
877 3424 1043 3479 nobis
1084 3425 1254 3479 fuisse
1291 3425 1621 3480 nuntiatum
1665 3432 1751 3483 est

172 3514 562 3579 praegravatum
594 3529 606 3565 :
642 3515 898 3582 oportet,
922 3516 987 3566 ut
1015 3513 1122 3568 hoc
1143 3513 1420 3567 sanctitas
1447 3517 1633 3569 vestra
1655 3516 1749 3571 de-

173 3600 335 3650 center
354 3600 571 3655 debeat
598 3604 956 3671 temperare,
986 3605 1047 3655 ut
1075 3600 1339 3655 visitandi
1371 3602 1744 3659 exhortandi-

172 3697 257 3750 que
282 3687 456 3754 gratia
481 3687 562 3741 ad
607 3689 1047 3755 monasterium,
1076 3691 1300 3761 quoties
1333 3691 1637 3762 placuerit,
1671 3693 1743 3748 ab

174 3769 389 3838 ejusdem
420 3776 673 3831 civitatis
705 3778 967 3832 antistite
999 3779 1325 3847 accedatur,
1360 3780 1459 3835 sed
1510 3780 1587 3834 sic
1618 3781 1746 3836 cha—

172 3860 319 3914 ritatis
336 3864 593 3918 ofﬁcium
618 3865 730 3920 illic
763 3866 1063 3938 episcopus
1077 3867 1412 3939 impleat,ut
1428 3884 1743 3933 gravamen

174 3945 365 4018 aliquod
396 3954 818 4007 monasterium
857 3972 971 4009 non
1007 3956 1284 4010 incurrat.
1323 3956 1578 4010 Vestram
1611 3973 1743 4012 vero

174 4032 559 4095 fraternitatem
593 4042 899 4110 praedictus
929 4044 1104 4097 abbas
1133 4062 1250 4098 non
1284 4045 1491 4098 metuit
1514 4044 1587 4098 ad
1619 4061 1744 4099 mo-

175 4127 446 4183 nasterium
476 4130 822 4200 frequenter
847 4132 1140 4195 accedere,
1173 4133 1273 4186 sed
1313 4133 1488 4186 etiam
1521 4132 1744 4188 deside-

175 4212 389 4269 rabiliter
408 4218 782 4289 concupiscit,
811 4218 995 4273 sciens
1023 4221 1178 4291 quod
1212 4237 1318 4293 per
1348 4237 1444 4275 vos
1478 4222 1743 4277 substan-

177 4296 237 4351 tia
253 4305 569 4359 monasterii
601 4306 842 4360 omnino
867 4308 1095 4378 gravari
1121 4324 1237 4363 non
1268 4308 1472 4378 possit.
1508 4331 1535 4357 »

1438 380 1822 446 COLLEC’I‘IO
1861 386 2196 451 CANOMUM

256 631 268 643 .
290 589 567 645 Defuncto
597 605 729 645 vero
757 590 998 657 abbate,
1033 608 1153 646 non
1182 596 1505 659 extraneus,
1538 597 1648 651 nisi
1685 600 1747 656 de

256 678 345 702 ΙΑ...
380 694 476 702 -.ι-
492 678 827 702 ---,.-ι;....-
885 695 1053 702 ---Α-ι.
1079 679 1178 702 ,ξιξ
1204 683 1422 702 __.__r_!,
1536 686 1548 702 I
1641 691 1650 702 ι
1705 692 1715 702 .

1907 589 1915 590 κ
1961 589 1973 590 κ
2027 589 2073 592 ἠέ
2097 589 2139 605 -1
2168 589 2442 610 Ἱππ-ν-ν-
2474 589 2692 597 -——--—-—-
2709 589 2976 620 κν-ιιννγυ
2989 589 3047 603 ιιι
3067 589 3270 608 υισυιῡι
3285 589 3352 609 ιυι
3378 589 3460 612 τοι

1864 625 1923 679 hi
1946 626 2042 698 qui
2073 626 2131 681 in
2153 644 2312 683 sacro
2339 630 2542 685 ordine
2573 637 2707 688 sunt
2729 636 3047 702 constituti,
3074 640 3148 695 ob
3180 641 3335 698 aliud
3362 644 3461 700 ha-

177 678 348 732 eadem
375 678 854 749 congregatione,
879 695 1057 750 quem
1077 679 1182 733 sibi
1202 683 1434 752 propria
1461 686 1758 743 voluntate
1862 678 2058 783 δοέιξι,
2076 678 2433 773 ξίέῖ

2481 723 2888 779 tantummodo
2924 742 3112 796 causa,
3152 731 3465 789 accedendi

1859 803 2175 873 licentiam,
2200 809 2296 861 aut
2309 808 2351 861 si
2370 809 2518 864 forte
2542 810 2615 864 ad
2633 814 2965 885 peragenda
2983 832 3143 874 sacra
3156 818 3463 877 missarum

1858 893 2075 949 fuerint
2099 894 2317 950 invitati
2347 899 2639 968 mysteria.
2672 900 2785 957 Sed
2809 920 2881 957 ne
2908 905 2993 959 vel
3024 923 3127 978 pro
3160 908 3465 978 cujuslibet

1858 982 2131 1037 monachi
2153 987 2251 1039 aut
2263 985 2499 1041 abbatis
2526 990 2895 1059 promotione
2913 1011 3056 1049 onus
3083 995 3317 1069 aliquod
3338 997 3458 1053 for-

1857 1075 2006 1125 tasse
2044 1073 2382 1143 sustineant,
2415 1077 2764 1135 studendum
2796 1083 2953 1138 vobis
2993 1088 3076 1140 est
3107 1089 3186 1152 ut,
3219 1086 3264 1140 si
3302 1086 3456 1159 quis-

1854 1159 2014 1232 piam
2037 1162 2312 1218 abbatum
2328 1167 2427 1218 aut
2446 1168 2866 1225 monachorum
2883 1189 2951 1226 ex
2971 1190 3314 1247 quocunque
3336 1193 3459 1232 mo-

1855 1252 2108 1306 nasterio
2137 1252 2211 1307 ad
2237 1253 2533 1309 clericatus
2559 1256 2816 1313 ofﬁcium
2838 1261 2925 1314 vel
2946 1262 3211 1318 ordinem
3229 1281 3457 1322 sacrum

1855 1349 2177 1417 accesserit,
2219 1367 2336 1405 non
2357 1350 2468 1407 illic
2522 1354 2776 1427 aliquam
2822 1358 2906 1429 (ut
2930 1359 3191 1430 diximus)
3238 1362 3451 1420 habeat

1858 1437 2096 1507 ulterius
2107 1442 2473 1510 potestatem,
2500 1460 2570 1498 ne
2594 1448 2948 1502 monasteria
2963 1449 3129 1519 hujus
3150 1452 3463 1507 occasionis

1858 1525 2147 1579 velamine
2176 1544 2244 1582 ea
2262 1545 2389 1598 quae
2414 1531 2790 1600 prohibemus
2806 1536 3085 1592 sustinere
3112 1554 3292 1595 onera
3311 1556 3471 1597 com-

1864 1613 2169 1682 pellantur.
2205 1618 2333 1671 Haec
2362 1617 2555 1691 itaque
2578 1623 2778 1678 omnia
2805 1624 3065 1697 vigilanti
3095 1643 3233 1682 cura
3268 1646 3472 1685 emen-

1865 1701 2003 1757 dare
2031 1703 2152 1781 iam
2181 1707 2431 1762 secundo
2462 1713 2822 1768 commonita
2840 1715 3112 1771 sanctitas
3136 1720 3325 1775 vestra
3356 1730 3479 1774 non

1866 1790 2115 1848 differat.
2152 1817 2179 1844 ››

1937 1881 2082 1936 Item
2107 1883 2414 1956 Gregorius
2448 1887 2658 1944 Joanni
2697 1892 2963 1965 episcopo
3013 1894 3084 1949 de
3127 1896 3494 1955 Urbevetere

1870 1967 2019 2039 (Lib.
2053 1987 2092 2037 ι,
2125 1975 2216 2043 ep.
2252 1973 2358 2047 t2).
2391 1977 2669 2048 Agapitus
2699 1981 2875 2036 abbas
2913 1986 3255 2040 monasterii
3295 1979 3492 2044 sancti

1869 2057 2097 2132 Georgii
2124 2061 2607 2120 insinuavitnobis
2625 2069 2878 2138 plurima
2901 2088 2960 2125 se
2991 2088 3025 2125 a
3055 2076 3247 2129 vestra
3286 2069 3509 2132 sancti-

1867 2152 1985 2204 tate
2014 2153 2355 2220 gravamina
2378 2153 2681 2225 sustinere,
2708 2160 2767 2213 et
2797 2175 2914 2215 non
2946 2160 3133 2215 solum
3158 2161 3221 2217 in
3251 2166 3357 2223 his
3370 2181 3509 2238 qum

1862 2240 2215 2296 necessitatis
2255 2245 2520 2313 tempore
2565 2246 2801 2319 aliquod
2854 2250 3206 2306 monasterio
3284 2258 3516 2330 possint

1859 2326 2011 2381 ferre
2031 2328 2369 2399 subsidium,
2394 2348 2595 2387 verum
2618 2336 2866 2391 etiamin
2882 2337 3092 2391 eodem
3118 2326 3510 2416 monasterio

1856 2415 2057 2469 missas
2070 2418 3171 2498 prohibeatiscelebrari,sepelirietiam
3220 2415 3510 2509 mortuo,

1856 2503 2185 2561 interdicas.
2223 2507 2388 2571 Quod
2416 2507 2461 2561 si
2514 2509 2598 2565 ita
2643 2516 2771 2582 est,
2808 2532 2841 2569 a
2874 2513 2975 2569 tali
3027 2530 3125 2570 vos
3166 2503 3503 2596 hortamu;

1856 2593 2280 2696 inhumanitate
2312 2598 2605 2696 suspendi,
2624 2606 2683 2656 et
2697 2604 2926 2674 sepeliri
2946 2603 3164 2696 ibidem
3184 2593 3489 2696 mortuos,

1854 2683 1943 2737 vel
1988 2684 2267 2739 celebrari
2297 2685 2496 2741 missas
2539 2691 2697 2746 nulla
2741 2692 2979 2747 ulterius
3006 2693 3213 2750 habita
3246 2683 3485 2767 contra:

1856 2770 2010 2825 dicta
2034 2775 2168 2826 sunt
2187 2773 2493 2844 praedictus
2512 2776 2599 2832 vir
2622 2779 2967 2835 venerabilis
2990 2781 3290 2853 deponere
3316 2809 3480 2854 com-

1858 2862 2127 2934 pellatur.

1958 2951 2088 3006 XVI.
2134 2982 2204 2993 --
2236 2952 2319 3008 De
2347 2970 2404 3007 eo
2423 2954 2563 3025 quod
2578 2955 2739 3010 abbas
2776 2956 3017 3011 sacerdos
3050 2974 3157 3012 esse
3182 2960 3353 3017 debet.

1924 3040 2210 3111 Eugenius
2238 3057 2389 3113 papa
2423 3042 2535 3113 (36)
2561 3059 2687 3113 cap.
2722 3047 2791 3101 27
2840 3043 3086 3114 (EUGEN.
3118 3047 3184 3113 II,
3218 3050 3277 3102 in
3330 3068 3459 3123 syn,

1778 3126 1825 3186 C
1850 3128 2038 3194 Rom.)
2066 3145 2078 3182 :
2103 3152 2131 3179 «
2151 3130 2400 3185 Abbates
2428 3146 2533 3201 per
2558 3131 2912 3187 monasteria
2932 3132 3076 3186 tales
3097 3133 3468 3210 ordinentur,

1853 3217 1948 3289 qui
1979 3216 2087 3273 sibi
2103 3219 2390 3290 subjectos
2407 3220 2554 3274 bene
2570 3237 2775 3292 regere
2792 3220 3464 3292 possint:sacerdotalem

1851 3322 2083 3378 quoque
2108 3306 2224 3362 sint
2252 3308 2539 3362 honorem
2570 3308 2788 3380 adepti.
2825 3327 2856 3361 ››

1954 3395 2105 3448 XVII.
2134 3426 2204 3436 —
2222 3395 2305 3450 De
2334 3402 2578 3452 accusata
2604 3396 2794 3452 abbate
2812 3398 2941 3470 quid
2967 3399 3036 3452 sit
3064 3400 3351 3470 agendum.

1918 3483 2254 3540 Gaaconws
2293 3484 2451 3541 Loro
2504 3485 2699 3541 abbati
2747 3486 2855 3558 (37)
2890 3486 3192 3559 (Ganooa.,
3239 3491 3344 3552 lib.
3399 3512 3461 3566 ii,

1849 3572 2013 3643 epist.
2051 3572 2138 3644 l2)
2172 3589 2185 3628 :
2223 3595 2250 3625 «
2304 3573 2595 3639 Quoniam
2621 3577 2818 3631 multa;
2847 3576 3174 3632 occasiones
3204 3577 3265 3635 in
3289 3582 3461 3639 dece-

1846 3661 2106 3733 ptionem
2127 3662 2534 3734 religiosarum
2561 3679 2944 3734 personarum
2976 3682 3010 3719 a
3038 3667 3226 3738 pravis
3254 3669 3462 3740 illic,ut

1848 3749 2073 3816 dicitur,
2093 3751 2430 3807 hominibus
2443 3752 2838 3823 exquiruntur,
2861 3755 3286 3826 prazsbyterum
3305 3777 3454 3832 pra;-

1846 3837 2275 3893 dictaaEcclesia:
2288 3842 2447 3895 nullo
2464 3839 2639 3894 modo
2658 3841 2997 3912 privandum
3014 3842 3457 3914 deponendum-

1845 3943 1958 3998 que
1988 3942 2307 3994 censemus,
2342 3927 2451 3982 nisi
2482 3944 2651 3982 causa
2679 3928 3005 3999 specialiter
3040 3930 3302 3989 criminis
3331 3955 3456 3993 exe-

1846 4014 2014 4087 gerit.
2049 4016 2211 4071 Unde
2229 4033 2459 4073 necesse
2473 4020 2647 4083 est,ut
2669 4015 2715 4070 si
2736 4033 2851 4088 qua
2871 4020 3077 4073 contra
3102 4035 3237 4076 eum
3262 4024 3458 4095 hujus-

1851 4105 2007 4161 modi
2029 4108 2264 4177 querela
2276 4106 2666 4172 surrexit,non
2684 4107 2873 4159 solum
2892 4106 3196 4178 episcopus
3211 4111 3452 4171 civitatis

1851 4210 2085 4250 causam
2133 4193 2443 4262 examinet,
2499 4193 2599 4247 sed
2650 4193 2921 4248 adhibitis
2945 4194 3049 4249 sibi
3097 4198 3453 4275 coepiscopis

1846 4282 2039 4338 subtili
2066 4283 2175 4337 hoc
2206 4282 2646 4354 investigatione
2677 4281 2977 4354 perquirat
3002 4289 3287 4356 quatenus
3308 4307 3448 4345 cun-

232 4388 284 4443 El
307 4408 491 4448 rursus
520 4393 717 4448 eidem
747 4396 805 4448 in
832 4370 943 4450 aia
972 4396 1215 4466 epistola
1238 4370 1741 4469 p‘ostaliquamib.
1770 4415 1822 4472 Β
1844 4370 2336 4472 etis-concorditer
2358 4370 2749 4472 judicantibus
2771 4370 2990 4472 jnud'icio
3014 4375 3305 4472 canonicze
3333 4379 3448 4435 dis-

175 4489 231 4541 vi,
253 4493 332 4547 ep.
361 4483 469 4548 40).
518 4505 547 4531 ‹‹
596 4483 905 4538 Hortamur
934 4487 1018 4552 ut,
1065 4485 1225 4539 omni
1270 4501 1434 4539 mora
1465 4486 1745 4558 omnique

177 4569 494 4625 excusatione
525 4571 814 4639 submota,
850 4573 931 4626 ita
976 4573 1331 4628 monasteria
1379 4574 1664 4629 Ravennae
1712 4593 1746 4631 a

176 4655 324 4709 vestro
334 4663 760 4732 vestrorumque
774 4661 1400 4732 clericorumstudeatis
1411 4662 1746 4733 gravamine

231 4810 620 4893 (36)_Eugenius
649 4837 816 4891 papa.
864 4823 1083 4893 Nempe
1113 4821 1172 4875 in
1206 4821 1427 4893 synodo
1472 4823 1736 4880 Romana

180 4893 298 4938 anno
325 4889 416 4963 8:26
437 4889 762 4963 celebrata;
786 4892 947 4963 cujus
960 4889 1161 4963 synodi
1177 4889 1349 4947 verba
1376 4893 1731 4951 adamussim

181 4966 271 5037 ξ)οη
295 4959 454 5035 refert
482 4963 627 5037 fabor,
660 4959 1091 5037 sed‘cohtracta,
1127 4968 1247 5017 tum
1278 4964 1337 5037 in
1379 4965 1487 5037 hoc
1518 4965 1728 5037 capite,

181 5022 276 5108 tum
302 5027 350 5108 in
380 5032 564 5108 capite
709 5034 850 5108 Hinc
873 5050 1007 5108 vero
1034 5022 1191 5104 patet
1222 5035 1442 5108 Abonis
1463 5022 1727 5108 tempore

212 5096 413 5171 uosdam
443 5096 659 5177 erdinis
679 5106 856 5177 nostri
889 5096 1122 5177 abbates
1136 5105 1440 5160 sacerdotii
1464 5096 1726 5177 expertes

184 5174 331 5242 “tisse,
356 5174 543 5242 quales
565 5181 729 5228 erant
749 5176 1006 5230 Nicotaus
1036 5176 1105 5230 de
1136 5177 1513 5232 Nortmannia
1532 5174 1724 5233 coeno-

184 5229 240 5285 bu
264 5235 309 5291 S.
338 5243 585 5299 Audoeni
603 5246 754 5302 apud
775 5247 1200 5302 Rothomagum
1225 5247 1401 5301 abbas
1425 5249 1530 5302 sub
1544 5249 1723 5302 finem

299 5280 309 5291 .
338 5260 585 5299 Λιιαοθω
603 5260 754 5305 apud
775 5260 1200 5305 notuomagum
1225 5260 1401 5301 abbas
1425 5260 1723 5305 δυῡῐὶιιθῐη

184 5262 240 5285 uu
264 5262 309 5291 ο.
338 5262 585 5299 auuoem
603 5262 754 5317 apud
775 5262 1200 5316 nomomagum
1225 5262 1401 5301 annas
1425 5262 1723 5305 subﬁuem

184 5308 425 5387 sarculis],
452 5316 546 5387 qui
578 5319 803 5371 tantum
831 5317 1101 5371 diaconus
1134 5322 1276 5381 erat,
1308 5318 1388 5372 uti
1429 5323 1487 5373 et
1524 5320 1724 5375 Goffri-

185 5373 265 5462 filis
306 5373 487 5462 abbas“
518 5387 964 5462 Vindocinensis,
991 5386 1092 5459 qui
1126 5373 1355 5462 nonnisi
1390 5394 1516 5461 post
1539 5392 1715 5462 adep-

1845 4459 2128 4516 trictionis
2196 4476 2437 4514 censura
2466 4463 2566 4514 aut
2586 4476 2756 4516 reum
2785 4460 2981 4531 ferire,
3028 4467 3127 4519 aut
3170 4464 3448 4525 innocen-

1845 4553 1966 4604 tem
1995 4548 2173 4620 possit
2190 4548 2503 4604 absolvere.
2540 4570 2569 4598 »

1838 4824 1889 4873 et
1907 4817 2108 4883 abbati,
2141 4831 2353 4887 nempe
2377 4815 2711 4887 monasterii
2735 4815 2793 4871 S.
2814 4815 3039 4872 Martini
3066 4819 3122 4874 in
3172 4821 3445 4880 suburbio

1833 4886 2995 4961 Augustodunen’si.Eamdemepistolam
3017 4891 3214 4947 laudat
3270 4894 3445 4951 etiam

1830 4957 1990 5034 vetus
2021 4957 2617 5034 aucto_r,_qu_i_libel_lum
2646 4957 3170 5034 devitaSﬂugonis
3186 4964 3447 5034 ejusdem

1831 5033 1939 5087 loci
1969 5030 2244 5103 monachi
2262 5028 2467 5103 edidit,
2484 5029 2709 5103 tametsi
2719 5030 2778 5103 _ej
2789 5047 2852 5084 us
2864 5028 3119 5103 epistblze
3136 5028 3446 5092 auctoritas

1828 5119 1864 5157 a
1885 5100 2177 5157 nonnullis
2194 5100 2514 5176 impetitur,
2535 5099 2614 5153 uti
2630 5104 2687 5154 et
2704 5099 2948 5176 duarum
2966 5105 3441 5176 praecedentium;

1828 5177 2098 5247 proterea
2124 5171 2280 5247 quod
2305 5171 2366 5223 in
2388 5170 2478 5247 eis
2500 5170 3013 5247 pcenasquasdain
3045 5176 3294 5245 regibus,
3326 5170 3448 5247 epi-

1826 5242 2011 5316 scopis
2032 5242 2245 5318 et__aliis
2274 5245 2475 5296 auctor
2498 5242 2925 5318 interminetur,
2951 5261 3091 5318 quas
3114 5242 3155 5300 ’ἐι
3185 5242 3444 5318 Gregorii

1825 5313 2021 5371 mente
2050 5315 2266 5369 alienas
2288 5329 2408 5366 esse
2440 5315 2667 5384 putant.
2700 5313 3064 5370 Frodoardus
3093 5313 3440 5384 tamenIuno

1823 5387 1944 5441 fere
1990 5386 2199 5441 saeculo
2229 5385 2431 5438 Abone
2462 5385 2745 5455 superior,
2778 5385 2838 5438 in
2874 5386 3440 5444 HistoriasRemensiq

184 5445 666 5539 lcardinalatus
706 5445 1061 5539 dignitatern
1092 5445 1719 5539 presbytenordinatiis

187 5521 264 5604 ξξί-
288 5521 973 5604 bcgesis_o_l)serv_ationem
999 5532 1065 5585 33
1092 5521 1152 5584 in
1168 5521 1509 5603 praefatione
1526 5535 1715 5604 prima

187 5584 511 5653 Sicculiutcrtii
544 5601 913 5656 Bcnedictini.

240 5658 483 5741 (37)Greg.
504 5671 652 5745 Lupo
663 5671 860 5728 abbati.
874 5673 936 5729 In
957 5672 1149 5730 editis:
1170 5671 1383 5745 [ιαμοηί
1396 5676 1708 5747 presbytero

1822 5458 1921 5530 lib.
1952 5474 2033 5530 in,
2066 5459 2291 5530 cap.27,
2314 5455 2511 5530 laudat
2541 5455 2883 5530 xenodochii
2906 5460 3438 5530 Augustodunensis

1820 5527 2204 5610 privilegium,
2224 5527 2469 5610 adcujus
2484 5528 2737 5610 formam
2762 5527 3023 5597 epistola,
3063 5546 3192 5601 qua:
3219 5532 3437 5601 Luponi

1818 5598 2172 5666 inscribitur,
2205 5598 2417 5653 dictata
2452 5601 2557 5652 est.
