3876 6172
464 384 568 443 495

1497 376 1556 440 S.
1597 380 1894 441 ABBONIS
1931 375 2220 442 ABBATIS
2262 373 2758 447 FLORIACENSIS

3605 399 3688 460 598

463 507 948 566 constitutionesa
967 501 1252 577 parochiis
1272 500 1488 560 habere
1509 501 1720 577 jubent
1743 503 2062 580 episcopos,
2085 511 2140 570 Α
2174 501 2436 565 habitare
2450 508 2587 581 jussi
2613 513 2765 579 sunt,
2783 528 2854 567 ne
2868 521 2999 567 cum
3025 509 3484 589 uxoribusp'ossint
3505 522 3691 581 carnale

463 603 526 655 ut
577 598 686 652 illis
737 595 870 660 alia,
901 612 1027 666 qua
1081 593 1190 648 huc
1251 610 1426 664 usque
1499 596 1853 666 prasumpta
1910 599 2062 662 sunt,

463 688 840 758 denegantur.
867 685 984 738 Hoc
1006 690 1109 749 est,
1138 699 1322 754 neque
1345 682 1403 736 in
1422 683 1675 753 angariis
1699 684 2065 756 presbyteros

461 780 556 832 aut
582 776 872 841 diaconos,
901 790 1088 844 neque
1116 771 1174 825 in
1206 770 1488 842 aliquibus
1518 772 1764 843 fatigent
1794 773 2062 829 indictio-

459 866 645 932 nibus,
675 881 746 917 ne
773 861 1151 917 videanturin
1175 860 1422 916 Ecclesia
1442 861 1541 915 Dei
1563 864 1856 916 exactores
1875 863 2064 935 potius

458 971 631 1028 quam
686 952 786 1007 Dei
835 949 1134 1023 pontiﬁces
1176 949 1487 1004 nominari.
1535 949 1601 1003 Hi
1649 966 1783 1005 vero
1845 951 2058 1020 clerici,

457 1049 577 1098 tam
609 1043 818 1098 locales
848 1057 1023 1111 quam
1057 1037 1384 1101 dioecesani,
1419 1038 1514 1110 qui
1560 1054 1617 1093 se
1667 1039 1738 1093 ab
1790 1041 2058 1113 episcopo

456 1133 680 1206 gravari
723 1127 1117 1202 cognoverint,
1166 1129 1429 1199 querelas
1473 1143 1602 1181 suas
1659 1127 1732 1182 ad
1770 1131 2062 1201 metropo-

373 1290 382 1296 _
454 1223 698 1277 litanum
742 1218 969 1273 deferre
1019 1233 1138 1272 non
1168 1216 1489 1271 ‘differant:
1524 1215 1622 1288 qui
1667 1218 2061 1289 metropolita-

455 1329 560 1366 nus
594 1327 709 1365 non
750 1309 1010 1363 moretur
1047 1305 1332 1376 ejusmodi
1370 1304 1853 1378 praesumptiones
1897 1323 2058 1362 coer-

455 1417 602 1457 cere.
639 1421 668 1448 ν

523 1486 809 1559 Eugenius
850 1502 1018 1559 papa,
1063 1500 1189 1555 cap.
1234 1486 1294 1539 21
1342 1482 1597 1554 (synodus
1631 1482 1856 1549 Rom.):
1892 1507 1919 1534 ‹‹
1951 1483 2063 1540 Mo-

454 1576 769 1632 nasterium
791 1575 876 1628 vel
909 1573 1236 1628 oratorium
1267 1574 1659 1627 constructum
1697 1571 1995 1641 canonice,
2029 1589 2064 1628 a

453 1665 711 1721 dominio
735 1661 1146 1718 constructoris
1166 1661 1274 1732 [eo]
1292 1661 1470 1715 invito
1492 1676 1606 1715 non
1625 1659 1959 1730 auferatur;
1994 1661 2061 1716 li-

453 1756 690 1825 ceatque
720 1752 800 1806 illi
826 1752 1160 1823 presbytero
1193 1749 1280 1804 cui
1313 1748 1578 1816 voluerit,
1614 1766 1745 1805 cum
1774 1766 2063 1805 consensu

2170 613 2434 654 exercere
2450 602 2887 657 commercium.
2908 603 3019 657 Nos
3045 619 3176 658 vero
3199 621 3384 660 omnes
3404 609 3694 666 sacerdotes

2168 689 2536 760 atquelevita
2556 689 2848 745 insolubili
2868 693 2993 762 lege
3026 693 3450 764 constringimur
3478 699 3546 762 ut,
3571 715 3598 751 a
3622 699 3693 754 die

2167 778 2549 832 ordinationis
2563 780 3102 846 nOstra,sobrietati
3126 797 3187 834 ac
3206 783 3468 853 pudicitia
3485 787 3533 838 et
3555 787 3697 842 corda

2166 870 2362 923 nostra
2379 870 3423 942 mancipemusetcorpora,dummodo
3435 889 3524 944 per
3536 876 3698 932 omnia

2162 956 2279 1011 Deo
2307 960 2501 1011 nostro
2533 956 2591 1012 in
2624 958 2711 1012 his
2735 975 2862 1030 qua
2887 959 3146 1030 quotidie
3169 955 3444 1016 offerimus
3462 961 3699 1018 sacrificiis

2162 1045 2512 1117 placeamus.
2545 1046 2651 1111 Qui
2678 1063 2816 1118 ergo
2844 1046 3173 1120 ignorantia
3203 1051 3377 1121 lapsos
3405 1066 3458 1104 se
3487 1067 3590 1105 esse
3618 1050 3697 1106 de—

2160 1133 2418 1201 ﬂent,his
2435 1136 2541 1189 hac
2555 1135 2890 1191 conditione
2909 1137 3354 1192 misericordiam
3373 1137 3586 1194 dicimus
3605 1156 3699 1195 non

2163 1224 2516 1295 negandam,
2544 1226 2626 1292 ut,
2652 1225 2773 1280 sine
2795 1227 2909 1281 ullo
2931 1226 3169 1281 honoris
3193 1230 3506 1298 augmento,
3537 1227 3587 1281 in
3612 1229 3700 1283 hoc

2161 1328 2274 1383 quo
2308 1311 2515 1367 detecti
2543 1316 2696 1377 sunt,
2723 1314 2979 1385 quandiu
3009 1315 3269 1383 vixerint,
3295 1315 3468 1370 ofﬁcio
3489 1332 3702 1386 perseve-

2162 1403 2313 1468 rent,
2347 1400 2391 1454 si
2417 1403 2616 1456 tamen
2647 1407 2777 1474 post
2803 1405 2923 1458 hac
2953 1404 3311 1460 continentes
3336 1422 3391 1459 se
3427 1403 3703 1458 studuerint

2163 1488 2570 1554 exhibere.Qui
2593 1493 3021 1564 vero,exemplo
3045 1494 3248 1548 veteris
3269 1491 3702 1563 sacerdotii,quasi

2163 1576 2316 1632 licito
2341 1578 2612 1650 conjugio
2639 1583 2902 1648 utuntur,
2935 1581 3201 1636 noverint
3231 1598 3286 1636 se
3308 1581 3375 1636 ab
3398 1579 3540 1635 omni
3558 1581 3702 1634 eccle-

2163 1666 2386 1722 siastico
2421 1669 2667 1737 honore,
2709 1687 2823 1742 quo
2864 1671 3088 1742 indigni
3130 1671 3210 1726 usi
3251 1673 3397 1737 sunt,
3426 1669 3703 1739 apostolica

2163 1755 2312 1810 sedis
2377 1758 2718 1812 auctoritate
2776 1760 3060 1831 dejectos,
3114 1778 3218 1816 nec
3285 1775 3524 1832 unquam
3573 1774 3705 1829 posse

449 1844 535 1898 sui
565 1841 836 1914 episcopi,
877 1857 950 1895 ne
983 1841 1169 1894 malus
1199 1839 1288 1907 sit,
1320 1839 1760 1907 commendare,
1793 1839 1876 1894 ita
1903 1842 1962 1893 ut
1987 1839 2060 1894 ad
2088 1825 2138 1884 Β
2165 1843 2357 1898 divina
2407 1848 2714 1900 attrectare
2751 1825 3054 1918 mysteria
3080 1849 3347 1919 deinceps
3379 1825 3498 1902 .ulla
3547 1825 3708 1899 nostra

449 1933 724 2006 placitum
755 1930 1002 2003 episcopi
1036 1928 1302 1984 sacerdos
1333 1927 1675 1983 obedienter
1701 1930 1987 1984 recurrat.
2031 1950 2059 1977 ››

521 2023 684 2086 Item,
735 2036 858 2090 cap.
908 2020 1018 2072 24:
1052 2037 1083 2070 <<
1117 2016 1377 2089 Episcopi
1422 2016 1480 2070 in
1528 2017 1782 2088 propriis
1823 2016 1938 2071 suis
1975 2033 2063 2072 ec-

448 2111 628 2166 clesiis
695 2109 1056 2182 presbyteros
1125 2106 1416 2162 ordinent.
1477 2106 1643 2171 Quod
1707 2107 1753 2161 si
1809 2106 2056 2180 quilibet

449 2200 590 2254 alius
619 2199 797 2253 homo
831 2196 888 2251 in
919 2213 1022 2251 sua
1075 2195 1308 2250 basilica
1343 2193 1495 2249 infra
1543 2194 1718 2249 trium
1769 2195 2060 2250 mensium

447 2288 718 2359 spatium,
753 2286 823 2340 ab
846 2285 1114 2358 episcopo
1166 2284 1442 2351 monitus,
1496 2284 1902 2355 presbyterum
1937 2300 2056 2338 non

445 2376 687 2439 miserit,
721 2375 1018 2447 episcopus
1047 2371 1293 2446 principi
1312 2375 1587 2444 suggerat
1614 2375 1678 2427 ut
1708 2372 1816 2427 hoc
1847 2388 2053 2429 emen-

448 2467 564 2521 det.
601 2488 628 2515 ››

516 2557 681 2621 Item,
715 2570 840 2625 cap.
870 2557 936 2608 25
969 2568 982 2606 :
1021 2573 1048 2600 ››
1084 2551 1141 2607 Si
1173 2550 1476 2606 destructa
1505 2548 1759 2606 ecclesia
1817 2551 1887 2606 de
1919 2567 2054 2622 pro-

443 2644 583 2717 priis
621 2643 792 2697 rebus
838 2638 1178 2696 readiﬁeari
1224 2655 1342 2693 non
1387 2637 1702 2711 potuerint,
1757 2655 1791 2694 a
1840 2640 2055 2711 populo

450 2731 632 2806 plebis
656 2729 1022 2785 auxilientur.
1057 2751 1084 2777 »

518 2823 686 2882 Item,
709 2835 833 2890 cap.
866 2821 932 2872 26
967 2835 979 2872 :
1014 2837 1045 2870 <<
1076 2818 1272 2872 Nullus
1319 2816 1620 2890 episcopus
1664 2833 1699 2872 a
1728 2818 1900 2885 ,uullo
1947 2817 2056 2873 sibi

443 2909 699 2981 subjecto
731 2907 934 2962 clerico
968 2906 1312 2962 donationes
1361 2907 1513 2962 ultra
1557 2908 1770 2962 statuta
1816 2909 2054 2963 Patrum

444 2999 652 3070 exigat,
687 3013 790 3052 nec
823 2997 1108 3069 angariat.
1141 3014 1172 3048 ι

447 3065 711 3160 XXXVIII.
745 3133 814 3142 —
861 3065 944 3155 D‘e
990 3119 1046 3155 eo
1095 3101 1236 3173 quod
1277 3103 1543 3173 episcopus
1599 3101 1787 3156 habeat
1841 3065 2068 3157 tertiam;

576 3182 791 3246 partem
829 3172 1072 3239 ecclesia,
1101 3172 1154 3225 et
1174 3179 1348 3242 potesc
1378 3172 1508 3227 dare
1540 3174 1630 3226 cui
1664 3173 1905 3227 voluerit.

516 3265 652 3335 Cap.
677 3281 732 3318 γι
762 3263 849 3332 (ex
878 3262 982 3316 alio
1014 3260 1258 3329 concilio)
1295 3277 1307 3314 :
1343 3279 1375 3313 <<
1409 3260 1744 3330 Opportune
1787 3260 2051 3316 duximus

447 3351 900 3416 decernendum,
925 3353 986 3403 ut
1013 3349 1312 3419 episcopus
1342 3348 1599 3414 tertiam,
1653 3364 1830 3420 quam
1870 3349 1940 3402 de
1967 3365 2052 3402 re-

446 3443 550 3495 bus
583 3438 833 3493 ecclesia
855 3437 1154 3491 sanctione
1182 3437 1423 3490 Patrum
1447 3435 1705 3491 debitam
1731 3435 1839 3490 sibi
1868 3436 2048 3505 novit,

448 3531 546 3582 aut
577 3527 679 3598 ipsi
713 3525 963 3580 ecclesia
985 3525 1144 3596 cujus
1174 3541 1266 3578 res
1297 3541 1417 3579 esse
1463 3523 1702 3596 patebit,
1752 3528 1851 3580 aut
1888 3524 2053 3580 alteri

448 3615 720 3681 ecclesia,
745 3614 831 3669 cui
864 3611 1339 3685 elegit,csnferre
1371 3611 1715 3680 decreverit;
1744 3617 1807 3667 ut
1833 3612 2052 3668 licitum

450 3706 684 3759 maneat
710 3706 767 3758 et
796 3701 1167 3758 irrevocabile
1199 3701 1375 3756 robur
1425 3700 1584 3773 cujus
1625 3702 1914 3757 sententia
1967 3702 2052 3758 fe-

448 3798 556 3850 rat.
591 3817 610 3842 ι

521 3886 666 3938 Item
704 3899 772 3937 ex
795 3881 1070 3936 Toletano
1097 3879 1301 3936 concil.
1324 3879 1408 3947 ni,
1434 3895 1561 3952 cap.
1591 3883 1621 3934 3
1652 3896 1664 3934 :
1697 3900 1727 3933 α
1764 3881 1914 3936 Nulli
1932 3881 2052 3952 epi-

451 3989 758 4046 scoporum
806 3970 975 4026 liccat
1019 3987 1111 4025 res
1155 3969 1409 4024 alienare
1461 3969 1734 4037 ecclesia,
1777 3972 2050 4042 quoniam

452 4067 509 4118 et
529 4059 948 4134 antiquioribus
966 4059 1282 4114 canonibus
1311 4059 1419 4113 hoc
1444 4058 1804 4129 prohibetur.
1834 4058 1892 4114 Si
1918 4057 2057 4130 quid

455 4168 610 4217 vero,
663 4150 820 4222 quod
863 4148 1171 4203 utilitatem
1227 4164 1345 4202 non
1395 4149 1593 4218 gravet
1645 4145 1917 4212 ecclesia,
1953 4162 2056 4216 pro

457 4239 728 4309 suffragio
756 4238 1178 4291 monachorum
1214 4237 1300 4290 vel
1352 4235 1722 4290 ecclesiarum
1773 4235 1848 4289 ad
1897 4251 2058 4289 suam

459 4326 793 4399 parochiam
807 4325 1223 4396 pertinentium
1247 4324 1532 4392 dederint,
1547 4325 1784 4380 ﬁrmum
1806 4327 2059 4393 maneat;

2164 1932 2552 2005 indulgentia,
2584 1935 2698 1989 sive
2729 1935 2800 1992 sit
2826 1937 3144 2010 episcopus,
3163 1938 3276 1993 sive
3305 1936 3598 2008 presbyter,
3616 1931 3708 1986 sive

2165 2021 2458 2077 diaconus.
2493 2041 2524 2074 »

2161 2144 2372 2216 ΧΙηξ-
2415 2147 2489 2204 De
2515 2151 2640 2220 ﬁliis
2670 2151 3121 2223 presbyterorum,
3164 2153 3245 2208 vel
3271 2153 3617 2224 episcoporum,
3649 2146 3716 2202 vel

2777 2224 3142 2279 diaconorum.

2232 2325 2311 2380 Ex
2341 2341 2499 2382 conc.
2530 2327 2710 2383 Tolet.
2743 2345 2820 2395 IX,
2854 2346 2979 2401 cap.
3022 2333 3086 2385 l0
3119 2346 3132 2384 :
3171 2350 3202 2383 ς
3241 2328 3560 2399 Quicunque
3603 2340 3712 2380 vero

2162 2413 2499 2470 clericorum
2549 2416 2619 2471 ab
2663 2417 2931 2489 episcopo
2992 2435 3172 2490 usque
3219 2418 3291 2473 ad
3345 2415 3716 2471 subdiaconum

2161 2501 2428 2576 deinceps
2458 2506 2545 2560 vel
2568 2521 2632 2559 ex
2655 2505 2898 2574 ancilla,
2931 2509 3014 2561 vel
3041 2524 3106 2562 ex
3130 2507 3399 2580 ingenua
3424 2500 3716 2560 detestanda

2160 2593 2472 2660 connubio,
2487 2592 2546 2648 in
2569 2595 2790 2650 honore
2821 2597 3277 2652 constitutifilios
3297 2587 3716 2668 procrearint,illi

2158 2680 2393 2752 quidem
2415 2698 2481 2737 ex
2508 2684 2712 2754 quibus
2745 2684 2925 2757 geniti
2957 2687 3300 2756 probantur,
3331 2682 3592 2738 canonica
3607 2695 3716 2734 cen-

2157 2785 2288 2824 sura
2314 2770 2700 2842 damnentur;
2735 2775 2924 2844 proles
2969 2778 3171 2829 autem
3213 2774 3460 2828 alienata
3504 2769 3609 2841 [al.,
3638 2763 3718 2820 tali

2156 2859 2315 2918 nata]
2338 2859 2654 2930 pollutione
2679 2878 2797 2918 non
2815 2863 3000 2917 solum
3029 2866 3344 2935 parentum
3365 2857 3722 2916 hareditatem

2157 2964 2460 3020 nunquam
2504 2949 2763 3022 accipiet,
2811 2951 2912 3005 sed
2956 2952 3135 3006 etiam
3178 2952 3238 3006 in
3285 2950 3599 3006 servitutem
3625 2945 3724 3015 ejus

2155 3037 2426 3104 ecclesia,
2451 3038 2520 3092 de
2546 3039 2705 3109 cujus
2726 3039 3040 3094 sacerdotis
3056 3041 3143 3094 vel
3171 3038 3420 3094 ministri
3443 3032 3726 3108 ignominia

2084 3115 2130 3177 C
2154 3125 2276 3179 nati
2307 3130 2459 3193 sunt,
2491 3127 2622 3197 jure
2655 3128 2895 3199 perenni
2923 3129 3374 3198 permanebunt.
3411 3125 3527 3180 Filii
3559 3125 3723 3177 autem

2151 3213 2516 3269 sacerdotum
2534 3215 2629 3288 qui
2651 3219 2783 3270 ante
2806 3217 3195 3272 sacerdotium
3221 3216 3340 3270 nati
3362 3217 3510 3277 sunt,
3532 3213 3722 3283 specta-

2151 3303 2279 3357 cula
2318 3304 2610 3358 sacularia
2656 3322 2774 3360 non
2822 3304 3156 3373 exhibeant,
3203 3305 3305 3359 sed
3347 3320 3450 3358 nec
3479 3300 3722 3372 spectent,

2151 3390 2284 3444 licet
2309 3391 2418 3446 hoc
2463 3392 2796 3448 Christianis
2826 3394 3094 3448 omnibus
3139 3393 3515 3448 interdictum
3544 3389 3639 3453 sit;
3679 3386 3725 3438 et

2153 3477 2250 3532 ubi
2276 3479 2648 3551 blasphemia
2680 3485 2812 3536 sunt
2839 3499 2956 3536 non
2989 3483 3289 3548 accedant,
3324 3482 3469 3536 sicut
3492 3477 3648 3533 habes
3675 3473 3721 3526 in

2154 3568 2393 3624 concilio
2426 3570 2883 3642 Carthaginensi,
2913 3587 3039 3642 cap.
3079 3575 3167 3626 l5.
3212 3591 3244 3624 »

2366 3695 2496 3750 XLI.
2545 3728 2576 3736 -
2623 3695 2706 3750 De
2734 3696 2882 3750 rebus
2909 3696 3136 3751 ecclesia
3166 3692 3550 3768 dispensandis.

2227 3801 2302 3855 Ex
2335 3800 2576 3856 concilio
2623 3801 3002 3856 Orientalium
3052 3802 3485 3874 episcoporum,
3515 3813 3631 3868 cap.
3660 3793 3730 3852 14,

2156 3889 2226 3944 de
2253 3891 2699 3962 prasumptione
2732 3889 2981 3961 episcopi
3020 3891 3077 3944 in
3109 3893 3284 3946 rebus
3308 3886 3590 3944 ecclesia:
3627 3904 3652 3932 «
3678 3879 3726 3933 Si

2156 3978 2281 4050 quis
2297 3978 2614 4049 episcopus,
2641 3979 2795 4032 nulla
2825 3979 3222 4034 ecclesiastica
3249 3977 3490 4046 rationis
3517 3967 3726 4029 necessi-

2156 4069 2274 4120 tate
2307 4067 2653 4137 compulsus,
2698 4065 2758 4119 in
2802 4084 2903 4121 suo
2952 4068 3126 4134 clero,
3172 4072 3274 4122 aut
3314 4067 3410 4120 ubi
3460 4065 3600 4119 forte
3635 4072 3729 4111 non

2159 4157 2245 4210 est
2266 4154 2584 4225 presbyter,
2624 4154 2694 4209 de
2733 4156 2903 4210 rebus
2933 4156 3338 4211 ecclesiasticis
3371 4149 3586 4224 aliquid
3613 4160 3732 4219 pra-

2161 4243 2467 4314 sumpserit
2524 4243 2795 4310 vendere,
2863 4260 2954 4298 res
3005 4243 3159 4315 ipsas
3213 4242 3470 4299 ecclesia
3521 4234 3739 4310 propria:

2162 4334 2486 4386 restaurare
2509 4335 2770 4402 cogatur,
2793 4336 2851 4386 et
2883 4333 2938 4386 in
2958 4332 3182 4403 judicio
3205 4332 3602 4405 episcoporum
3629 4318 3742 4390 deji-

460 4416 905 4489 peregrinorum
950 4431 1083 4469 vero
1120 4416 1206 4468 vel
1248 4414 1590 4470 clericorum
1637 4417 1695 4468 et
1743 4405 2137 4485 egenorumD
2166 4420 2346 4475 ciatur
2380 4420 2692 4487 inauditus,
2739 4425 2797 4474 et
2839 4423 3118 4493 tanquam
3155 4421 3298 4476 furti
3346 4424 3444 4474 aut
3491 4406 3743 4472 latrocinii

461 4503 787 4560 necessitati
839 4503 992 4557 salvo
1029 4502 1161 4572 jure
1198 4503 1450 4558 ecclesia
1503 4505 1775 4575 prastare
1829 4501 2068 4572 permit-

461 4595 664 4648 tuntur
694 4609 796 4664 pro
825 4595 1086 4663 tempore
1114 4607 1241 4663 qua
1277 4592 1591 4661 potuerint.
1629 4609 1662 4644 s

640 4681 852 4736 XXXIX.
885 4710 939 4720 —
979 4681 1062 4735 De
1089 4681 1367 4734 sanctitate
1395 4682 1518 4734 vitae
1552 4681 1886 4737 clericorum.

535 4771 768 4828 Siricius
797 4786 947 4843 papa
971 4769 1029 4823 in
1053 4768 1294 4840 epistola
1316 4786 1442 4842 cap.
1475 4777 1505 4826 7
1539 4771 1750 4842 (Suuc.,
1783 4771 2024 4840 Decret.)
2052 4787 2065 4824 :

468 4861 804 4916 «Plurimos
847 4859 1171 4913 sacerdotes
1219 4858 1426 4914 Christi
1477 4863 1648 4931 atque
1701 4860 1898 4914 levitas
1944 4863 2073 4933 post

465 4953 642 5020 longa
665 4947 1114 5003 consecrationis
1136 4963 1251 5002 sua
1270 4949 1556 5020 tempora,
1581 4951 1697 5002 tam
1728 4948 1797 5004 de
1815 4949 2073 5020 conjugi-

465 5040 569 5095 bus
591 5035 838 5110 propriis
868 5051 1042 5108 quam
1087 5035 1264 5090 etiam
1307 5035 1377 5090 de
1423 5036 1572 5108 turpi
1617 5036 1770 5091 coitu
1809 5037 2068 5091 sobolem

465 5127 771 5184 didicimus
789 5142 1137 5198 procreasse,
1161 5127 1218 5180 et
1243 5125 1464 5180 crimen
1487 5142 1655 5179 suum
1682 5125 1779 5179 hac
1812 5126 2068 5196 prascri-

465 5217 663 5289 ptione
695 5215 1006 5271 defendere
1031 5215 1166 5287 quia
1188 5215 1246 5269 in
1273 5214 1462 5269 Veteri
1489 5215 1857 5269 Vestamento
1890 5231 2072 5269 sacer-

465 5305 693 5362 dotibus
725 5321 789 5358 ac
844 5303 1125 5358 ministris
1182 5303 1502 5374 generandi
1559 5302 1800 5357 facultas
1858 5304 2071 5375 legitur

464 5396 758 5453 attributa.
795 5393 907 5448 Sed
941 5392 1020 5447 illi
1050 5409 1154 5464 per
1178 5391 1600 5458 successionem
1632 5393 1861 5464 generis
1891 5393 2068 5464 elige-

461 5489 674 5543 bantur
695 5484 766 5538 de
789 5483 910 5537 sola
927 5482 1078 5537 tribu
1095 5479 1244 5548 Levi,
1261 5481 1466 5553 quibus
1489 5482 1636 5536 Deus
1672 5480 1808 5536 dicit
1837 5500 1850 5538 :
1877 5483 2074 5540 Sancti

462 5582 638 5640 estote,
671 5575 796 5643 quia
827 5589 919 5638 ego
945 5577 1158 5648 sanctus
1187 5588 1302 5624 sum
1333 5570 1474 5641 (ζου.
1518 5588 1630 5639 Xix,
1673 5571 1744 5644 2).
1803 5573 1964 5628 Unde
2014 5577 2070 5628 et

464 5663 660 5735 procul
695 5678 728 5715 a
754 5659 866 5714 suis
896 5659 1168 5714 domibus
1215 5677 1368 5718 anno
1408 5660 1541 5716 vicis
1577 5679 1692 5718 sua
1746 5662 1802 5719 in
1851 5664 2068 5736 tempto

2166 4525 2296 4564 reus
2327 4525 2361 4562 a
2390 4525 2490 4563 suo
2519 4510 2737 4563 honore
2771 4509 3048 4582 privetur.
3077 4531 3104 4558 ››

2239 4599 2405 4663 ltem,
2454 4613 2579 4667 cap.
2618 4599 2681 4651 l6
2717 4614 2730 4651 :
2767 4617 2797 4650 α
2831 4599 3138 4669 Episcopus
3185 4599 3405 4654 habeat
3434 4593 3744 4667 potestatem

2169 4686 2227 4740 in
2250 4686 2421 4739 rebus
2451 4685 2792 4754 ecclesia,ut
2812 4687 3101 4759 dispenset
3133 4688 3537 4742 necessitatem
3561 4677 3747 4752 patien-

2171 4774 2321 4830 tibus
2335 4789 2467 4828 cum
2491 4775 2650 4829 omni
2673 4776 2995 4829 reverentia
3016 4779 3074 4830 et
3090 4769 3746 4846 timoreDei;participare

2173 4879 2305 4917 eum
2329 4865 2559 4933 oportet
2583 4880 2710 4934 qua
2735 4864 3054 4917 necessaria
3075 4869 3230 4930 sunt,
3247 4865 3292 4918 si
3323 4869 3517 4918 tamen
3545 4860 3653 4930 ipse
3669 4852 3749 4907 aut

2173 4950 2269 5022 qui
2315 4967 2442 5004 cum
2479 4967 2546 5004 eo
2583 4955 2715 5004 sunt
2762 4952 2966 5005 fratres
3009 4952 3376 5024 indiguerint
3418 4947 3643 5021 aliquid,
3673 4943 3752 4995 alll

2173 5038 2566 5092 necessitatem
2590 5040 2702 5093 ullo
2729 5040 2904 5094 modo
2930 5041 3244 5110 patiantur,
3271 5038 3584 5095 seCundum
3613 5045 3750 5087 sanc-

2173 5131 2294 5182 tum
2325 5128 2662 5198 Apostolum
2695 5128 2981 5182 dicentem
3001 5147 3011 5183 :
3030 5129 3309 5183 Habentes
3332 5132 3528 5183 victum
3555 5133 3601 5179 et
3627 5129 3751 5188 tegu-

2171 5222 2424 5282 mentum,
2449 5217 2532 5269 his
2554 5218 2786 5270 contenti
2801 5235 2979 5270 sumus
3011 5217 3069 5289 (Ῑ
3096 5217 3220 5271 Tim
3277 5235 3349 5283 v1,
3386 5221 3456 5285 8).
3487 5214 3540 5268 Si
3579 5213 3749 5265 autem

2170 5321 2262 5359 res
2292 5306 2698 5359 ecclesiasticas
2715 5307 3012 5377 episcopus
3030 5306 3086 5360 in
3118 5323 3253 5361 suas
3276 5307 3591 5362 voluntates
3613 5313 3750 5353 usur-

2171 5410 2310 5466 pare
2343 5395 2600 5461 voluerit,
2626 5398 2681 5448 et
2708 5397 2863 5449 lucra
2893 5396 3142 5450 ecclesia
3175 5400 3236 5450 et
3267 5396 3484 5450 fructus
3503 5398 3751 5462 agrorum

2171 5499 2292 5538 non
2306 5499 2437 5538 cum
2455 5485 2923 5555 presbyterorum
2941 5486 3022 5538 vel
3043 5485 3429 5540 diaconorum
3451 5472 3753 5536 consilioin—

2171 5574 2559 5640 taminaverit,
2578 5577 2673 5627 aut
2697 5573 2965 5626 fratribus
2993 5576 3076 5628 vel
3094 5574 3220 5627 filiis
3238 5575 3324 5627 vel
3343 5573 3750 5645 quibuscunque

2172 5663 2513 5737 propinquis
2543 5662 2658 5717 suis
2690 5661 2914 5718 dederit
2943 5666 3316 5735 potestatem,
3343 5665 3404 5718 ut
3434 5675 3535 5735 per
3562 5672 3652 5713 eos
3677 5665 3752 5705 res
