3876 6172
193 391 270 456 ἂῡῖ
1388 377 1768 440 COLIECTIO
1809 376 1945 436 CAN
1951 378 2162 438 ONUM.

3328 392 3431 444 498

193 511 416 565 ladantur
459 506 734 572 latenter,
799 504 952 558 hunc
992 505 1225 574 oportet
1263 501 1576 557 obnoxium
1628 499 2564 574 esseAEucharistiamintrepidus
2587 507 2641 558 et
2673 521 2923 561 securus.
2958 506 3068 559 Sed
3102 507 3209 560 hnc
3238 508 3306 561 de
3335 508 3431 562 illo

193 597 398 654 concilio.
429 594 699 650 Similiter
722 594 1089 664 presbyteros
1125 595 1183 646 et
1229 591 1520 659 diaconos,
1551 589 1596 644 si
1625 605 1721 644 ea-

189 688 306 756 dem,
332 685 542 750 faciant,
576 682 784 754 corripi
824 684 1073 752 oportet.
1098 702 1126 729 »

261 793 386 849 XLII.
412 823 474 832 —
501 791 572 846 Ut
593 791 768 845 nullus
793 790 958 860 eligat
981 790 1084 845 sibi
1103 790 1397 860 episcopum
1415 805 1613 844 succes-

816 879 986 917 sarem
1003 903 1016 916 .

237 955 296 1008 Ex
331 952 518 1007 concil.
549 951 816 1007 Antioch.
853 969 977 1024 cap.
1012 954 1078 1006 25
1110 956 1274 1018 (conc.
1316 950 1569 1006 Antioch.
1618 948 1720 1004 sub

181 1043 291 1098 iulio
313 1043 366 1096 P.
392 1043 431 1110 Ι)
465 1059 478 1096 :
515 1064 544 1092 ‹‹
572 1041 849 1112 EpiSCOpo
883 1058 999 1096 non
1032 1041 1203 1095 licere
1236 1057 1340 1111 pro
1369 1057 1429 1095 se
1450 1041 1718 1094 ~alterum

182 1147 507 1186 successorem
536 1129 643 1184 sibi
683 1130 1054 1195 constituere,
1088 1130 1220 1184 licet
1247 1129 1321 1183 ad
1352 1129 1565 1183 exitum
1591 1127 1720 1184 vitae

178 1218 614 1290 perveniatouod
650 1219 693 1273 si
726 1219 838 1275 tale
869 1218 1085 1289 aliquid
1115 1219 1330 1273 factum
1363 1218 1555 1282 fuerit,
1592 1215 1720 1271 irri-

179 1311 270 1362 tum
299 1324 402 1362 esse
430 1308 762 1378 hujusmodi
793 1308 1189 1364 constitutum.
1219 1306 1486 1361 Servetur
1525 1309 1718 1360 autem

169 1396 237 1466 jus
258 1395 672 1450 ecclesiasticum
696 1397 751 1452 id
780 1397 1103 1462 continens,
1126 1398 1392 1468 oportere
1411 1412 1528 1449 non
1555 1395 1722 1450 aliter

173 1484 288 1550 ﬁeri,
315 1484 410 1538 nisi
439 1501 574 1540 cum
607 1485 827 1556 synodo
851 1489 910 1538 et
930 1485 1148 1556 judicio
1175 1484 1598 1555 episcoporum,
1622 1483 1718 1555 qui

169 1575 265 1642 post
305 1572 513 1627 obitum
566 1573 910 1645 quiescentis
952 1574 1297 1644 potestatem
1337 1573 1556 1628 habent
1584 1589 1717 1628 eum

169 1660 240 1731 qui
263 1661 447 1733 dignus
476 1662 776 1730 exstiterit,
816 1679 1180 1734 promovere.

218 1752 356 1819 Item,
402 1752 715 1807 GREGORIUS
751 1755 1030 1808 ANATOLIO
1079 1751 1715 1822 Constantinopolitano

168 1838 461 1898 subdiacono
498 1842 786 1912 (Gemma,
814 1842 913 1898 lib.
943 1844 995 1908 9,
1028 1858 1120 1913 ep.
1152 1843 1262 1909 41).

219 1927 521 2000 «Nusquam
544 1945 796 1985 canones
817 1929 1159 2001 praacipiunt
1175 1933 1236 1985 ut
1256 1946 1359 2003 pro
1373 1929 1716 2001 aegritudine

166 2015 249 2085 (43)
274 2018 529 2090 episcopo
558 2020 914 2074 succedatur.
957 2021 1024 2074 Et
1056 2020 1298 2075 omnino
1319 2019 1600 2090 injustum
1633 2022 1717 2073 est

165 2108 224 2171 ut,
241 2105 278 2159 si
303 2107 564 2161 molestia
591 2109 850 2180 corporis
881 2107 1297 2176 irruit,honore
1328 2125 1428 2162 suo
1462 2107 1716 2178 privetur

159 2197 378 2263 aegrotus,
419 2200 600 2266 atque
631 2195 761 2251 ideo
804 2197 915 2250 hoc
944 2212 1047 2267 per
1087 2213 1191 2251 nos
1231 2195 1354 2250 fieri
1390 2196 1716 2250 nullatenus

160 2286 394 2352 potest,ne
419 2287 727 2354 peccatum
751 2284 948 2339 anima
978 2301 1110 2340 mea
1132 2301 1196 2339 ex
1215 2285 1264 2354 ej
1275 2301 1336 2339 us
1357 2283 1715 2355 depositione

155 2371 320 2428 veniat.
369 2371 477 2426 Sed
522 2373 954 2445 suggerendum
997 2377 1190 2440 estut,
1237 2373 1282 2428 si
1314 2373 1360 2428 is
1403 2373 1500 2444 qui
1541 2372 1712 2428 estin

155 2459 390 2529 regimine
424 2465 698 2532 aegrotat,
732 2462 1092 2534 dispensator
1120 2463 1200 2516 illi
1232 2463 1360 2516 talis
1389 2461 1716 2534 requiratur

154 2548 225 2616 qui
249 2550 409 2618 possit
437 2551 566 2621 ejus
599 2567 796 2605 curam
829 2568 1066 2606 omnem
1097 2555 1354 2622 agere,et
1378 2552 1567 2606 locum
1595 2551 1716 2622 ejus

153 2633 196 2688 in
220 2638 478 2708 regimine
512 2639 795 2709 ecclesias,
830 2640 954 2712 ipso
986 2657 1103 2697 non
1127 2641 1406 2711 deposito,
1436 2657 1500 2695 ac
1527 2640 1584 2695 in
1617 2657 1714 2696 cu-

151 2725 297 2780 stadia
318 2727 558 2782 civitatis
592 2727 866 2800 implere;
892 2732 953 2784 ut
970 2746 1158 2800 neque
1180 2731 1328 2784 Deus
1349 2728 1716 2802 omnipotens

152 2811 452 2882 offendatur,
467 2834 665 2888 neque
696 2818 889 2873 civitas
921 2818 1247 2872 inveniatur
1277 2835 1396 2872 esse
1429 2819 1712 2889 neglecta.

149 2896 192 2952 Si
215 2918 328 2958 vero
360 2905 541 2960 isdem
569 2906 1320 2961 reverentissimusloannes
1345 2907 1585 2961 fortasse
1607 2923 1711 2977 pro

149 2991 368 3047 molestia
420 3011 525 3049 sua
577 2994 808 3065 petierit
855 2998 917 3050 ut
964 2996 1036 3049 ab
1081 2996 1440 3067 episcopatus
1489 2995 1712 3050 honore

148 3075 315 3133 debeat
339 3098 540 3138 vacare
571 3101 587 3148 ;
623 3100 690 3138 eo
709 3084 1046 3156 petitionem
1075 3085 1282 3156 scripto
1313 3084 1486 3138 dante
1516 3099 1715 3138 conce-

1825 589 1974 656 dico,
2013 607 2187 662 quem
2238 591 2504 664 capitalia
2549 597 2784 665 peccata
2820 611 2935 648 non
2971 600 3232 666 gravant.
3284 597 3427 651 Nam

1823 695 1996 750 quem
2018 679 2417 752 mortaliapost
2429 681 2782 754 baptismum
2805 685 3110 739 commissa
3133 689 3424 755 premunt,

1820 766 2023 822 hortor
2048 768 2302 838 primum
2349 769 2576 842 publica
2604 771 2944 843 paenitentia
2970 773 3325 841 satisfacere,
3370 779 3428 830 et

1822 856 1902 911 ita
1932 857 2244 914 sacerdotis
2289 858 2504 930 judicio
2545 861 2979 916 reconciliatum
3025 863 3423 918 communioni

1821 945 2097 1015 sociari,si
2116 949 2233 1002 vult
2252 965 2368 1003 non
2384 948 2741 1019 adjudicium
2759 953 2845 1004 vel
2873 951 3420 1006 condemnationem

1819 1036 2230 1092 Eucharistiam
2251 1037 2686 1110 percipere.Sed
2707 1041 2763 1093 et
2793 1043 3012 1095 secreta
3037 1041 3422 1097 satisfactione

1819 1125 1960 1180 solvi
1993 1125 2262 1182 mortalia
2292 1127 2537 1182 crimina
2582 1145 2700 1183 non
2735 1146 3034 1200 negamus,
3064 1130 3162 1184 sed
3199 1134 3421 1185 mutato

1819 1213 1977 1287 prius
2001 1215 2256 1270 saeculari
2288 1217 2508 1284 habitu,
2543 1219 2604 1271 ut
2632 1217 2925 1288 religionis
2954 1219 3138 1274 studio
3166 1235 3268 1289 per
3295 1219 3422 1274 vita:

1819 1304 2264 1372 correctionem,
2309 1307 2609 1378 etjugem,
2651 1306 2770 1362 imo
2804 1311 3146 1379 perpetuum
3181 1311 3418 1375 luctum,

1821 1393 2131 1449 miserante
2160 1396 2296 1462 Deo,
2336 1397 2562 1450 veniam
2595 1400 2998 1468 consequatur,
3037 1397 3114 1451 ita
3146 1397 3424 1452 duntaxat

1821 1485 1885 1538 ut
1931 1483 2223 1537 contraria
2263 1500 2367 1555 pro
2406 1485 2495 1538 his
2533 1502 2659 1556 quae
2692 1485 2952 1556 pmnitet,
2991 1503 3106 1540 non
3140 1485 3254 1550 [aI.,
3287 1486 3422 1538 deest

1820 1571 1961 1631 non]
1987 1574 2205 1642 agat,et
2232 1572 2645 1627 Eucharistiam
2674 1574 2941 1628 omnibus
2971 1573 3273 1628 Dominicis
3290 1591 3421 1646 sup-

1815 1659 1944 1730 plex
1977 1675 2155 1732 usque
2187 1660 2259 1714 ad
2288 1664 2540 1716 mortem
2567 1661 2862 1733 percipiat.
2892 1681 2923 1714 ι»

1891 1748 2199 1820 Gregorius
2216 1749 2406 1822 (GREG.
2421 1793 2434 1819 ,
2450 1753 2504 1804 in
2521 1768 2654 1822 resp.
2675 1769 2706 1804 x
2723 1750 2793 1804 ad
2811 1753 3062 1822 interrog.
3079 1751 3127 1805 A
3142 1753 3417 1822 uguslim):

1734 1851 1786 1912 Β
1817 1857 1848 1892 α
1867 1837 2088 1893 Sancta:
2108 1839 2535 1894 communionis
2556 1839 2891 1911 mysterium
2906 1840 3116 1894 mulier
3127 1839 3422 1912 percipere

1819 1931 2116 1982 menstruo
2150 1918 2415 2000 tempore
2441 1946 2557 1985 non
2593 1929 2763 1983 debet
2789 1929 3102 2000 prohiberi.
3137 1929 3194 1983 Si
3227 1933 3418 1982 autem

1818 2033 1884 2072 ex
1925 2016 2297 2073 veneratione
2345 2035 2561 2090 magna
2601 2035 2718 2073 non
2758 2017 3054 2090 praesumit
3102 2016 3417 2089 percipere,

1819 2107 2108 2162 laudanda
2132 2108 2362 2162 est.Sed
2394 2108 2438 2163 si
2471 2111 2937 2182 perceperitmon
2962 2106 3295 2178 judicanda.
3315 2107 3418 2160 Bo-

1817 2211 2026 2251 narum
2052 2195 2264 2268 quippe
2290 2197 2575 2252 mentium
2606 2200 2690 2251 est
2713 2196 2788 2250 ibi
2812 2196 3000 2268 aliquo
3029 2195 3204 2250 modo
3230 2195 3422 2266 culpas

1815 2301 1946 2340 suas
1973 2301 2289 2357 agnoscere
2319 2285 2414 2340 ubi
2461 2287 2628 2357 culpa
2654 2302 2772 2340 non
2803 2287 2908 2351 est,
2943 2285 3079 2356 quia
3112 2300 3261 2354 stupe
3297 2284 3420 2336 sine

1815 2377 1983 2448 culpa
2014 2374 2203 2447 agitur
2233 2377 2389 2448 quod
2419 2376 2576 2430 venit
2601 2392 2666 2430 ex
2697 2377 2883 2448 culpa.
2913 2375 3074 2430 Unde
3093 2375 3267 2429 etiam
3290 2390 3419 2427 cum

1817 2463 2120 2529 esurimus,
2147 2464 2270 2518 sine
2312 2465 2480 2535 culpa
2514 2464 2892 2531 comedimus,
2926 2464 3130 2535 quibus
3160 2481 3225 2518 ex
3256 2464 3421 2534 culpa

1817 2554 1989 2625 primi
2036 2553 2291 2609 hominis
2315 2557 2506 2608 actum
2551 2557 2638 2608 est
2669 2556 2729 2608 ut
2759 2552 3094 2610 esuriamus.
3136 2553 3422 2607 Menstrua

1817 2643 1974 2697 enim
2005 2643 2359 2698 consuetudo
2378 2643 2714 2698 mulieribus
2743 2659 2861 2698 non
2894 2641 3086 2714 aliqua
3116 2643 3283 2713 culpa
3313 2645 3419 2704 est,

1816 2731 2080 2787 videlicet
2102 2749 2229 2804 quas
2262 2731 2604 2787 naturaliter
2631 2731 2830 2787 accidit
2857 2749 2870 2798 ;
2903 2731 3003 2786 sed
3036 2735 3232 2785 tamen
3265 2730 3419 2802 quod

1817 2824 2024 2876 natura
2050 2821 2173 2893 ipsa
2197 2820 2396 2876 vitiata
2413 2824 2518 2890 est,
2539 2823 2602 2874 ut
2627 2819 2802 2875 etiam
2828 2819 2951 2874 sine
2982 2819 3288 2874 voluntatis
3310 2822 3422 2872 stu-

1815 2909 1911 2964 dio
1938 2909 2198 2964 videatur
2217 2926 2338 2965 esse
2363 2911 2602 2981 polluta,
2627 2927 2692 2963 ex
2723 2910 2890 2979 culpa
2918 2907 3073 2962 venit
3102 2907 3326 2974 vitium,
3360 2907 3419 2962 in

1813 3013 1925 3069 quo
1957 2997 2227 3071 seipsam,
2261 2998 2443 3070 qualis
2465 3015 2568 3070 per
2576 2997 2860 3069 judicium
2891 2997 3044 3051 facta
3070 2995 3141 3049 sit
3161 2996 3420 3050 humana

1815 3087 2433 3158 natura,cognoscit,ut
2458 3086 2763 3158 humo,qui
2797 3087 3027 3157 culpam
3057 3088 3262 3154 sponte
3285 3099 3415 3154 per-

147 3163 359 3223 dendum
388 3175 493 3225 est.
522 3145 933 3228 Aliter-autem
956 3189 1063 3228 nos
1079 3173 1136 3227 id
1166 3145 1354 3227 facere
1386 3189 1489 3244 pro
1521 3171 1712 3227 omni-
1742 3145 1788 3202 Ο
1815 3145 2082 3247 ρειτᾶνίῐ,
2113 3145 2553 3247 reatum'culpae
2586 3145 2776 3248 portet
2807 3145 3030 3228 invitus.
3072 3145 3258 3242 Atque
3285 3145 3415 3222 ideo

145 3258 352 3322 potentis
380 3259 482 3315 Dei
516 3261 733 3316 timore
761 3262 1100 3317 omnimodo
1128 3278 1245 3316 non
1267 3261 1713 3325 valemus.Quod

143 3343 177 3394 si
206 3343 297 3400 hoc
321 3353 521 3418 petere
561 3349 850 3419 noluerit;
885 3351 1039 3423 quod
1086 3349 1340 3423 piissimo
1372 3349 1711 3422 imperatori

142 3437 435 3506 complanet,
459 3438 748 3511 quidquid
766 3440 935 3510 jubet
958 3441 1166 3507 facere,
1195 3439 1254 3494 in
1284 3439 1405 3510 ejus
1435 3442 1520 3494 est
1549 3443 1709 3510 pote-

141 3524 270 3576 state.
300 3525 452 3580 Sicut
485 3527 674 3593 novit,
698 3527 814 3598 ipse
845 3529 1274 3598 provideat,nos
1299 3529 1707 3583 tantummodo

141 3606 184 3662 in
223 3611 570 3686 depositione
621 3632 736 3671 non
768 3617 941 3672 faciat
969 3617 1322 3690 permisceri.
1357 3617 1522 3682 Quod
1573 3634 1705 3673 vero

138 3695 554 3774 ipseimperator
573 3704 792 3772 fecerit,
820 3706 866 3760 si
887 3706 1231 3760 canonicum
1245 3708 1350 3773 est,
1379 3706 1703 3778 sequimur;

139 3785 303 3844 sivero
331 3793 687 3848 canonicum
717 3811 834 3850 non
863 3798 966 3862 est,
991 3794 1051 3849 in
1084 3797 1388 3867 quantum,
1420 3795 1540 3850 sine
1573 3811 1704 3868 pec-

137 3880 234 3931 cato
260 3885 454 3938 nostro
487 3899 822 3955 possumus,
853 3887 1171 3955 portamus.
1215 3905 1243 3934 »

482 3971 670 4027 XLIII.
699 4002 772 4012 —
812 3973 895 4028 De
932 3975 1315 4028 communione.

185 4058 515 4118 AUGUSTINUS
545 4061 609 4116 in
653 4062 1043 4118 ecclesiasticis
1075 4063 1302 4134 Regulis
1332 4063 1444 4136 (44)
1476 4080 1600 4137 cap.
1638 4069 1704 4123 23

138 4145 303 4205 (auctor
333 4150 602 4221 Dogmat.
621 4150 772 4217 eccl.)
797 4169 859 4206 :«
881 4151 1147 4216 Quotidie
1171 4153 1535 4209 Eucharistiae
1552 4171 1705 4210 com-

135 4238 432 4294 munionem
493 4239 817 4311 percipere,
868 4257 974 4296 nec
1022 4241 1214 4308 laudo,
1264 4257 1370 4296 nec
1418 4243 1702 4315 vitupero.

138 4318 373 4382 Omnibus
389 4333 600 4385 tamen
617 4329 815 4384 diebus
831 4329 1144 4384 Dominicis
1155 4333 1704 4388 communicandum

1811 3264 2046 3320 femina:
2067 3265 2282 3338 seipsas
2310 3265 2697 3332 considerent,
2721 3267 2778 3318 et
2807 3261 2853 3316 si
2875 3262 2930 3316 in
2966 3263 3262 3315 menstrua
3287 3274 3419 3312 con-

1811 3356 2138 3429 suetudine:
2159 3357 2231 3412 ad
2273 3361 2700 3412 sacramentum
2743 3353 3024 3410 Dominici
3067 3350 3322 3422 corporis
3360 3351 3418 3403 et

1811 3445 2110 3516 sanguinis
2139 3447 2412 3502 accedere
2453 3463 2569 3501 non
2613 3447 2996 3518 prmsumant,
3030 3443 3100 3497 de
3131 3458 3231 3495 sua
3260 3443 3417 3494 recta

1809 3534 2272 3591 consideratione
2304 3535 2609 3591 laudandae
2636 3538 2795 3603 sunt;
2831 3534 2969 3587 dum
2992 3548 3124 3588 vero
3153 3530 3225 3585 ad
3238 3527 3416 3602 perci-

1805 3622 2086 3694 piendum
2121 3641 2188 3679 ex
2227 3624 2509 3696 religiosae
2544 3623 2672 3678 vitaz
2711 3621 3122 3676 consuetudine
3155 3617 3415 3689 ejusdem

1806 3713 2066 3784 mysterii
2133 3729 2333 3768 amore
2403 3713 2739 3784 rapiuntur,
2804 3709 3192 3783 reprimendae
3246 3707 3416 3778 (sicut

1804 3802 2201 3872 praediximus)
2227 3818 2344 3857 non
2377 3805 2529 3859 sunt.
2568 3823 2596 3850 »

1878 3889 1946 3943 Et
1967 3888 2137 3945 infra.
2174 3911 2202 3939 «
2234 3888 2506 3960 Vigilanti
2543 3906 2678 3944 vero
2710 3891 2906 3943 mente
2943 3885 3300 3958 pensandum
3330 3886 3414 3937 est

1807 3978 1963 4051 quod
2016 3977 2075 4033 in
2108 3981 2308 4034 monte
2343 3977 2481 4033 Sina
2508 3979 2790 4034 Dominus
2827 3978 3120 4032 locuturus
3177 3974 3409 4044 populo,

1805 4066 1964 4138 prius
1981 4068 2252 4122 eumdem
2267 4069 2545 4139 populum
2565 4066 2852 4122 abstinere
2871 4083 2904 4119 a
2920 4061 3247 4118 mulieribus
3264 4075 3413 4132 pros-

1805 4157 2053 4228 cepit.Et
2081 4158 2126 4211 si
2151 4157 2266 4211 illic
2298 4157 2394 4211 ubi
2426 4156 2706 4211 Dominus
2735 4171 2839 4226 per
2868 4155 3192 4207 creaturam
3219 4148 3410 4203 subdi-

1805 4248 1926 4300 tam
1974 4245 2308 4300 hominibus
2355 4245 2720 4317 loquebatur,
2771 4247 2935 4298 tanta
2972 4239 3296 4313 provisione
3329 4239 3413 4291 est

1807 4335 2096 4390 munditia
2120 4335 2376 4406 corporis
2406 4333 2700 4406 requisita,
2727 4336 2788 4388 ut
2815 4332 2910 4404 qui
2943 4331 3113 4386 verba
3139 4328 3237 4383 Dei
3267 4325 3410 4381 reci-

133 4408 314 4484 hortor,
345 4420 387 4473 si
414 4423 626 4475 tamen
653 4436 820 4476 mens
849 4420 907 4475 in
939 4420 1144 4477 affectu
1174 4423 1449 4492 peccandi
1472 4440 1589 4478 non
1610 4423 1700 4479 sit.
1724 4436 1778 4495 D
1807 4428 2034 4496 perent,
2061 4424 2396 4480 mulieribus
2427 4423 2580 4477 misti
2612 4439 2728 4477 non
2748 4423 2957 4488 essent,
2992 4422 3208 4492 quanto
3226 4415 3412 4487 magis

136 4497 246 4557 Nam
265 4506 582 4564 habentem
605 4509 791 4564 adhuc
807 4510 1160 4565 voluntatem
1183 4511 1457 4584 peccandi
1479 4512 1704 4584 gravari

133 4593 285 4664 magis
312 4597 823 4654 dicoEncharistize
845 4599 1419 4672 perceptione,quam
1447 4603 1703 4674 purgari.

133 4676 185 4731 Et
201 4681 336 4753 ideo,
361 4687 631 4760 quamvis
645 4687 770 4760 quis
788 4691 1021 4760 peccato
1042 4688 1400 4757 mordeatur,
1433 4691 1707 4762 peccandi

134 4766 395 4832 decentem
429 4795 556 4833 non
590 4776 802 4834 habeat
822 4777 1199 4846 voluntatem,
1235 4782 1292 4833 et
1320 4779 1710 4836 communica-

135 4857 262 4915 turus
295 4866 612 4920 satisfaciat
640 4866 906 4938 lacrymis
927 4870 984 4921 et
1009 4867 1386 4924 orationibus.
1415 4869 1543 4924 Haec
1573 4887 1705 4924 cum

134 4943 314 5020 fecerit,
352 4955 664 5010 conﬁdens
695 4956 766 5010 de
797 4955 1029 5010 Domini
1056 4956 1551 5031 miseratione,qui
1579 4975 1706 5030 pec-

135 5040 232 5092 cata
254 5040 353 5112 pia:
384 5043 741 5100 confessioni
775 5045 990 5101 donare
1021 5046 1334 5116 consuevit,
1365 5049 1599 5104 accedat
1630 5048 1704 5104 ad

187 5160 278 5240 (li!)
309 5168 414 5240 Pro
446 5168 785 5239 (egritudine.
817 5170 986 5224 Plura
1017 5170 1138 5240 ejus
1175 5170 1258 5225 rei
1289 5175 1502 5228 statuta
1529 5173 1706 5229 refert

134 5227 455 5317 llp'rchardus
477 5227 540 5294 ἱῖι
565 5227 1265 5317 Decretorum_lib:i,_cap.
1301 5246 1366 5298 88
1387 5249 1441 5298 et
1460 5227 1702 5317 sequens

133 5301 280 5383 tibus.
311 5309 424 5364 Huc.
471 5315 742 5383 spectant
788 5312 1032 5366 concilia
1081 5301 1362 5370 Meldense
1407 5301 1558 5370 anni‘
1577 5319 1702 5383 880,

135 5388 235 5459 ῦξιῐξ.
393 5382 812 5459 Suessionense
847 5383 1060 5459 panni
1085 5387 1185 5440 853
1243 5403 1370 5459 can.
1410 5392 1463 5449 2,
1492 5392 1550 5442 et
1585 5382 1704 5459 epi4

137 5446 257 5524 stola
279 5446 490 5507 NiColai
537 5470 698 5524 papa:
735 5456 751 5508 l
795 5455 864 5508 ad
904 5455 1268 5510 Wenisonem
1308 5446 1704 5514 Senonensém

135 5518 692 5650 gghieptigpopnin'de
712 5525 1044 5582 Herimanni
1071 5527 1316 5600 episcopi
1344 5529 1706 5585 Nivernensis

219 5608 315 5648 rmi
403 5614 457 5650 e.

151 5603 457 5651 unrmitate.

194 5663 288 5737 (lt)
342 5667 689 5741 Augustinus
745 5670 803 5727 in
852 5669 1028 5727 eccles.
1075 5669 1314 5741 Regalis.
1361 5671 1595 5729 Librum
1637 5672 1708 5728 de

1805 4513 2104 4580 mulieres,
2131 4530 2259 4585 quae
2289 4529 2494 4583 corpus
2523 4509 2942 4582 omnipotentis
2974 4508 3072 4563 Dei
3103 4505 3408 4577 accipiunt,

1807 4602 2092 4658 custodire
2119 4602 2178 4657 in
2221 4619 2280 4658 se
2312 4601 2660 4656 munditiam
2689 4600 2876 4656 carnis
2906 4600 3140 4663 debent,
3179 4613 3250 4650 ne
3287 4595 3412 4666 ipsa

1806 4691 2223 4746 inaestimabilis
2241 4691 2492 4763 mysterii
2515 4688 2915 4762 magnitudine
2928 4683 3411 4758 graventur?llinc

1808 4781 1983 4836 etiam
2012 4781 2085 4835 ad
2108 4780 2288 4835 David
2315 4780 2385 4834 de
2415 4779 2610 4851 pueris
2639 4777 2753 4833 suis
2799 4793 2902 4848 per
2931 4773 3293 4830 sacerdotum
3325 4770 3409 4824 di-

1806 4870 1952 4925 citur
1983 4872 2063 4933 ut,
2098 4869 2142 4922 si
2175 4886 2208 4924 a
2239 4869 2575 4924 mulieribus
2607 4867 2808 4921 mundi
2835 4867 3043 4930 essent,
3077 4877 3255 4935 panes
3283 4876 3410 4931 pro-

1805 4959 2106 5032 positionis
2133 4959 2636 5032 acciperent;quos
2662 4955 2902 5011 omnino
2922 4970 3037 5008 non
3063 4952 3407 5024 acciperent,

1803 5048 1911 5105 nisi
1938 5065 2036 5105 eos
2067 5048 2241 5104 David
2280 5047 2529 5102 mundos
2559 5062 2680 5101 esse
2711 5045 3006 5100 fateretur.
3028 5043 3185 5096 Tunc
3215 5043 3408 5095 autem

1806 5173 2188 5246 Dogmatibus
2239 5170 2632 5246 ecclesiasticis
2689 5168 3248 5246 intelligit__auctor;
3287 5164 3407 5246 “qui

1803 5239 1950 5300 libér
1979 5247 2186 5317 sarculo
2227 5261 2380 5317 nono
2416 5244 2655 5317 ineunte
2694 5258 2728 5296 a
2768 5239 3059 5317 nonnullis
3087 5239 3406 5317 Augustino

1805 5317 1947 5371 falso
1966 5316 2264 5386 ascriptus,
2290 5315 2478 5368 eidem
2509 5313 2773 5386 protinus
2789 5314 3096 5386 abrogatus
3118 5314 3201 5386 est
3229 5325 3262 5361 a
3277 5313 3408 5386 viris

1808 5387 2009 5455 doctis,
2043 5380 2292 5441 maxime
2320 5404 2352 5440 a
2375 5380 2527 5440 clero
2564 5380 3026 5457 Lugdunensi'de
3053 5380 3405 5457 Gothescalci

1805 5454 2303 5513 causascribente
2339 5458 2610 5512 adversus
2645 5454 2929 5510 Joannem
2980 5454 3260 5515 Scottum,
3311 5454 3407 5519 qui

1805 5531 1975 5604 hujus
2001 5530 2153 5598 libri,
2183 5529 2343 5604 quasi
2373 5532 2521 5584 esset
2547 5526 2872 5599 Augustini,
2906 5523 3241 5580 auctoritate
3268 5520 3408 5574 abu-

1804 5602 2053 5659 tebatur.
