3922 6168
389 344 493 398 503

1419 326 1477 391 S.
1517 328 1812 391 ABBONIS
1850 321 2140 388 ABBATIS
2178 326 2671 388 FLOBIACENSIS

3599 325 3719 391 504

389 463 542 537 Ρθίο,
574 461 671 536 qui
690 461 875 517 adhuc
902 460 983 516 ita
1007 459 1396 516 nominandus
1445 459 1550 523 est.
1601 452 1992 528 pervenerint,
2012 457 2071 518 A
2098 462 2243 529 tero,
2275 477 2586 535 personam
2604 477 2734 516 cum
2761 460 3038 516 mandato
3059 458 3319 532 legaliter
3333 458 3491 516 facto
3515 462 3622 514 tua
3643 474 3717 514 ac

394 552 752 606 dissimulare
792 549 1037 605 minime
1064 546 1397 622 pertulistis.
1433 547 1545 603 Sed
1599 545 1651 601 ei
1678 545 1859 617 qualis
1887 542 1996 599 fuit

390 639 449 695 in
507 639 876 711 requisitione
906 656 1063 706 cura,
1095 638 1226 693 talis
1256 636 1454 692 fuisset
1510 635 1569 689 in
1620 632 1995 689 discusssione

389 728 689 785 subtilitas.
724 727 864 782 nihil
891 745 958 782 ex
988 744 1056 781 eo
1090 727 1246 799 quod
1277 726 1347 781 de
1379 741 1447 780 eo
1476 712 1694 780 dictiim
1717 725 1824 790 est,
1856 721 1994 777 fuis-

388 819 476 870 set
502 815 841 887 ambiguum
864 833 878 885 ;
902 816 1002 870 sed
1033 818 1228 869 utrum
1251 829 1562 881 verum,an
1581 814 1729 867 esset
1757 826 1996 882 compo-

388 904 587 973 situm,
620 905 916 975 patuisset,
941 903 1076 976 quia
1084 904 1212 975 jam
1242 905 1445 958 contra
1472 901 1664 973 ipsum
1685 900 1906 956 dudum
1931 897 1991 953 in

390 992 578 1048 Sicilia
607 994 759 1066 apud
787 993 1116 1048 reverendae
1134 990 1435 1046 memorias
1460 990 1704 1044 fratrem
1732 992 1996 1045 nostrum

387 1082 796 1136 Maximianum
829 1082 956 1135 talis
1010 1081 1272 1153 quaestio,
1326 1082 1387 1133 ut
1412 1078 1807 1150 cognovimus,
1837 1079 1997 1131 mota

389 1174 497 1227 est.
529 1170 641 1225 Sed
672 1171 806 1243 quia
824 1188 994 1225 causa
1012 1169 1186 1241 ipsius
1213 1167 1424 1223 subtili”
1445 1166 1684 1223 omnino
1700 1165 1997 1237 investiga-

389 1258 547 1315 tione
570 1260 810 1331 quaesita
839 1263 943 1327 est,
976 1258 1245 1313 inventus
1276 1259 1362 1312 est
1392 1256 1792 1327 innocens,qui
1811 1256 1998 1309 fuerat

390 1351 683 1403 accusatus
724 1348 785 1402 in
823 1347 1086 1402 crimine.
1118 1347 1276 1402 Nunc
1316 1345 1512 1417 igitur,
1567 1344 1844 1418 quoniam
1903 1343 2000 1397 illa

392 1452 520 1506 quae
552 1438 753 1491 contra
767 1453 901 1490 eum
933 1436 1086 1490 dicta
1101 1439 1253 1502 sunt,
1275 1451 1390 1489 non
1423 1434 1638 1489 subilla
1663 1449 1790 1505 quas
1809 1432 2001 1486 decuit

393 1523 746 1579 districtione
765 1524 1005 1596 quaesita
1032 1528 1184 1591 sunt;
1217 1525 1448 1595 etgesta
1463 1539 1591 1595 qua:
1623 1522 1827 1577 exinde
1846 1520 2001 1592 apud

390 1610 815 1667 fraternitatem
838 1616 1084 1667 vestram
1107 1613 1368 1667 confecta
1382 1614 1534 1678 sunt,
1561 1626 1747 1682 neque
1771 1610 1844 1664 ad
1863 1626 1998 1664 con-

392 1699 848 1768 demnationem,
893 1718 1080 1772 neque
1121 1701 1193 1755 ad
1224 1699 1643 1755 absolutionem
1700 1699 1824 1770 ejus
1862 1714 1997 1769 pro-

2095 551 2567 623 presbyterorum
2598 567 2697 606 seu
2726 549 3423 605 diaconorumettestium
3459 547 3721 603 subscri-

2097 640 2390 712 ptionibus
2402 641 2698 707 roborato,
2716 639 3006 711 gestisque
3022 656 3090 693 ex
3107 655 3267 694 more
3304 638 3495 694 indito
3514 642 3717 693 trans-

2097 728 2399 797 mittite,ut
2418 729 2696 801 quidquid
2717 744 2820 802 pro
2837 745 2899 784 re
2930 730 3125 783 actum
3153 726 3344 794 fuerit,
3375 725 3563 798 possit
3576 725 3721 796 jure

2098 817 2577 874 subsistere.Nam
2596 834 2700 873 nos
2721 834 2840 873 non
2869 818 3056 872 solum
3078 816 3201 885 tibi,
3233 816 3333 871 sed
3360 815 3547 870 etiam
3579 830 3718 869 om—

2097 904 2286 974 nibus,
2333 907 2491 978 quod
2517 906 2739 977 justum
2787 904 3225 977 legitimumque
3273 903 3470 970 fuerit,
3518 901 3723 974 parati

2097 1011 2317 1062 sumus,
2343 996 2461 1051 Deo
2483 996 2746 1066 juvante,
2770 1011 2871 1069 per
2897 994 3098 1053 omnia
3137 992 3443 1059 custodire,
3467 995 3721 1046 tantum

2098 1087 2161 1139 ut
2187 1088 2269 1152 tu,
2301 1084 2459 1156 quod
2488 1085 2615 1155 lege
2642 1083 2989 1157 praecipitur,
3015 1082 3203 1139 facere
3236 1098 3351 1136 non
3379 1080 3650 1135 omittas.
3686 1100 3718 1128 ››

2168 1174 2312 1227 Item
2331 1173 2668 1229 Gaaconms
2694 1171 2980 1227 CASTORIO
3011 1171 3235 1227 notario
3265 1173 3321 1225 et
3351 1168 3723 1225 chartulario

2098 1263 2384 1319 Ravennae
2415 1263 2536 1336 (lib.
2569 1280 2669 1329 vn,
2701 1279 2792 1333 ep.
2819 1260 3158 1331 81,ind.2):
3188 1283 3215 1310 ‹‹
3235 1259 3530 1324 Quantum
3549 1257 3724 1313 credi

2099 1352 2203 1409 tibi
2232 1370 2268 1408 a
2296 1352 2484 1417 nobis,
2517 1353 2575 1406 et
2625 1350 2971 1407 necessarias
3012 1349 3170 1404 vides
3199 1364 3390 1404 causas
3447 1346 3722 1418 injungi,

2099 1446 2261 1499 tanto
2285 1444 2343 1496 te
2376 1440 2561 1512 magis
2587 1444 2893 1496 strenuum
2919 1438 3094 1494 debes
3129 1439 3187 1492 et
3214 1437 3517 1492 sollicitum
3545 1437 3723 1492 exhi-

2098 1532 2259 1587 bere.
2320 1529 2570 1585 Proinde
2618 1529 2664 1584 si
2719 1528 2970 1585 Maxinus
3022 1526 3383 1582 Salonitanus
3444 1528 3725 1599 praestita

2099 1622 2462 1675 sacramento
2477 1618 2790 1673 firmaverit
2804 1634 2864 1672 se
2884 1615 3204 1672 simoniaca
3229 1614 3429 1669 haeresi
3463 1630 3590 1669 non
3633 1619 3727 1669 te-

2101 1708 2264 1777 neri;
2297 1711 2471 1780 atque
2503 1707 2575 1762 de
2602 1706 2724 1762 aliis
2754 1709 3105 1777 antecorpus
3124 1705 3305 1759 sancti
3331 1703 3721 1774 Apollinaris,

389 1790 604 1844 bantur
634 1808 801 1862 posse
823 1790 1120 1846 sufficere:
1150 1807 1267 1846 non
1288 1789 1424 1844 levis
1452 1806 1544 1844 res
1574 1789 1785 1861 agitur,
1819 1792 1881 1843 ut
1910 1788 1998 1843 in-
2028 1777 2079 1837 Β
2101 1777 2511 1852 tantarum—cdo
2542 1794 2868 1867 requisitas,
2900 1792 3201 1848 innoxium
3232 1809 3289 1846 se
3314 1790 3720 1863 responderit;

394 1882 560 1933 caute
593 1881 677 1935 vel
707 1880 764 1934 in
799 1883 1131 1935 transcursu
1151 1879 1358 1934 debeat
1374 1877 1623 1935 deﬁniri.
1657 1878 1801 1933 Nam
1824 1893 1999 1948 grave

391 1972 477 2023 est
507 1967 641 2022 satis
672 1972 728 2023 et
748 1968 1041 2036 indecens,
1075 1971 1138 2022 ut
1183 1968 1241 2022 in
1275 1984 1337 2021 re
1365 1967 1539 2022 dubia
1568 1969 1727 2021 certa
1774 1965 1998 2021 dicatur

388 2058 698 2114 sententia.
732 2061 800 2113 Et
822 2060 945 2114 haec
999 2058 1232 2132 quidem
1279 2060 1442 2130 gesta
1470 2073 1591 2112 esse
1621 2058 1892 2127 poterant
1921 2054 1994 2108 ad

389 2148 785 2205 definiendum
816 2148 1097 2217 idonea,si
1122 2148 1369 2204 accusati
1395 2164 1463 2202 ea
1479 2145 1760 2202 confessio
1789 2160 1990 2215 seque-

388 2242 550 2293 retur
582 2256 594 2293 :
646 2239 690 2293 si
716 2242 913 2293 tamen
959 2239 1228 2293 eamdem
1256 2235 1679 2292 confessionem
1708 2233 1993 2289 subtilitas

393 2326 836 2381 examinationis
861 2344 927 2381 ex
960 2326 1194 2382 occultis
1217 2325 1468 2391 eliceret,
1521 2326 1580 2377 et
1626 2340 1745 2377 non
1777 2322 1990 2377 aﬂictio

390 2415 706 2470 vehemens
736 2417 1106 2486 extorqueret
1135 2432 1150 2482 ;
1191 2432 1318 2486 quae
1348 2413 1685 2484 frequenter
1734 2412 1844 2467 hoc
1874 2412 1997 2482 agit

389 2505 453 2558 ut
478 2503 678 2558 noxios
706 2520 765 2558 se
794 2503 964 2558 fateri
1021 2505 1305 2575 cogantur
1350 2502 1528 2557 etiam
1555 2501 1796 2556 innoxii.
1850 2501 1993 2556 Nam

388 2595 699 2665 postquam
726 2592 998 2665 praefatus
1022 2592 1342 2664 episcopus,
1373 2595 1438 2648 ut
1473 2590 1702 2659 dicitur,
1755 2590 1995 2646 cruciari

389 2682 647 2737 custodia
670 2681 1031 2754 cremarique
1060 2682 1216 2737 fame
1242 2698 1302 2736 se
1328 2680 1550 2751 asserit,
1576 2679 1720 2735 scire
1750 2679 1991 2747 debetis,

390 2770 435 2826 si
466 2770 545 2826 ita
574 2774 681 2841 est,
704 2774 897 2827 utrum
925 2774 1131 2827 noceat
1177 2770 1221 2826 si
1251 2770 1329 2827 sic
1382 2771 1556 2827 fuerit
1601 2772 1826 2825 extorta
1854 2784 1992 2824 con-

389 2860 579 2916 fessio.
616 2861 885 2933 Nunquid
931 2862 1165 2933 quando
1223 2860 1571 2916 sententiam
1612 2861 1755 2915 tales
1812 2876 1997 2915 causa:

391 2949 725 3023 suscipiunt,
758 2954 817 3005 et
857 2950 932 3005 ad
982 2950 1179 3006 sedem
1223 2950 1601 3022 apostolicam
1649 2949 1994 3021 appellatur,

2101 1888 2160 1941 et
2188 1886 2259 1941 de
2290 1883 2686 1940 inobedientia
2717 1899 2819 1937 sua
2835 1881 3257 1953 penitentiam,
3289 1880 3429 1935 sicut
3458 1880 3721 1951 deputa-

2099 1975 2301 2041 vimus,
2326 1974 2536 2046 egerit:
2585 1973 2848 2027 volumus
2875 1973 2956 2037 ut,
2992 1970 3067 2025 ad
3096 1968 3513 2025 consolandum
3545 1985 3719 2035 eum,

2098 2064 2401 2135 epistolam
2436 2078 2610 2135 quam
2642 2061 2715 2116 ad
2740 2077 2872 2115 eum
2906 2058 3361 2131 scripsimus,ubi
3405 2058 3459 2112 ei
3486 2062 3546 2113 et
3573 2074 3721 2129 gra-

2091 2151 2237 2208 tiam
2251 2155 2506 2207 nostram
2521 2153 2779 2205 etcomm
2787 2148 3063 2203 unionem
3078 2164 3185 2203 nos
3196 2147 3509 2205 reddidisse
3518 2145 3726 2219 signa-

2091 2240 2299 2308 vimus,
2332 2239 2687 2311 experientia
2716 2242 2813 2293 tua
2843 2238 2981 2293 dare
3023 2236 3251 2305 debeat;
3286 2237 3421 2309 quia
3457 2236 3612 2292 sicut
3650 2235 3719 2291 in

2095 2328 2702 2399 contumaciapersiste
2711 2326 2901 2383 ntibus
2911 2342 3139 2381 severos
3158 2342 3280 2381 esse
3294 2341 3398 2380 nos
3409 2324 3715 2393 convenit,

2094 2417 2174 2473 sic
2202 2417 2417 2472 iterum
2443 2415 2757 2472 humiliatis
2772 2418 2830 2470 et
2839 2413 3258 2487 paenitentibus
3272 2430 3488 2486 negare
3507 2415 3713 2470 locum

2093 2506 2276 2564 venite
2308 2523 2426 2562 non
2454 2506 2751 2562 debemus.
2784 2522 2817 2557 »

2168 2592 2416 2659 Quidam
2445 2593 2745 2667 episcopus
2770 2608 2872 2664 per
2902 2594 3330 2649 sacramentum
3358 2590 3634 2665 purgavit
3652 2607 3717 2646 se

2095 2682 2337 2739 crimine
2366 2685 2503 2738 ante
2532 2698 2740 2754 corpus
2774 2681 2928 2738 beati
2958 2681 3129 2737 Petri.
3154 2681 3491 2736 GREGORIUS
3517 2679 3599 2735 ad
3615 2679 3715 2735 Ju-

2097 2788 2415 2829 STINIANUM
2435 2771 2555 2840 [al.,
2582 2771 2905 2842 Jusrmvm]
2933 2770 3059 2841 (lib.
3115 2787 3176 2836 ιι,
3203 2786 3295 2842 ep.
3329 2767 3422 2834 23)
3455 2785 3470 2823 :
3507 2790 3535 2818 «
3568 2770 3718 2824 Pro-

2096 2860 2291 2934 prium
2313 2862 2425 2917 hoc
2453 2860 2627 2916 habet
2654 2859 2877 2932 antiqui
2911 2858 3088 2914 hostis
3122 2857 3360 2925 invidia,
3394 2860 3458 2911 ut
3484 2856 3718 2929 quosin

2096 2969 2405 3026 pravorum
2418 2951 2771 3024 perpetratio
2779 2966 2851 3005 ne
2865 2950 2983 3004 Deo
3001 2948 3109 3004 sibi
3124 2947 3422 3004 resistente
3436 2946 3717 3017 decipere

390 3056 587 3095 nonne
641 3041 702 3095 et
729 3055 977 3110 persona
1007 3057 1133 3111 quas
1159 3039 1471 3111 judicatur,
1503 3055 1755 3111 presens
1780 3042 1867 3093 est
1893 3055 1907 3107 ;
1940 3039 2000 3092 et
2024 3061 2073 3122 α
2098 3059 2216 3097 non
2230 3043 2403 3108 valet,
2437 3040 2741 3112 opiniones
2760 3055 2963 3094 eorum
2984 3038 3213 3094 falsaad
3242 3052 3497 3109 praesens
3526 3036 3718 3091 simu—

391 3129 810 3185 districtissime
827 3133 1000 3201 atque
1014 3131 1085 3184 ab
1099 3128 1261 3184 omni
1276 3130 1464 3184 lacere
1476 3129 1683 3183 veritas
1699 3128 1997 3200 quaeritur,

390 3222 453 3274 ut
476 3223 610 3274 tunc
649 3218 693 3273 si
725 3219 934 3276 debeat
982 3236 1219 3275 manere
1267 3219 1575 3286 sententia,
1605 3217 1947 3273 decernatur
1971 3217 1999 3272 ‘2

393 3308 630 3363 Necnon
651 3312 708 3362 et
737 3308 782 3362 si
812 3307 1118 3378 praedictus
1131 3307 1432 3379 episc0pus
1445 3306 1518 3361 ad
1540 3306 1739 3360 sedem
1767 3308 1997 3376 aposto-

393 3396 564 3451 licam
592 3397 883 3466 appellare
924 3396 1188 3462 voluerit,
1241 3411 1411 3449 causa
1440 3394 1613 3465 ipsius
1644 3393 1887 3449 interius
1945 3398 2004 3449 et

395 3501 527 3540 cum
549 3483 708 3538 omni
726 3483 1027 3554 diligentia
1052 3486 1138 3537 est
1160 3483 1594 3554 perscrutanda.
1615 3483 1682 3536 Et
1694 3482 1823 3537 ideo
1845 3486 2002 3554 post-

397 3588 573 3645 quam
604 3574 662 3625 et
688 3588 936 3643 persona
950 3572 1156 3627 absens
1178 3575 1281 3639 est,
1338 3574 1396 3625 et
1425 3575 1585 3643 gesta
1614 3588 1742 3643 quae
1793 3572 1870 3627 ad
1900 3589 2004 3628 nos

397 3660 786 3728 transmisisti,
846 3659 1031 3727 nobis,
1092 3660 1235 3715 sicut
1284 3658 1480 3731 paefati
1528 3676 1743 3727 sumus,
1796 3660 2004 3716 idonee

397 3750 723 3805 satisfacere
748 3767 865 3805 non
888 3750 1174 3818 videntur,
1192 3753 1412 3804 temere
1430 3749 1647 3822 aliquid
1669 3749 1738 3805 de
1750 3748 2003 3823 episcOpi

400 3855 648 3911 persona
688 3838 998 3894 decernere
1047 3855 1165 3893 non
1212 3838 1508 3906 debemus,
1542 3855 1648 3893 nec
1680 3855 2003 3910 possumus,

399 3946 473 3984 ne
499 3928 674 4001 (quod
704 3927 892 4001 absit!)
919 3928 1397 4000 reprehensibiles
1427 3927 1789 3983 inveniamur
1814 3927 1874 3981 in
1905 3944 2005 3983 no-

397 4018 548 4082 stris,
581 4018 789 4090 quibus
817 4019 1065 4075 aliorum
1079 4018 1211 4089 jure
1243 4017 1523 4089 competit
1543 4020 1858 4073 retractare
1880 4033 2004 4072 sen-

396 4107 626 4164 tentias.
661 4129 687 4157 ››

468 4200 633 4261 Item,
669 4198 738 4252 de
788 4197 1057 4268 episcopo
1098 4214 1271 4270 quem
1306 4196 1624 4269 redarguit,
1673 4198 1829 4270 quod
1882 4214 2000 4253 non

396 4286 564 4342 utiles
578 4285 805 4340 virosin
835 4302 1067 4341 causam
1098 4303 1261 4341 suam
1290 4287 1535 4355 miserit,
1555 4290 1614 4341 et
1631 4288 1787 4360 quod
1815 4303 2002 4343 sacra-

396 4378 596 4429 mento
628 4374 883 4444 praestita
911 4374 970 4428 in
1000 4375 1251 4445 gratiam
1283 4375 1473 4431 rediit.

465 4463 793 4517 GREGORIUS
833 4465 1071 4518 ΜΑκιΜο
1101 4464 1369 4536 episcopo
1423 4464 1759 4522 Salonitano
1795 4468 1910 4537 (lib.
1940 4484 1998 4535 ιι,

395 4568 488 4623 ep.
540 4555 672 4615 l3):
723 4551 849 4607 Alia
895 4551 1131 4623 quidem
1178 4553 1388 4626 scripta
1446 4556 1518 4609 ad
1574 4555 1999 4613 fraternitatem

392 4644 556 4695 tuam
580 4642 751 4695 antea
769 4640 1218 4706 feceramus,sed
1238 4646 1295 4696 et
1308 4645 1573 4715 tempore
1599 4661 1713 4717 quo
1736 4646 2001 4702 homines

392 4732 542 4796 tuos,
576 4744 719 4801 quos
747 4729 822 4784 ad
853 4746 958 4783 nos
984 4727 1206 4796 misisti,
1238 4732 1493 4787 relaxare
1523 4733 1829 4802 voluimus,
1861 4735 1997 4791 scri-

394 4818 569 4889 psisse
596 4822 652 4872 te
678 4818 1021 4890 quibusdam
1066 4818 1275 4873 nostris
1303 4822 1620 4891 comperio,
1653 4824 1810 4895 quod
1837 4824 1999 4880 Vete-

394 4922 603 4960 ranum
649 4907 1071 4978 presbyterum,
1121 4910 1293 4980 atque
1326 4910 1597 4979 Optatum
1635 4912 1999 4969 defensorem

395 4998 531 5049 tunc
564 4994 805 5049 minime
837 4995 895 5049 in
919 5012 1088 5051 causa
1110 4997 1574 5068 transmiseritis;
1610 5002 1667 5053 ct
1687 5000 1899 5057 ideirco
1930 5020 2000 5058 ea

394 5100 522 5154 quae
543 5100 673 5137 cum
697 5082 831 5154 ipsis
852 5089 979 5139 acta
997 5088 1151 5149 sunt,
1177 5102 1294 5140 non
1317 5085 1527 5141 debere
1552 5087 2000 5147 subsistere.Sed

389 5172 659 5239 Thomas,
690 5171 940 5227 ecclesia:
965 5176 1075 5228 tum
1103 5174 1393 5245 defensor,
1426 5193 1544 5231 non
1571 5177 1678 5232 hoc
1698 5178 1932 5235 verbum
1969 5197 2002 5234 a

392 5262 449 5312 tc
473 5259 689 5314 dictum
708 5260 1018 5332 perhibuit.
1046 5262 1120 5315 Ex
1140 5278 1254 5333 qua
1280 5279 1341 5316 re
1360 5264 1486 5334 jam
1510 5268 1999 5336 necprzesentium

393 5347 771 5419 portitoribus
787 5349 1116 5421 judicamus
1145 5366 1267 5405 esse
1284 5351 1741 5421 credendum,ne
1770 5355 1840 5410 de
1867 5355 2000 5428 ipsis

391 5453 621 5508 quoque
646 5441 774 5510 post
802 5438 907 5493 hos
933 5438 1193 5494 similiter
1219 5439 1523 5499 diceretur.
1545 5441 1688 5506 Quia
1716 5459 1855 5515 ergo
1878 5445 2000 5501 haec

390 5543 497 5580 nos
527 5527 687 5581 valde
712 5527 847 5582 fecit
868 5527 1164 5599 ambigere
1176 5531 1233 5582 et
1249 5534 1445 5585 cautos
1462 5547 1583 5585 esse
1606 5531 1816 5587 debere
1844 5551 1993 5602 pras-

389 5615 640 5686 monuit,
672 5615 718 5672 si
745 5633 977 5674 causam
998 5616 1165 5673 vultis
1189 5617 1381 5674 dicere
1411 5618 1752 5678 instructam
1783 5622 1855 5679 de
1886 5640 1995 5683 caa-

2099 3130 2274 3185 lando
2306 3130 2599 3185 dilaceret.
2632 3127 2918 3193 Quoniam
2961 3127 3139 3199 igitur
3164 3125 3454 3198 quaedam,
3504 3127 3720 3179 contra

2100 3218 2455 3274 sacerdotale
2467 3216 2851 3290 propositum,
2866 3216 2937 3271 de
2949 3216 3139 3271 Leone
3153 3214 3331 3269 fratre
3345 3216 3404 3268 et
3421 3211 3720 3283 coepisco-

2101 3322 2177 3377 po
2194 3310 2390 3362 nostro
2412 3305 2641 3361 sinister
2658 3320 2859 3360 rumor
2869 3305 3208 3377 asperserat,
3230 3306 3424 3358 utrum
3462 3317 3605 3356 vera
3625 3317 3719 3355 es-

2103 3398 2232 3450 sent
2251 3394 2511 3449 districta
2521 3393 2733 3449 diutius
2748 3394 2988 3450 fecimus
3004 3391 3373 3466 inquisitione
3407 3389 3719 3462 perquire-

2102 3500 2189 3549 re;
2211 3488 2270 3539 et
2297 3485 2517 3539 nullam
2545 3483 2605 3538 in
2635 3500 2725 3551 eo,
2752 3483 2823 3540 de
2849 3484 2939 3539 his
2959 3499 3088 3555 quin
3120 3479 3278 3537 dicta
3304 3481 3558 3547 fuerant,
3589 3478 3720 3533 cul-

2104 3588 2241 3644 pam
2266 3573 2607 3629 invenimus.
2639 3572 2751 3628 Sed
2774 3589 2848 3628 ne
2890 3571 3030 3644 quid
3066 3570 3357 3626 videretur
3405 3567 3718 3635 omissum,

2106 3662 2261 3733 quod
2278 3665 2475 3717 nostro
2488 3660 2765 3733 potuisset
2783 3661 2944 3717 cordi
2983 3659 3224 3715 dubium
3271 3673 3604 3725 remanere,
3637 3656 3718 3713 ad

2104 3749 2259 3805 beati
2275 3751 2425 3805 Petri
2443 3750 2891 3806 sacratissimum
2905 3765 3111 3820 corpus
3121 3747 3363 3804 fecimus
3377 3762 3716 3802 sacramen-

2104 3840 2455 3909 tapreebere.
2484 3838 2697 3904 Quibus
2714 3836 2978 3910 praestitis
2999 3853 3216 3909 magna
3246 3851 3441 3892 sumus
3461 3835 3716 3890 exsulta-

2102 3928 2263 3986 tione
2279 3928 2641 4001 gavisi,quod
2668 3929 2762 4000 hui
2773 3926 2997 3983 usmodi
3012 3926 3411 3998 experimento
3426 3925 3717 3981 innocen-

2102 4022 2185 4079 tia
2200 4022 2324 4093 ejus
2340 4020 2637 4077 evidenter
2675 4016 2902 4074 enituit.
2928 4018 3036 4072 Pro
3058 4032 3172 4089 qua
3196 4032 3259 4072 re
3281 4014 3464 4088 gloria
3523 4019 3719 4071 vestra

2101 4110 2446 4185 praedictum
2466 4108 2654 4164 virum
2674 4124 2807 4162 cum
2827 4105 2987 4163 omni
3012 4105 3291 4161 charitate
3320 4102 3611 4176 suscipiat,
3648 4120 3716 4160 ac

2101 4199 2489 4258 reverentiam
2506 4198 2581 4265 ei,
2625 4198 2855 4270 qualem
2874 4194 3159 4251 sacerdoti
3187 4195 3370 4263 decet,
3396 4193 3670 4249 exhibeat
3697 4210 3713 4250 :

2102 4307 2211 4346 nec
2245 4288 2513 4361 quaedam
2544 4285 2703 4342 cordi
2727 4286 3032 4341 remaneat
3068 4284 3137 4340 de
3167 4283 3274 4351 his,
3300 4299 3428 4355 qua:
3458 4284 3714 4354 purgata

2100 4382 2254 4447 sunt,
2291 4377 2586 4445 dubietas;
2619 4376 2721 4430 sed
2752 4374 2830 4429 ita
2876 4372 3260 4444 suprascripto
3287 4389 3388 4427 vos
3435 4371 3712 4444 episcopo

2100 4467 2465 4523 devotissime
2496 4466 2726 4537 oportet
2754 4462 3051 4518 adhaerere
3079 4460 3138 4516 in
3170 4460 3461 4528 omnibus,
3482 4462 3545 4514 ut
3569 4475 3713 4515 con-

2100 4573 2241 4630 grue
2259 4556 2646 4626 decenterque
2668 4554 2851 4608 Deum
2865 4549 2926 4605 in
2956 4550 3080 4620 ejus
3099 4565 3348 4621 persona
3368 4547 3710 4609 videamini.

2100 4646 2260 4717 cujus
2286 4643 2551 4699 minister
2578 4645 2688 4707 est,
2721 4642 3032 4697 honorare.
3057 4660 3086 4688 »

2098 4752 2248 4808 XLV.
2278 4782 2351 4793 —
2397 4750 2480 4806 De
2509 4750 2756 4821 episcOpis
2799 4750 2856 4803 in
2887 4744 3164 4819 judicium
3213 4744 3504 4801 testimonii
3543 4761 3709 4800 causa

2774 4820 3018 4877 evocatis.

2170 4915 2249 4969 Ex
2278 4909 2685 4969 constitutione
2726 4925 2850 4981 cap.
2876 4910 2908 4962 9
2941 4923 2954 4963 :
3002 4930 3030 4958 «
3058 4906 3254 4967 Nullus
3283 4906 3585 4979 episcopus
3612 4922 3713 4962 co-

2098 5006 2267 5076 gatur
2291 5002 2366 5058 ad
2387 4999 2671 5074 judicium
2702 4997 2898 5054 venire
2920 4995 3150 5055 dicendi
3178 4993 3497 5052 testimonii
3513 5010 3711 5065 causa,

2100 5092 2201 5147 sed
2224 5091 2401 5163 judex
2422 5090 2495 5145 ad
2512 5088 2849 5161 episcopum
2881 5086 3075 5142 mittat
3104 5085 3404 5142 ministros
3428 5101 3580 5151 suos,
3624 5088 3710 5152 ut,

2099 5180 2406 5253 proposxtis
2446 5177 2656 5234 sanctis
2706 5175 3046 5249 Evangeliis,
3078 5175 3235 5248 quod
3264 5174 3371 5231 scit
3408 5172 3712 5246 episcopus

2100 5271 2274 5338 dicat,
2295 5268 2616 5325 secundum
2644 5267 2754 5323 hoc
2783 5265 2937 5338 quod
2969 5264 3364 5323 sacerdotibus
3391 5264 3711 5321 honestum

2099 5361 2202 5413 est.
2236 5379 2264 5407 π

2402 5445 2577 5501 XLVI.
2610 5475 2678 5485 —
2705 5444 2787 5501 De
2815 5444 3072 5500 accusatis
3109 5442 3383 5515 episcopis.

2171 5536 2437 5611 Cap.lO:«
2466 5532 2974 5605 Nullusepiscopus
2999 5549 3189 5606 neque
3215 5548 3319 5605 pro
3340 5530 3706 5604 civili,neque

2099 5643 2207 5702 pro
2237 5622 2524 5684 criminali
2558 5639 2729 5682 causa
2762 5621 2920 5695 apud
2977 5620 3238 5695 quamvis
3270 5617 3553 5695 judicem,
3589 5619 3707 5679 sive
