  <div class='ocr_page' id='page_1' title='image "/cluster/home/n/w/nwhite01/storage/ocr_20150623/139/hvd.32044054759998/258.png"; bbox 0 0 3922 6168; ppageno 0'>
   <div class='ocr_carea' id='block_1_1' title="bbox 192 338 3501 412">
    <p class='ocr_par' dir='ltr' id='par_1_1' title="bbox 192 338 3501 412">
     <span class='ocr_line' id='line_1_1' title="bbox 192 338 3501 412; baseline -0 -13"><span class='ocrx_word' id='word_1_1' title='bbox 192 356 275 412; x_wconf 76' lang='lat'>505</span> <span class='ocrx_word' id='word_1_2' title='bbox 1402 338 1794 399; x_wconf 80' lang='lat' dir='ltr'>COLLECTIO</span> <span class='ocrx_word' id='word_1_3' title='bbox 1843 339 1985 397; x_wconf 78' lang='lat' dir='ltr'>CAN</span> <span class='ocrx_word' id='word_1_4' title='bbox 1989 340 2081 399; x_wconf 86' lang='lat' dir='ltr'><strong>ON</strong></span> <span class='ocrx_word' id='word_1_5' title='bbox 2085 342 2199 400; x_wconf 84' lang='lat' dir='ltr'>UM.</span> <span class='ocrx_word' id='word_1_6' title='bbox 3210 385 3231 394; x_wconf 71' lang='grc' dir='ltr'><strong>ρ</strong></span> <span class='ocrx_word' id='word_1_7' title='bbox 3397 346 3501 410; x_wconf 72' lang='lat'>506</span> 
     </span>
    </p>
   </div>
   <div class='ocr_carea' id='block_1_2' title="bbox 190 463 3493 544">
    <p class='ocr_par' dir='ltr' id='par_1_2' title="bbox 190 463 3493 544">
     <span class='ocr_line' id='line_1_2' title="bbox 190 463 3493 544; baseline -0.001 -11"><span class='ocrx_word' id='word_1_8' title='bbox 190 477 381 533; x_wconf 78' lang='lat' dir='ltr'>civilem</span> <span class='ocrx_word' id='word_1_9' title='bbox 409 473 521 528; x_wconf 87' lang='lat' dir='ltr'>sive</span> <span class='ocrx_word' id='word_1_10' title='bbox 554 469 1233 544; x_wconf 85' lang='lat' dir='ltr'>militarem,perducatur</span> <span class='ocrx_word' id='word_1_11' title='bbox 1264 468 1359 523; x_wconf 86' lang='lat' dir='ltr'>vel</span> <span class='ocrx_word' id='word_1_12' title='bbox 1380 466 1747 531; x_wconf 87' lang='lat' dir='ltr'>exhibeatur,</span> <span class='ocrx_word' id='word_1_13' title='bbox 1776 468 1835 527; x_wconf 86' lang='grc' dir='ltr'><strong>Α</strong></span> <span class='ocrx_word' id='word_1_14' title='bbox 1860 480 1999 518; x_wconf 89' lang='lat' dir='ltr'>nem</span> <span class='ocrx_word' id='word_1_15' title='bbox 2029 463 2175 518; x_wconf 92' lang='lat' dir='ltr'>illius</span> <span class='ocrx_word' id='word_1_16' title='bbox 2201 480 2569 539; x_wconf 89' lang='lat' dir='ltr'>reparamus.</span> <span class='ocrx_word' id='word_1_17' title='bbox 2602 485 2637 519; x_wconf 69' lang='lat' dir='ltr'>s</span> <span class='ocrx_word' id='word_1_18' title='bbox 2674 467 2848 540; x_wconf 88' lang='lat' dir='ltr'>Cujus</span> <span class='ocrx_word' id='word_1_19' title='bbox 2868 470 2953 526; x_wconf 93' lang='lat' dir='ltr'>rei</span> <span class='ocrx_word' id='word_1_20' title='bbox 2968 472 3303 543; x_wconf 84' lang='lat' dir='ltr'>exemplum</span> <span class='ocrx_word' id='word_1_21' title='bbox 3329 472 3493 531; x_wconf 90' lang='lat' dir='ltr'>idem</span> 
     </span>
    </p>
   </div>
   <div class='ocr_carea' id='block_1_3' title="bbox 189 552 3492 633">
    <p class='ocr_par' dir='ltr' id='par_1_3' title="bbox 189 552 3492 633">
     <span class='ocr_line' id='line_1_3' title="bbox 189 552 3492 633; baseline -0 -14"><span class='ocrx_word' id='word_1_22' title='bbox 189 564 275 621; x_wconf 90' lang='lat' dir='ltr'>nisi</span> <span class='ocrx_word' id='word_1_23' title='bbox 301 561 606 633; x_wconf 88' lang='lat' dir='ltr'>imperialis</span> <span class='ocrx_word' id='word_1_24' title='bbox 626 560 799 632; x_wconf 88' lang='lat' dir='ltr'>jussio</span> <span class='ocrx_word' id='word_1_25' title='bbox 818 560 1161 633; x_wconf 88' lang='lat' dir='ltr'>processerit.</span> <span class='ocrx_word' id='word_1_26' title='bbox 1191 557 1553 629; x_wconf 76' lang='lat' dir='ltr'>Magistratus</span> <span class='ocrx_word' id='word_1_27' title='bbox 1583 554 1746 609; x_wconf 88' lang='lat' dir='ltr'>enim</span> <span class='ocrx_word' id='word_1_28' title='bbox 1859 553 2061 607; x_wconf 90' lang='lat' dir='ltr'>doctor</span> <span class='ocrx_word' id='word_1_29' title='bbox 2092 552 2410 621; x_wconf 91' lang='lat' dir='ltr'>subintulit,</span> <span class='ocrx_word' id='word_1_30' title='bbox 2443 571 2587 609; x_wconf 90' lang='lat' dir='ltr'>cum</span> <span class='ocrx_word' id='word_1_31' title='bbox 2621 555 2696 610; x_wconf 92' lang='lat' dir='ltr'>de</span> <span class='ocrx_word' id='word_1_32' title='bbox 2745 558 3001 629; x_wconf 89' lang='lat' dir='ltr'>quodam</span> <span class='ocrx_word' id='word_1_33' title='bbox 3045 558 3104 614; x_wconf 91' lang='lat' dir='ltr'>in</span> <span class='ocrx_word' id='word_1_34' title='bbox 3159 560 3492 633; x_wconf 80' lang='lat' dir='ltr'>captivitate</span> 
     </span>
    </p>
   </div>
   <div class='ocr_carea' id='block_1_4' title="bbox 187 640 3486 727">
    <p class='ocr_par' dir='ltr' id='par_1_4' title="bbox 187 640 3486 727">
     <span class='ocr_line' id='line_1_4' title="bbox 187 640 3486 727; baseline -0 -20"><span class='ocrx_word' id='word_1_35' title='bbox 187 654 264 727; x_wconf 91' lang='lat' dir='ltr'>qui</span> <span class='ocrx_word' id='word_1_36' title='bbox 284 654 379 708; x_wconf 89' lang='lat' dir='ltr'>hoc</span> <span class='ocrx_word' id='word_1_37' title='bbox 397 651 606 723; x_wconf 85' lang='lat' dir='ltr'><strong>jubere</strong></span> <span class='ocrx_word' id='word_1_38' title='bbox 638 667 802 705; x_wconf 82' lang='lat' dir='ltr'>ausus</span> <span class='ocrx_word' id='word_1_39' title='bbox 824 649 1006 715; x_wconf 85' lang='lat' dir='ltr'>fuerit,</span> <span class='ocrx_word' id='word_1_40' title='bbox 1034 646 1344 704; x_wconf 83' lang='lat' dir='ltr'>amissione</span> <span class='ocrx_word' id='word_1_41' title='bbox 1363 645 1649 717; x_wconf 84' lang='lat' dir='ltr'>cinguliet</span> <span class='ocrx_word' id='word_1_42' title='bbox 1674 661 1747 697; x_wconf 84' lang='lat' dir='ltr'>xx</span> <span class='ocrx_word' id='word_1_43' title='bbox 1854 641 2069 707; x_wconf 91' lang='lat' dir='ltr'>vincto,</span> <span class='ocrx_word' id='word_1_44' title='bbox 2102 640 2325 712; x_wconf 87' lang='lat' dir='ltr'>quoties</span> <span class='ocrx_word' id='word_1_45' title='bbox 2355 643 2713 713; x_wconf 77' lang='lat' dir='ltr'>solveretur,</span> <span class='ocrx_word' id='word_1_46' title='bbox 2753 648 3051 717; x_wconf 79' lang='lat' dir='ltr'>expressit.</span> <span class='ocrx_word' id='word_1_47' title='bbox 3085 648 3240 719; x_wconf 87' lang='lat' dir='ltr'><strong>Ejus,</strong></span> <span class='ocrx_word' id='word_1_48' title='bbox 3272 649 3486 723; x_wconf 85' lang='lat' dir='ltr'>inquit,</span> 
     </span>
    </p>
   </div>
   <div class='ocr_carea' id='block_1_5' title="bbox 184 732 3485 807">
    <p class='ocr_par' dir='ltr' id='par_1_5' title="bbox 184 732 3485 807">
     <span class='ocr_line' id='line_1_5' title="bbox 184 732 3485 807; baseline -0.001 -10"><span class='ocrx_word' id='word_1_49' title='bbox 184 742 426 797; x_wconf 89' lang='lat' dir='ltr'>librarum</span> <span class='ocrx_word' id='word_1_50' title='bbox 480 738 608 794; x_wconf 86' lang='lat' dir='ltr'><strong>auri</strong></span> <span class='ocrx_word' id='word_1_51' title='bbox 660 738 1127 805; x_wconf 81' lang='lat' dir='ltr'>condemnatione</span> <span class='ocrx_word' id='word_1_52' title='bbox 1168 736 1473 807; x_wconf 81' lang='lat' dir='ltr'>plectatur,</span> <span class='ocrx_word' id='word_1_53' title='bbox 1505 737 1569 789; x_wconf 90' lang='lat' dir='ltr'>ut</span> <span class='ocrx_word' id='word_1_54' title='bbox 1617 733 1746 787; x_wconf 64' lang='lat' dir='ltr'>ista:</span> <span class='ocrx_word' id='word_1_55' title='bbox 1854 745 2019 795; x_wconf 87' lang='lat' dir='ltr'>uxor,</span> <span class='ocrx_word' id='word_1_56' title='bbox 2044 732 2251 799; x_wconf 90' lang='lat' dir='ltr'>putans</span> <span class='ocrx_word' id='word_1_57' title='bbox 2272 745 2405 783; x_wconf 91' lang='lat' dir='ltr'>eum</span> <span class='ocrx_word' id='word_1_58' title='bbox 2422 746 2551 785; x_wconf 89' lang='lat' dir='ltr'>esse</span> <span class='ocrx_word' id='word_1_59' title='bbox 2576 737 2908 799; x_wconf 89' lang='lat' dir='ltr'>mortuum,</span> <span class='ocrx_word' id='word_1_60' title='bbox 2926 735 3166 807; x_wconf 87' lang='lat' dir='ltr'>singulis</span> <span class='ocrx_word' id='word_1_61' title='bbox 3186 737 3485 795; x_wconf 87' lang='lat' dir='ltr'>hebdoma</span> 
     </span>
    </p>
   </div>
   <div class='ocr_carea' id='block_1_6' title="bbox 183 816 3494 897">
    <p class='ocr_par' dir='ltr' id='par_1_6' title="bbox 183 816 3494 897">
     <span class='ocr_line' id='line_1_6' title="bbox 183 816 3494 897; baseline -0 -13"><span class='ocrx_word' id='word_1_62' title='bbox 183 848 235 885; x_wconf 85' lang='lat' dir='ltr'>xx</span> <span class='ocrx_word' id='word_1_63' title='bbox 259 830 403 884; x_wconf 73' lang='lat' dir='ltr'>libra:</span> <span class='ocrx_word' id='word_1_64' title='bbox 432 828 690 883; x_wconf 70' lang='lat' dir='ltr'>ecclesias</span> <span class='ocrx_word' id='word_1_65' title='bbox 716 827 1042 883; x_wconf 87' lang='lat' dir='ltr'>addicantur</span> <span class='ocrx_word' id='word_1_66' title='bbox 1085 825 1244 897; x_wconf 88' lang='lat' dir='ltr'>cujus</span> <span class='ocrx_word' id='word_1_67' title='bbox 1284 823 1580 895; x_wconf 90' lang='lat' dir='ltr'>episcopus</span> <span class='ocrx_word' id='word_1_68' title='bbox 1610 838 1749 893; x_wconf 91' lang='lat' dir='ltr'>pro-</span> <span class='ocrx_word' id='word_1_69' title='bbox 1857 817 2025 872; x_wconf 90' lang='lat' dir='ltr'>dibus</span> <span class='ocrx_word' id='word_1_70' title='bbox 2040 833 2144 888; x_wconf 90' lang='lat' dir='ltr'>pro</span> <span class='ocrx_word' id='word_1_71' title='bbox 2163 834 2230 871; x_wconf 93' lang='lat' dir='ltr'>eo</span> <span class='ocrx_word' id='word_1_72' title='bbox 2252 816 2539 873; x_wconf 78' lang='lat' dir='ltr'>offerebat</span> <span class='ocrx_word' id='word_1_73' title='bbox 2556 822 2928 892; x_wconf 84' lang='lat' dir='ltr'>sacrificium;</span> <span class='ocrx_word' id='word_1_74' title='bbox 2947 826 3104 891; x_wconf 90' lang='lat' dir='ltr'>et,ut</span> <span class='ocrx_word' id='word_1_75' title='bbox 3116 825 3236 895; x_wconf 91' lang='lat' dir='ltr'>ipse</span> <span class='ocrx_word' id='word_1_76' title='bbox 3249 825 3494 883; x_wconf 89' lang='lat' dir='ltr'>domum</span> 
     </span>
    </p>
   </div>
   <div class='ocr_carea' id='block_1_7' title="bbox 180 905 3485 988">
    <p class='ocr_par' dir='ltr' id='par_1_7' title="bbox 180 905 3485 988">
     <span class='ocr_line' id='line_1_7' title="bbox 180 905 3485 988; baseline -0 -17"><span class='ocrx_word' id='word_1_77' title='bbox 180 918 286 971; x_wconf 84' lang='lat' dir='ltr'>duci</span> <span class='ocrx_word' id='word_1_78' title='bbox 308 917 387 971; x_wconf 90' lang='lat' dir='ltr'>vel</span> <span class='ocrx_word' id='word_1_79' title='bbox 416 915 680 971; x_wconf 80' lang='lat' dir='ltr'>exhiberi</span> <span class='ocrx_word' id='word_1_80' title='bbox 701 916 887 986; x_wconf 86' lang='lat' dir='ltr'>jussus</span> <span class='ocrx_word' id='word_1_81' title='bbox 915 918 1014 969; x_wconf 86' lang='lat' dir='ltr'>est.</span> <span class='ocrx_word' id='word_1_82' title='bbox 1044 914 1180 968; x_wconf 85' lang='lat' dir='ltr'>Litis</span> <span class='ocrx_word' id='word_1_83' title='bbox 1205 917 1402 968; x_wconf 87' lang='lat' dir='ltr'>autem</span> <span class='ocrx_word' id='word_1_84' title='bbox 1442 912 1749 967; x_wconf 77' lang='lat' dir='ltr'>exsecutor</span> <span class='ocrx_word' id='word_1_85' title='bbox 1852 923 2113 962; x_wconf 85' lang='lat' dir='ltr'>reversus</span> <span class='ocrx_word' id='word_1_86' title='bbox 2130 905 2510 978; x_wconf 84' lang='lat' dir='ltr'>postmodum</span> <span class='ocrx_word' id='word_1_87' title='bbox 2534 911 2976 981; x_wconf 88' lang='lat' dir='ltr'>agnovit,toties</span> <span class='ocrx_word' id='word_1_88' title='bbox 2992 914 3323 970; x_wconf 83' lang='lat' dir='ltr'>solvebatur</span> <span class='ocrx_word' id='word_1_89' title='bbox 3341 932 3485 988; x_wconf 89' lang='lat' dir='ltr'>quo-</span> 
     </span>
    </p>
   </div>
   <div class='ocr_carea' id='block_1_8' title="bbox 179 994 3236 1078">
    <p class='ocr_par' dir='ltr' id='par_1_8' title="bbox 179 994 3236 1078">
     <span class='ocr_line' id='line_1_8' title="bbox 179 994 3236 1078; baseline -0.003 -17"><span class='ocrx_word' id='word_1_90' title='bbox 179 1008 283 1078; x_wconf 81' lang='lat' dir='ltr'>post</span> <span class='ocrx_word' id='word_1_91' title='bbox 306 1004 510 1075; x_wconf 90' lang='lat' dir='ltr'>cinguli</span> <span class='ocrx_word' id='word_1_92' title='bbox 554 1004 928 1060; x_wconf 84' lang='lat' dir='ltr'>amissionem</span> <span class='ocrx_word' id='word_1_93' title='bbox 967 1003 1271 1059; x_wconf 83' lang='lat' dir='ltr'>tormentis</span> <span class='ocrx_word' id='word_1_94' title='bbox 1294 1000 1651 1073; x_wconf 84' lang='lat' dir='ltr'>subjiciatur,</span> <span class='ocrx_word' id='word_1_95' title='bbox 1686 1001 1748 1053; x_wconf 88' lang='lat' dir='ltr'>et</span> <span class='ocrx_word' id='word_1_96' title='bbox 1855 995 1961 1050; x_wconf 89' lang='lat' dir='ltr'>ties</span> <span class='ocrx_word' id='word_1_97' title='bbox 1982 1009 2087 1067; x_wconf 92' lang='lat' dir='ltr'>pro</span> <span class='ocrx_word' id='word_1_98' title='bbox 2108 994 2230 1064; x_wconf 88' lang='lat' dir='ltr'>ipso</span> <span class='ocrx_word' id='word_1_99' title='bbox 2261 995 2535 1050; x_wconf 87' lang='lat' dir='ltr'>salutaris</span> <span class='ocrx_word' id='word_1_100' title='bbox 2566 999 2762 1055; x_wconf 90' lang='lat' dir='ltr'>hostia</span> <span class='ocrx_word' id='word_1_101' title='bbox 2788 999 3169 1058; x_wconf 80' lang='lat' dir='ltr'>offerebatur.</span> <span class='ocrx_word' id='word_1_102' title='bbox 3207 1024 3236 1052; x_wconf 86' lang='lat'><strong>»</strong></span> 
     </span>
    </p>
   </div>
   <div class='ocr_carea' id='block_1_9' title="bbox 180 1086 3018 1149">
    <p class='ocr_par' dir='ltr' id='par_1_9' title="bbox 180 1086 3018 1149">
     <span class='ocr_line' id='line_1_9' title="bbox 180 1086 3018 1149; baseline -0.001 -1"><span class='ocrx_word' id='word_1_103' title='bbox 180 1095 225 1148; x_wconf 91' lang='lat' dir='ltr'>in</span> <span class='ocrx_word' id='word_1_104' title='bbox 250 1094 492 1148; x_wconf 77' lang='lat' dir='ltr'>exsilium</span> <span class='ocrx_word' id='word_1_105' title='bbox 523 1094 814 1149; x_wconf 82' lang='lat' dir='ltr'>mittatur.</span> <span class='ocrx_word' id='word_1_106' title='bbox 844 1114 871 1141; x_wconf 85' lang='lat'><strong>»</strong></span> <span class='ocrx_word' id='word_1_107' title='bbox 2325 1086 2384 1140; x_wconf 90' lang='lat' dir='ltr'>L.</span> <span class='ocrx_word' id='word_1_108' title='bbox 2418 1117 2491 1128; x_wconf 93' lang='lat'><strong><em>—</em></strong></span> <span class='ocrx_word' id='word_1_109' title='bbox 2524 1088 2617 1144; x_wconf 89' lang='lat' dir='ltr'>De</span> <span class='ocrx_word' id='word_1_110' title='bbox 2648 1092 3018 1146; x_wconf 75' lang='lat' dir='ltr'>militantibus.</span> 
     </span>
    </p>
   </div>
   <div class='ocr_carea' id='block_1_10' title="bbox 175 1174 3485 1273">
    <p class='ocr_par' dir='ltr' id='par_1_10' title="bbox 175 1174 3485 1273">
     <span class='ocr_line' id='line_1_10' title="bbox 175 1174 3485 1273; baseline -0.005 -18"><span class='ocrx_word' id='word_1_111' title='bbox 175 1200 341 1255; x_wconf 78' lang='lat' dir='ltr'><strong>XLVII.</strong></span> <span class='ocrx_word' id='word_1_112' title='bbox 373 1232 436 1241; x_wconf 96' lang='lat'><strong>—</strong></span> <span class='ocrx_word' id='word_1_113' title='bbox 478 1201 566 1255; x_wconf 84' lang='lat' dir='ltr'>De</span> <span class='ocrx_word' id='word_1_114' title='bbox 604 1202 690 1256; x_wconf 81' lang='lat' dir='ltr'>his</span> <span class='ocrx_word' id='word_1_115' title='bbox 733 1202 828 1273; x_wconf 85' lang='lat' dir='ltr'>qui</span> <span class='ocrx_word' id='word_1_116' title='bbox 867 1208 1044 1255; x_wconf 82' lang='lat' dir='ltr'>contra</span> <span class='ocrx_word' id='word_1_117' title='bbox 1070 1201 1366 1271; x_wconf 77' lang='lat' dir='ltr'>episcopum</span> <span class='ocrx_word' id='word_1_118' title='bbox 1393 1198 1586 1252; x_wconf 83' lang='lat' dir='ltr'>habent</span> <span class='ocrx_word' id='word_1_119' title='bbox 1613 1214 1745 1250; x_wconf 88' lang='lat' dir='ltr'>cau-</span> <span class='ocrx_word' id='word_1_120' title='bbox 1860 1266 1870 1273; x_wconf 35' lang='lat'><em>.</em></span> <span class='ocrx_word' id='word_1_121' title='bbox 1927 1174 2376 1273; x_wconf 40' lang='lat' dir='ltr'>Augustti‘fufige</span> <span class='ocrx_word' id='word_1_122' title='bbox 2392 1178 2602 1273; x_wconf 46' lang='lat' dir='ltr'>YePbiS</span> <span class='ocrx_word' id='word_1_123' title='bbox 2624 1181 2876 1273; x_wconf 6' lang='lat' dir='ltr'>POmingi,</span> <span class='ocrx_word' id='word_1_124' title='bbox 2898 1179 3139 1273; x_wconf 69' lang='lat' dir='ltr'>homilia</span> <span class='ocrx_word' id='word_1_125' title='bbox 3165 1181 3485 1273; x_wconf 17' lang='lat' dir='ltr'>l9:_eAMili-</span> 
     </span>
    </p>
   </div>
   <div class='ocr_carea' id='block_1_11' title="bbox 879 1263 3477 1341">
    <p class='ocr_par' dir='ltr' id='par_1_11' title="bbox 879 1263 3477 1341">
     <span class='ocr_line' id='line_1_11' title="bbox 879 1263 3477 1341; baseline 0.003 -24"><span class='ocrx_word' id='word_1_126' title='bbox 879 1288 1005 1327; x_wconf 66' lang='lat' dir='ltr'>5am,</span> <span class='ocrx_word' id='word_1_127' title='bbox 1088 1263 1107 1271; x_wconf 70' lang='grc'>⁸</span> <span class='ocrx_word' id='word_1_128' title='bbox 1231 1263 1249 1269; x_wconf 83' lang='grc'><strong><em>“</em></strong></span> <span class='ocrx_word' id='word_1_129' title='bbox 1855 1266 1981 1318; x_wconf 89' lang='lat' dir='ltr'>tare</span> <span class='ocrx_word' id='word_1_130' title='bbox 1996 1280 2111 1318; x_wconf 93' lang='lat' dir='ltr'>non</span> <span class='ocrx_word' id='word_1_131' title='bbox 2133 1266 2217 1318; x_wconf 88' lang='lat' dir='ltr'>est</span> <span class='ocrx_word' id='word_1_132' title='bbox 2239 1263 2658 1335; x_wconf 88' lang='lat' dir='ltr'>delictum,sed</span> <span class='ocrx_word' id='word_1_133' title='bbox 2674 1271 2913 1341; x_wconf 89' lang='lat' dir='ltr'>propter</span> <span class='ocrx_word' id='word_1_134' title='bbox 2926 1269 3186 1341; x_wconf 63' lang='lat' dir='ltr'>praedam</span> <span class='ocrx_word' id='word_1_135' title='bbox 3201 1271 3477 1338; x_wconf 85' lang='lat' dir='ltr'>militare,</span> 
     </span>
    </p>
   </div>
   <div class='ocr_carea' id='block_1_12' title="bbox 229 1353 3481 1430">
    <p class='ocr_par' dir='ltr' id='par_1_12' title="bbox 229 1353 3481 1430">
     <span class='ocr_line' id='line_1_12' title="bbox 229 1353 3481 1430; baseline 0 -16"><span class='ocrx_word' id='word_1_136' title='bbox 229 1358 348 1430; x_wconf 80' lang='lat' dir='ltr'>Cap.</span> <span class='ocrx_word' id='word_1_137' title='bbox 373 1361 439 1413; x_wconf 84' lang='lat'>37</span> <span class='ocrx_word' id='word_1_138' title='bbox 474 1377 487 1414; x_wconf 91' lang='lat'>:</span> <span class='ocrx_word' id='word_1_139' title='bbox 517 1383 547 1409; x_wconf 89' lang='grc'>‹‹</span> <span class='ocrx_word' id='word_1_140' title='bbox 584 1359 646 1416; x_wconf 91' lang='lat' dir='ltr'>Si</span> <span class='ocrx_word' id='word_1_141' title='bbox 693 1358 923 1414; x_wconf 88' lang='lat' dir='ltr'>clericus</span> <span class='ocrx_word' id='word_1_142' title='bbox 965 1361 1049 1415; x_wconf 90' lang='lat' dir='ltr'>vel</span> <span class='ocrx_word' id='word_1_143' title='bbox 1106 1359 1152 1413; x_wconf 90' lang='lat' dir='ltr'>si</span> <span class='ocrx_word' id='word_1_144' title='bbox 1194 1357 1320 1430; x_wconf 84' lang='lat' dir='ltr'>quis</span> <span class='ocrx_word' id='word_1_145' title='bbox 1366 1357 1508 1412; x_wconf 90' lang='lat' dir='ltr'>alius</span> <span class='ocrx_word' id='word_1_146' title='bbox 1538 1359 1747 1412; x_wconf 89' lang='lat' dir='ltr'>contra</span> <span class='ocrx_word' id='word_1_147' title='bbox 1851 1356 2155 1425; x_wconf 88' lang='lat' dir='ltr'>peccatum</span> <span class='ocrx_word' id='word_1_148' title='bbox 2170 1353 2392 1407; x_wconf 87' lang='lat' dir='ltr'>est.Nec</span> <span class='ocrx_word' id='word_1_149' title='bbox 2410 1359 2847 1430; x_wconf 86' lang='lat' dir='ltr'>rempublicam</span> <span class='ocrx_word' id='word_1_150' title='bbox 2871 1374 3075 1429; x_wconf 80' lang='lat' dir='ltr'>gerere</span> <span class='ocrx_word' id='word_1_151' title='bbox 3096 1358 3481 1415; x_wconf 89' lang='lat' dir='ltr'>criminosum</span> 
     </span>
    </p>
   </div>
   <div class='ocr_carea' id='block_1_13' title="bbox 175 1438 3480 1520">
    <p class='ocr_par' dir='ltr' id='par_1_13' title="bbox 175 1438 3480 1520">
     <span class='ocr_line' id='line_1_13' title="bbox 175 1438 3480 1520; baseline 0 -20"><span class='ocrx_word' id='word_1_152' title='bbox 175 1446 470 1518; x_wconf 84' lang='lat' dir='ltr'>episcopum</span> <span class='ocrx_word' id='word_1_153' title='bbox 498 1450 749 1520; x_wconf 89' lang='lat' dir='ltr'>pr0pter</span> <span class='ocrx_word' id='word_1_154' title='bbox 784 1449 1237 1520; x_wconf 84' lang='lat' dir='ltr'>qualemcunque</span> <span class='ocrx_word' id='word_1_155' title='bbox 1278 1463 1506 1502; x_wconf 87' lang='lat' dir='ltr'>causam</span> <span class='ocrx_word' id='word_1_156' title='bbox 1555 1443 1743 1501; x_wconf 88' lang='lat' dir='ltr'>audiri</span> <span class='ocrx_word' id='word_1_157' title='bbox 1852 1448 1968 1513; x_wconf 86' lang='lat' dir='ltr'>est;</span> <span class='ocrx_word' id='word_1_158' title='bbox 2002 1445 2241 1500; x_wconf 89' lang='lat' dir='ltr'>sedideo</span> <span class='ocrx_word' id='word_1_159' title='bbox 2265 1438 2881 1520; x_wconf 87' lang='lat' dir='ltr'>agererempublicam</span> <span class='ocrx_word' id='word_1_160' title='bbox 2905 1450 2965 1500; x_wconf 91' lang='lat' dir='ltr'>ut</span> <span class='ocrx_word' id='word_1_161' title='bbox 2982 1464 3107 1501; x_wconf 90' lang='lat' dir='ltr'>rem</span> <span class='ocrx_word' id='word_1_162' title='bbox 3128 1447 3480 1501; x_wconf 84' lang='lat' dir='ltr'>familiarem</span> 
     </span>
    </p>
   </div>
   <div class='ocr_carea' id='block_1_14' title="bbox 173 1533 3481 1608">
    <p class='ocr_par' dir='ltr' id='par_1_14' title="bbox 173 1533 3481 1608">
     <span class='ocr_line' id='line_1_14' title="bbox 173 1533 3481 1608; baseline 0 -19"><span class='ocrx_word' id='word_1_163' title='bbox 173 1537 424 1603; x_wconf 88' lang='lat' dir='ltr'>maluerit,</span> <span class='ocrx_word' id='word_1_164' title='bbox 470 1536 635 1608; x_wconf 89' lang='lat' dir='ltr'>prius</span> <span class='ocrx_word' id='word_1_165' title='bbox 675 1537 1145 1608; x_wconf 89' lang='lat' dir='ltr'>metropolitanus</span> <span class='ocrx_word' id='word_1_166' title='bbox 1186 1552 1389 1591; x_wconf 89' lang='lat' dir='ltr'>eorum</span> <span class='ocrx_word' id='word_1_167' title='bbox 1420 1534 1742 1590; x_wconf 89' lang='lat' dir='ltr'>secundum</span> <span class='ocrx_word' id='word_1_168' title='bbox 1851 1534 2042 1606; x_wconf 86' lang='lat' dir='ltr'>potius</span> <span class='ocrx_word' id='word_1_169' title='bbox 2072 1550 2304 1605; x_wconf 81' lang='lat' dir='ltr'>augeas,</span> <span class='ocrx_word' id='word_1_170' title='bbox 2332 1533 2572 1590; x_wconf 89' lang='lat' dir='ltr'>videtur</span> <span class='ocrx_word' id='word_1_171' title='bbox 2603 1554 2725 1591; x_wconf 88' lang='lat' dir='ltr'>esse</span> <span class='ocrx_word' id='word_1_172' title='bbox 2754 1535 3105 1590; x_wconf 89' lang='lat' dir='ltr'>damnabile.</span> <span class='ocrx_word' id='word_1_173' title='bbox 3160 1536 3481 1608; x_wconf 86' lang='lat' dir='ltr'>Propterea</span> 
     </span>
    </p>
   </div>
   <div class='ocr_carea' id='block_1_15' title="bbox 140 1622 3479 1698">
    <p class='ocr_par' dir='ltr' id='par_1_15' title="bbox 140 1622 3479 1698">
     <span class='ocr_line' id='line_1_15' title="bbox 140 1622 3479 1698; baseline 0.001 -21"><span class='ocrx_word' id='word_1_174' title='bbox 140 1622 141 1625; x_wconf 53' lang='grc'><em>“</em></span> <span class='ocrx_word' id='word_1_175' title='bbox 171 1626 359 1678; x_wconf 78' lang='lat' dir='ltr'>sanctas</span> <span class='ocrx_word' id='word_1_176' title='bbox 395 1626 630 1695; x_wconf 88' lang='lat' dir='ltr'>regulas</span> <span class='ocrx_word' id='word_1_177' title='bbox 685 1627 743 1679; x_wconf 90' lang='lat' dir='ltr'>et</span> <span class='ocrx_word' id='word_1_178' title='bbox 789 1628 1001 1680; x_wconf 90' lang='lat' dir='ltr'>nostras</span> <span class='ocrx_word' id='word_1_179' title='bbox 1048 1627 1207 1697; x_wconf 84' lang='lat' dir='ltr'>leges</span> <span class='ocrx_word' id='word_1_180' title='bbox 1264 1625 1582 1691; x_wconf 87' lang='lat' dir='ltr'>discernat;</span> <span class='ocrx_word' id='word_1_181' title='bbox 1608 1627 1667 1677; x_wconf 91' lang='lat' dir='ltr'>et</span> <span class='ocrx_word' id='word_1_182' title='bbox 1696 1622 1742 1676; x_wconf 93' lang='lat' dir='ltr'>si</span> <span class='ocrx_word' id='word_1_183' title='bbox 1853 1626 2049 1678; x_wconf 91' lang='lat' dir='ltr'>autem</span> <span class='ocrx_word' id='word_1_184' title='bbox 2070 1622 2438 1693; x_wconf 86' lang='lat' dir='ltr'>providentia</span> <span class='ocrx_word' id='word_1_185' title='bbox 2462 1628 2718 1698; x_wconf 88' lang='lat' dir='ltr'>quadam</span> <span class='ocrx_word' id='word_1_186' title='bbox 2740 1624 3121 1680; x_wconf 87' lang='lat' dir='ltr'>militantibus</span> <span class='ocrx_word' id='word_1_187' title='bbox 3136 1628 3275 1679; x_wconf 89' lang='lat' dir='ltr'>sunt</span> <span class='ocrx_word' id='word_1_188' title='bbox 3290 1624 3479 1697; x_wconf 87' lang='lat' dir='ltr'>stipen</span> 
     </span>
    </p>
   </div>
   <div class='ocr_carea' id='block_1_16' title="bbox 172 1710 3480 1787">
    <p class='ocr_par' dir='ltr' id='par_1_16' title="bbox 172 1710 3480 1787">
     <span class='ocr_line' id='line_1_16' title="bbox 172 1710 3480 1787; baseline 0.002 -23"><span class='ocrx_word' id='word_1_189' title='bbox 172 1710 270 1780; x_wconf 86' lang='lat' dir='ltr'>quis</span> <span class='ocrx_word' id='word_1_190' title='bbox 284 1711 553 1781; x_wconf 90' lang='lat' dir='ltr'>judicatis</span> <span class='ocrx_word' id='word_1_191' title='bbox 574 1713 1000 1783; x_wconf 84' lang='lat' dir='ltr'>contradixerit,</span> <span class='ocrx_word' id='word_1_192' title='bbox 1033 1715 1107 1769; x_wconf 91' lang='lat' dir='ltr'>ad</span> <span class='ocrx_word' id='word_1_193' title='bbox 1152 1714 1546 1787; x_wconf 89' lang='lat' dir='ltr'>patriarcham</span> <span class='ocrx_word' id='word_1_194' title='bbox 1590 1712 1744 1767; x_wconf 88' lang='lat' dir='ltr'>illius</span> <span class='ocrx_word' id='word_1_195' title='bbox 1773 1779 1821 1787; x_wconf 75' lang='lat'><em>_</em></span> <span class='ocrx_word' id='word_1_196' title='bbox 1853 1711 1950 1766; x_wconf 92' lang='lat' dir='ltr'>dia</span> <span class='ocrx_word' id='word_1_197' title='bbox 1975 1710 2305 1776; x_wconf 88' lang='lat' dir='ltr'>constituta,</span> <span class='ocrx_word' id='word_1_198' title='bbox 2336 1729 2439 1780; x_wconf 89' lang='lat' dir='ltr'>ne,</span> <span class='ocrx_word' id='word_1_199' title='bbox 2473 1715 2614 1768; x_wconf 91' lang='lat' dir='ltr'>dum</span> <span class='ocrx_word' id='word_1_200' title='bbox 2656 1717 2919 1783; x_wconf 89' lang='lat' dir='ltr'>sumptus</span> <span class='ocrx_word' id='word_1_201' title='bbox 2950 1712 3250 1785; x_wconf 62' lang='lat' dir='ltr'>quaeritur,</span> <span class='ocrx_word' id='word_1_202' title='bbox 3281 1714 3480 1785; x_wconf 70' lang='lat' dir='ltr'>praeda</span> 
     </span>
    </p>
   </div>
   <div class='ocr_carea' id='block_1_17' title="bbox 172 1779 3479 1874">
    <p class='ocr_par' dir='ltr' id='par_1_17' title="bbox 172 1779 3479 1874">
     <span class='ocr_line' id='line_1_17' title="bbox 172 1779 3479 1874; baseline 0.001 -21"><span class='ocrx_word' id='word_1_203' title='bbox 172 1799 386 1871; x_wconf 81' lang='lat' dir='ltr'>regionis</span> <span class='ocrx_word' id='word_1_204' title='bbox 413 1818 506 1857; x_wconf 89' lang='lat' dir='ltr'>res</span> <span class='ocrx_word' id='word_1_205' title='bbox 536 1803 846 1871; x_wconf 82' lang='lat' dir='ltr'>referatur,</span> <span class='ocrx_word' id='word_1_206' title='bbox 891 1806 946 1858; x_wconf 90' lang='lat' dir='ltr'>et</span> <span class='ocrx_word' id='word_1_207' title='bbox 979 1804 1075 1858; x_wconf 87' lang='lat' dir='ltr'>ille</span> <span class='ocrx_word' id='word_1_208' title='bbox 1121 1803 1441 1859; x_wconf 88' lang='lat' dir='ltr'>secundum</span> <span class='ocrx_word' id='word_1_209' title='bbox 1487 1818 1744 1857; x_wconf 88' lang='lat' dir='ltr'>canones</span> <span class='ocrx_word' id='word_1_210' title='bbox 1773 1779 1826 1837; x_wconf 82' lang='grc' dir='ltr'>Β</span> <span class='ocrx_word' id='word_1_211' title='bbox 1848 1798 2529 1872; x_wconf 83' lang='lat' dir='ltr'>grasseturJlludautem</span> <span class='ocrx_word' id='word_1_212' title='bbox 2560 1803 2727 1874; x_wconf 89' lang='lat' dir='ltr'>quale</span> <span class='ocrx_word' id='word_1_213' title='bbox 2745 1802 3104 1868; x_wconf 89' lang='lat' dir='ltr'>est,[si]cum</span> <span class='ocrx_word' id='word_1_214' title='bbox 3122 1801 3199 1856; x_wconf 88' lang='lat' dir='ltr'>ob</span> <span class='ocrx_word' id='word_1_215' title='bbox 3214 1818 3479 1857; x_wconf 89' lang='lat' dir='ltr'>errorem</span> 
     </span>
    </p>
   </div>
   <div class='ocr_carea' id='block_1_18' title="bbox 173 1887 3478 1965">
    <p class='ocr_par' dir='ltr' id='par_1_18' title="bbox 173 1887 3478 1965">
     <span class='ocr_line' id='line_1_18' title="bbox 173 1887 3478 1965; baseline 0.001 -24"><span class='ocrx_word' id='word_1_216' title='bbox 173 1891 216 1941; x_wconf 90' lang='lat' dir='ltr'>et</span> <span class='ocrx_word' id='word_1_217' title='bbox 237 1889 407 1960; x_wconf 84' lang='lat' dir='ltr'>legem</span> <span class='ocrx_word' id='word_1_218' title='bbox 429 1892 616 1946; x_wconf 85' lang='lat' dir='ltr'>ﬁnem</span> <span class='ocrx_word' id='word_1_219' title='bbox 644 1891 701 1946; x_wconf 90' lang='lat' dir='ltr'>ei</span> <span class='ocrx_word' id='word_1_220' title='bbox 729 1893 987 1965; x_wconf 66' lang='lat' dir='ltr'>praebeat.</span> <span class='ocrx_word' id='word_1_221' title='bbox 1018 1893 1077 1949; x_wconf 91' lang='lat' dir='ltr'>Si</span> <span class='ocrx_word' id='word_1_222' title='bbox 1110 1896 1315 1948; x_wconf 89' lang='lat' dir='ltr'>contra</span> <span class='ocrx_word' id='word_1_223' title='bbox 1339 1890 1742 1963; x_wconf 87' lang='lat' dir='ltr'>metropolita-</span> <span class='ocrx_word' id='word_1_224' title='bbox 1850 1887 2153 1960; x_wconf 88' lang='lat' dir='ltr'>aliquema</span> <span class='ocrx_word' id='word_1_225' title='bbox 2172 1887 2509 1945; x_wconf 86' lang='lat' dir='ltr'>senioribus</span> <span class='ocrx_word' id='word_1_226' title='bbox 2531 1893 2877 1963; x_wconf 88' lang='lat' dir='ltr'>arguuntur,</span> <span class='ocrx_word' id='word_1_227' title='bbox 2893 1894 2949 1945; x_wconf 90' lang='lat' dir='ltr'>et</span> <span class='ocrx_word' id='word_1_228' title='bbox 2964 1890 3292 1960; x_wconf 87' lang='lat' dir='ltr'>imputatur</span> <span class='ocrx_word' id='word_1_229' title='bbox 3306 1890 3478 1945; x_wconf 90' lang='lat' dir='ltr'>alicui</span> 
     </span>
    </p>
   </div>
   <div class='ocr_carea' id='block_1_19' title="bbox 174 1975 3477 2054">
    <p class='ocr_par' dir='ltr' id='par_1_19' title="bbox 174 1975 3477 2054">
     <span class='ocr_line' id='line_1_19' title="bbox 174 1975 3477 2054; baseline 0.001 -24"><span class='ocrx_word' id='word_1_230' title='bbox 174 1992 284 2031; x_wconf 88' lang='lat' dir='ltr'>num</span> <span class='ocrx_word' id='word_1_231' title='bbox 319 1978 473 2034; x_wconf 89' lang='lat' dir='ltr'>adire</span> <span class='ocrx_word' id='word_1_232' title='bbox 512 1981 801 2052; x_wconf 88' lang='lat' dir='ltr'>quispiam</span> <span class='ocrx_word' id='word_1_233' title='bbox 835 1983 981 2051; x_wconf 88' lang='lat' dir='ltr'>velit,</span> <span class='ocrx_word' id='word_1_234' title='bbox 1024 1981 1280 2053; x_wconf 83' lang='lat' dir='ltr'>regionis</span> <span class='ocrx_word' id='word_1_235' title='bbox 1310 1982 1460 2037; x_wconf 91' lang='lat' dir='ltr'>illius</span> <span class='ocrx_word' id='word_1_236' title='bbox 1488 1980 1744 2054; x_wconf 81' lang='lat' dir='ltr'>patriar-</span> <span class='ocrx_word' id='word_1_237' title='bbox 1851 1977 1922 2033; x_wconf 91' lang='lat' dir='ltr'>de</span> <span class='ocrx_word' id='word_1_238' title='bbox 1953 1976 2062 2030; x_wconf 87' lang='lat' dir='ltr'>illis</span> <span class='ocrx_word' id='word_1_239' title='bbox 2094 1993 2194 2029; x_wconf 92' lang='lat' dir='ltr'>cur</span> <span class='ocrx_word' id='word_1_240' title='bbox 2220 1975 2421 2033; x_wconf 91' lang='lat' dir='ltr'>ebrius</span> <span class='ocrx_word' id='word_1_241' title='bbox 2447 1979 2641 2047; x_wconf 84' lang='lat' dir='ltr'>fuerit,</span> <span class='ocrx_word' id='word_1_242' title='bbox 2690 1996 2792 2033; x_wconf 91' lang='lat' dir='ltr'>cur</span> <span class='ocrx_word' id='word_1_243' title='bbox 2838 1996 2928 2033; x_wconf 90' lang='lat' dir='ltr'>res</span> <span class='ocrx_word' id='word_1_244' title='bbox 2965 1979 3188 2033; x_wconf 89' lang='lat' dir='ltr'>alienas</span> <span class='ocrx_word' id='word_1_245' title='bbox 3214 1995 3477 2050; x_wconf 88' lang='lat' dir='ltr'>pervase-</span> 
     </span>
    </p>
   </div>
   <div class='ocr_carea' id='block_1_20' title="bbox 173 2064 3478 2143">
    <p class='ocr_par' dir='ltr' id='par_1_20' title="bbox 173 2064 3478 2143">
     <span class='ocr_line' id='line_1_20' title="bbox 173 2064 3478 2143; baseline 0.002 -26"><span class='ocrx_word' id='word_1_246' title='bbox 173 2064 257 2119; x_wconf 86' lang='lat' dir='ltr'>cha</span> <span class='ocrx_word' id='word_1_247' title='bbox 314 2067 608 2125; x_wconf 86' lang='lat' dir='ltr'>discernat</span> <span class='ocrx_word' id='word_1_248' title='bbox 668 2071 977 2141; x_wconf 80' lang='lat' dir='ltr'>negotium.</span> <span class='ocrx_word' id='word_1_249' title='bbox 1028 2071 1366 2143; x_wconf 88' lang='lat' dir='ltr'>Quicunque</span> <span class='ocrx_word' id='word_1_250' title='bbox 1435 2071 1747 2143; x_wconf 86' lang='lat' dir='ltr'>episcopus</span> <span class='ocrx_word' id='word_1_251' title='bbox 1848 2064 1947 2132; x_wconf 89' lang='lat' dir='ltr'>rit,</span> <span class='ocrx_word' id='word_1_252' title='bbox 1988 2065 2205 2120; x_wconf 63' lang='lat' dir='ltr'>caedem</span> <span class='ocrx_word' id='word_1_253' title='bbox 2233 2081 2341 2120; x_wconf 91' lang='lat' dir='ltr'>cur</span> <span class='ocrx_word' id='word_1_254' title='bbox 2390 2070 2757 2123; x_wconf 89' lang='lat' dir='ltr'>turbulentus</span> <span class='ocrx_word' id='word_1_255' title='bbox 2802 2067 3121 2135; x_wconf 85' lang='lat' dir='ltr'>admiserit,</span> <span class='ocrx_word' id='word_1_256' title='bbox 3154 2067 3351 2122; x_wconf 85' lang='lat' dir='ltr'>statim</span> <span class='ocrx_word' id='word_1_257' title='bbox 3382 2083 3478 2122; x_wconf 87' lang='lat' dir='ltr'>re-</span> 
     </span>
    </p>
   </div>
   <div class='ocr_carea' id='block_1_21' title="bbox 174 2153 3479 2229">
    <p class='ocr_par' dir='ltr' id='par_1_21' title="bbox 174 2153 3479 2229">
     <span class='ocr_line' id='line_1_21' title="bbox 174 2153 3479 2229; baseline 0.001 -23"><span class='ocrx_word' id='word_1_258' title='bbox 174 2154 295 2222; x_wconf 81' lang='lat' dir='ltr'>apud</span> <span class='ocrx_word' id='word_1_259' title='bbox 317 2157 578 2228; x_wconf 88' lang='lat' dir='ltr'>quemvis</span> <span class='ocrx_word' id='word_1_260' title='bbox 600 2158 852 2229; x_wconf 90' lang='lat' dir='ltr'>judicem</span> <span class='ocrx_word' id='word_1_261' title='bbox 878 2163 1195 2227; x_wconf 89' lang='lat' dir='ltr'>accusatur,</span> <span class='ocrx_word' id='word_1_262' title='bbox 1226 2161 1463 2215; x_wconf 90' lang='lat' dir='ltr'>omnino</span> <span class='ocrx_word' id='word_1_263' title='bbox 1513 2159 1745 2213; x_wconf 88' lang='lat' dir='ltr'>nullam</span> <span class='ocrx_word' id='word_1_264' title='bbox 1848 2154 2131 2224; x_wconf 83' lang='lat' dir='ltr'>spondeat</span> <span class='ocrx_word' id='word_1_265' title='bbox 2165 2171 2176 2207; x_wconf 93' lang='lat'><strong>:</strong></span> <span class='ocrx_word' id='word_1_266' title='bbox 2208 2153 2367 2217; x_wconf 89' lang='lat' dir='ltr'>Quid</span> <span class='ocrx_word' id='word_1_267' title='bbox 2410 2158 2710 2212; x_wconf 87' lang='lat' dir='ltr'>habebant</span> <span class='ocrx_word' id='word_1_268' title='bbox 2738 2157 2928 2212; x_wconf 87' lang='lat' dir='ltr'>facere</span> <span class='ocrx_word' id='word_1_269' title='bbox 2972 2157 3153 2211; x_wconf 90' lang='lat' dir='ltr'>homo</span> <span class='ocrx_word' id='word_1_270' title='bbox 3186 2154 3479 2210; x_wconf 68' lang='lat' dir='ltr'>saecularis</span> 
     </span>
    </p>
   </div>
   <div class='ocr_carea' id='block_1_22' title="bbox 174 2239 3479 2321">
    <p class='ocr_par' dir='ltr' id='par_1_22' title="bbox 174 2239 3479 2321">
     <span class='ocr_line' id='line_1_22' title="bbox 174 2239 3479 2321; baseline 0.002 -26"><span class='ocrx_word' id='word_1_271' title='bbox 174 2239 569 2312; x_wconf 80' lang='lat' dir='ltr'>ﬁdejussionem</span> <span class='ocrx_word' id='word_1_272' title='bbox 594 2264 784 2319; x_wconf 88' lang='lat' dir='ltr'>neque</span> <span class='ocrx_word' id='word_1_273' title='bbox 813 2249 1255 2321; x_wconf 88' lang='lat' dir='ltr'>promissionem</span> <span class='ocrx_word' id='word_1_274' title='bbox 1285 2266 1387 2321; x_wconf 90' lang='lat' dir='ltr'>pro</span> <span class='ocrx_word' id='word_1_275' title='bbox 1433 2248 1627 2319; x_wconf 83' lang='lat' dir='ltr'>litigio</span> <span class='ocrx_word' id='word_1_276' title='bbox 1655 2246 1747 2300; x_wconf 85' lang='lat' dir='ltr'>fa-</span> <span class='ocrx_word' id='word_1_277' title='bbox 1850 2246 1908 2300; x_wconf 91' lang='lat' dir='ltr'>et</span> <span class='ocrx_word' id='word_1_278' title='bbox 1939 2242 2147 2298; x_wconf 82' lang='lat' dir='ltr'>miles?</span> <span class='ocrx_word' id='word_1_279' title='bbox 2177 2243 2458 2318; x_wconf 84' lang='lat' dir='ltr'>Nunquid</span> <span class='ocrx_word' id='word_1_280' title='bbox 2504 2247 2860 2303; x_wconf 90' lang='lat' dir='ltr'>monachum</span> <span class='ocrx_word' id='word_1_281' title='bbox 2892 2261 3018 2300; x_wconf 90' lang='lat' dir='ltr'>sum</span> <span class='ocrx_word' id='word_1_282' title='bbox 3045 2244 3335 2316; x_wconf 84' lang='lat' dir='ltr'>professus</span> <span class='ocrx_word' id='word_1_283' title='bbox 3374 2248 3479 2301; x_wconf 85' lang='lat' dir='ltr'>aut</span> 
     </span>
    </p>
   </div>
   <div class='ocr_carea' id='block_1_23' title="bbox 176 2323 3474 2409">
    <p class='ocr_par' dir='ltr' id='par_1_23' title="bbox 176 2323 3474 2409">
     <span class='ocr_line' id='line_1_23' title="bbox 176 2323 3474 2409; baseline 0.002 -26"><span class='ocrx_word' id='word_1_284' title='bbox 176 2344 277 2385; x_wconf 70' lang='lat' dir='ltr'>cere</span> <span class='ocrx_word' id='word_1_285' title='bbox 301 2336 704 2407; x_wconf 87' lang='lat' dir='ltr'>compellatur,</span> <span class='ocrx_word' id='word_1_286' title='bbox 733 2337 806 2392; x_wconf 78' lang='lat' dir='ltr'>sic</span> <span class='ocrx_word' id='word_1_287' title='bbox 829 2340 1023 2394; x_wconf 91' lang='lat' dir='ltr'>tamen</span> <span class='ocrx_word' id='word_1_288' title='bbox 1054 2342 1117 2393; x_wconf 90' lang='lat' dir='ltr'>ut</span> <span class='ocrx_word' id='word_1_289' title='bbox 1148 2354 1386 2409; x_wconf 84' lang='lat' dir='ltr'>Operam</span> <span class='ocrx_word' id='word_1_290' title='bbox 1410 2338 1509 2393; x_wconf 90' lang='lat' dir='ltr'>det</span> <span class='ocrx_word' id='word_1_291' title='bbox 1539 2338 1746 2392; x_wconf 81' lang='lat' dir='ltr'>inten-</span> <span class='ocrx_word' id='word_1_292' title='bbox 1847 2323 2120 2389; x_wconf 90' lang='lat' dir='ltr'>clericum</span> <span class='ocrx_word' id='word_1_293' title='bbox 2158 2331 2186 2386; x_wconf 76' lang='lat' dir='ltr'>‘I</span> <span class='ocrx_word' id='word_1_294' title='bbox 2218 2331 2402 2396; x_wconf 85' lang='lat' dir='ltr'>Quasi</span> <span class='ocrx_word' id='word_1_295' title='bbox 2444 2336 2634 2392; x_wconf 91' lang='lat' dir='ltr'>omnis</span> <span class='ocrx_word' id='word_1_296' title='bbox 2675 2335 2773 2408; x_wconf 89' lang='lat' dir='ltr'>qui</span> <span class='ocrx_word' id='word_1_297' title='bbox 2817 2334 3055 2390; x_wconf 87' lang='lat' dir='ltr'>clericus</span> <span class='ocrx_word' id='word_1_298' title='bbox 3087 2351 3206 2389; x_wconf 94' lang='lat' dir='ltr'>non</span> <span class='ocrx_word' id='word_1_299' title='bbox 3238 2336 3325 2388; x_wconf 88' lang='lat' dir='ltr'>est</span> <span class='ocrx_word' id='word_1_300' title='bbox 3368 2336 3474 2393; x_wconf 86' lang='lat' dir='ltr'>aut</span> 
     </span>
    </p>
   </div>
   <div class='ocr_carea' id='block_1_24' title="bbox 175 2416 3269 2497">
    <p class='ocr_par' dir='ltr' id='par_1_24' title="bbox 175 2416 3269 2497">
     <span class='ocr_line' id='line_1_24' title="bbox 175 2416 3269 2497; baseline -0 -23"><span class='ocrx_word' id='word_1_301' title='bbox 175 2416 329 2476; x_wconf 82' lang='lat' dir='ltr'>siones</span> <span class='ocrx_word' id='word_1_302' title='bbox 356 2426 411 2477; x_wconf 90' lang='lat' dir='ltr'>et</span> <span class='ocrx_word' id='word_1_303' title='bbox 438 2440 641 2479; x_wconf 85' lang='lat' dir='ltr'>causas</span> <span class='ocrx_word' id='word_1_304' title='bbox 673 2425 872 2483; x_wconf 88' lang='lat' dir='ltr'>actoris</span> <span class='ocrx_word' id='word_1_305' title='bbox 902 2427 1229 2482; x_wconf 86' lang='lat' dir='ltr'>dissolvere.</span> <span class='ocrx_word' id='word_1_306' title='bbox 1257 2447 1284 2474; x_wconf 84' lang='lat'>»</span> <span class='ocrx_word' id='word_1_307' title='bbox 1847 2421 2188 2491; x_wconf 79' lang='lat' dir='ltr'>monachus,</span> <span class='ocrx_word' id='word_1_308' title='bbox 2214 2424 2407 2492; x_wconf 85' lang='lat' dir='ltr'>possit</span> <span class='ocrx_word' id='word_1_309' title='bbox 2437 2426 2485 2480; x_wconf 90' lang='lat' dir='ltr'>ei</span> <span class='ocrx_word' id='word_1_310' title='bbox 2515 2426 2688 2480; x_wconf 86' lang='lat' dir='ltr'>licere</span> <span class='ocrx_word' id='word_1_311' title='bbox 2720 2424 2875 2497; x_wconf 89' lang='lat' dir='ltr'>quod</span> <span class='ocrx_word' id='word_1_312' title='bbox 2904 2440 3024 2481; x_wconf 94' lang='lat' dir='ltr'>non</span> <span class='ocrx_word' id='word_1_313' title='bbox 3049 2422 3204 2491; x_wconf 91' lang='lat' dir='ltr'>licet,</span> <span class='ocrx_word' id='word_1_314' title='bbox 3239 2443 3269 2473; x_wconf 67' lang='grc' dir='ltr'><strong>»ν</strong></span> 
     </span>
    </p>
   </div>
   <div class='ocr_carea' id='block_1_25' title="bbox 367 2511 3125 2586">
    <p class='ocr_par' dir='ltr' id='par_1_25' title="bbox 367 2511 3125 2586">
     <span class='ocr_line' id='line_1_25' title="bbox 367 2511 3125 2586; baseline 0.005 -20"><span class='ocrx_word' id='word_1_315' title='bbox 367 2511 593 2567; x_wconf 80' lang='lat' dir='ltr'>XLVIII.</span> <span class='ocrx_word' id='word_1_316' title='bbox 616 2544 686 2553; x_wconf 95' lang='lat'><strong>—</strong></span> <span class='ocrx_word' id='word_1_317' title='bbox 711 2513 794 2568; x_wconf 87' lang='lat' dir='ltr'>De</span> <span class='ocrx_word' id='word_1_318' title='bbox 822 2518 1128 2569; x_wconf 77' lang='lat' dir='ltr'>testimoniis</span> <span class='ocrx_word' id='word_1_319' title='bbox 1156 2514 1484 2571; x_wconf 85' lang='lat' dir='ltr'>clericorum.</span> <span class='ocrx_word' id='word_1_320' title='bbox 2200 2512 2291 2568; x_wconf 67' lang='lat' dir='ltr'>LI.</span> <span class='ocrx_word' id='word_1_321' title='bbox 2320 2545 2393 2554; x_wconf 88' lang='lat'>--</span> <span class='ocrx_word' id='word_1_322' title='bbox 2422 2515 2506 2570; x_wconf 82' lang='lat' dir='ltr'>De</span> <span class='ocrx_word' id='word_1_323' title='bbox 2540 2515 2812 2586; x_wconf 72' lang='grc' dir='ltr'>διέρρηάίίε</span> <span class='ocrx_word' id='word_1_324' title='bbox 2851 2514 3125 2580; x_wconf 67' lang='grc' dir='ltr'>ηίίίίυωο,</span> 
     </span>
    </p>
   </div>
   <div class='ocr_carea' id='block_1_26' title="bbox 228 2595 3462 2676">
    <p class='ocr_par' dir='ltr' id='par_1_26' title="bbox 228 2595 3462 2676">
     <span class='ocr_line' id='line_1_26' title="bbox 228 2595 3462 2676; baseline 0.002 -25"><span class='ocrx_word' id='word_1_325' title='bbox 228 2595 348 2669; x_wconf 90' lang='lat' dir='ltr'>Cap.</span> <span class='ocrx_word' id='word_1_326' title='bbox 380 2602 467 2656; x_wconf 84' lang='lat'>33.</span> <span class='ocrx_word' id='word_1_327' title='bbox 491 2624 520 2651; x_wconf 89' lang='grc'><em>‹‹</em></span> <span class='ocrx_word' id='word_1_328' title='bbox 556 2603 857 2674; x_wconf 84' lang='lat' dir='ltr'>Presbyter</span> <span class='ocrx_word' id='word_1_329' title='bbox 888 2606 944 2659; x_wconf 87' lang='lat' dir='ltr'>et</span> <span class='ocrx_word' id='word_1_330' title='bbox 968 2604 1245 2659; x_wconf 89' lang='lat' dir='ltr'>diaconus</span> <span class='ocrx_word' id='word_1_331' title='bbox 1276 2602 1335 2659; x_wconf 85' lang='lat' dir='ltr'>in</span> <span class='ocrx_word' id='word_1_332' title='bbox 1358 2620 1529 2660; x_wconf 88' lang='lat' dir='ltr'>causa</span> <span class='ocrx_word' id='word_1_333' title='bbox 1559 2619 1743 2675; x_wconf 91' lang='lat' dir='ltr'>pecu-</span> <span class='ocrx_word' id='word_1_334' title='bbox 1914 2620 1947 2655; x_wconf 68' lang='grc' dir='ltr'><strong>α</strong></span> <span class='ocrx_word' id='word_1_335' title='bbox 1977 2600 2196 2656; x_wconf 91' lang='lat' dir='ltr'>Dicitur</span> <span class='ocrx_word' id='word_1_336' title='bbox 2230 2605 2553 2659; x_wconf 90' lang='lat' dir='ltr'>secundum</span> <span class='ocrx_word' id='word_1_337' title='bbox 2600 2603 2977 2676; x_wconf 88' lang='lat' dir='ltr'>Evangelium</span> <span class='ocrx_word' id='word_1_338' title='bbox 3013 2620 3026 2657; x_wconf 93' lang='lat'><strong>:</strong></span> <span class='ocrx_word' id='word_1_339' title='bbox 3060 2604 3462 2674; x_wconf 77' lang='lat' dir='ltr'>Interrogave-</span> 
     </span>
    </p>
   </div>
   <div class='ocr_carea' id='block_1_27' title="bbox 173 2685 3467 2764">
    <p class='ocr_par' dir='ltr' id='par_1_27' title="bbox 173 2685 3467 2764">
     <span class='ocr_line' id='line_1_27' title="bbox 173 2685 3467 2764; baseline 0.002 -25"><span class='ocrx_word' id='word_1_340' title='bbox 173 2685 326 2741; x_wconf 82' lang='lat' dir='ltr'>niaria</span> <span class='ocrx_word' id='word_1_341' title='bbox 350 2688 392 2742; x_wconf 90' lang='lat' dir='ltr'>si</span> <span class='ocrx_word' id='word_1_342' title='bbox 412 2690 628 2746; x_wconf 80' lang='lat' dir='ltr'>falsum</span> <span class='ocrx_word' id='word_1_343' title='bbox 654 2692 1046 2748; x_wconf 89' lang='lat' dir='ltr'>testimonium</span> <span class='ocrx_word' id='word_1_344' title='bbox 1072 2692 1403 2760; x_wconf 84' lang='lat' dir='ltr'>dixerint,in</span> <span class='ocrx_word' id='word_1_345' title='bbox 1424 2691 1740 2750; x_wconf 88' lang='lat' dir='ltr'>tormentis</span> <span class='ocrx_word' id='word_1_346' title='bbox 1841 2693 1979 2746; x_wconf 90' lang='lat' dir='ltr'>runt</span> <span class='ocrx_word' id='word_1_347' title='bbox 1996 2692 2286 2746; x_wconf 80' lang='lat' dir='ltr'>Joannem</span> <span class='ocrx_word' id='word_1_348' title='bbox 2314 2696 2373 2748; x_wconf 91' lang='lat' dir='ltr'>et</span> <span class='ocrx_word' id='word_1_349' title='bbox 2404 2694 2615 2749; x_wconf 87' lang='lat' dir='ltr'>milites</span> <span class='ocrx_word' id='word_1_350' title='bbox 2650 2711 2662 2747; x_wconf 92' lang='lat'>:</span> <span class='ocrx_word' id='word_1_351' title='bbox 2698 2693 2840 2760; x_wconf 86' lang='lat' dir='ltr'>Quid</span> <span class='ocrx_word' id='word_1_352' title='bbox 2861 2694 3129 2764; x_wconf 80' lang='lat' dir='ltr'>faciemus</span> <span class='ocrx_word' id='word_1_353' title='bbox 3153 2697 3205 2745; x_wconf 80' lang='lat' dir='ltr'>et</span> <span class='ocrx_word' id='word_1_354' title='bbox 3220 2690 3353 2745; x_wconf 84' lang='lat' dir='ltr'>nos?</span> <span class='ocrx_word' id='word_1_355' title='bbox 3383 2691 3467 2747; x_wconf 87' lang='lat' dir='ltr'>ait</span> 
     </span>
    </p>
   </div>
   <div class='ocr_carea' id='block_1_28' title="bbox 176 2778 3462 2854">
    <p class='ocr_par' dir='ltr' id='par_1_28' title="bbox 176 2778 3462 2854">
     <span class='ocr_line' id='line_1_28' title="bbox 176 2778 3462 2854; baseline 0.002 -25"><span class='ocrx_word' id='word_1_356' title='bbox 176 2790 268 2830; x_wconf 87' lang='lat' dir='ltr'>non</span> <span class='ocrx_word' id='word_1_357' title='bbox 293 2778 683 2849; x_wconf 78' lang='lat' dir='ltr'>subjiciuntur,</span> <span class='ocrx_word' id='word_1_358' title='bbox 706 2781 805 2837; x_wconf 88' lang='lat' dir='ltr'>sed</span> <span class='ocrx_word' id='word_1_359' title='bbox 827 2799 929 2854; x_wconf 80' lang='lat' dir='ltr'>per</span> <span class='ocrx_word' id='word_1_360' title='bbox 957 2785 1077 2838; x_wconf 90' lang='lat' dir='ltr'>tres</span> <span class='ocrx_word' id='word_1_361' title='bbox 1107 2799 1290 2838; x_wconf 91' lang='lat' dir='ltr'>annos</span> <span class='ocrx_word' id='word_1_362' title='bbox 1331 2786 1680 2854; x_wconf 90' lang='lat' dir='ltr'>separentur</span> <span class='ocrx_word' id='word_1_363' title='bbox 1706 2798 1741 2837; x_wconf 92' lang='lat' dir='ltr'>a</span> <span class='ocrx_word' id='word_1_364' title='bbox 1842 2778 1954 2836; x_wconf 88' lang='lat' dir='ltr'>illis</span> <span class='ocrx_word' id='word_1_365' title='bbox 1994 2780 2250 2835; x_wconf 86' lang='lat' dir='ltr'>Joannes</span> <span class='ocrx_word' id='word_1_366' title='bbox 2298 2800 2312 2837; x_wconf 92' lang='lat'><strong>:</strong></span> <span class='ocrx_word' id='word_1_367' title='bbox 2358 2784 2646 2838; x_wconf 79' lang='lat' dir='ltr'>Neminem</span> <span class='ocrx_word' id='word_1_368' title='bbox 2695 2782 3028 2847; x_wconf 85' lang='lat' dir='ltr'>concutiatis,</span> <span class='ocrx_word' id='word_1_369' title='bbox 3064 2796 3228 2850; x_wconf 81' lang='lat' dir='ltr'>neque</span> <span class='ocrx_word' id='word_1_370' title='bbox 3253 2780 3462 2834; x_wconf 86' lang='lat' dir='ltr'>calum-</span> 
     </span>
    </p>
   </div>
   <div class='ocr_carea' id='block_1_29' title="bbox 176 2862 3458 2941">
    <p class='ocr_par' dir='ltr' id='par_1_29' title="bbox 176 2862 3458 2941">
     <span class='ocr_line' id='line_1_29' title="bbox 176 2862 3458 2941; baseline 0.003 -25"><span class='ocrx_word' id='word_1_371' title='bbox 176 2862 332 2920; x_wconf 84' lang='lat' dir='ltr'>divino</span> <span class='ocrx_word' id='word_1_372' title='bbox 382 2868 723 2937; x_wconf 87' lang='lat' dir='ltr'>ministerio,</span> <span class='ocrx_word' id='word_1_373' title='bbox 763 2874 822 2925; x_wconf 90' lang='lat' dir='ltr'>et</span> <span class='ocrx_word' id='word_1_374' title='bbox 848 2871 1203 2926; x_wconf 87' lang='lat' dir='ltr'>monasterio</span> <span class='ocrx_word' id='word_1_375' title='bbox 1249 2873 1572 2927; x_wconf 85' lang='lat' dir='ltr'>tradantur.</span> <span class='ocrx_word' id='word_1_376' title='bbox 1626 2872 1737 2925; x_wconf 84' lang='lat' dir='ltr'>Pro</span> <span class='ocrx_word' id='word_1_377' title='bbox 1841 2872 1989 2924; x_wconf 87' lang='lat' dir='ltr'>niam</span> <span class='ocrx_word' id='word_1_378' title='bbox 2017 2870 2258 2939; x_wconf 82' lang='lat' dir='ltr'>faciatis,</span> <span class='ocrx_word' id='word_1_379' title='bbox 2282 2872 2373 2925; x_wconf 83' lang='lat' dir='ltr'>sed</span> <span class='ocrx_word' id='word_1_380' title='bbox 2396 2874 2627 2928; x_wconf 86' lang='lat' dir='ltr'>contenti</span> <span class='ocrx_word' id='word_1_381' title='bbox 2644 2868 3458 2941; x_wconf 70' lang='lat' dir='ltr'>estotestipendiisvcstris(Luc.</span> 
     </span>
    </p>
   </div>
   <div class='ocr_carea' id='block_1_30' title="bbox 178 2950 3457 3032">
    <p class='ocr_par' dir='ltr' id='par_1_30' title="bbox 178 2950 3457 3032">
     <span class='ocr_line' id='line_1_30' title="bbox 178 2950 3457 3032; baseline 0.001 -25"><span class='ocrx_word' id='word_1_382' title='bbox 178 2950 533 3011; x_wconf 84' lang='lat' dir='ltr'>criminalibus</span> <span class='ocrx_word' id='word_1_383' title='bbox 561 2958 738 3013; x_wconf 88' lang='lat' dir='ltr'>causis</span> <span class='ocrx_word' id='word_1_384' title='bbox 766 2958 813 3014; x_wconf 90' lang='lat' dir='ltr'>si</span> <span class='ocrx_word' id='word_1_385' title='bbox 831 2959 1040 3014; x_wconf 80' lang='lat' dir='ltr'>falsum</span> <span class='ocrx_word' id='word_1_386' title='bbox 1069 2960 1462 3016; x_wconf 86' lang='lat' dir='ltr'>testimonium</span> <span class='ocrx_word' id='word_1_387' title='bbox 1485 2960 1742 3016; x_wconf 83' lang='lat' dir='ltr'>dixerint</span> <span class='ocrx_word' id='word_1_388' title='bbox 1843 2976 1925 3025; x_wconf 84' lang='grc' dir='ltr'>ιιι,</span> <span class='ocrx_word' id='word_1_389' title='bbox 1952 2957 2053 3026; x_wconf 68' lang='lat' dir='ltr'>ti).</span> <span class='ocrx_word' id='word_1_390' title='bbox 2090 2956 2191 3011; x_wconf 86' lang='lat' dir='ltr'>Hic</span> <span class='ocrx_word' id='word_1_391' title='bbox 2217 2959 2346 3029; x_wconf 90' lang='lat' dir='ltr'>jam</span> <span class='ocrx_word' id='word_1_392' title='bbox 2378 2976 2728 3032; x_wconf 86' lang='lat' dir='ltr'>cognoscere</span> <span class='ocrx_word' id='word_1_393' title='bbox 2779 2976 2838 3013; x_wconf 90' lang='lat' dir='ltr'>se</span> <span class='ocrx_word' id='word_1_394' title='bbox 2875 2957 3047 3012; x_wconf 90' lang='lat' dir='ltr'>debet</span> <span class='ocrx_word' id='word_1_395' title='bbox 3089 2955 3188 3027; x_wconf 90' lang='lat' dir='ltr'>qui</span> <span class='ocrx_word' id='word_1_396' title='bbox 3220 2955 3457 3015; x_wconf 79' lang='lat' dir='ltr'>militat.</span> 
     </span>
    </p>
   </div>
   <div class='ocr_carea' id='block_1_31' title="bbox 178 3039 3463 3121">
    <p class='ocr_par' dir='ltr' id='par_1_31' title="bbox 178 3039 3463 3121">
     <span class='ocr_line' id='line_1_31' title="bbox 178 3039 3463 3121; baseline 0.003 -27"><span class='ocrx_word' id='word_1_397' title='bbox 178 3039 436 3100; x_wconf 76' lang='lat' dir='ltr'>clericatus</span> <span class='ocrx_word' id='word_1_398' title='bbox 462 3046 684 3104; x_wconf 85' lang='lat' dir='ltr'>honore</span> <span class='ocrx_word' id='word_1_399' title='bbox 710 3048 909 3103; x_wconf 88' lang='lat' dir='ltr'>nudati</span> <span class='ocrx_word' id='word_1_400' title='bbox 937 3048 1210 3121; x_wconf 88' lang='lat' dir='ltr'>legitimis</span> <span class='ocrx_word' id='word_1_401' title='bbox 1230 3048 1741 3121; x_wconf 70' lang='lat' dir='ltr'>paenissubjician-</span> <span class='ocrx_word' id='word_1_402' title='bbox 1767 3061 1815 3119; x_wconf 72' lang='grc' dir='ltr'>α</span> <span class='ocrx_word' id='word_1_403' title='bbox 1843 3048 1968 3102; x_wconf 89' lang='lat' dir='ltr'>Non</span> <span class='ocrx_word' id='word_1_404' title='bbox 2018 3047 2176 3101; x_wconf 92' lang='lat' dir='ltr'>enim</span> <span class='ocrx_word' id='word_1_405' title='bbox 2230 3050 2462 3105; x_wconf 88' lang='lat' dir='ltr'>tantum</span> <span class='ocrx_word' id='word_1_406' title='bbox 2513 3049 2584 3103; x_wconf 91' lang='lat' dir='ltr'>de</span> <span class='ocrx_word' id='word_1_407' title='bbox 2634 3048 2720 3103; x_wconf 92' lang='lat' dir='ltr'>his</span> <span class='ocrx_word' id='word_1_408' title='bbox 2753 3045 3135 3103; x_wconf 82' lang='lat' dir='ltr'>militantibus</span> <span class='ocrx_word' id='word_1_409' title='bbox 3161 3043 3463 3116; x_wconf 89' lang='lat' dir='ltr'>Scriptura</span> 
     </span>
    </p>
   </div>
   <div class='ocr_carea' id='block_1_32' title="bbox 179 3130 3457 3211">
    <p class='ocr_par' dir='ltr' id='par_1_32' title="bbox 179 3130 3457 3211">
     <span class='ocr_line' id='line_1_32' title="bbox 179 3130 3457 3211; baseline 0.002 -26"><span class='ocrx_word' id='word_1_410' title='bbox 179 3130 268 3187; x_wconf 84' lang='lat' dir='ltr'>tur.</span> <span class='ocrx_word' id='word_1_411' title='bbox 295 3132 486 3190; x_wconf 62' lang='lat' dir='ltr'>Castori</span> <span class='ocrx_word' id='word_1_412' title='bbox 518 3140 713 3192; x_wconf 82' lang='lat' dir='ltr'>autem</span> <span class='ocrx_word' id='word_1_413' title='bbox 758 3136 817 3192; x_wconf 91' lang='lat' dir='ltr'>in</span> <span class='ocrx_word' id='word_1_414' title='bbox 858 3138 1090 3194; x_wconf 89' lang='lat' dir='ltr'>minore</span> <span class='ocrx_word' id='word_1_415' title='bbox 1122 3138 1305 3211; x_wconf 88' lang='lat' dir='ltr'>gradu</span> <span class='ocrx_word' id='word_1_416' title='bbox 1358 3138 1570 3207; x_wconf 87' lang='lat' dir='ltr'>clerici,</span> <span class='ocrx_word' id='word_1_417' title='bbox 1631 3154 1738 3210; x_wconf 91' lang='lat' dir='ltr'>pro</span> <span class='ocrx_word' id='word_1_418' title='bbox 1841 3136 2117 3209; x_wconf 85' lang='lat' dir='ltr'>loquitur,</span> <span class='ocrx_word' id='word_1_419' title='bbox 2152 3137 2251 3209; x_wconf 90' lang='lat' dir='ltr'>qui</span> <span class='ocrx_word' id='word_1_420' title='bbox 2288 3142 2514 3195; x_wconf 90' lang='lat' dir='ltr'>armata</span> <span class='ocrx_word' id='word_1_421' title='bbox 2546 3138 2752 3193; x_wconf 89' lang='lat' dir='ltr'>militia</span> <span class='ocrx_word' id='word_1_422' title='bbox 2782 3135 3138 3201; x_wconf 88' lang='lat' dir='ltr'>detinentur,</span> <span class='ocrx_word' id='word_1_423' title='bbox 3174 3133 3277 3187; x_wconf 90' lang='lat' dir='ltr'>sed</span> <span class='ocrx_word' id='word_1_424' title='bbox 3298 3135 3457 3206; x_wconf 88' lang='lat' dir='ltr'>quis-</span> 
     </span>
    </p>
   </div>
   <div class='ocr_carea' id='block_1_33' title="bbox 178 3221 3450 3300">
    <p class='ocr_par' dir='ltr' id='par_1_33' title="bbox 178 3221 3450 3300">
     <span class='ocr_line' id='line_1_33' title="bbox 178 3221 3450 3300; baseline 0 -23"><span class='ocrx_word' id='word_1_425' title='bbox 178 3233 478 3295; x_wconf 76' lang='lat' dir='ltr'>qaocunque</span> <span class='ocrx_word' id='word_1_426' title='bbox 525 3226 667 3280; x_wconf 84' lang='lat' dir='ltr'>falso</span> <span class='ocrx_word' id='word_1_427' title='bbox 719 3226 1074 3294; x_wconf 88' lang='lat' dir='ltr'>testimonio,</span> <span class='ocrx_word' id='word_1_428' title='bbox 1107 3228 1309 3282; x_wconf 90' lang='lat' dir='ltr'>ordine</span> <span class='ocrx_word' id='word_1_429' title='bbox 1353 3227 1737 3284; x_wconf 87' lang='lat' dir='ltr'>ecclesiastico</span> <span class='ocrx_word' id='word_1_430' title='bbox 1843 3227 1970 3299; x_wconf 90' lang='lat' dir='ltr'>quis</span> <span class='ocrx_word' id='word_1_431' title='bbox 1995 3224 2220 3281; x_wconf 78' lang='lat' dir='ltr'>militiae</span> <span class='ocrx_word' id='word_1_432' title='bbox 2243 3245 2360 3284; x_wconf 65' lang='lat' dir='ltr'>suae</span> <span class='ocrx_word' id='word_1_433' title='bbox 2382 3229 2615 3300; x_wconf 90' lang='lat' dir='ltr'>cingulo</span> <span class='ocrx_word' id='word_1_434' title='bbox 2646 3227 2846 3297; x_wconf 88' lang='lat' dir='ltr'>utitur,</span> <span class='ocrx_word' id='word_1_435' title='bbox 2881 3221 3177 3295; x_wconf 87' lang='lat' dir='ltr'>dignitatis</span> <span class='ocrx_word' id='word_1_436' title='bbox 3208 3223 3450 3281; x_wconf 68' lang='lat' dir='ltr'>summi-</span> 
     </span>
    </p>
   </div>
   <div class='ocr_carea' id='block_1_34' title="bbox 180 3306 3446 3389">
    <p class='ocr_par' dir='ltr' id='par_1_34' title="bbox 180 3306 3446 3389">
     <span class='ocr_line' id='line_1_34' title="bbox 180 3306 3446 3389; baseline 0.002 -30"><span class='ocrx_word' id='word_1_437' title='bbox 180 3306 360 3377; x_wconf 86' lang='lat' dir='ltr'>uudali,</span> <span class='ocrx_word' id='word_1_438' title='bbox 407 3312 681 3385; x_wconf 87' lang='lat' dir='ltr'>legitimis</span> <span class='ocrx_word' id='word_1_439' title='bbox 729 3316 1174 3373; x_wconf 83' lang='lat' dir='ltr'>coercitionibus</span> <span class='ocrx_word' id='word_1_440' title='bbox 1231 3316 1631 3387; x_wconf 89' lang='lat' dir='ltr'>subjiciantur.</span> <span class='ocrx_word' id='word_1_441' title='bbox 1678 3315 1735 3371; x_wconf 93' lang='lat' dir='ltr'>Si</span> <span class='ocrx_word' id='word_1_442' title='bbox 1840 3317 1924 3371; x_wconf 88' lang='lat' dir='ltr'>les</span> <span class='ocrx_word' id='word_1_443' title='bbox 1971 3314 2291 3375; x_wconf 88' lang='lat' dir='ltr'>ascribitur.</span> <span class='ocrx_word' id='word_1_444' title='bbox 2347 3319 2534 3389; x_wconf 83' lang='lat' dir='ltr'>Atque</span> <span class='ocrx_word' id='word_1_445' title='bbox 2581 3317 2703 3371; x_wconf 68' lang='lat' dir='ltr'>hmo</span> <span class='ocrx_word' id='word_1_446' title='bbox 2758 3311 3045 3369; x_wconf 89' lang='lat' dir='ltr'>sententia</span> <span class='ocrx_word' id='word_1_447' title='bbox 3090 3312 3284 3383; x_wconf 88' lang='lat' dir='ltr'>potest</span> <span class='ocrx_word' id='word_1_448' title='bbox 3313 3311 3446 3381; x_wconf 92' lang='lat' dir='ltr'>dici,</span> 
     </span>
    </p>
   </div>
   <div class='ocr_carea' id='block_1_35' title="bbox 179 3395 3451 3478">
    <p class='ocr_par' dir='ltr' id='par_1_35' title="bbox 179 3395 3451 3478">
     <span class='ocr_line' id='line_1_35' title="bbox 179 3395 3451 3478; baseline 0.003 -29"><span class='ocrx_word' id='word_1_449' title='bbox 179 3395 280 3465; x_wconf 80' lang='lat' dir='ltr'>quis</span> <span class='ocrx_word' id='word_1_450' title='bbox 299 3403 490 3456; x_wconf 88' lang='lat' dir='ltr'>contra</span> <span class='ocrx_word' id='word_1_451' title='bbox 514 3403 808 3472; x_wconf 82' lang='lat' dir='ltr'>clericum,</span> <span class='ocrx_word' id='word_1_452' title='bbox 843 3406 927 3460; x_wconf 89' lang='lat' dir='ltr'>vel</span> <span class='ocrx_word' id='word_1_453' title='bbox 954 3404 1738 3473; x_wconf 86' lang='lat' dir='ltr'>monachum,veldiaconis-</span> <span class='ocrx_word' id='word_1_454' title='bbox 1839 3404 2000 3461; x_wconf 88' lang='lat' dir='ltr'>verbi</span> <span class='ocrx_word' id='word_1_455' title='bbox 2031 3405 2239 3477; x_wconf 86' lang='lat' dir='ltr'>gratia,</span> <span class='ocrx_word' id='word_1_456' title='bbox 2284 3407 2582 3470; x_wconf 81' lang='lat' dir='ltr'>militibus,</span> <span class='ocrx_word' id='word_1_457' title='bbox 2621 3402 3068 3478; x_wconf 88' lang='lat' dir='ltr'>protectoribus,</span> <span class='ocrx_word' id='word_1_458' title='bbox 3113 3400 3451 3475; x_wconf 87' lang='lat' dir='ltr'>cunctisque</span> 
     </span>
    </p>
   </div>
   <div class='ocr_carea' id='block_1_36' title="bbox 178 3489 3450 3569">
    <p class='ocr_par' dir='ltr' id='par_1_36' title="bbox 178 3489 3450 3569">
     <span class='ocr_line' id='line_1_36' title="bbox 178 3489 3450 3569; baseline 0.002 -30"><span class='ocrx_word' id='word_1_459' title='bbox 178 3497 293 3551; x_wconf 79' lang='lat' dir='ltr'>sam,</span> <span class='ocrx_word' id='word_1_460' title='bbox 326 3491 406 3544; x_wconf 91' lang='lat' dir='ltr'>vel</span> <span class='ocrx_word' id='word_1_461' title='bbox 442 3493 879 3561; x_wconf 89' lang='lat' dir='ltr'>monasterium,</span> <span class='ocrx_word' id='word_1_462' title='bbox 930 3494 1016 3548; x_wconf 91' lang='lat' dir='ltr'>vcl</span> <span class='ocrx_word' id='word_1_463' title='bbox 1070 3494 1469 3550; x_wconf 87' lang='lat' dir='ltr'>archisterium</span> <span class='ocrx_word' id='word_1_464' title='bbox 1520 3496 1735 3550; x_wconf 89' lang='lat' dir='ltr'>habeat</span> <span class='ocrx_word' id='word_1_465' title='bbox 1837 3493 2177 3551; x_wconf 90' lang='lat' dir='ltr'>rectoribus.</span> <span class='ocrx_word' id='word_1_466' title='bbox 2211 3495 2550 3569; x_wconf 83' lang='lat' dir='ltr'>Quicunque</span> <span class='ocrx_word' id='word_1_467' title='bbox 2582 3495 2741 3550; x_wconf 91' lang='lat' dir='ltr'>enim</span> <span class='ocrx_word' id='word_1_468' title='bbox 2767 3491 3056 3566; x_wconf 88' lang='lat' dir='ltr'>stipendia</span> <span class='ocrx_word' id='word_1_469' title='bbox 3085 3489 3193 3546; x_wconf 90' lang='lat' dir='ltr'>sibi</span> <span class='ocrx_word' id='word_1_470' title='bbox 3220 3489 3450 3563; x_wconf 91' lang='lat' dir='ltr'>publice</span> 
     </span>
    </p>
   </div>
   <div class='ocr_carea' id='block_1_37' title="bbox 181 3573 3449 3659">
    <p class='ocr_par' dir='ltr' id='par_1_37' title="bbox 181 3573 3449 3659">
     <span class='ocr_line' id='line_1_37' title="bbox 181 3573 3449 3659; baseline 0.002 -28"><span class='ocrx_word' id='word_1_471' title='bbox 181 3573 387 3645; x_wconf 75' lang='lat' dir='ltr'>aliquam</span> <span class='ocrx_word' id='word_1_472' title='bbox 402 3581 897 3649; x_wconf 88' lang='lat' dir='ltr'>actionem,adeat</span> <span class='ocrx_word' id='word_1_473' title='bbox 920 3581 1079 3654; x_wconf 90' lang='lat' dir='ltr'>prius</span> <span class='ocrx_word' id='word_1_474' title='bbox 1099 3582 1592 3654; x_wconf 87' lang='lat' dir='ltr'>religiosissimum</span> <span class='ocrx_word' id='word_1_475' title='bbox 1611 3584 1734 3655; x_wconf 89' lang='lat' dir='ltr'>epi-</span> <span class='ocrx_word' id='word_1_476' title='bbox 1838 3586 2068 3641; x_wconf 84' lang='lat' dir='ltr'>decreta</span> <span class='ocrx_word' id='word_1_477' title='bbox 2098 3588 2489 3659; x_wconf 87' lang='lat' dir='ltr'>consequitur,</span> <span class='ocrx_word' id='word_1_478' title='bbox 2522 3586 2566 3640; x_wconf 92' lang='lat' dir='ltr'>si</span> <span class='ocrx_word' id='word_1_479' title='bbox 2597 3585 2847 3656; x_wconf 90' lang='lat' dir='ltr'>amplius</span> <span class='ocrx_word' id='word_1_480' title='bbox 2886 3580 3113 3655; x_wconf 60' lang='lat' dir='ltr'>quaerit,</span> <span class='ocrx_word' id='word_1_481' title='bbox 3166 3584 3449 3654; x_wconf 83' lang='lat' dir='ltr'>tanquam</span> 
     </span>
    </p>
   </div>
   <div class='ocr_carea' id='block_1_38' title="bbox 179 3669 3447 3744">
    <p class='ocr_par' dir='ltr' id='par_1_38' title="bbox 179 3669 3447 3744">
     <span class='ocr_line' id='line_1_38' title="bbox 179 3669 3447 3744; baseline 0.002 -23"><span class='ocrx_word' id='word_1_482' title='bbox 179 3675 394 3736; x_wconf 67' lang='lat' dir='ltr'>mpum,</span> <span class='ocrx_word' id='word_1_483' title='bbox 424 3671 513 3726; x_wconf 89' lang='lat' dir='ltr'>cui</span> <span class='ocrx_word' id='word_1_484' title='bbox 538 3687 741 3727; x_wconf 89' lang='lat' dir='ltr'>eorum</span> <span class='ocrx_word' id='word_1_485' title='bbox 772 3671 1160 3744; x_wconf 90' lang='lat' dir='ltr'>unusquisque</span> <span class='ocrx_word' id='word_1_486' title='bbox 1178 3672 1466 3743; x_wconf 90' lang='lat' dir='ltr'>subjectus</span> <span class='ocrx_word' id='word_1_487' title='bbox 1484 3676 1572 3729; x_wconf 89' lang='lat' dir='ltr'>est</span> <span class='ocrx_word' id='word_1_488' title='bbox 1596 3691 1608 3729; x_wconf 92' lang='lat'>:</span> <span class='ocrx_word' id='word_1_489' title='bbox 1636 3673 1731 3728; x_wconf 92' lang='lat' dir='ltr'>ille</span> <span class='ocrx_word' id='word_1_490' title='bbox 1836 3674 2223 3732; x_wconf 90' lang='lat' dir='ltr'>calumniator</span> <span class='ocrx_word' id='word_1_491' title='bbox 2252 3678 2311 3730; x_wconf 89' lang='lat' dir='ltr'>et</span> <span class='ocrx_word' id='word_1_492' title='bbox 2347 3691 2656 3732; x_wconf 89' lang='lat' dir='ltr'>concussor</span> <span class='ocrx_word' id='word_1_493' title='bbox 2702 3670 2942 3728; x_wconf 81' lang='lat' dir='ltr'>Joannis</span> <span class='ocrx_word' id='word_1_494' title='bbox 2982 3669 3271 3726; x_wconf 88' lang='lat' dir='ltr'>sententia</span> <span class='ocrx_word' id='word_1_495' title='bbox 3307 3687 3447 3727; x_wconf 91' lang='lat' dir='ltr'>con-</span> 
     </span>
    </p>
   </div>
   <div class='ocr_carea' id='block_1_39' title="bbox 182 3754 3443 3839">
    <p class='ocr_par' dir='ltr' id='par_1_39' title="bbox 182 3754 3443 3839">
     <span class='ocr_line' id='line_1_39' title="bbox 182 3754 3443 3839; baseline 0.002 -30"><span class='ocrx_word' id='word_1_496' title='bbox 182 3754 336 3811; x_wconf 68' lang='lat' dir='ltr'>antem</span> <span class='ocrx_word' id='word_1_497' title='bbox 352 3773 473 3815; x_wconf 85' lang='lat' dir='ltr'>rem</span> <span class='ocrx_word' id='word_1_498' title='bbox 494 3760 552 3814; x_wconf 92' lang='lat' dir='ltr'>in</span> <span class='ocrx_word' id='word_1_499' title='bbox 576 3759 729 3830; x_wconf 90' lang='lat' dir='ltr'>ipsos</span> <span class='ocrx_word' id='word_1_500' title='bbox 748 3760 1041 3817; x_wconf 88' lang='lat' dir='ltr'>decernat.</span> <span class='ocrx_word' id='word_1_501' title='bbox 1067 3760 1233 3825; x_wconf 91' lang='lat' dir='ltr'>Quod</span> <span class='ocrx_word' id='word_1_502' title='bbox 1275 3761 1320 3816; x_wconf 92' lang='lat' dir='ltr'>si</span> <span class='ocrx_word' id='word_1_503' title='bbox 1350 3780 1497 3818; x_wconf 92' lang='lat' dir='ltr'>unus</span> <span class='ocrx_word' id='word_1_504' title='bbox 1521 3780 1588 3818; x_wconf 87' lang='lat' dir='ltr'>ex</span> <span class='ocrx_word' id='word_1_505' title='bbox 1616 3763 1734 3818; x_wconf 91' lang='lat' dir='ltr'>liti-</span> <span class='ocrx_word' id='word_1_506' title='bbox 1837 3768 2168 3823; x_wconf 78' lang='lat' dir='ltr'>damnatur.</span> <span class='ocrx_word' id='word_1_507' title='bbox 2209 3766 2397 3839; x_wconf 87' lang='lat' dir='ltr'>Usque</span> <span class='ocrx_word' id='word_1_508' title='bbox 2441 3767 2585 3821; x_wconf 83' lang='lat' dir='ltr'>adeo</span> <span class='ocrx_word' id='word_1_509' title='bbox 2618 3768 2814 3819; x_wconf 90' lang='lat' dir='ltr'>autem</span> <span class='ocrx_word' id='word_1_510' title='bbox 2862 3761 2973 3815; x_wconf 91' lang='lat' dir='ltr'>hoc</span> <span class='ocrx_word' id='word_1_511' title='bbox 3015 3760 3281 3816; x_wconf 89' lang='lat' dir='ltr'>insolevit</span> <span class='ocrx_word' id='word_1_512' title='bbox 3320 3777 3443 3816; x_wconf 90' lang='lat' dir='ltr'>ma-</span> 
     </span>
    </p>
   </div>
   <div class='ocr_carea' id='block_1_40' title="bbox 180 3842 3446 3926">
    <p class='ocr_par' dir='ltr' id='par_1_40' title="bbox 180 3842 3446 3926">
     <span class='ocr_line' id='line_1_40' title="bbox 180 3842 3446 3926; baseline 0.001 -27"><span class='ocrx_word' id='word_1_513' title='bbox 180 3842 428 3907; x_wconf 65' lang='lat' dir='ltr'>xiloribus</span> <span class='ocrx_word' id='word_1_514' title='bbox 461 3848 879 3911; x_wconf 82' lang='lat' dir='ltr'>contradixerit</span> <span class='ocrx_word' id='word_1_515' title='bbox 909 3850 1205 3921; x_wconf 90' lang='lat' dir='ltr'>judicatis,</span> <span class='ocrx_word' id='word_1_516' title='bbox 1235 3854 1293 3905; x_wconf 91' lang='lat' dir='ltr'>et</span> <span class='ocrx_word' id='word_1_517' title='bbox 1334 3870 1401 3908; x_wconf 88' lang='lat' dir='ltr'>ex</span> <span class='ocrx_word' id='word_1_518' title='bbox 1441 3851 1732 3924; x_wconf 87' lang='lat' dir='ltr'>imperiali</span> <span class='ocrx_word' id='word_1_519' title='bbox 1834 3857 1979 3920; x_wconf 90' lang='lat' dir='ltr'>lum,</span> <span class='ocrx_word' id='word_1_520' title='bbox 2014 3856 2077 3907; x_wconf 91' lang='lat' dir='ltr'>ut</span> <span class='ocrx_word' id='word_1_521' title='bbox 2090 3853 2217 3923; x_wconf 91' lang='lat' dir='ltr'>jam</span> <span class='ocrx_word' id='word_1_522' title='bbox 2248 3854 2411 3926; x_wconf 89' lang='lat' dir='ltr'>quasi</span> <span class='ocrx_word' id='word_1_523' title='bbox 2461 3871 2528 3909; x_wconf 87' lang='lat' dir='ltr'>ex</span> <span class='ocrx_word' id='word_1_524' title='bbox 2564 3848 2983 3907; x_wconf 88' lang='lat' dir='ltr'>consuetudine</span> <span class='ocrx_word' id='word_1_525' title='bbox 3013 3849 3340 3904; x_wconf 85' lang='lat' dir='ltr'>vendantur</span> <span class='ocrx_word' id='word_1_526' title='bbox 3368 3850 3446 3904; x_wconf 89' lang='lat' dir='ltr'>le-</span> 
     </span>
    </p>
   </div>
   <div class='ocr_carea' id='block_1_41' title="bbox 183 3929 3441 4019">
    <p class='ocr_par' dir='ltr' id='par_1_41' title="bbox 183 3929 3441 4019">
     <span class='ocr_line' id='line_1_41' title="bbox 183 3929 3441 4019; baseline 0.002 -32"><span class='ocrx_word' id='word_1_527' title='bbox 183 3929 249 4019; x_wconf 59' lang='grc' dir='ltr'>γε]</span> <span class='ocrx_word' id='word_1_528' title='bbox 266 3931 499 4001; x_wconf 86' lang='lat' dir='ltr'>judiciali</span> <span class='ocrx_word' id='word_1_529' title='bbox 520 3937 780 4008; x_wconf 88' lang='lat' dir='ltr'>jussione</span> <span class='ocrx_word' id='word_1_530' title='bbox 809 3939 1109 4011; x_wconf 91' lang='lat' dir='ltr'>episcopus</span> <span class='ocrx_word' id='word_1_531' title='bbox 1134 3939 1344 4009; x_wconf 88' lang='lat' dir='ltr'>videat,</span> <span class='ocrx_word' id='word_1_532' title='bbox 1376 3942 1450 3997; x_wconf 91' lang='lat' dir='ltr'>ad</span> <span class='ocrx_word' id='word_1_533' title='bbox 1475 3942 1729 4014; x_wconf 89' lang='lat' dir='ltr'>impera-</span> <span class='ocrx_word' id='word_1_534' title='bbox 1835 3962 1958 4019; x_wconf 88' lang='lat' dir='ltr'>ges,</span> <span class='ocrx_word' id='word_1_535' title='bbox 1986 3948 2433 4015; x_wconf 87' lang='lat' dir='ltr'>corrumpantur</span> <span class='ocrx_word' id='word_1_536' title='bbox 2451 3944 2608 4015; x_wconf 87' lang='lat' dir='ltr'>jura,</span> <span class='ocrx_word' id='word_1_537' title='bbox 2642 3938 2931 3996; x_wconf 89' lang='lat' dir='ltr'>sententia</span> <span class='ocrx_word' id='word_1_538' title='bbox 2959 3937 3083 4009; x_wconf 87' lang='lat' dir='ltr'>ipsa</span> <span class='ocrx_word' id='word_1_539' title='bbox 3111 3937 3329 3995; x_wconf 88' lang='lat' dir='ltr'>venalis</span> <span class='ocrx_word' id='word_1_540' title='bbox 3348 3938 3441 4009; x_wconf 91' lang='lat' dir='ltr'>sit,</span> 
     </span>
    </p>
   </div>
   <div class='ocr_carea' id='block_1_42' title="bbox 183 4016 3199 4105">
    <p class='ocr_par' dir='ltr' id='par_1_42' title="bbox 183 4016 3199 4105">
     <span class='ocr_line' id='line_1_42' title="bbox 183 4016 3199 4105; baseline 0.002 -30"><span class='ocrx_word' id='word_1_541' title='bbox 183 4016 331 4105; x_wconf 61' lang='lat' dir='ltr'>iorem</span> <span class='ocrx_word' id='word_1_542' title='bbox 356 4025 438 4080; x_wconf 87' lang='lat' dir='ltr'>vel</span> <span class='ocrx_word' id='word_1_543' title='bbox 454 4025 717 4097; x_wconf 87' lang='lat' dir='ltr'>judicem</span> <span class='ocrx_word' id='word_1_544' title='bbox 743 4026 843 4100; x_wconf 88' lang='lat' dir='ltr'>qui</span> <span class='ocrx_word' id='word_1_545' title='bbox 849 4028 873 4099; x_wconf 92' lang='lat' dir='ltr'>j</span> <span class='ocrx_word' id='word_1_546' title='bbox 887 4028 1048 4096; x_wconf 89' lang='lat' dir='ltr'>ussit,</span> <span class='ocrx_word' id='word_1_547' title='bbox 1070 4028 1375 4085; x_wconf 78' lang='lat' dir='ltr'>referatur.</span> <span class='ocrx_word' id='word_1_548' title='bbox 1410 4030 1467 4086; x_wconf 92' lang='lat' dir='ltr'>Si</span> <span class='ocrx_word' id='word_1_549' title='bbox 1489 4031 1561 4087; x_wconf 90' lang='lat' dir='ltr'>de</span> <span class='ocrx_word' id='word_1_550' title='bbox 1575 4030 1735 4102; x_wconf 87' lang='lat' dir='ltr'>judi—</span> <span class='ocrx_word' id='word_1_551' title='bbox 1836 4016 1895 4091; x_wconf 81' lang='lat' dir='ltr'>et</span> <span class='ocrx_word' id='word_1_552' title='bbox 1924 4034 2081 4090; x_wconf 85' lang='lat' dir='ltr'>nulla</span> <span class='ocrx_word' id='word_1_553' title='bbox 2102 4034 2229 4104; x_wconf 89' lang='lat' dir='ltr'>jam</span> <span class='ocrx_word' id='word_1_554' title='bbox 2250 4049 2419 4089; x_wconf 90' lang='lat' dir='ltr'>causa</span> <span class='ocrx_word' id='word_1_555' title='bbox 2448 4030 2627 4105; x_wconf 88' lang='lat' dir='ltr'>possit</span> <span class='ocrx_word' id='word_1_556' title='bbox 2651 4046 2770 4084; x_wconf 90' lang='lat' dir='ltr'>esse</span> <span class='ocrx_word' id='word_1_557' title='bbox 2792 4028 2915 4084; x_wconf 87' lang='lat' dir='ltr'>sine</span> <span class='ocrx_word' id='word_1_558' title='bbox 2946 4042 3135 4082; x_wconf 89' lang='lat' dir='ltr'>causa.</span> <span class='ocrx_word' id='word_1_559' title='bbox 3166 4047 3199 4081; x_wconf 74' lang='grc'><strong>&gt;</strong></span> 
     </span>
    </p>
   </div>
   <div class='ocr_carea' id='block_1_43' title="bbox 185 4102 3439 4190">
    <p class='ocr_par' dir='ltr' id='par_1_43' title="bbox 185 4102 3439 4190">
     <span class='ocr_line' id='line_1_43' title="bbox 185 4102 3439 4190; baseline 0.003 -29"><span class='ocrx_word' id='word_1_560' title='bbox 185 4102 249 4161; x_wconf 82' lang='lat' dir='ltr'>cio</span> <span class='ocrx_word' id='word_1_561' title='bbox 282 4112 638 4171; x_wconf 87' lang='lat' dir='ltr'>ecclesiastico</span> <span class='ocrx_word' id='word_1_562' title='bbox 686 4116 840 4172; x_wconf 89' lang='lat' dir='ltr'>idem</span> <span class='ocrx_word' id='word_1_563' title='bbox 883 4116 1161 4174; x_wconf 90' lang='lat' dir='ltr'>canonica</span> <span class='ocrx_word' id='word_1_564' title='bbox 1211 4134 1380 4175; x_wconf 90' lang='lat' dir='ltr'>causa</span> <span class='ocrx_word' id='word_1_565' title='bbox 1408 4120 1731 4190; x_wconf 88' lang='lat' dir='ltr'>emerserit,</span> <span class='ocrx_word' id='word_1_566' title='bbox 1835 4126 1945 4181; x_wconf 90' lang='lat' dir='ltr'><strong>LII.</strong></span> <span class='ocrx_word' id='word_1_567' title='bbox 1977 4154 2049 4166; x_wconf 96' lang='lat'><strong>—</strong></span> <span class='ocrx_word' id='word_1_568' title='bbox 2081 4102 2163 4177; x_wconf 78' lang='lat' dir='ltr'>De</span> <span class='ocrx_word' id='word_1_569' title='bbox 2197 4102 2552 4178; x_wconf 71' lang='lat' dir='ltr'>militantibus</span> <span class='ocrx_word' id='word_1_570' title='bbox 2592 4120 2818 4186; x_wconf 83' lang='lat' dir='ltr'>clericis,</span> <span class='ocrx_word' id='word_1_571' title='bbox 2865 4122 3121 4172; x_wconf 88' lang='lat' dir='ltr'>eteorum</span> <span class='ocrx_word' id='word_1_572' title='bbox 3149 4117 3439 4188; x_wconf 66' lang='lat' dir='ltr'>stipendiis.</span> 
     </span>
    </p>
   </div>
   <div class='ocr_carea' id='block_1_44' title="bbox 186 4203 3443 4283">
    <p class='ocr_par' dir='ltr' id='par_1_44' title="bbox 186 4203 3443 4283">
     <span class='ocr_line' id='line_1_44' title="bbox 186 4203 3443 4283; baseline 0.002 -27"><span class='ocrx_word' id='word_1_573' title='bbox 186 4207 276 4283; x_wconf 56' lang='lat' dir='ltr'>{Ion</span> <span class='ocrx_word' id='word_1_574' title='bbox 300 4203 675 4274; x_wconf 88' lang='lat' dir='ltr'>magistratus,</span> <span class='ocrx_word' id='word_1_575' title='bbox 715 4207 817 4263; x_wconf 89' lang='lat' dir='ltr'>sed</span> <span class='ocrx_word' id='word_1_576' title='bbox 860 4207 1168 4280; x_wconf 88' lang='lat' dir='ltr'>religiosus</span> <span class='ocrx_word' id='word_1_577' title='bbox 1209 4207 1507 4281; x_wconf 89' lang='lat' dir='ltr'>episcopus</span> <span class='ocrx_word' id='word_1_578' title='bbox 1536 4227 1733 4266; x_wconf 88' lang='lat' dir='ltr'>secun-</span> <span class='ocrx_word' id='word_1_579' title='bbox 1910 4238 1940 4265; x_wconf 86' lang='lat'><strong>«</strong></span> <span class='ocrx_word' id='word_1_580' title='bbox 1968 4214 2095 4268; x_wconf 81' lang='lat' dir='ltr'>Haec</span> <span class='ocrx_word' id='word_1_581' title='bbox 2119 4212 2426 4277; x_wconf 88' lang='lat' dir='ltr'>sententia,</span> <span class='ocrx_word' id='word_1_582' title='bbox 2459 4226 2587 4283; x_wconf 66' lang='lat' dir='ltr'>quae</span> <span class='ocrx_word' id='word_1_583' title='bbox 2614 4209 2686 4264; x_wconf 91' lang='lat' dir='ltr'>ad</span> <span class='ocrx_word' id='word_1_584' title='bbox 2715 4206 2926 4263; x_wconf 89' lang='lat' dir='ltr'>milites</span> <span class='ocrx_word' id='word_1_585' title='bbox 2953 4206 3228 4279; x_wconf 88' lang='lat' dir='ltr'>loquitur,</span> <span class='ocrx_word' id='word_1_586' title='bbox 3252 4208 3443 4280; x_wconf 88' lang='lat' dir='ltr'>potest</span> 
     </span>
    </p>
   </div>
   <div class='ocr_carea' id='block_1_45' title="bbox 185 4279 3440 4403">
    <p class='ocr_par' dir='ltr' id='par_1_45' title="bbox 185 4279 3440 4403">
     <span class='ocr_line' id='line_1_45' title="bbox 185 4279 3440 4403; baseline 0.001 -55"><span class='ocrx_word' id='word_1_587' title='bbox 185 4279 299 4403; x_wconf 43' lang='lat' dir='ltr'>illi:</span> <span class='ocrx_word' id='word_1_588' title='bbox 317 4306 493 4351; x_wconf 84' lang='lat' dir='ltr'>sacros</span> <span class='ocrx_word' id='word_1_589' title='bbox 520 4312 773 4353; x_wconf 85' lang='lat' dir='ltr'>canones</span> <span class='ocrx_word' id='word_1_590' title='bbox 801 4297 1071 4367; x_wconf 85' lang='lat' dir='ltr'>imponat</span> <span class='ocrx_word' id='word_1_591' title='bbox 1100 4299 1334 4369; x_wconf 85' lang='lat' dir='ltr'>negotio</span> <span class='ocrx_word' id='word_1_592' title='bbox 1358 4299 1559 4357; x_wconf 85' lang='lat' dir='ltr'>finem.</span> <span class='ocrx_word' id='word_1_593' title='bbox 1590 4321 1622 4355; x_wconf 61' lang='grc' dir='ltr'><strong><em>ν</em></strong></span> <span class='ocrx_word' id='word_1_594' title='bbox 1755 4344 1808 4403; x_wconf 83' lang='lat' dir='ltr'>D</span> <span class='ocrx_word' id='word_1_595' title='bbox 1835 4304 2012 4361; x_wconf 90' lang='lat' dir='ltr'>etiam</span> <span class='ocrx_word' id='word_1_596' title='bbox 2043 4303 2117 4358; x_wconf 88' lang='lat' dir='ltr'>ad</span> <span class='ocrx_word' id='word_1_597' title='bbox 2141 4303 2377 4357; x_wconf 89' lang='lat' dir='ltr'>clericos</span> <span class='ocrx_word' id='word_1_598' title='bbox 2404 4299 2746 4371; x_wconf 91' lang='lat' dir='ltr'>retorqueri,</span> <span class='ocrx_word' id='word_1_599' title='bbox 2771 4297 2926 4370; x_wconf 91' lang='lat' dir='ltr'>quia,</span> <span class='ocrx_word' id='word_1_600' title='bbox 2948 4297 3305 4353; x_wconf 85' lang='lat' dir='ltr'>etiamsinon</span> <span class='ocrx_word' id='word_1_601' title='bbox 3329 4295 3440 4353; x_wconf 89' lang='lat' dir='ltr'>mi-</span> 
     </span>
     <span class='ocr_line' id='line_1_46' title="bbox 431 4381 3433 4403; baseline 0 0"><span class='ocrx_word' id='word_1_602' title='bbox 431 4381 473 4403; x_wconf 84' lang='lat' dir='ltr'><strong>n</strong></span> <span class='ocrx_word' id='word_1_603' title='bbox 590 4389 606 4403; x_wconf 73' lang='grc' dir='ltr'><strong><em>ι</em></strong></span> <span class='ocrx_word' id='word_1_604' title='bbox 818 4402 821 4403; x_wconf 67' lang='lat'>,</span> <span class='ocrx_word' id='word_1_605' title='bbox 872 4387 901 4403; x_wconf 69' lang='grc' dir='ltr'><strong><em>ει</em></strong></span> <span class='ocrx_word' id='word_1_606' title='bbox 953 4386 977 4403; x_wconf 71' lang='grc' dir='ltr'><strong><em>ρ</em></strong></span> <span class='ocrx_word' id='word_1_607' title='bbox 1264 4387 1312 4403; x_wconf 73' lang='grc' dir='ltr'><strong>ιι</strong></span> <span class='ocrx_word' id='word_1_608' title='bbox 1357 4391 1391 4403; x_wconf 72' lang='grc' dir='ltr'>,υ</span> <span class='ocrx_word' id='word_1_609' title='bbox 1592 4392 1640 4403; x_wconf 72' lang='grc' dir='ltr'>.ιι</span> <span class='ocrx_word' id='word_1_610' title='bbox 1683 4393 1713 4403; x_wconf 86' lang='grc'>..</span> <span class='ocrx_word' id='word_1_611' title='bbox 1834 4395 1889 4403; x_wconf 88' lang='grc'>-..</span> <span class='ocrx_word' id='word_1_612' title='bbox 2067 4392 2117 4403; x_wconf 60' lang='grc' dir='ltr'>ι.</span> <span class='ocrx_word' id='word_1_613' title='bbox 2243 4396 2252 4403; x_wconf 92' lang='grc'><strong>.</strong></span> <span class='ocrx_word' id='word_1_614' title='bbox 2516 4392 2528 4403; x_wconf 75' lang='grc' dir='ltr'><strong>ι</strong></span> <span class='ocrx_word' id='word_1_615' title='bbox 2628 4391 2638 4403; x_wconf 78' lang='grc' dir='ltr'><strong><em>ι</em></strong></span> <span class='ocrx_word' id='word_1_616' title='bbox 2848 4386 2888 4403; x_wconf 75' lang='lat' dir='ltr'><strong>n</strong></span> <span class='ocrx_word' id='word_1_617' title='bbox 2942 4402 2951 4403; x_wconf 32' lang='grc' dir='ltr'><em>κ</em></span> <span class='ocrx_word' id='word_1_618' title='bbox 3062 4386 3135 4403; x_wconf 73' lang='grc' dir='ltr'>οισι</span> <span class='ocrx_word' id='word_1_619' title='bbox 3229 4389 3239 4403; x_wconf 84' lang='grc' dir='ltr'>ι</span> <span class='ocrx_word' id='word_1_620' title='bbox 3328 4386 3339 4397; x_wconf 71' lang='grc' dir='ltr'>θ</span> <span class='ocrx_word' id='word_1_621' title='bbox 3419 4388 3433 4403; x_wconf 83' lang='grc' dir='ltr'>ι</span> 
     </span>
    </p>
   </div>
   <div class='ocr_carea' id='block_1_46' title="bbox 185 4366 3441 4460">
    <p class='ocr_par' dir='ltr' id='par_1_46' title="bbox 185 4366 3441 4460">
     <span class='ocr_line' id='line_1_47' title="bbox 185 4366 3441 4460; baseline 0.004 -34"><span class='ocrx_word' id='word_1_622' title='bbox 185 4366 317 4430; x_wconf 73' lang='lat' dir='ltr'>XLIX.</span> <span class='ocrx_word' id='word_1_623' title='bbox 339 4411 401 4421; x_wconf 95' lang='lat'><em>—</em></span> <span class='ocrx_word' id='word_1_624' title='bbox 428 4381 700 4450; x_wconf 70' lang='lat' dir='ltr'>Quantum</span> <span class='ocrx_word' id='word_1_625' title='bbox 729 4366 905 4455; x_wconf 75' lang='lat' dir='ltr'>prosit</span> <span class='ocrx_word' id='word_1_626' title='bbox 938 4366 1202 4458; x_wconf 64' lang='lat' dir='ltr'>frequens</span> <span class='ocrx_word' id='word_1_627' title='bbox 1223 4387 1418 4443; x_wconf 84' lang='lat' dir='ltr'>oblatio</span> <span class='ocrx_word' id='word_1_628' title='bbox 1460 4392 1730 4460; x_wconf 74' lang='lat' dir='ltr'>sacriﬁcii.</span> <span class='ocrx_word' id='word_1_629' title='bbox 1755 4366 1808 4403; x_wconf 70' lang='grc' dir='ltr'><em>υ</em></span> <span class='ocrx_word' id='word_1_630' title='bbox 1832 4395 2001 4449; x_wconf 88' lang='lat' dir='ltr'>litare</span> <span class='ocrx_word' id='word_1_631' title='bbox 2029 4392 2334 4448; x_wconf 87' lang='lat' dir='ltr'>videantur</span> <span class='ocrx_word' id='word_1_632' title='bbox 2364 4366 2598 4456; x_wconf 59' lang='lat' dir='ltr'>saeculo,</span> <span class='ocrx_word' id='word_1_633' title='bbox 2624 4366 2824 4443; x_wconf 75' lang='lat' dir='ltr'>tamen</span> <span class='ocrx_word' id='word_1_634' title='bbox 2845 4386 2962 4441; x_wconf 82' lang='lat' dir='ltr'>Deo</span> <span class='ocrx_word' id='word_1_635' title='bbox 2994 4386 3270 4455; x_wconf 88' lang='lat' dir='ltr'>militant,</span> <span class='ocrx_word' id='word_1_636' title='bbox 3297 4386 3441 4441; x_wconf 83' lang='lat' dir='ltr'>sicut</span> 
     </span>
    </p>
   </div>
   <div class='ocr_carea' id='block_1_47' title="bbox 237 4463 3442 4557">
    <p class='ocr_par' dir='ltr' id='par_1_47' title="bbox 237 4463 3442 4557">
     <span class='ocr_line' id='line_1_48' title="bbox 237 4463 3442 4557; baseline -0.002 -20"><span class='ocrx_word' id='word_1_637' title='bbox 237 4463 504 4557; x_wconf 52' lang='lat' dir='ltr'>Gregorius</span> <span class='ocrx_word' id='word_1_638' title='bbox 539 4474 600 4530; x_wconf 76' lang='lat' dir='ltr'>in</span> <span class='ocrx_word' id='word_1_639' title='bbox 630 4474 873 4531; x_wconf 72' lang='lat' dir='ltr'>hOmilia</span> <span class='ocrx_word' id='word_1_640' title='bbox 904 4478 970 4531; x_wconf 82' lang='lat'>37</span> <span class='ocrx_word' id='word_1_641' title='bbox 1003 4476 1449 4549; x_wconf 83' lang='lat' dir='ltr'>Evangeliorum</span> <span class='ocrx_word' id='word_1_642' title='bbox 1474 4497 1491 4533; x_wconf 82' lang='lat'><strong><em>:</em></strong></span> <span class='ocrx_word' id='word_1_643' title='bbox 1526 4499 1559 4532; x_wconf 82' lang='grc'><strong>&lt;&lt;</strong></span> <span class='ocrx_word' id='word_1_644' title='bbox 1591 4481 1733 4535; x_wconf 79' lang='grc' dir='ltr'>Ρθιι-</span> <span class='ocrx_word' id='word_1_645' title='bbox 1834 4486 1917 4541; x_wconf 89' lang='lat' dir='ltr'>ait</span> <span class='ocrx_word' id='word_1_646' title='bbox 1940 4485 2246 4557; x_wconf 82' lang='lat' dir='ltr'>Apostolus</span> <span class='ocrx_word' id='word_1_647' title='bbox 2285 4499 2297 4536; x_wconf 88' lang='lat'><strong>:</strong></span> <span class='ocrx_word' id='word_1_648' title='bbox 2330 4480 2505 4536; x_wconf 87' lang='lat' dir='ltr'>Nemo</span> <span class='ocrx_word' id='word_1_649' title='bbox 2535 4477 2777 4534; x_wconf 86' lang='lat' dir='ltr'>militans</span> <span class='ocrx_word' id='word_1_650' title='bbox 2800 4478 2914 4533; x_wconf 89' lang='lat' dir='ltr'>Deo</span> <span class='ocrx_word' id='word_1_651' title='bbox 2930 4478 3172 4550; x_wconf 81' lang='lat' dir='ltr'>implicat</span> <span class='ocrx_word' id='word_1_652' title='bbox 3200 4494 3253 4532; x_wconf 86' lang='lat' dir='ltr'>se</span> <span class='ocrx_word' id='word_1_653' title='bbox 3280 4493 3442 4547; x_wconf 84' lang='lat' dir='ltr'>nego-</span> 
     </span>
    </p>
   </div>
   <div class='ocr_carea' id='block_1_48' title="bbox 186 4553 3436 4641">
    <p class='ocr_par' dir='ltr' id='par_1_48' title="bbox 186 4553 3436 4641">
     <span class='ocr_line' id='line_1_49' title="bbox 186 4553 3436 4641; baseline 0.008 -36"><span class='ocrx_word' id='word_1_654' title='bbox 186 4553 522 4629; x_wconf 78' lang='lat' dir='ltr'>sate,iratres,</span> <span class='ocrx_word' id='word_1_655' title='bbox 565 4580 742 4635; x_wconf 90' lang='lat' dir='ltr'>quam</span> <span class='ocrx_word' id='word_1_656' title='bbox 766 4562 1085 4635; x_wconf 90' lang='lat' dir='ltr'>benignum</span> <span class='ocrx_word' id='word_1_657' title='bbox 1115 4566 1207 4634; x_wconf 91' lang='lat' dir='ltr'>sit,</span> <span class='ocrx_word' id='word_1_658' title='bbox 1240 4567 1396 4638; x_wconf 90' lang='lat' dir='ltr'>quod</span> <span class='ocrx_word' id='word_1_659' title='bbox 1418 4567 1462 4622; x_wconf 90' lang='lat' dir='ltr'>is</span> <span class='ocrx_word' id='word_1_660' title='bbox 1501 4568 1599 4640; x_wconf 89' lang='lat' dir='ltr'>qui</span> <span class='ocrx_word' id='word_1_661' title='bbox 1631 4570 1735 4626; x_wconf 87' lang='lat' dir='ltr'>ad-</span> <span class='ocrx_word' id='word_1_662' title='bbox 1836 4576 1922 4630; x_wconf 85' lang='lat' dir='ltr'>tiis</span> <span class='ocrx_word' id='word_1_663' title='bbox 1967 4553 2302 4629; x_wconf 60' lang='lat' dir='ltr'>sireularibus</span> <span class='ocrx_word' id='word_1_664' title='bbox 2346 4569 2427 4637; x_wconf 88' lang='lat' dir='ltr'>(II</span> <span class='ocrx_word' id='word_1_665' title='bbox 2466 4570 2608 4624; x_wconf 82' lang='lat' dir='ltr'>Tim.</span> <span class='ocrx_word' id='word_1_666' title='bbox 2649 4587 2709 4637; x_wconf 80' lang='grc' dir='ltr'>ιι,</span> <span class='ocrx_word' id='word_1_667' title='bbox 2737 4570 2808 4634; x_wconf 82' lang='grc'>4).</span> <span class='ocrx_word' id='word_1_668' title='bbox 2843 4568 3140 4637; x_wconf 78' lang='lat' dir='ltr'>Videmur,</span> <span class='ocrx_word' id='word_1_669' title='bbox 3168 4568 3436 4641; x_wconf 82' lang='lat' dir='ltr'>inquam,</span> 
     </span>
    </p>
   </div>
   <div class='ocr_carea' id='block_1_49' title="bbox 187 4646 3438 4725">
    <p class='ocr_par' dir='ltr' id='par_1_49' title="bbox 187 4646 3438 4725">
     <span class='ocr_line' id='line_1_50' title="bbox 187 4646 3438 4725; baseline 0.006 -33"><span class='ocrx_word' id='word_1_670' title='bbox 187 4646 319 4700; x_wconf 73' lang='lat' dir='ltr'>venlu</span> <span class='ocrx_word' id='word_1_671' title='bbox 342 4664 433 4706; x_wconf 90' lang='lat' dir='ltr'>suo</span> <span class='ocrx_word' id='word_1_672' title='bbox 456 4652 606 4707; x_wconf 90' lang='lat' dir='ltr'>valet</span> <span class='ocrx_word' id='word_1_673' title='bbox 635 4652 990 4725; x_wconf 90' lang='lat' dir='ltr'>opprimere,</span> <span class='ocrx_word' id='word_1_674' title='bbox 1016 4654 1204 4710; x_wconf 87' lang='lat' dir='ltr'>tardat</span> <span class='ocrx_word' id='word_1_675' title='bbox 1223 4655 1733 4715; x_wconf 81' lang='lat' dir='ltr'>venire.Mittamus</span> <span class='ocrx_word' id='word_1_676' title='bbox 1834 4679 1955 4718; x_wconf 92' lang='lat' dir='ltr'>non</span> <span class='ocrx_word' id='word_1_677' title='bbox 1981 4661 2254 4723; x_wconf 89' lang='lat' dir='ltr'>militare,</span> <span class='ocrx_word' id='word_1_678' title='bbox 2300 4658 2552 4713; x_wconf 89' lang='lat' dir='ltr'>remissis</span> <span class='ocrx_word' id='word_1_679' title='bbox 2593 4674 2657 4712; x_wconf 92' lang='lat' dir='ltr'>ac</span> <span class='ocrx_word' id='word_1_680' title='bbox 2697 4655 3012 4711; x_wconf 86' lang='lat' dir='ltr'>ﬂuentibus</span> <span class='ocrx_word' id='word_1_681' title='bbox 3046 4656 3255 4712; x_wconf 87' lang='lat' dir='ltr'>tunicis</span> <span class='ocrx_word' id='word_1_682' title='bbox 3288 4674 3302 4712; x_wconf 91' lang='lat'><strong>:</strong></span> <span class='ocrx_word' id='word_1_683' title='bbox 3336 4656 3438 4713; x_wconf 86' lang='lat' dir='ltr'>sed</span> 
     </span>
    </p>
   </div>
   <div class='ocr_carea' id='block_1_50' title="bbox 189 4725 3438 4818">
    <p class='ocr_par' dir='ltr' id='par_1_50' title="bbox 189 4725 3438 4818">
     <span class='ocr_line' id='line_1_51' title="bbox 189 4725 3438 4818; baseline 0.005 -29"><span class='ocrx_word' id='word_1_684' title='bbox 189 4725 731 4811; x_wconf 73' lang='lat' dir='ltr'>ldhunclegationem</span> <span class='ocrx_word' id='word_1_685' title='bbox 758 4745 1019 4797; x_wconf 88' lang='lat' dir='ltr'>nostram</span> <span class='ocrx_word' id='word_1_686' title='bbox 1048 4742 1265 4811; x_wconf 88' lang='lat' dir='ltr'>ﬂendo,</span> <span class='ocrx_word' id='word_1_687' title='bbox 1298 4744 1632 4813; x_wconf 90' lang='lat' dir='ltr'>tribuendo,</span> <span class='ocrx_word' id='word_1_688' title='bbox 1649 4764 1733 4804; x_wconf 89' lang='lat' dir='ltr'>sa-</span> <span class='ocrx_word' id='word_1_689' title='bbox 1832 4753 2112 4808; x_wconf 89' lang='lat' dir='ltr'>habemus</span> <span class='ocrx_word' id='word_1_690' title='bbox 2138 4749 2356 4804; x_wconf 66' lang='lat' dir='ltr'>militiae</span> <span class='ocrx_word' id='word_1_691' title='bbox 2384 4751 2595 4803; x_wconf 66' lang='lat' dir='ltr'>nostras</span> <span class='ocrx_word' id='word_1_692' title='bbox 2617 4748 3063 4818; x_wconf 89' lang='lat' dir='ltr'>cingulum,quo</span> <span class='ocrx_word' id='word_1_693' title='bbox 3084 4745 3438 4804; x_wconf 69' lang='lat' dir='ltr'>castimonia:</span> 
     </span>
    </p>
   </div>
   <div class='ocr_carea' id='block_1_51' title="bbox 188 4823 3437 4913">
    <p class='ocr_par' dir='ltr' id='par_1_51' title="bbox 188 4823 3437 4913">
     <span class='ocr_line' id='line_1_52' title="bbox 188 4823 3437 4913; baseline 0.003 -33"><span class='ocrx_word' id='word_1_694' title='bbox 188 4823 511 4913; x_wconf 12' lang='lat' dir='ltr'>c1&quot;il3‘hostias</span> <span class='ocrx_word' id='word_1_695' title='bbox 549 4830 866 4886; x_wconf 81' lang='lat' dir='ltr'>oﬁ&#39;erendo.</span> <span class='ocrx_word' id='word_1_696' title='bbox 916 4830 1300 4903; x_wconf 86' lang='lat' dir='ltr'>Singulariter</span> <span class='ocrx_word' id='word_1_697' title='bbox 1347 4850 1602 4907; x_wconf 85' lang='lat' dir='ltr'>namque</span> <span class='ocrx_word' id='word_1_698' title='bbox 1658 4838 1731 4893; x_wconf 87' lang='lat' dir='ltr'>ad</span> <span class='ocrx_word' id='word_1_699' title='bbox 1832 4840 2114 4897; x_wconf 90' lang='lat' dir='ltr'>interiora</span> <span class='ocrx_word' id='word_1_700' title='bbox 2134 4836 2620 4909; x_wconf 85' lang='lat' dir='ltr'>constringamus.</span> <span class='ocrx_word' id='word_1_701' title='bbox 2653 4836 2733 4890; x_wconf 93' lang='lat' dir='ltr'>De</span> <span class='ocrx_word' id='word_1_702' title='bbox 2767 4852 2880 4913; x_wconf 89' lang='lat' dir='ltr'>quo</span> <span class='ocrx_word' id='word_1_703' title='bbox 2899 4834 3131 4907; x_wconf 89' lang='lat' dir='ltr'>cingulo</span> <span class='ocrx_word' id='word_1_704' title='bbox 3156 4835 3437 4891; x_wconf 82' lang='lat' dir='ltr'>Dominus</span> 
     </span>
    </p>
   </div>
   <div class='ocr_carea' id='block_1_52' title="bbox 193 4903 3437 5000">
    <p class='ocr_par' dir='ltr' id='par_1_52' title="bbox 193 4903 3437 5000">
     <span class='ocr_line' id='line_1_53' title="bbox 193 4903 3437 5000; baseline 0.003 -30"><span class='ocrx_word' id='word_1_705' title='bbox 193 4903 551 5000; x_wconf 54' lang='grc' dir='ltr'>ιξηοιιιὶίοιιίξιιι</span> <span class='ocrx_word' id='word_1_706' title='bbox 575 4923 859 4985; x_wconf 88' lang='lat' dir='ltr'>nostram,</span> <span class='ocrx_word' id='word_1_707' title='bbox 883 4920 1074 4976; x_wconf 87' lang='lat' dir='ltr'>oblata</span> <span class='ocrx_word' id='word_1_708' title='bbox 1091 4938 1223 4977; x_wconf 91' lang='lat' dir='ltr'>cum</span> <span class='ocrx_word' id='word_1_709' title='bbox 1253 4903 1527 4996; x_wconf 69' lang='lat' dir='ltr'>Iacrymis</span> <span class='ocrx_word' id='word_1_710' title='bbox 1550 4926 1732 4982; x_wconf 86' lang='lat' dir='ltr'>etbe-</span> <span class='ocrx_word' id='word_1_711' title='bbox 1832 4932 1913 4986; x_wconf 91' lang='lat' dir='ltr'>ait</span> <span class='ocrx_word' id='word_1_712' title='bbox 1937 4949 1949 4987; x_wconf 90' lang='lat'><strong>:</strong></span> <span class='ocrx_word' id='word_1_713' title='bbox 1972 4932 2095 4988; x_wconf 82' lang='lat' dir='ltr'>Sint</span> <span class='ocrx_word' id='word_1_714' title='bbox 2125 4929 2294 4983; x_wconf 88' lang='lat' dir='ltr'>lumbi</span> <span class='ocrx_word' id='word_1_715' title='bbox 2320 4903 2479 4982; x_wconf 67' lang='lat' dir='ltr'>vestri</span> <span class='ocrx_word' id='word_1_716' title='bbox 2491 4903 2854 4997; x_wconf 37' lang='lat' dir='ltr'>praecinctura</span> <span class='ocrx_word' id='word_1_717' title='bbox 2876 4903 3097 4980; x_wconf 55' lang='lat' dir='ltr'>lucernae</span> <span class='ocrx_word' id='word_1_718' title='bbox 3114 4925 3356 4980; x_wconf 81' lang='lat' dir='ltr'>ardentes</span> <span class='ocrx_word' id='word_1_719' title='bbox 3381 4927 3437 4980; x_wconf 90' lang='lat' dir='ltr'>in</span> 
     </span>
    </p>
   </div>
   <div class='ocr_carea' id='block_1_53' title="bbox 192 4999 3434 5091">
    <p class='ocr_par' dir='ltr' id='par_1_53' title="bbox 192 4999 3434 5091">
     <span class='ocr_line' id='line_1_54' title="bbox 192 4999 3434 5091; baseline -0.002 -17"><span class='ocrx_word' id='word_1_720' title='bbox 192 4999 417 5091; x_wconf 52' lang='lat' dir='ltr'>11‘5&quot;th</span> <span class='ocrx_word' id='word_1_721' title='bbox 462 5008 691 5075; x_wconf 64' lang='grc' dir='ltr'>ῐηθηιίδν</span> <span class='ocrx_word' id='word_1_722' title='bbox 725 5008 869 5063; x_wconf 65' lang='lat' dir='ltr'>sacri</span> <span class='ocrx_word' id='word_1_723' title='bbox 905 5010 1097 5064; x_wconf 64' lang='lat' dir='ltr'>altaris</span> <span class='ocrx_word' id='word_1_724' title='bbox 1137 5012 1324 5067; x_wconf 67' lang='lat' dir='ltr'>hOStia</span> <span class='ocrx_word' id='word_1_725' title='bbox 1363 5012 1728 5085; x_wconf 70' lang='lat' dir='ltr'>suffragatur,</span> <span class='ocrx_word' id='word_1_726' title='bbox 1832 5022 2077 5077; x_wconf 85' lang='lat' dir='ltr'>manibus</span> <span class='ocrx_word' id='word_1_727' title='bbox 2128 5021 2307 5074; x_wconf 82' lang='lat' dir='ltr'>vestris</span> <span class='ocrx_word' id='word_1_728' title='bbox 2359 5016 2515 5088; x_wconf 88' lang='lat' dir='ltr'>(Luc.</span> <span class='ocrx_word' id='word_1_729' title='bbox 2575 5033 2669 5083; x_wconf 80' lang='lat' dir='ltr'>xu,</span> <span class='ocrx_word' id='word_1_730' title='bbox 2727 5016 2836 5085; x_wconf 74' lang='lat'>35).</span> <span class='ocrx_word' id='word_1_731' title='bbox 2860 5017 3006 5071; x_wconf 85' lang='lat' dir='ltr'>Nam</span> <span class='ocrx_word' id='word_1_732' title='bbox 3035 5018 3093 5070; x_wconf 90' lang='lat' dir='ltr'>et</span> <span class='ocrx_word' id='word_1_733' title='bbox 3120 5015 3434 5071; x_wconf 91' lang='lat' dir='ltr'>catholicus</span> 
     </span>
    </p>
   </div>
   <div class='ocr_carea' id='block_1_54' title="bbox 194 5086 3434 5172">
    <p class='ocr_par' dir='ltr' id='par_1_54' title="bbox 194 5086 3434 5172">
     <span class='ocr_line' id='line_1_55' title="bbox 194 5086 3434 5172; baseline 0.003 -24"><span class='ocrx_word' id='word_1_734' title='bbox 194 5086 344 5172; x_wconf 51' lang='lat' dir='ltr'>‘l‘f&#39;lais</span> <span class='ocrx_word' id='word_1_735' title='bbox 361 5094 445 5164; x_wconf 87' lang='lat' dir='ltr'>qui</span> <span class='ocrx_word' id='word_1_736' title='bbox 466 5095 523 5149; x_wconf 94' lang='lat' dir='ltr'>in</span> <span class='ocrx_word' id='word_1_737' title='bbox 540 5113 600 5151; x_wconf 92' lang='lat' dir='ltr'>se</span> <span class='ocrx_word' id='word_1_738' title='bbox 615 5114 857 5169; x_wconf 88' lang='lat' dir='ltr'>surgens</span> <span class='ocrx_word' id='word_1_739' title='bbox 874 5114 907 5152; x_wconf 91' lang='lat' dir='ltr'>a</span> <span class='ocrx_word' id='word_1_740' title='bbox 923 5099 1163 5155; x_wconf 89' lang='lat' dir='ltr'>mortuis</span> <span class='ocrx_word' id='word_1_741' title='bbox 1181 5100 1306 5172; x_wconf 89' lang='lat' dir='ltr'>jam</span> <span class='ocrx_word' id='word_1_742' title='bbox 1322 5117 1440 5156; x_wconf 92' lang='lat' dir='ltr'>non</span> <span class='ocrx_word' id='word_1_743' title='bbox 1459 5103 1726 5172; x_wconf 88' lang='lat' dir='ltr'>moritur,</span> <span class='ocrx_word' id='word_1_744' title='bbox 1831 5111 2067 5167; x_wconf 88' lang='lat' dir='ltr'>clericus</span> <span class='ocrx_word' id='word_1_745' title='bbox 2096 5110 2200 5164; x_wconf 83' lang='lat' dir='ltr'>hac</span> <span class='ocrx_word' id='word_1_746' title='bbox 2232 5086 2519 5163; x_wconf 82' lang='lat' dir='ltr'>sententia</span> <span class='ocrx_word' id='word_1_747' title='bbox 2545 5105 2845 5160; x_wconf 89' lang='lat' dir='ltr'>retinetur.</span> <span class='ocrx_word' id='word_1_748' title='bbox 2873 5104 2930 5159; x_wconf 89' lang='lat' dir='ltr'>Si</span> <span class='ocrx_word' id='word_1_749' title='bbox 2957 5104 3116 5159; x_wconf 89' lang='lat' dir='ltr'>enim</span> <span class='ocrx_word' id='word_1_750' title='bbox 3151 5122 3267 5160; x_wconf 94' lang='lat' dir='ltr'>non</span> <span class='ocrx_word' id='word_1_751' title='bbox 3298 5120 3434 5159; x_wconf 90' lang='lat' dir='ltr'>con-</span> 
     </span>
    </p>
   </div>
   <div class='ocr_carea' id='block_1_55' title="bbox 194 5170 3427 5269">
    <p class='ocr_par' dir='ltr' id='par_1_55' title="bbox 194 5170 3427 5269">
     <span class='ocr_line' id='line_1_56' title="bbox 194 5170 3427 5269; baseline -0.005 -5"><span class='ocrx_word' id='word_1_752' title='bbox 194 5170 667 5269; x_wconf 46' lang='grc' dir='ltr'>ῗᾳδυθρθτὶιθιηοίη</span> <span class='ocrx_word' id='word_1_753' title='bbox 685 5203 788 5242; x_wconf 70' lang='grc' dir='ltr'>δυο</span> <span class='ocrx_word' id='word_1_754' title='bbox 804 5188 1074 5258; x_wconf 60' lang='lat' dir='ltr'>mysterio</span> <span class='ocrx_word' id='word_1_755' title='bbox 1094 5170 1197 5259; x_wconf 68' lang='grc' dir='ltr'>Ρΐό</span> <span class='ocrx_word' id='word_1_756' title='bbox 1222 5190 1389 5247; x_wconf 70' lang='lat' dir='ltr'>DObiS</span> <span class='ocrx_word' id='word_1_757' title='bbox 1411 5190 1622 5246; x_wconf 73' lang='lat' dir='ltr'>ilcl‘ﬂm</span> <span class='ocrx_word' id='word_1_758' title='bbox 1636 5170 1730 5264; x_wconf 66' lang='lat' dir='ltr'>pa-</span> <span class='ocrx_word' id='word_1_759' title='bbox 1829 5203 2021 5256; x_wconf 87' lang='lat' dir='ltr'>tentus</span> <span class='ocrx_word' id='word_1_760' title='bbox 2051 5196 2349 5269; x_wconf 88' lang='lat' dir='ltr'>stipendiis</span> <span class='ocrx_word' id='word_1_761' title='bbox 2377 5195 2549 5251; x_wconf 86' lang='lat' dir='ltr'>fuerit</span> <span class='ocrx_word' id='word_1_762' title='bbox 2580 5212 2707 5267; x_wconf 69' lang='lat' dir='ltr'>quae</span> <span class='ocrx_word' id='word_1_763' title='bbox 2730 5194 2800 5248; x_wconf 91' lang='lat' dir='ltr'>de</span> <span class='ocrx_word' id='word_1_764' title='bbox 2832 5193 3035 5249; x_wconf 92' lang='lat' dir='ltr'>altario</span> <span class='ocrx_word' id='word_1_765' title='bbox 3065 5193 3313 5248; x_wconf 91' lang='lat' dir='ltr'>Domino</span> <span class='ocrx_word' id='word_1_766' title='bbox 3330 5192 3427 5263; x_wconf 90' lang='lat' dir='ltr'>ju-</span> 
     </span>
    </p>
   </div>
   <div class='ocr_carea' id='block_1_56' title="bbox 192 5257 3425 5359">
    <p class='ocr_par' dir='ltr' id='par_1_56' title="bbox 192 5257 3425 5359">
     <span class='ocr_line' id='line_1_57' title="bbox 192 5257 3425 5359; baseline 0.001 -25"><span class='ocrx_word' id='word_1_767' title='bbox 192 5257 312 5319; x_wconf 59' lang='grc' dir='ltr'>ίιίιπ-</span> <span class='ocrx_word' id='word_1_768' title='bbox 329 5269 452 5329; x_wconf 72' lang='lat' dir='ltr'>Nam</span> <span class='ocrx_word' id='word_1_769' title='bbox 469 5276 691 5347; x_wconf 86' lang='lat' dir='ltr'>quoties</span> <span class='ocrx_word' id='word_1_770' title='bbox 710 5276 763 5331; x_wconf 86' lang='lat' dir='ltr'>ei</span> <span class='ocrx_word' id='word_1_771' title='bbox 801 5276 1049 5332; x_wconf 84' lang='lat' dir='ltr'>hostiam</span> <span class='ocrx_word' id='word_1_772' title='bbox 1084 5295 1200 5333; x_wconf 66' lang='lat' dir='ltr'>suae</span> <span class='ocrx_word' id='word_1_773' title='bbox 1242 5280 1522 5351; x_wconf 90' lang='lat' dir='ltr'>passionis</span> <span class='ocrx_word' id='word_1_774' title='bbox 1544 5280 1730 5339; x_wconf 75' lang='lat' dir='ltr'>offeri-</span> <span class='ocrx_word' id='word_1_775' title='bbox 1827 5289 2001 5344; x_wconf 90' lang='lat' dir='ltr'>bente</span> <span class='ocrx_word' id='word_1_776' title='bbox 2024 5257 2414 5359; x_wconf 50' lang='lat' dir='ltr'>con-sequitur,</span> <span class='ocrx_word' id='word_1_777' title='bbox 2442 5285 2543 5341; x_wconf 91' lang='lat' dir='ltr'>sed</span> <span class='ocrx_word' id='word_1_778' title='bbox 2565 5287 2791 5340; x_wconf 81' lang='lat' dir='ltr'>exercet</span> <span class='ocrx_word' id='word_1_779' title='bbox 2814 5282 3261 5339; x_wconf 88' lang='lat' dir='ltr'>mercimonium</span> <span class='ocrx_word' id='word_1_780' title='bbox 3289 5280 3425 5355; x_wconf 89' lang='grc'><strong>(46),</strong></span> 
     </span>
    </p>
   </div>
   <div class='ocr_carea' id='block_1_57' title="bbox 195 5360 3428 5443">
    <p class='ocr_par' dir='ltr' id='par_1_57' title="bbox 195 5360 3428 5443">
     <span class='ocr_line' id='line_1_58' title="bbox 195 5360 3428 5443; baseline 0.005 -30"><span class='ocrx_word' id='word_1_781' title='bbox 195 5360 307 5421; x_wconf 72' lang='grc' dir='ltr'>ωηε,</span> <span class='ocrx_word' id='word_1_782' title='bbox 325 5361 472 5419; x_wconf 86' lang='lat' dir='ltr'>toties</span> <span class='ocrx_word' id='word_1_783' title='bbox 488 5363 657 5420; x_wconf 88' lang='lat' dir='ltr'>nobis</span> <span class='ocrx_word' id='word_1_784' title='bbox 676 5365 750 5422; x_wconf 86' lang='lat' dir='ltr'>ad</span> <span class='ocrx_word' id='word_1_785' title='bbox 769 5366 1191 5422; x_wconf 88' lang='lat' dir='ltr'>absolutionem</span> <span class='ocrx_word' id='word_1_786' title='bbox 1213 5372 1477 5425; x_wconf 89' lang='lat' dir='ltr'>nostram</span> <span class='ocrx_word' id='word_1_787' title='bbox 1518 5372 1728 5443; x_wconf 86' lang='lat' dir='ltr'>passio-</span> <span class='ocrx_word' id='word_1_788' title='bbox 1828 5376 2266 5433; x_wconf 88' lang='lat' dir='ltr'>intercessiones</span> <span class='ocrx_word' id='word_1_789' title='bbox 2296 5376 2371 5431; x_wconf 89' lang='lat' dir='ltr'>ad</span> <span class='ocrx_word' id='word_1_790' title='bbox 2394 5375 2707 5430; x_wconf 90' lang='lat' dir='ltr'>Dominum</span> <span class='ocrx_word' id='word_1_791' title='bbox 2738 5373 2955 5440; x_wconf 86' lang='lat' dir='ltr'>vendit,</span> <span class='ocrx_word' id='word_1_792' title='bbox 2982 5372 3287 5431; x_wconf 80' lang='lat' dir='ltr'>viduarum</span> <span class='ocrx_word' id='word_1_793' title='bbox 3303 5388 3428 5433; x_wconf 84' lang='lat' dir='ltr'>mu-</span> 
     </span>
    </p>
   </div>
   <div class='ocr_carea' id='block_1_58' title="bbox 196 5478 3423 5601">
    <p class='ocr_par' dir='ltr' id='par_1_58' title="bbox 196 5478 3423 5601">
     <span class='ocr_line' id='line_1_59' title="bbox 196 5478 3423 5600; baseline 0.005 -59"><span class='ocrx_word' id='word_1_794' title='bbox 196 5478 338 5600; x_wconf 56' lang='lat' dir='ltr'>mliﬁ)</span> <span class='ocrx_word' id='word_1_795' title='bbox 380 5485 592 5573; x_wconf 70' lang='lat' dir='ltr'>Exercet</span> <span class='ocrx_word' id='word_1_796' title='bbox 631 5492 1057 5572; x_wconf 71' lang='lat' dir='ltr'>mercimonium.</span> <span class='ocrx_word' id='word_1_797' title='bbox 1115 5493 1338 5550; x_wconf 92' lang='lat' dir='ltr'>Similia</span> <span class='ocrx_word' id='word_1_798' title='bbox 1388 5497 1509 5552; x_wconf 86' lang='lat' dir='ltr'>fere</span> <span class='ocrx_word' id='word_1_799' title='bbox 1552 5497 1729 5552; x_wconf 89' lang='lat' dir='ltr'>habet</span> <span class='ocrx_word' id='word_1_800' title='bbox 1828 5521 1926 5559; x_wconf 86' lang='lat' dir='ltr'>eos</span> <span class='ocrx_word' id='word_1_801' title='bbox 1956 5503 2052 5585; x_wconf 83' lang='lat' dir='ltr'>qui</span> <span class='ocrx_word' id='word_1_802' title='bbox 2082 5500 2443 5573; x_wconf 87' lang='lat' dir='ltr'>propudiosis</span> <span class='ocrx_word' id='word_1_803' title='bbox 2472 5503 2757 5580; x_wconf 84' lang='lat' dir='ltr'>obsequiis</span> <span class='ocrx_word' id='word_1_804' title='bbox 2777 5506 3080 5562; x_wconf 83' lang='lat' dir='ltr'>viduarum</span> <span class='ocrx_word' id='word_1_805' title='bbox 3100 5497 3423 5561; x_wconf 71' lang='lat' dir='ltr'>hcereditati</span> 
     </span>
     <span class='ocr_line' id='line_1_60' title="bbox 244 5564 2254 5601; baseline 0 0"><span class='ocrx_word' id='word_1_806' title='bbox 244 5564 505 5601; x_wconf 72' lang='lat' dir='ltr'>eromva</span> <span class='ocrx_word' id='word_1_807' title='bbox 524 5565 832 5601; x_wconf 69' lang='lat' dir='ltr'>unamelnln</span> <span class='ocrx_word' id='word_1_808' title='bbox 863 5564 927 5601; x_wconf 69' lang='lat' dir='ltr'>nd</span> <span class='ocrx_word' id='word_1_809' title='bbox 966 5565 1346 5601; x_wconf 69' lang='lat' dir='ltr'>Nanniinnnm</span> <span class='ocrx_word' id='word_1_810' title='bbox 1378 5574 1573 5601; x_wconf 52' lang='lat' dir='ltr'>nne-adma</span> <span class='ocrx_word' id='word_1_811' title='bbox 1605 5570 1719 5601; x_wconf 57' lang='grc' dir='ltr'>ηιη,</span> <span class='ocrx_word' id='word_1_812' title='bbox 1814 5575 2254 5601; x_wconf 69' lang='grc' dir='ltr'>-ι...;.ι...ι-....ι....</span> 
     </span>
    </p>
   </div>
   <div class='ocr_carea' id='block_1_59' title="bbox 218 5564 2272 5646">
    <p class='ocr_par' dir='ltr' id='par_1_59' title="bbox 218 5564 2272 5646">
     <span class='ocr_line' id='line_1_61' title="bbox 218 5564 2272 5646; baseline 0.009 -44"><span class='ocrx_word' id='word_1_813' title='bbox 218 5564 505 5646; x_wconf 35' lang='lat' dir='ltr'>paeni-.onj&#39;mus</span> <span class='ocrx_word' id='word_1_814' title='bbox 524 5564 838 5646; x_wconf 79' lang='lat' dir='ltr'>inepistola</span> <span class='ocrx_word' id='word_1_815' title='bbox 861 5564 932 5619; x_wconf 91' lang='lat' dir='ltr'>ad</span> <span class='ocrx_word' id='word_1_816' title='bbox 963 5565 1352 5646; x_wconf 71' lang='lat' dir='ltr'>Nepotianum</span> <span class='ocrx_word' id='word_1_817' title='bbox 1377 5574 1579 5646; x_wconf 82' lang='lat' dir='ltr'>contra</span> <span class='ocrx_word' id='word_1_818' title='bbox 1605 5570 1720 5646; x_wconf 84' lang='lat' dir='ltr'>cle-</span> <span class='ocrx_word' id='word_1_819' title='bbox 1811 5564 2272 5633; x_wconf 62' lang='lat' dir='ltr'>obsidiabfmtﬁr,</span> 
     </span>
    </p>
   </div>
   <div class='ocr_carea' id='block_1_60' title="bbox 195 5629 1727 5711">
    <p class='ocr_par' dir='ltr' id='par_1_60' title="bbox 195 5629 1727 5711">
     <span class='ocr_line' id='line_1_62' title="bbox 195 5629 1727 5711; baseline 0.016 -39"><span class='ocrx_word' id='word_1_820' title='bbox 195 5629 303 5678; x_wconf 79' lang='lat' dir='ltr'>neos</span> <span class='ocrx_word' id='word_1_821' title='bbox 321 5629 688 5703; x_wconf 77' lang='lat' dir='ltr'>negotiatores</span> <span class='ocrx_word' id='word_1_822' title='bbox 708 5636 878 5709; x_wconf 87' lang='lat' dir='ltr'>atque</span> <span class='ocrx_word' id='word_1_823' title='bbox 902 5629 1153 5693; x_wconf 71' lang='lat' dir='ltr'>avarities</span> <span class='ocrx_word' id='word_1_824' title='bbox 1180 5637 1424 5711; x_wconf 89' lang='lat' dir='ltr'>deditos,</span> <span class='ocrx_word' id='word_1_825' title='bbox 1446 5644 1504 5698; x_wconf 89' lang='lat' dir='ltr'>et</span> <span class='ocrx_word' id='word_1_826' title='bbox 1522 5643 1727 5705; x_wconf 81' lang='lat' dir='ltr'>contra</span> 
     </span>
    </p>
   </div>
  </div>
