3922 6168
519 405 620 464 507

1547 409 1605 465 S.
1643 407 1936 464 ABBONIS
1975 409 2261 466 ABBATIS
2301 408 2802 468 FLORIACENSIS
3662 423 3743 476 508

519 545 661 583 nera
701 527 949 583 libenter
1001 529 1386 600 amplectitur,
1431 529 1524 584 hic
1573 530 1902 600 negotiator
1932 530 2117 602 magis
2135 541 2190 599 Α
2220 530 2746 586 dimcntaalliciant
2769 546 2942 602 quam
2971 531 3384 586 tormenta.Nec
3403 531 3612 589 interest
3627 539 3746 608 apud

517 618 706 686 potest
734 615 913 670 videri
941 633 1115 687 quam
1149 617 1405 672 clericus.
1431 618 1544 672 Nec
1570 617 1758 696 dicere
1782 635 2082 688 possumus
2110 636 2122 674 :

519 703 699 757 Nemo
717 720 823 758 nos
845 704 1133 759 invasores
1150 706 1340 776 arguit
1358 706 1862 772 violentiae,nullus
1877 712 2122 762 accusat.

519 790 690 854 Quasi
709 808 828 846 non
854 792 1145 848 interdum
1171 795 1457 864 majorem
1477 795 1737 865 praedam
1769 795 1952 850 viduis
1967 797 2128 850 blan-

2183 681 2186 683 ,
2227 619 2540 674 Dominum
2583 622 2778 674 utrum
2818 619 2869 672 vi
2913 636 2985 673 an
3034 619 3498 676 circumventione
3541 625 3646 694 quis
3679 642 3750 679 res

2229 708 2446 761 alienas
2491 711 2750 778 occupet,
2813 707 3127 762 dummodo
3159 724 3379 780 quoquo
3406 715 3554 781 pacto
3597 716 3754 768 teneat
3839 741 3849 745 -

2229 795 2480 851 alienum
2493 836 2506 849 .
2539 818 2568 844 ν

1031 1126 1487 1266 VITA
1577 1127 2243 1266 SANCTI
2331 1128 3312 1268 EA‘DMUNDI

1613 1341 1810 1388 REGIS
1855 1341 2234 1388 ANGLORUM
2275 1342 2359 1387 ET
2402 1341 2744 1388 MARTYRIS

1127 1461 1510 1521 AUCTORE
1555 1461 1872 1522 SANCTO
1919 1462 2247 1521 ABBONE
2289 1463 2610 1522 ABBATE
2654 1461 3220 1525 FLORIACENSI.

1331 1585 1513 1658 (Apud
1543 1585 1799 1654 Surium,
1827 1586 1970 1641 Acta
1999 1594 2324 1655 sanctorum,
2355 1587 2427 1642 ad
2455 1587 2610 1642 diem
2643 1590 2712 1643 2O
2740 1589 3032 1661 novemb.)

1582 1863 2185 1952 PBEFATIO
2249 1864 2813 1953 AUCTORIS

1260 2047 1354 2102 AD
1385 2047 1817 2104 DUNSTANUM
1853 2046 2464 2103 ARCHIEPISCOPUM
2497 2045 3094 2102 CANTUARIENSEM.

582 2290 831 2346 Domino
858 2294 1069 2345 sanctae
1089 2290 1552 2360 metropolitani}:
1583 2291 2112 2345 Dorobernensium
2134 2296 2185 2354 B
2218 2291 2322 2345 tati
2356 2291 2718 2359 incumbere,
2749 2297 2810 2348 ut
2842 2309 3046 2348 eorum
3071 2292 3319 2347 ferventi
3352 2289 3615 2347 desiderio
3644 2287 3774 2342 satis-

506 2379 767 2434 Ecclesize
800 2379 1226 2452 archiepiscopo
1255 2381 1568 2445 DUNSTANO,
1602 2395 1734 2432 vere
1766 2379 2023 2432 moribus
2055 2381 2115 2433 et

511 2470 681 2522 astate
714 2471 963 2529 maturo.
1000 2471 1150 2522 Anno
1180 2466 1553 2521 Floriacensis
1584 2467 1902 2521 monachus
1924 2467 2112 2534 levita,

513 2554 618 2610 etsi
647 2554 938 2625 indignus.
968 2558 1014 2609 Α
1063 2555 1284 2609 Christo
1325 2555 1574 2610 Domino
1621 2554 1908 2626 irriguum
1947 2571 2115 2626 supe-

512 2641 630 2696 rius
655 2647 714 2697 et
744 2642 1026 2714 irriguum
1058 2643 1316 2698 inferius.

587 2734 917 2805 Postquam,
975 2750 1009 2788 a
1065 2737 1144 2797 te,
1194 2732 1537 2788 venerabilis
1587 2734 1778 2811 Pater,
1833 2733 2118 2804 digressus

509 2838 637 2877 sum
667 2838 799 2877 cum
854 2823 1034 2876 multa
1065 2821 1359 2876 alacritate
1392 2821 1600 2887 cordis,
1633 2824 1693 2875 et
1723 2821 1795 2875 ad
1824 2824 2115 2875 monaste-

509 2911 685 2979 rium,
741 2911 898 2983 quod
945 2911 1117 2978 nosti,
1175 2911 1417 2966 festinus
1465 2911 1632 2977 redii,
1680 2914 1979 2983 cmperunt
2022 2927 2116 2963 me

511 2999 718 3055 obnixe
751 3000 788 3053 ii
818 3016 946 3054 cum
981 3000 1188 3072 quibus
1217 3002 1478 3054 fraterna
1531 2999 1810 3053 charitate
1852 3000 2118 3053 detentus

507 3089 854 3160 hospitando
909 3091 1187 3143 hactenus
1244 3089 1397 3159 degi,
1451 3089 1676 3159 pulsare
1716 3105 1893 3142 manu
1937 3086 2118 3141 sancti

508 3177 810 3244 Desiderii,
830 3181 892 3230 ut
915 3177 1270 3231 mirabilium
1297 3177 1603 3248 patratoris
1623 3176 1944 3230 Eadmundi
1969 3175 2120 3245 regis

508 3268 569 3321 et
585 3266 856 3337 martyris
873 3265 1202 3337 passionem
1226 3264 1429 3318 litteris
1449 3265 1771 3334 digererem
1784 3277 2121 3329 ,asserentes

505 3353 568 3408 id
599 3354 844 3424 posteris
870 3354 1262 3423 profuturum,
1293 3352 1392 3405 tibi
1412 3355 1668 3422 gratum,
1693 3369 1755 3406 ac
1773 3369 1917 3407 mea:
1931 3350 2121 3422 parvi-

507 3439 643 3494 tatis
678 3441 832 3511 apud
871 3441 1194 3511 Anglorum
1224 3440 1498 3494 Ecclesias
1524 3456 1640 3493 non
1673 3439 1872 3494 inutile
1911 3456 2118 3493 monu-

513 3530 804 3582 mentum.
837 3527 1155 3582 Audierant
1181 3528 1339 3582 enim
1371 3528 1524 3599 quod
1545 3528 1670 3597 jam
1689 3527 2120 3598 pluribusigno-

2215 2380 2572 2448 facerem,ac
2603 2399 2708 2452 pro
2733 2381 2938 2435 virium
2971 2381 3244 2436 facultate
3277 2385 3559 2436 tantorum
3577 2390 3774 2448 operum

2217 2468 2421 2521 seriem
2438 2469 2619 2538 perire
2634 2486 2751 2524 non
2763 2469 3032 2524 sinerem.
3043 2469 3301 2533 Quorum
3315 2467 3681 2541 petitionicum
3693 2478 3773 2534 pro

2219 2555 2302 2608 sui
2330 2556 2652 2610 reverentia
2673 2559 2888 2612 nollem
2907 2558 3304 2612 contradicere
3325 2575 3338 2625 ;
3367 2553 3672 2628 posthabitis
3691 2549 3772 2604 ali-

2219 2646 2563 2713 quantulum
2591 2647 2951 2700 saecularium
2983 2647 3309 2700 litterarum
3331 2643 3538 2709 studiis,
3564 2638 3698 2714 quasi
3719 2636 3774 2691 ad

2220 2732 2557 2787 interiorem
2590 2735 2801 2788 animae
2834 2734 3262 2805 philosophiam
3295 2751 3388 2789 me
3412 2731 3627 2796 contuli,
3669 2727 3778 2781 dum

2222 2822 2363 2892 ejus,
2397 2822 2492 2894 qui
2539 2839 2670 2876 vere
2703 2823 3138 2894 philosophatus
3165 2827 3252 2877 est
3303 2822 3361 2876 in
3404 2823 3600 2876 throno
3630 2813 3774 2886 regni,

2221 2909 2456 2963 virtutes
2487 2911 2734 2964 scribere
2758 2911 3028 2982 preposui
3049 2927 3060 2964 :
3083 2912 3338 2965 maxime
3369 2915 3555 2964 tamen
3578 2921 3662 2959 eas
3678 2917 3776 2973 quae

2221 3001 2352 3068 post
2377 2998 2498 3068 ejus
2528 2998 2751 3052 obitum
2783 3000 2975 3053 saeculi
2995 2999 3273 3054 inaudita:
3289 3000 3450 3053 facta:
3464 2991 3772 3064 suntzquibus

2223 3103 2398 3140 nemo
2431 3087 2710 3155 crederet,
2741 3087 2845 3141 nisi
2875 3104 2969 3141 eas
3000 3090 3124 3142 tuas
3151 3081 3776 3147 assertionesirrefraga-

2222 3174 2350 3228 bilis
2397 3175 2709 3230 auctoritas
2761 3177 3106 3231 roborasset.
3163 3176 3461 3248 Siquidem
3497 3177 3570 3240 tu,
3602 3168 3678 3223 cui
3703 3163 3775 3219 nix

2223 3263 2425 3333 capitis
2454 3265 2608 3319 credi
2644 3265 2958 3337 compellit,
3016 3265 3251 3336 quando
3301 3262 3579 3319 referebas
3622 3258 3682 3312 de
3708 3269 3774 3318 ea,

2224 3366 2352 3422 qua:
2383 3367 2536 3405 nunc
2568 3351 3111 3422 est,incorruptione
3144 3350 3555 3422 regis,quidam
3575 3343 3777 3412 diligen-

2222 3438 2332 3491 tius
2381 3439 2678 3511 requisivit
2709 3443 2904 3494 utrum
2938 3441 3060 3494 hac
3091 3439 3171 3493 ita
3216 3457 3341 3494 esse
3374 3437 3611 3510 possent.
3641 3429 3778 3498 Cujus

2223 3527 2555 3598 quaestionis
2611 3527 2959 3598 ambiguum
3017 3528 3212 3581 volens
3244 3542 3507 3598 purgare,
3554 3526 3610 3575 tu
3640 3518 3778 3570 vastm

508 3619 722 3682 ratam,
755 3631 789 3669 a
822 3615 1063 3669 nemine
1094 3615 1390 3686 scriptam,
1424 3620 1521 3670 tua
1558 3617 1828 3670 sanctitas
1863 3634 1930 3670 ex
1968 3616 2118 3670 anti-
2141 3611 2188 3670 C
2222 3615 2444 3684 peritiae
2469 3616 2786 3670 sacrarium
2811 3633 2915 3687 pro
2943 3619 3254 3688 [reserans]
3273 3615 3528 3685 exemplo
3543 3601 3775 3679 adjecisti.

509 3703 746 3776 quitatis
776 3703 1064 3758 memoria
1091 3705 1412 3770 collectam,
1441 3704 1812 3759 historialiter
1842 3722 1936 3760 me
1968 3721 2115 3776 prm-

507 3796 669 3848 sente
691 3793 979 3848 retulisset
1010 3792 1248 3848 domino
1283 3794 1547 3847 Rosensis
1598 3795 1858 3848 Ecclesiae
1898 3795 2120 3865 episco-

504 3897 602 3954 po,
618 3885 675 3936 et
701 3882 893 3936 abbati
919 3883 1255 3937 monasterii
1287 3883 1441 3954 quod
1455 3883 1662 3936 dicitur
1679 3883 2114 3954 Mealmesbyry,

504 3986 571 4025 ac
611 3970 738 4026 aliis
793 3970 1012 4026 circum
1054 3970 1468 4037 assistentibus,
1515 3971 1659 4025 sicut
1684 3975 1813 4024 tuus
1851 3987 1979 4025 mos
2006 3974 2114 4038 est,

502 4059 777 4114 fratribus
808 4077 955 4130 quos
987 4060 1195 4130 pabulo
1230 4059 1408 4114 divini
1440 4059 1597 4113 verbi
1631 4059 1833 4114 Latina
1860 4063 1917 4113 et
1931 4060 2119 4130 patria

500 4145 702 4218 lingua
742 4163 977 4218 pascere
1006 4164 1124 4202 non
1157 4148 1386 4202 desinis.
1425 4147 1638 4211 Quibus
1679 4148 1952 4202 fatebaris
1981 4165 2114 4202 ocu-

500 4235 589 4288 los
615 4235 861 4289 sufl‘usus
889 4237 1158 4306 lacrymis
1188 4237 1344 4308 quod
1366 4253 1496 4291 eam
1519 4236 1724 4308 junior
1765 4236 2058 4292 didicisses
2085 4255 2119 4292 a

504 4322 759 4393 quodam
792 4340 929 4379 sene
977 4324 1291 4396 decrepito,
1344 4325 1442 4397 qui
1499 4343 1630 4381 eam
1691 4325 2031 4398 simpliciter
2061 4330 2119 4381 et

502 4409 674 4480 plene
701 4409 815 4464 ﬁde
847 4411 1137 4467 referebat
1167 4413 1577 4484 gloriosissimo
1609 4414 1733 4485 regi
1760 4415 2114 4482 Ethelstano,

496 4497 881 4570 jurejurando
915 4517 1174 4555 asserens
1196 4503 1349 4573 quod
1381 4503 1586 4557 eadem
1619 4503 1710 4557 die
1731 4503 1927 4558 fuisset
1941 4504 2117 4557 armi-

503 4601 610 4658 ger
640 4587 793 4642 beati
820 4588 946 4658 viri,
979 4606 1092 4661 qua
1123 4605 1228 4660 pro
1263 4590 1487 4645 Christo
1514 4594 1735 4662 martyr
1756 4591 2042 4651 occubuit.

573 4674 744 4746 Cujus
775 4677 1076 4732 assertioni
1103 4679 1237 4749 quia
1265 4678 1323 4733 in
1347 4682 1573 4733 tantum
1592 4680 2116 4736 ﬁdemaccommo-

505 4763 672 4832 dasti,
706 4767 769 4818 ut
786 4766 1188 4837 promptuario
1217 4768 1521 4822 memoria:
1572 4769 1746 4823 verba
1779 4785 1846 4823 ex
1885 4769 2110 4840 integro

502 4853 868 4922 reconderes,
893 4873 1021 4927 qua:
1040 4857 1751 4928 postmodumjunioribus
1767 4858 1986 4912 mellito
2010 4875 2109 4912 ore

2221 3703 2564 3774 quodmulto
2598 3704 2784 3775 magis
2814 3703 3176 3759 audientium
3210 3703 3456 3758 attonita
3484 3696 3643 3754 corda
3667 3707 3775 3746 con-

2222 3792 2412 3859 cussit,
2449 3791 2582 3863 quia
2611 3795 2842 3846 sanctus
2862 3791 3093 3847 Domini
3138 3792 3502 3855 Cuthbertus,
3533 3786 3780 3850 incompa-

2221 3879 2416 3935 rabilis
2459 3880 2755 3935 confessor
2801 3884 2858 3935 et
2912 3880 3234 3952 episcopus,
3273 3897 3390 3935 non
3423 3878 3597 3933 solum
3626 3870 3777 3926 adhuc

2222 3972 2511 4039 exspectat
2552 3969 2708 4023 diem
2753 3969 2958 4040 primas
3005 3967 3444 4024 resurrectionis
3493 3959 3777 4026 incorrupto

2221 4074 2462 4129 corpore
2505 4057 2640 4129 (47),
2675 4059 2775 4113 sed
2821 4059 2994 4112 etiam
3035 4059 3298 4130 perfusus
3328 4054 3570 4128 quodam
3605 4043 3776 4104 blando

2221 4148 2442 4218 tepore.
2480 4145 2643 4210 Quod
2671 4163 2779 4218 ego
2802 4147 3100 4201 admirans
3125 4163 3230 4216 pro
3255 4145 3588 4216 argumento
3617 4130 3776 4194 habui,

2222 4251 2335 4306 quo
2359 4234 2598 4290 tandem
2629 4235 2698 4289 ad
2727 4235 2909 4290 sancti
2938 4235 3094 4306 regis
3123 4238 3285 4306 gesta
3303 4226 3669 4289 elucubranda
3686 4233 3779 4274 cer-

2222 4324 2335 4379 tior
2357 4325 2583 4391 accessi,
2613 4323 2798 4378 fidens
2815 4325 2885 4379 de
2911 4325 3034 4394 ejus
3056 4327 3114 4378 et
3140 4324 3249 4378 tuis
3281 4309 3778 4390 incomparabilibus

2223 4413 2463 4482 meritis,
2503 4413 2590 4467 cui
2625 4413 2910 4484 primitias
2941 4412 3056 4467 mei
3083 4413 3300 4468 laboris
3325 4411 3776 4469 consecratis,sup-

2219 4502 2446 4573 pliciter
2478 4503 2715 4557 obsecro
2745 4505 2807 4556 ut
2836 4502 2922 4557 vel
2955 4518 3072 4556 una
3120 4501 3211 4556 die
3259 4504 3448 4555 vertas
3489 4492 3617 4550 mihi
3644 4493 3776 4542 tuum

2220 4591 2401 4644 otium
2428 4591 2489 4644 in
2515 4591 2825 4645 honestum
2859 4589 3184 4662 negotium,
3226 4586 3535 4644 resecando
3571 4580 3686 4636 hinc
3709 4589 3779 4628 su-

2218 4679 2461 4750 perflua,
2499 4679 2818 4750 supplendo
2864 4678 3106 4742 hiantia,
3145 4678 3421 4750 quoniam
3451 4691 3512 4730 ex
3543 4685 3632 4726 ore
3679 4667 3775 4721 tuo.

2216 4771 2428 4839 praeter
2457 4767 2661 4822 seriem
2683 4767 2869 4822 ultimi
2905 4767 3188 4833 miraculi,
3224 4767 3424 4821 omnia
3450 4769 3691 4817 veracem
3710 4763 3778 4802 se-

2215 4860 2377 4911 cutus
2403 4872 2576 4912 verax
2607 4855 2838 4927 digessi,
2871 4856 3184 4909 exhortans
3216 4871 3422 4909 omnes
3451 4851 3522 4906 ad
3561 4843 3778 4902 mortem

505 4943 823 5012 eructares;
855 4947 1154 5016 coeperunt
1176 4945 1381 5001 fratres
1403 4945 1708 5002 instantius
1730 4962 1874 5002 mea:
1902 4945 2108 5019 pusilli-
2135 4943 2186 5002 D
2215 4945 2361 5001 tanti
2387 4944 2677 5017 martyris.
2712 4945 2845 4999 Vale
2877 4946 3049 4999 Pater
3079 4942 3136 4997 in
3173 4943 3418 5000 Christo.

1542 5130 2232 5272 INCIPIT
2333 5131 2789 5271 VITA

578 5379 799 5436 I.Asciti
815 5379 1128 5453 aliquando
1143 5380 1203 5436 in
1220 5380 1579 5438 Britanniam
1596 5383 1856 5454 precario
1871 5401 2112 5439 munere

507 5467 566 5524 in
589 5469 979 5542 perniciosum
1002 5471 1275 5526 auxilium
1290 5475 1404 5526 tres
1425 5473 1744 5528 Germania:
1761 5473 1979 5547 populi,
2005 5475 2114 5530 hoc

579 5602 870 5674 (47)Nota,
885 5605 1086 5680 lector,
1114 5623 1242 5661 rem
1267 5606 1658 5663 admiratione
1691 5607 2113 5680 dignissimam.

505 5674 686 5730 Porro
704 5679 903 5734 autem
934 5677 1114 5734 etiam
1146 5683 1347 5738 nostra
1365 5683 1536 5739 (atate
1547 5681 1646 5753 huj
1657 5697 1718 5738 us
1739 5674 1798 5740 ς.
1819 5680 2118 5738 Cuthberti

2215 5387 2322 5454 est,
2357 5385 2632 5453 Saxones,
2679 5383 2792 5439 Juti
2836 5388 2894 5440 et
2945 5382 3139 5456 Angli,
3190 5384 3442 5460 primum
3492 5367 3780 5434 Britonibus

2216 5472 2468 5530 interdiu
2494 5474 2656 5529 fuere
2690 5473 2943 5548 praesidii
2975 5475 3150 5545 (forte,
3183 5473 3488 5548 praesidio).
3532 5464 3628 5531 Qui
3665 5468 3776 5514 cum

2218 5624 2427 5681 corpus
2472 5608 2766 5681 integrum
2806 5610 3103 5681 repertum
3149 5611 3254 5663 est.
3297 5604 3453 5678 (Vide
3479 5597 3632 5656 Alani
3659 5585 3775 5662 COPi

2220 5679 2518 5752 dialogum
2540 5679 2622 5753 ui,
2656 5698 2782 5754 cap.
2815 5679 2934 5752 29.)
