3922 6168
217 411 301 465 509
1286 392 1448 457 VITA
1487 352 1544 456 ἐ.
1589 392 1945 458 EADMUNDI
1983 388 2179 458 REGIS
2214 384 2435 457 ANGL.’
3406 390 3509 466 sib

217 528 390 599 sapius
415 526 562 582 bello
591 522 857 590 lacessiti,
889 538 950 576 se
982 523 1042 576 et
1066 536 1202 577 suos
1258 522 1645 577 defensarent
1688 525 1805 579 for-
1830 527 1887 585 Α
1911 525 2092 578 tatum
2122 525 2207 577 est
2232 522 2422 578 divino
2471 525 2615 578 nutu
2643 539 2656 579 :
2704 524 2981 596 quoniam
3010 541 3154 597 puer
3186 528 3303 583 toto
3331 543 3499 583 cona-

215 617 358 683 titer;
382 615 458 669 illi
478 630 609 669 vero
633 611 894 682 ignaviae
913 626 1149 683 operam
1176 610 1418 678 dantes,
1440 612 1603 684 quasi
1626 614 1810 683 prole-
1908 611 2065 666 mine
2095 611 2319 666 virtutis
2344 610 2587 682 arripuit
2606 613 2875 684 gradum,
2903 631 3076 686 quem
3099 615 3290 671 divina
3318 617 3501 688 pietas

216 703 321 759 tarii
347 703 415 758 ad
439 703 615 757 solam
646 701 1014 772 voluptatem
1046 698 1211 754 domi
1241 700 1599 768 residerent,
1618 700 1705 755 fisi
1736 702 1807 755 de
1906 700 2243 772 praesciebat
2263 701 2539 773 martyrio
2571 700 2915 757 finiendum.

213 793 391 848 invicta
418 790 759 847 fortitudine
809 787 1338 860 stipendiariorum
1374 787 1633 841 militum
1664 804 1807 860 quos
1980 790 2061 843 IV.
2092 791 2297 843 Nactus
2323 806 2458 844 vero
2487 790 2719 844 culmen
2747 791 3302 864 regiminis,quantaa
3322 791 3498 848 fuerit

213 881 299 937 sibi
324 880 728 945 conduxerant,
780 877 936 950 ipsos
994 875 1242 930 miseros
1274 875 1596 946 indigenas
1628 876 1803 931 domo
1904 876 1962 931 in
1995 878 2280 948 subjectos
2310 877 2702 949 benignitatis,
2735 884 2965 952 quantae
2988 881 3047 935 in
3065 897 3362 951 perversos
3383 881 3492 937 dis-

154 1038 158 1042 θ
212 970 471 1042 patriaque
513 968 732 1039 pellere
791 966 1140 1032 deliberant,
1191 967 1557 1035 pactumque
1589 967 1673 1019 est
1702 982 1715 1019 :
1748 966 1805 1019 et
1902 966 2232 1035 tinctionis;
2266 984 2383 1022 non
2415 972 2500 1022 est
2530 972 2739 1024 nostra:
2768 970 3052 1025 facultatis
3082 972 3360 1038 evolvere,
3394 968 3494 1043 qui

211 1058 409 1114 exclusis
437 1056 768 1111 Britonibus
799 1056 1060 1109 statuunt
1079 1052 1232 1107 inter
1252 1070 1313 1107 se
1333 1053 1603 1107 dividere
1625 1054 1800 1109 victo-
1902 1071 2025 1127 ejus
2054 1055 2318 1123 minima,
2352 1073 2464 1127 quo
2484 1058 2813 1112 conveniret
2842 1075 3129 1127 sermone,
3156 1076 3271 1114 non
3304 1076 3502 1131 possu-

210 1165 281 1203 res
303 1147 629 1218 alienigena:
660 1141 1115 1211 insulam;bonis
1147 1142 1435 1196 omnibus
1466 1143 1802 1197 fecundissi-
1900 1162 2029 1199 mus
2050 1145 2403 1217 expedire.Si
2420 1146 2654 1217 quidem
2674 1147 3109 1204 itacolumbinee
3124 1148 3504 1220 simplicitatis

210 1252 343 1303 nam;
369 1234 675 1306 indignum
699 1231 1033 1304 judicantes
1059 1246 1187 1285 eam
1218 1230 1585 1301 ignavorum
1609 1231 1797 1286 domi-
1899 1234 2344 1288 mansuetudine
2402 1236 2747 1306 temperavit
2797 1237 3144 1307 serpentium
3175 1236 3506 1292 calliditatis

208 1326 282 1380 nio
316 1323 573 1391 detineri,
628 1337 761 1393 quae
825 1320 900 1374 ad
931 1318 1340 1374 defensionem
1373 1336 1543 1373 suam
1572 1319 1796 1374 idoneis
1896 1323 2191 1386 astutiam,
2224 1327 2286 1378 ut
2316 1341 2421 1378 nec
2451 1324 2673 1395 antiqui
2692 1325 2869 1379 hostis
2889 1326 3245 1395 deciperetur
3264 1326 3506 1379 simula-

204 1416 361 1486 posset
410 1413 678 1484 prmbere
732 1409 1119 1465 sufﬁcientem
1175 1408 1531 1488 alimoniam
1592 1412 1650 1462 et
1691 1425 1794 1479 op-
1896 1412 2460 1479 tionefraudulenta,
2490 1430 2593 1468 nec
2614 1415 3005 1484 malignorum
3028 1414 3333 1468 hominum
3354 1413 3505 1468 reci-

207 1502 330 1558 timis
349 1503 492 1558 viris.
538 1500 670 1564 Qua
699 1498 1001 1555 occasione
1046 1497 1285 1562 inducti,
1319 1497 1676 1552 orientalem
1706 1497 1792 1568 ip-
1895 1504 2063 1571 peret
2088 1505 2291 1555 contra
2314 1501 2599 1570 justitiam
2630 1502 2966 1565 sententias,
2992 1519 3119 1557 rem
3159 1519 3334 1573 quam
3360 1518 3496 1555 nes-

204 1591 294 1647 sius
315 1593 500 1648 insulae
528 1594 787 1663 partem,
838 1605 963 1661 quas
1004 1603 1182 1660 usque
1211 1587 1286 1641 ho
1299 1585 1391 1640 die
1424 1587 1627 1658 lingua
1674 1588 1792 1642 An-
1893 1588 2103 1657 ciebat,
2129 1590 2565 1661 diligentissime
2595 1590 2964 1662 investigans,
2996 1591 3378 1663 gradiensque
3399 1589 3497 1643 via

204 1683 395 1754 glorum
425 1679 738 1751 Eastengle
782 1681 1038 1746 vocatur,
1086 1674 1285 1731 sortito
1334 1675 1582 1729 nomine
1613 1675 1788 1731 Saxo-
1892 1676 2076 1747 regia,
2111 1694 2216 1732 nec
2249 1678 2576 1732 declinabat
2618 1679 2691 1732 ad
2719 1679 3036 1747 dexteram,
3071 1678 3403 1734 extollendo
3435 1691 3499 1731 se

203 1787 283 1826 nes
305 1774 426 1824 sunt
446 1769 671 1840 adepti,
688 1766 838 1822 Jutis
857 1769 916 1820 et
937 1765 1131 1837 Anglis
1148 1764 1219 1818 ad
1244 1763 1359 1818 alia
1384 1763 1786 1831 tendentibus,
1891 1764 1965 1819 de
1995 1765 2233 1833 meritis,
2267 1782 2372 1821 nec
2415 1767 2489 1822 ad
2512 1767 2806 1822 sinistram
2831 1787 2845 1837 ;
2878 1768 3305 1823 succumbendo
3344 1763 3499 1819 vitiis

203 1856 447 1930 inquibus
465 1875 587 1913 suae
628 1856 802 1912 sortis
842 1854 1098 1909 funiculo
1139 1852 1491 1924 potirentur,
1534 1869 1611 1906 ne
1641 1856 1791 1907 esset
1814 1846 1865 1904 Β
1891 1854 2164 1910 ιωωᾶοω
2195 1855 2539 1927 fragilitatis.
2566 1857 2701 1911 Erat
2731 1874 2960 1930 quoque
2993 1856 3293 1929 egentibus
3312 1847 3502 1923 dapsi-

203 1963 306 2001 cum
331 1947 621 2002 sodalibus
654 1946 842 2000 ullum
876 1943 946 1998 de
976 1941 1336 2014 possessione
1360 1940 1642 2011 litigium,
1667 1942 1792 2015 qui-
1891 1941 1962 1996 lis
1987 1942 2320 2011 liberaliter,
2348 1944 2576 2015 pupillis
2596 1946 2852 2001 etviduis
2880 1944 3358 2001 clementissimus
3389 1952 3490 2009 pa-

203 2036 284 2091 bus
306 2038 636 2109 suppeteret
653 2032 983 2105 amplitudo
1017 2035 1184 2086 terrm
1222 2030 1296 2086 ad
1315 2029 1609 2102 regnandi
1631 2046 1793 2086 emo-
1891 2032 2240 2104 ter,semper
2268 2033 2487 2087 habens
2512 2050 2631 2105 prie
2663 2034 2841 2089 oculis
2863 2034 3078 2088 dictum
3111 2026 3509 2100 illudSapien'

202 2108 507 2180 lumentum.
536 2122 714 2179 Unde
736 2120 986 2193 contigit
1024 2121 1108 2187 ut,
1150 2135 1252 2190 per
1276 2119 1551 2190 regiones
1580 2120 1637 2172 et
1656 2134 1793 2189 pro-
1888 2119 1962 2173 tis
1978 2120 2365 2194 :«Principem
2386 2125 2444 2175 te
2459 2108 3513 2187 constituerunt?noliexlolli,sed08t0

201 2212 377 2267 vincies
424 2213 633 2279 divisa,
691 2211 954 2282 primum
987 2206 1242 2274 ducibus,
1288 2206 1501 2261 deinde
1554 2206 1791 2278 regibus
1889 2209 1949 2264 in
1972 2208 2081 2263 illis
2106 2209 2265 2281 quasi
2289 2227 2437 2265 unus
2465 2227 2532 2265 ex
2560 2211 2669 2265 illis
2692 2207 3159 2281 (Eccli.xxxu,l).
3182 2227 3215 2261 »
3236 2209 3518 2272 Cumque

200 2301 447 2357 sufﬁceret
473 2317 599 2357 una
628 2299 957 2369 eademque
987 2294 1300 2350 Britannia.
1889 2300 2012 2352 tam
2041 2296 2379 2369 conspicuus
2403 2298 2462 2353 in
2479 2298 2701 2354 Christo
2723 2304 2782 2355 et
2812 2284 3385 2354 Ecclesiaemineret
3412 2291 3517 2347 bo-

252 2391 307 2444 lI.
330 2392 399 2444 At
425 2389 717 2463 praedicta
749 2384 1052 2442 orientalis
1083 2400 1232 2456 pars,
1264 2400 1397 2439 cum
1453 2382 1603 2450 aliis,
1659 2386 1788 2441 tum
1887 2402 2099 2442 norum
2130 2391 2363 2443 actuum
2394 2388 2770 2456 ornamentis,
2802 2389 2925 2460 ejus
2955 2384 3350 2459 patientiam,
3383 2381 3533 2445 sicut

200 2496 252 2533 eo
277 2479 464 2534 nobilis
491 2478 754 2533 habetur
777 2474 935 2548 quod
965 2472 1126 2544 aquis
1156 2489 1303 2544 pene
1337 2471 1599 2543 undique
1618 2473 1785 2528 allui-
1889 2481 1949 2534 et
1977 2471 2159 2532 sancti
2207 2479 2335 2546 Job,
2366 2495 2666 2550 aggressus
2696 2481 2781 2533 est
2808 2475 3054 2548 experiri
3084 2474 3386 2537 inimicus
3416 2482 3526 2544 hu-

199 2572 294 2622 tur:
320 2568 595 2639 quoniam
623 2584 658 2621 a
686 2565 1002 2620 subsolano
1016 2564 1072 2616 et
1098 2563 1244 2617 Euro
1262 2562 1515 2635 cingitur
1531 2561 1785 2632 Oceano,
1838 2576 1840 2578 '
1888 2565 2051 2621 mani
2080 2567 2309 2637 generis
2332 2584 2345 2621 :
2378 2566 2479 2639 qui
2502 2583 2570 2621 eo
2602 2567 2768 2623 bonis
2788 2567 2916 2639 plus
2935 2564 3315 2637 invidet,quo
3337 2588 3521 2648 appa.

199 2656 256 2710 ab
279 2657 549 2728 Aquilone
582 2670 744 2720 vero,
778 2652 1208 2706 immensarum
1237 2651 1518 2723 paludum
1545 2649 1783 2722 uligine;
1887 2654 2005 2708 ritu
2035 2656 2149 2723 (sic)
2175 2655 2343 2711 bona:
2374 2656 2687 2711 voluntatis
2717 2658 2892 2710 caret.

200 2761 303 2815 qua:
324 2746 653 2800 exorientes
675 2744 926 2814 propter
947 2740 1335 2811 aequalitatem
1364 2743 1535 2793 terra:
1560 2740 1788 2795 amedi-
1955 2744 2020 2797 V.
2056 2743 2335 2806 Quocirca
2365 2761 2544 2799 unum
2575 2763 2644 2801 ex
2673 2745 2785 2799 suis
2816 2742 3094 2799 membris
3124 2743 3177 2797 ei
3235 2747 3510 2813 adversa-

199 2833 329 2889 tullio
355 2834 536 2889 ferme
591 2832 771 2887 totius
823 2828 1156 2895 Britanniae,
1187 2846 1291 2900 per
1329 2832 1567 2883 centum
1625 2832 1684 2881 et
1714 2846 1783 2886 eo
1884 2831 2037 2887 rium
2067 2831 2331 2900 immisit,
2352 2832 2760 2905 qui,omnibus
2782 2850 2908 2905 quas
2923 2833 3204 2887 habuerat
3237 2837 3501 2912 undique

197 2923 408 2994 amplius
422 2921 773 2988 millia,cum
792 2915 1056 2973 maximis
1072 2916 1405 2972 ﬂuminibus
1419 2916 1785 2973 descendunt
1884 2918 2141 2985 sublatis,
2171 2920 2242 2975 ad
2274 2920 2725 2991 impatientiam,
2758 2921 2802 2975 si
2834 2924 3042 2992 posset,
3067 2934 3382 2991 erumpere
3407 2944 3503 2983 co-

197 3008 244 3065 in
268 3028 434 3069 mare.
462 3014 552 3067 Ab
589 3027 659 3065 ea
677 3011 877 3064 autem
907 3010 1071 3079 parte
1095 3023 1206 3079 qua
1222 3008 1303 3062 sol
1332 3006 1593 3077 vergitur
1618 3004 1677 3059 in
1695 3023 1785 3061 oc-
1885 3012 2070 3080 geret,
2103 3011 2186 3076 ut,
2241 3009 2576 3079 desperans,
2603 3012 2719 3065 Deo
2747 3011 2802 3064 in
2834 3010 3041 3064 faciem
3091 3009 3487 3069 benediceret.

198 3114 379 3161 casum.
401 3102 522 3172 ipsa
557 3096 864 3173 provincia
895 3094 1127 3167 reliquas
1149 3096 1347 3150 insula
1374 3097 1462 3150 est
1480 3093 1778 3163 continua;
1804 3124 1851 3183 Ο
1882 3095 2010 3151 Fuit
2039 3099 2233 3151 autem
2266 3098 2423 3152 idem
2453 3098 2829 3165 adversarius,
2862 3097 3070 3167 Inguar
3098 3097 3375 3153 vocabulo
3412 3100 3495 3156 di-

198 3189 243 3241 ct
266 3187 329 3243 ob
355 3189 410 3243 id
424 3205 643 3261 peTDla;
671 3186 774 3241 sed
807 3202 882 3239 ne
908 3184 1110 3238 crebra
1147 3183 1469 3256 irruptione
1524 3182 1780 3240 hostium
1822 3182 1827 3183 7
1880 3191 2002 3242 ctus
2027 3203 2038 3241 :
2074 3187 2170 3258 qui
2199 3204 2331 3242 cum
2362 3189 2543 3242 altero
2573 3189 2774 3243 Hubba
2796 3186 3054 3260 (Stubba)
3076 3186 3494 3258 nomine,ejus-

197 3273 731 3348 incursetur,aggere
753 3274 829 3329 ad
844 3273 1021 3327 instar
1035 3272 1251 3328 altioris
1265 3290 1417 3327 muri
1432 3272 1585 3325 fossa
1598 3271 1778 3328 humo
1881 3277 2015 3332 dem
2047 3277 2429 3347 perversitatis
2461 3278 2719 3346 homine,
2741 3278 2836 3333 ubi
2864 3277 3056 3331 divina
3085 3275 3492 3346 impediretur-

197 3366 566 3435 praemunitur.
625 3363 876 3418 Interius
923 3361 1096 3417 ubere
1126 3362 1311 3431 (/oat.,
1346 3360 1560 3427 uberis)
1592 3361 1776 3431 glebae
1880 3365 2274 3433 miseratione,
2303 3368 2543 3421 conatus
2572 3370 2656 3421 est
2687 3366 2744 3421 in
2770 3364 3181 3422 exterminium
3194 3363 3487 3429 adducere

198 3454 306 3507 salis
327 3454 647 3509 admodum
662 3453 818 3517 Ῑεεῐᾶ,
838 3451 1138 3505 hortorum
1162 3465 1589 3520 nemorumque
1604 3464 1780 3506 amoe-
1879 3454 2055 3509 totius
2084 3454 2227 3510 fines
2257 3455 2587 3512 Britanniae.
2624 3458 2735 3511 Nec
2765 3457 2999 3516 mirum.
3033 3469 3165 3508 cum
3216 3454 3487 3510 venerint

199 3540 346 3596 nitate
372 3541 729 3613 gratissima,
761 3539 1019 3593 ferarum
1043 3538 1350 3594 venatione
1373 3538 1775 3609 insignis,pas~
1877 3542 2131 3598 indurati
2162 3543 2377 3615 frigore
2399 3561 2515 3598 sum
2547 3545 2784 3599 malitim
2816 3546 2888 3600 ab
2920 3545 3018 3598 illo
3046 3546 3214 3597 terras
3238 3544 3481 3612 vertice,

198 3628 293 3683 ouis
305 3647 578 3701 pecorum
600 3633 658 3684 et
662 3631 1066 3700 Jumenlorum
1088 3644 1204 3682 non
1229 3626 1604 3682 mediocriter
1620 3628 1777 3683 ferti-
1875 3648 1989 3703 quo
2002 3633 2198 3687 sedem
2229 3652 2392 3688 suam
2416 3635 2607 3705 posuit
2633 3635 2728 3707 qui
2748 3652 2850 3706 per
2871 3632 3484 3689 elationemAltissimo

198 3716 269 3777 lis.
308 3719 384 3775 De
412 3719 653 3791 piscosis
702 3716 1041 3772 fluminibus
1084 3715 1417 3782 reticemus,
1458 3733 1591 3770 cum
1642 3717 1775 3772 hinc
1876 3720 2078 3775 similis
2108 3738 2227 3776 esse
2253 3724 2594 3793 concupivit.
2631 3724 2886 3795 Denique
2911 3723 3157 3783 constat,
3170 3721 3483 3793 juxtapro-

198 3821 322 3875 eam,
350 3812 410 3863 ut
438 3809 666 3863 dictum
688 3810 794 3873 est,
842 3805 1039 3877 lingua
1079 3804 1255 3860 maris
1284 3804 1573 3870 allambit,
1610 3804 1767 3873 inde,
1877 3810 2063 3882 pheta:
2086 3809 2442 3875 vaticinium,
2495 3811 2650 3881 quod
2705 3811 2774 3864 ab
2800 3810 3085 3882 Aquilone
3114 3808 3267 3863 venit
3306 3825 3483 3866 omne

198 3895 463 3963 paludibus
487 3894 1107 3965 dilatatis,stagnorum
1125 3893 1195 3948 ad
1216 3893 1328 3949 duo
1355 3894 1441 3947 vel
1457 3893 1569 3947 tria
1594 3893 1775 3948 millia
1877 3898 2119 3964 malum,
2166 3898 2311 3952 sicut
2354 3898 2480 3969 pius
2505 3915 2670 3969 aequo
2703 3899 2955 3953 didicere
2986 3913 3298 3968 perperam
3332 3900 3483 3969 passi

198 3984 547 4053 spatiosorum
579 3982 1020 4039 innumerabilis
1042 3983 1351 4038 multitudo
1405 3981 1770 4054 praeterﬂuit.
1875 3986 2342 4057 adversosjactus
2361 3987 2617 4041 cadentis
2642 3991 2893 4054 tesserae,
2917 4002 3029 4057 quo
3063 3986 3481 4057 aquilonalium

199 4068 310 4133 Qus:
332 4074 568 4146 paludes
597 4071 1131 4143 praebentpluribus
1151 4072 1571 4126 monachorum
1585 4073 1774 4143 gregi-
1873 4076 2135 4147 gentium
2186 4076 2404 4147 experti
2436 4079 2568 4129 sunt
2592 4075 2907 4140 saevitiam;
2948 4090 3088 4145 quas
3118 4078 3342 4129 certum
3395 4078 3483 4131 est

200 4156 281 4213 bus
302 4165 519 4232 optatos
546 4160 819 4216 solitariae
850 4158 1300 4215 conversationis
1330 4159 1508 4227 sinus,
1564 4160 1769 4231 quibus
1873 4166 2016 4220 adeo
2040 4165 2299 4219 crudeles
2328 4181 2447 4218 esse
2474 4164 2721 4218 naturali
2753 4163 3072 4229 ferocitate,
3121 4166 3185 4218 ut
3219 4163 3479 4222 nesciant

199 4244 366 4304 inclusi
394 4268 512 4306 non
544 4249 848 4320 indigeant
878 4249 1185 4304 solitudine
1231 4250 1431 4318 eremi,
1466 4268 1533 4306 ex
1561 4251 1770 4323 quibus
1870 4254 2035 4308 malis
2055 4254 2359 4308 hominum
2382 4253 2681 4308 mitescere
2702 4270 2714 4307 :
2733 4254 2965 4326 quando
2982 4252 3216 4324 quidem
3240 4254 3479 4327 quidam

199 4339 305 4390 sunt
328 4340 500 4394 sancti
530 4337 952 4392 monachorum
988 4338 1164 4408 patris
1217 4339 1507 4398 Benedicti
1542 4340 1770 4395 caelibes
1795 4408 1837 4417 Q
1870 4359 1937 4397 ex
1970 4343 2052 4397 eis
2082 4344 2281 4415 pepuli
2312 4348 2614 4397 vescuntur
2644 4344 2914 4398 humanis
2953 4343 3243 4413 carnibus,
3277 4344 3376 4417 qui
3406 4363 3477 4402 ex

200 4427 484 4495 cmnobitaz,
521 4427 582 4481 in
614 4428 739 4482 loco
764 4426 974 4481 celebri
1006 4428 1113 4482 hac
1149 4430 1514 4502 tempestate.
1794 4408 1846 4466 D
1867 4431 2018 4486 facto
2041 4408 2237 4486 Grec-ca
2266 4432 2652 4503 appellatione
2682 4432 3133 4504 Anthropophagi
3175 4408 3472 4492 vocantur.

252 4513 327 4568 Ill.
354 4516 463 4572 Sed
487 4519 552 4570 ut
571 4516 645 4570 ad
668 4514 1028 4586 propositum
1057 4519 1440 4584 revertamur,
1464 4517 1597 4573 huic
1628 4534 1764 4590 pro-
1863 4522 2140 4593 Talesque
2155 4521 2419 4576 nationes
2432 4522 2732 4576 abundant
2748 4521 3474 4595 plurimaainfraScythiam

200 4599 363 4659 vincia:
377 4609 496 4660 tam
515 4605 696 4660 feroci
716 4610 844 4670 (rex
859 4604 1468 4677 fuit),exantiquorum
1484 4624 1766 4662 saxonum
1867 4627 2047 4682 prope
2080 4611 2479 4682 Hyperboreos
2510 4615 2761 4673 montes,
2787 4628 2914 4682 qua:
2946 4611 3373 4681 antichristum,
3408 4616 3474 4668 ut

201 4690 348 4746 nobili
364 4694 628 4766 prosapia
648 4693 985 4762 oriundus,a
998 4693 1271 4766 primaevo
1287 4711 1401 4749 suae
1418 4695 1602 4750 aetatis
1614 4698 1768 4752 tem-
1868 4700 2414 4771 legimus,secuturae
2435 4704 2567 4754 sunt
2583 4702 2716 4754 ante
2735 4717 2939 4755 omnes
2955 4704 3246 4772 gentes,ut
3257 4704 3474 4774 absque

202 4791 315 4846 pore
333 4784 511 4839 cultor
532 4782 927 4837 veracissimus
948 4782 1572 4848 ﬁdeiChristianasﬂui
1590 4785 1766 4840 atavis
1869 4790 1985 4843 ulla
2016 4788 2387 4843 miseratione
2429 4792 2738 4859 pascantur
2761 4789 3069 4844 hominum
3100 4790 3468 4860 cruciatibus,

201 4868 397 4937 regibus
417 4872 623 4939 editus,
639 4888 770 4926 cum
790 4870 956 4926 bonis
970 4872 1767 4942 polleretmoribus,omaium
1869 4878 1967 4950 qui
1996 4878 2389 4932 characterem
2434 4879 2632 4932 bestiae
2679 4878 2973 4933 noluerint
3011 4875 3382 4935 circumferre
3413 4878 3473 4935 in

204 4962 738 5029 comprovincialium
753 4960 1220 5017 unanimifavore
1235 4965 1590 5018 nontantum
1609 4964 1767 5036 eligi-
1865 4966 2172 5021 frontibus.
2206 4967 2368 5021 Unde
2398 4966 2520 5036 jam
2549 4966 2925 5038 inquietando
2954 4967 3335 5031 Christicolas,
3368 4986 3473 5042 pa-

206 5045 280 5098 tur
304 5064 361 5102 ex
390 5050 617 5121 generis
647 5050 1021 5118 successione,
1050 5053 1330 5122 quantum
1351 5050 1666 5124 rapitur,ut
1684 5053 1765 5108 eis
1865 5072 1992 5110 cem
2024 5072 2155 5110 cum
2185 5054 2265 5109 eis
2293 5056 2509 5110 habere
2536 5056 3131 5127 nequeunt:maxime
3145 5057 3475 5126 Dani,0cci—

206 5142 438 5199 praeesset
466 5139 815 5213 sceptrigera
834 5139 1291 5211 potestate.Nam
1315 5142 1439 5193 erat
1460 5139 1513 5194 ei
1545 5141 1762 5211 species
1864 5144 2050 5199 dentis
2075 5145 2411 5217 regionibus
2426 5144 2673 5199 nimium
2695 5145 2887 5213 vicini,
2908 5145 3186 5217 quoniam
3204 5146 3356 5200 circa
3373 5161 3471 5200 eas

205 5219 348 5293 digna
370 5226 633 5299 imperio,
652 5244 826 5301 quam
858 5226 1206 5282 serenissimi
1230 5227 1418 5283 cordis
1433 5228 1652 5300 jugiter
1666 5247 1760 5284 ve-
1861 5234 2165 5305 piraticam
2188 5237 2456 5290 exercent
2471 5234 2868 5306 frequentibus
2894 5234 3230 5290 latrociniis.
3261 5235 3339 5289 Ex
3367 5250 3468 5289 eo-

208 5314 439 5369 nustabat
467 5316 777 5387 tranquilla
806 5314 1055 5370 devotio.
1097 5316 1231 5370 Erat
1257 5315 1526 5371 omnibus
1546 5317 1759 5372 blando
1858 5340 1991 5378 rum
2023 5340 2162 5396 ergo
2190 5340 2405 5395 genere
2434 5324 2694 5395 praedicti
2727 5324 2898 5381 duces
2926 5326 3140 5395 Inguar
3176 5328 3235 5379 et
3262 5324 3468 5379 Hubba

207 5396 399 5488 eloquio
428 5403 683 5473 affabilis,
713 5403 1050 5467 humilitatis
1082 5405 1267 5475 gratia
1311 5406 1641 5476 praeclarus,
1704 5409 1761 5461 et
1859 5411 3471 5488 Nordanhumbrorum(Nordanimbrorum)primitusag-

205 5481 326 5541 inter
352 5509 475 5547 suos
495 5510 710 5550 coeevos
739 5493 1445 5549 mirabilimausuetudine
1469 5495 1758 5551 residebat
1860 5500 2037 5571 gressi
2069 5517 2401 5573 expugnare
2432 5501 2982 5575 provinciam,gravi
3015 5498 3464 5576 depopulatione

208 5569 438 5636 dominus
466 5585 673 5655 absque
706 5584 819 5638 ullo
864 5582 1012 5637 fastu
1046 5582 1346 5653 superbiae.
1396 5585 1638 5657 Jamque
1670 5588 1755 5641 vir
1858 5569 2043 5644 totam
2074 5569 2464 5662 pervagantur
2492 5608 2559 5646 ex
2604 5569 2852 5647 ordine:
2894 5569 3459 5661 Quoru-m'pessimis
3500 5586 3619 5671 ,λλ-ί

206 5670 398 5724 sanctus
422 5672 755 5745 praeferebat
782 5671 842 5727 in
868 5672 1043 5741 vultu,
1067 5670 1224 5746 quod
1247 5675 1448 5745 postea
1478 5675 1752 5735 mauifes-
1869 5678 2170 5737 conatibus
2196 5680 2386 5738 nullus
2413 5679 2676 5739 resistere
2705 5680 2892 5753 potuit
2906 5695 2974 5736 ex
2996 5671 3462 5753 provincialibus,
