3876 6172
448 356 545 410 5H

1481 352 1538 406 S.
1579 351 1874 409 ABBONIS
1915 353 2205 410 ABBATIS
2243 353 2734 414 FLORIACENSIS

3586 374 3670 430 512

445 476 583 548 quin
633 478 1018 531 multarentur
1064 476 1273 530 merita
1330 492 1592 547 superna)
1644 477 2059 550 indignationis
2079 491 2134 549 Α
2156 479 2427 551 indignus
2451 481 2800 552 judicaberis
2817 485 2872 536 et
2901 499 3101 554 regno.
3131 483 3192 538 Et
3211 485 3324 558 quis
3346 505 3450 545 non
3465 494 3672 550 uttanta:

445 564 552 632 ira,
587 569 792 636 agente
825 564 1087 620 ministro
1122 564 1439 636 iniquitatis
1462 567 1662 620 I-Iubba
1687 583 1889 638 :quem
1907 584 2052 640 pra}-

447 653 520 707 da
552 652 699 706 facta
729 655 939 723 Inguar
968 653 1201 724 reliquit
1224 654 1300 708 ibi
1330 654 1680 709 crudelitatis
1707 655 2056 722 socium,cta

444 739 662 794 boreali
693 744 854 811 parte
897 741 1165 795 orientali
1224 742 1410 797 subito
1443 745 1630 796 astans
1663 760 1791 797 cum
1823 760 2056 814 magna,

447 828 622 883 classe
659 829 731 882 ad
761 829 882 899 ejus
903 829 1219 900 quamdam
1252 829 1539 885 civitatem
1573 834 1824 886 latenter
1839 831 2060 903 appulit

447 915 634 980 Quam
660 916 876 987 ignaris
907 917 1120 972 civibus
1141 919 1779 990 introgressus,ignibus
1797 937 2059 974 creman-

448 1004 583 1062 dam
617 1004 813 1069 dedit;
843 1008 1817 1079 pueros,sencs,cumjunioribusin
1851 1008 2057 1078 plateis

449 1091 690 1147 civitatis
721 1094 951 1148 obviam
977 1095 1158 1150 factos
1169 1096 1418 1166 jugulat,
1447 1101 1503 1150 et
1539 1099 1923 1151 matronalem
1956 1114 2054 1151 seu

451 1181 793 1252 virginalem
820 1183 1154 1252 pudicitiam
1172 1185 1416 1239 ludibrio
1433 1185 1778 1239 tradendum
1792 1186 2049 1240 mandat.

447 1269 678 1324 Maritus
703 1287 834 1324 cum
869 1273 1114 1343 conjuge
1133 1275 1231 1327 aut
1251 1277 1509 1328 mortuus
1540 1277 1637 1327 aut
1673 1274 2054 1328 moribundus

438 1358 672 1428 jacebat
696 1358 754 1413 in
775 1359 1007 1415 limine:
1035 1361 1225 1415 infans
1243 1365 1440 1433 raptus
1474 1379 1507 1414 a
1539 1362 1742 1416 matris
1761 1362 2051 1429 uberibus,

449 1448 513 1500 ut
531 1447 722 1518 major
739 1452 889 1504 esset
909 1450 959 1518 ej
973 1451 1174 1516 ulatus,
1207 1451 1604 1506 trucidabatur
1626 1468 1821 1505 coram
1840 1453 2053 1505 mater-

449 1534 538 1592 nis
569 1536 882 1592 obtutibus.
925 1537 1170 1592 Furebat
1201 1538 1410 1610 impius
1440 1539 1604 1593 miles
1635 1542 1878 1594 lustrata
1909 1541 2054 1593 urbe

453 1624 713 1680 ardendo
739 1625 811 1679 ad
843 1625 1150 1696 ﬂagitium,
1185 1643 1296 1698 quo
1323 1631 1512 1698 posset
1539 1628 1762 1698 placere
1787 1631 2053 1699 tyranno,

451 1712 549 1784 qui
610 1715 730 1768 solo
767 1715 1120 1777 crudelitatis
1154 1716 1339 1771 studio
1365 1718 1614 1788 jusserat
1656 1716 1843 1788 perire
1895 1716 2059 1770 inno-

451 1800 594 1857 xios.

527 1889 887 1962 VI.Cumque
895 1891 1021 1961 jam
1043 1892 1412 1948 multitudine
1427 1892 2054 1949 interfectorumAchaz-

463 1979 725 2034 meniam
758 1979 981 2036 rabiem
1027 1998 1146 2035 non
1184 1985 1412 2036 tantum
1454 1986 1851 2050 exsaturasset,
1883 1999 2060 2054 quan-

454 2070 581 2123 tum
614 2067 888 2139 fatigatus
916 2068 973 2123 in
1003 2072 1300 2141 posterum
1325 2071 1652 2137 distulisset,
1677 2074 2059 2142 evocatquos—

458 2156 593 2211 dam
613 2157 1046 2228 plebeios,quos
1067 2176 1167 2213 suo
1189 2159 1383 2228 gladio
1397 2158 1637 2212 credidit
1655 2176 1774 2213 esse
1791 2159 2058 2228 indignos

461 2260 528 2302 ac
567 2245 664 2298 ubi
719 2262 819 2299 rex
867 2261 1070 2299 eorum
1121 2249 1256 2300 tunc
1295 2246 1576 2314 temporis
1605 2246 1778 2299 vitam
1801 2246 2057 2316 degeret,

454 2331 731 2387 sollicitus
759 2335 1151 2404 perscrutator
1180 2333 1523 2404 investigare
1555 2334 1762 2388 studet.
1811 2333 1953 2387 Nam
1988 2334 2060 2387 ad

459 2436 594 2476 eum
625 2421 785 2476 fama
817 2426 1161 2493 pervenerat
1185 2422 1339 2493 quod
1369 2421 1526 2476 idem
1547 2439 1645 2477 rex
1674 2421 2060 2494 gloriosus,vi-

461 2509 670 2566 delicet
701 2510 1097 2578 Eadmundus,
1125 2510 1356 2564 ﬂorenti
1397 2514 1563 2564 astate
1585 2510 1900 2565 etrobustis
1927 2509 2062 2564 viri-

459 2597 588 2665 bus,
638 2599 789 2654 bello
822 2615 926 2669 per
969 2598 1167 2653 omnia
1212 2602 1358 2653 esset
1401 2601 1698 2653 strenuus:
1736 2602 1796 2652 et
1851 2599 2060 2653 idcirco

459 2685 775 2741 festinabat
817 2687 1027 2758 passim
1062 2686 1186 2741 neci
1242 2687 1471 2741 tradere
1521 2704 1662 2758 quos
1697 2686 2063 2742 circumcirca

461 2778 695 2845 poterat
723 2775 1001 2846 reperire,
1051 2794 1123 2830 ne
1174 2776 1413 2847 stipatus
1442 2776 1694 2830 militum
1726 2776 1959 2847 agmine
1989 2776 2061 2830 ad

457 2861 856 2919 defensionem
889 2881 1119 2918 suorum
1155 2869 1347 2936 posset
1367 2882 1463 2918 rex
1504 2865 1608 2918 sibi
1646 2865 1928 2930 resistere,
1963 2864 2058 2934 qui

455 2951 794 3006 morabatur
840 2969 907 3007 eo
959 2956 1221 3024 tempore
1262 2955 1333 3008 ab
1389 2955 1529 3008 urbe
1564 2952 1785 3024 longius
1817 2953 1874 3006 in
1906 2953 2057 3020 villa,

457 3054 586 3110 quas
619 3039 817 3110 lingua
848 3057 1054 3095 eorum
1083 3041 1414 3112 Hagislidun
1431 3042 1636 3096 dicitur
1656 3044 1828 3112 [aqua
1847 3045 1904 3094 et
1923 3040 2061 3095 silva

452 3125 641 3181 vicina
663 3128 869 3182 eodem
892 3129 1128 3184 nomine
1149 3129 1434 3201 vocatur);
1451 3129 1780 3184 existimans
1800 3128 2060 3202 impiissi-

457 3231 607 3278 mus,
639 3219 702 3270 ut
731 3234 789 3272 se
814 3217 899 3271 rei
933 3218 1140 3273 veritas
1172 3219 1444 3286 habebat,
1479 3218 1613 3291 quia
1648 3221 1896 3289 quantos
1926 3235 2057 3272 suus

456 3301 715 3359 funestus
759 3307 984 3360 satelles
1023 3309 1454 3379 prmoccuparet
1515 3305 1888 3361 adinteritum
1924 3322 2053 3376 per-

458 3392 688 3462 ducere,
712 3398 924 3463 tantos,
947 3396 990 3450 si
1016 3397 1376 3451 dimicandus
1396 3397 1562 3462 esset,
1586 3395 1774 3464 regius
1791 3411 2055 3450 occursus

456 3479 518 3548 in
563 3484 815 3538 exercitu
869 3486 1238 3540 contraheret
1309 3484 1521 3537 minus.
1566 3483 1812 3538 Classem
1868 3499 2056 3554 qoque

454 3587 674 3660 absque
698 3590 889 3645 valida
912 3607 1091 3645 manu
1138 3607 1254 3645 non
1289 3589 1539 3643 audebat
1576 3589 1874 3656 deserere;
1919 3605 2061 3660 quo-

458 3675 642 3748 niam,
677 3681 833 3734 velut
867 3679 1014 3750 lupis
1039 3677 1378 3750 vespertinis
1406 3695 1531 3733 mos
1561 3681 1665 3745 est,
1695 3679 1955 3733 clanculo
1989 3678 2061 3732 ad

452 3765 627 3838 plana
649 3767 1025 3834 descendere,
1056 3766 1318 3839 repetitis
1347 3767 1688 3840 quantocius
1722 3769 1872 3823 notis
1908 3767 2072 3822 silva-

459 3869 587 3909 rum
633 3855 907 3922 latibulis,
951 3856 1028 3910 sic
1075 3855 1378 3911 consuevit
1433 3856 1638 3910 eadem
1689 3858 1983 3911 Danorum
2015 3857 2074 3910 et

459 3942 779 3999 Alanorum
803 3944 990 3999 natio:
1027 3961 1157 3999 cum
1190 3945 1656 4017 semperstudeat
1681 3949 1844 4016 rapto
1859 3946 2068 4012 vivere,

459 4049 762 4104 nunquam
793 4036 992 4088 tamen
1025 4032 1240 4089 indicta
1290 4051 1488 4107 pugna
1538 4035 1731 4105 palam
1769 4033 2071 4089 contendit

465 4135 597 4178 cum
627 4121 812 4188 hoste,
854 4122 964 4178 nisi
1011 4127 1306 4196 praaventa
1336 4122 1577 4191 insidiis,
1629 4123 1821 4178 ablata
1867 4140 1965 4195 spe
1998 4123 2071 4178 ad

462 4213 694 4282 portum
729 4212 961 4268 navium
993 4215 1314 4269 remeandi.

531 4298 648 4353 VII.
671 4300 1038 4374 Quapropter
1068 4302 1512 4378 circumspectus
1543 4302 2070 4376 plurimum,accito

2155 568 2428 638 potentia:
2460 569 2776 625 insolenter
2805 571 3016 626 audeas
3040 574 3446 632 contradicere?
3488 579 3676 637 Matinae

2160 659 2520 729 tempestatis
2540 661 2792 731 procella
2813 660 3022 716 nostris
3033 661 3558 734 servitremigiis,nec
3572 668 3673 738 [nos

2161 751 2423 801 removet
2444 764 2476 800 a
2504 746 2794 818 proposito
2811 747 3043 804 directa:
3061 749 3582 823 intentionis:quibus
3594 773 3680 812 nec

2159 835 2362 908 ingens
2389 836 2644 908 mugitus
2671 836 2817 903 cmli,
2851 853 2957 892 nec
2996 838 3178 893 crebri
3204 838 3376 908 jactus
3427 840 3682 898 ﬂuminum

2160 942 2417 996 unquam
2451 929 2790 990 nocuerunt,
2837 925 3064 980 favente
3100 926 3278 997 gratia
3305 929 3683 986 elementorum.

2158 1015 2289 1069 Esto
2322 1014 2514 1086 itaque
2546 1031 2678 1068 cum
2707 1013 2814 1069 tuis
2835 1014 3104 1068 omnibus
3129 1015 3229 1068 sub
3268 1015 3368 1070 hoc
3391 1015 3686 1086 imperatore

2156 1103 2440 1169 maximo,
2475 1102 2563 1156 cui
2584 1103 2939 1156 famulantur
2964 1105 3248 1158 elementa
3275 1120 3372 1174 pro
3409 1103 3504 1159 sibi
3527 1105 3688 1160 innata

2155 1192 2481 1256 clementia;
2499 1191 2776 1263 quoniam
2792 1191 2946 1246 novit
2961 1190 3246 1261 piissimus
3258 1191 3311 1245 in
3334 1191 3480 1248 omni
3503 1192 3691 1263 negotio

2155 1297 2390 1352 parcere
2424 1280 2694 1350 subjectis
2725 1284 2781 1334 et
2811 1280 3099 1334 debellare
3118 1280 3431 1350 superbos.»

2226 1370 2364 1425 VIII.
2403 1369 2525 1433 Quo
2562 1369 2760 1423 audito
2781 1385 2879 1422 rex
2899 1367 3284 1422 sanctissimus
3299 1369 3406 1422 alto
3425 1366 3590 1422 cordis
3615 1367 3694 1421 do-

2155 1460 2278 1515 lore
2310 1455 2616 1530 ingbmuit,
2650 1461 2725 1523 et,
2751 1456 2931 1512 accito
2965 1474 3079 1512 uno
3107 1457 3297 1510 exsuis
3325 1454 3596 1526 episcopis,
3620 1453 3694 1525 qui

2157 1547 2208 1602 ei
2239 1551 2418 1602 erata
2449 1547 2702 1610 secretis,
2735 1546 2872 1618 quid
2902 1562 3074 1616 super
3107 1545 3192 1600 his
3209 1545 3536 1616 respondere
3559 1541 3698 1595 debe-

2156 1640 2246 1692 ret
2302 1636 2564 1692 consulit.
2627 1636 2884 1706 Cumque
2915 1635 3030 1701 ille,
3066 1633 3294 1688 timidus
3340 1648 3436 1702 pro
3465 1629 3701 1700 vitaregis

2157 1726 2232 1780 ad
2260 1725 2743 1780 consentiendum
2771 1723 2948 1794 pluris
2973 1723 3302 1778 hortaretur
3323 1718 3701 1788 exemplis,rex,

2079 1806 2130 1863 Β
2160 1814 2383 1885 obstipo
2435 1813 2622 1885 capite
2672 1812 2931 1883 defigens
2986 1811 3211 1866 lumina
3238 1811 3423 1874 terra},
3451 1805 3703 1878 paululum

2161 1901 2454 1969 conticuit,
2479 1905 2536 1956 et
2565 1901 2644 1956 sic
2693 1901 2930 1956 demum
2982 1916 3086 1955 ora
3110 1897 3370 1954 resolvit:
3395 1895 3435 1950 Ο
3465 1892 3703 1966 episcope,

2161 1991 2268 2044 vivi
2287 1991 2360 2045 ad
2374 1991 2429 2045 id
2447 1989 2995 2063 pervenimus,quod
3014 2003 3313 2059 nunquam
3327 1983 3482 2039 veriti
3508 1997 3672 2034 sumus
3694 1977 3704 2030 l

2159 2081 2299 2134 Ecce
2313 2080 2591 2135 barbarus
2606 2079 2826 2133 advena
2847 2077 3099 2132 districto
3117 2092 3253 2132 ense
3271 2073 3539 2128 veteribus
3559 2065 3708 2122 nostri

2159 2160 2324 2231 regni
2357 2159 2575 2214 colonis
2605 2158 2896 2225 imminet,
2917 2161 2975 2212 et
3004 2156 3301 2229 quondam
3331 2151 3458 2208 felix
3482 2148 3712 2219 indigena

2160 2249 2495 2320 suspirando
2522 2264 2762 2319 gemens
2791 2249 2962 2303 tacet.
2992 2246 3059 2298 Et
3100 2243 3324 2299 utinam
3353 2232 3714 2310 impraasentia—

2159 2353 2289 2391 rum
2316 2336 2556 2392 vivendo
2585 2335 2797 2407 quique
2850 2336 3178 2405 gemerent,
3211 2347 3285 2385 ne
3317 2330 3543 2383 cruenta
3568 2320 3716 2377 caade-

2161 2427 2454 2499 perirent:
2512 2428 2793 2496 quatenus
2836 2423 3037 2494 patriae
3070 2420 3333 2476 dulcibus
3362 2415 3519 2480 arvis,
3572 2411 3717 2465 etiam

2163 2533 2256 2571 me
2289 2517 2687 2583 occumbente,
2719 2512 3053 2582 superstites
3078 2511 3312 2570 ﬁerent,
3343 2509 3399 2561 et
3418 2504 3487 2560 ad
3510 2499 3721 2574 pristina:

2161 2604 2450 2660 felicitatis
2467 2602 2713 2675 gloriam
2730 2600 3102 2674 postmodum
3117 2587 3725 2660 redirent!»Cuiepisco-

2161 2711 2293 2765 pus:
2322 2713 2352 2745 ‹‹
2393 2691 2564 2758 Quos,
2616 2691 2822 2762 inquit,
2846 2693 3010 2762 optas
3045 2705 3170 2743 esse
3198 2682 3524 2758 superstites
3541 2676 3726 2765 patrias,

2161 2762 2290 2837 cum
2311 2782 2436 2852 jam
2468 2779 2688 2836 hostilis
2713 2778 2938 2850 gladius
2989 2777 3078 2831 vix
3103 2777 3361 2848 aliquem
3389 2765 3659 2857 reliquerit
3683 2762 3726 2857 in

2161 2871 2332 2942 plena
2351 2869 2537 2923 urbe?
2567 2867 2856 2922 Hebetatis
2887 2865 3182 2920 securibus
3212 2867 3446 2918 tuorum
3488 2854 3732 2911 cadaveri-

2160 2961 2346 3026 bus,te
2375 2959 2709 3013 destitutum
2733 2954 3183 3019 milite,veniunt
3203 2951 3342 3008 loris
3360 2945 3730 3012 constringere-

2161 3049 2504 3120 Quaproter,
2533 3063 2652 3113 rex,
2683 3045 2987 3100 dimidium
3019 3043 3238 3098 animos
3270 3055 3439 3105 mete,
3475 3032 3578 3089 nisi
3611 3029 3734 3097 fuga!

2157 3137 2426 3210 prmsidio
2459 3140 2557 3191 aut
2583 3135 2890 3190 deditionis
2914 3133 3168 3188 infausto
3202 3124 3523 3203 patrocinio
3556 3131 3736 3210 prmi}-

2155 3199 2402 3293 veas,hic
2414 3225 2606 3281 statim
2622 3224 3406 3292 aderunttortores,quorum
3420 3206 3652 3267 nefando
3665 3199 3742 3293 ob-

2155 3316 2353 3387 sequio
2369 3315 2752 3386 poenaslues.»
2764 3311 2843 3366 Ad
2860 3312 2980 3366 hinc
2999 3327 3094 3364 rex
3109 3298 3645 3364 beatissimuszuﬂoc
3657 3292 3743 3346 εει»

2158 3404 2418 3475 ait,quod
2441 3400 2889 3472 desidero,quod
2913 3398 3188 3454 omnibus
3203 3395 3351 3452 votis
3370 3393 3748 3476 anteponam?

2163 3474 2448 3564 supersim
2464 3491 2604 3546 meis
2618 3488 2966 3544 charissimis
2985 3487 3430 3556 ﬁdelibus,quos
3451 3495 3574 3534 cum

2166 3559 2525 3638 et—uxoribus
2548 3581 2605 3634 in
2626 3581 2772 3634 lecto
2793 3594 2994 3632 eorum
3019 3577 3252 3633 animas
3268 3569 3518 3629 furando
3537 3559 3753 3657 perdidit

2167 3674 2356 3748 pirata
2381 3668 2830 3727 truculentus.Et
2853 3667 2990 3740 quid
3011 3665 3281 3737 suggeris
3307 3662 3335 3717 ?
3354 3665 3416 3716 ut
3449 3660 3504 3714 in
3519 3658 3755 3745 extremis

2169 3762 2617 3830 vitw,desolatus
2644 3775 2774 3812 meo
2789 3755 3056 3821 satellite,
3079 3751 3371 3826 fugiendo
3395 3748 3753 3834 inferamcri-

2171 3869 2306 3907 men
2325 3853 2534 3906 nostras
2556 3847 2755 3920 glorise
2782 3844 2795 3898 l
2819 3845 3060 3917 Semper
3083 3841 3391 3898 delatoriae
3423 3830 3759 3920 accusationis

2169 3940 2523 3997 calumniam
2538 3917 2762 4003 e'vitavi,
2780 3950 3077 4006 nunquam
3097 3933 3325 3986 relictas
3346 3926 3564 3984 militias
3580 3917 3760 4014 probra

2171 4029 2435 4095 sustinui,
2456 4044 2522 4082 eo
2551 4025 2707 4100 quod
2737 4024 3044 4079 honestum
3080 4020 3230 4076 mihi
3281 4022 3436 4075 esset
3465 4031 3567 4088 pro
3601 4012 3760 4102 patria

2171 4119 2322 4176 mori
2348 4136 2360 4174 :
2391 4122 2448 4173 et
2477 4133 2630 4173 nunc
2659 4133 2758 4171 ero
2814 4113 2930 4169 mei
2959 4111 3329 4168 voluntarius
3361 4105 3636 4181 proditor,
3688 4110 3761 4181 cut

2170 4224 2276 4282 pro
2305 4205 2611 4264 amissione
2668 4205 2997 4264 charorum,
3047 4199 3177 4270 ipsa
3237 4201 3335 4254 lux
3389 4199 3476 4251 est
3517 4180 3760 4282 fastidio!

2175 4279 2555 4369 Omnipotens
2583 4311 2780 4350 rerum
2805 4291 3022 4347 arbiter
3047 4289 3218 4345 testis
3249 4286 3466 4344 assistit
3517 4279 3661 4369 quod
3687 4286 3763 4369 m-e

467 4405 584 4446 uno
610 4407 676 4446 ex
702 4393 1218 4462 commilitonibus,
1239 4368 1370 4451 eum
1394 4395 1466 4450 ad
1491 4411 1711 4466 regem,
1743 4395 2073 4465 hujusmodi
2098 4409 2148 4466 D
2174 4405 2276 4443 seu
2313 4387 2504 4440 vivum
2551 4401 2649 4438 seu
2674 4384 2972 4438 mortuum
2992 4379 3186 4434 nullus
3214 4373 3528 4466 separabit
3545 4389 3577 4426 a
3605 4368 3765 4458 chen:

459 4495 730 4536 curarum
762 4483 1104 4538 tumultibus
1124 4482 1802 4556 expeditum,dirigit,qui
1816 4482 2074 4552 exploret

469 4583 598 4640 quae
628 4568 700 4623 sit
732 4569 785 4624 ei
827 4587 1060 4624 summa
1084 4571 1168 4625 rei
1218 4570 1538 4637 familiaris,
1581 4569 1979 4640 improvisum,
2010 4573 2072 4623 ut

461 4656 726 4730 contigit,
751 4676 1018 4731 quaerens
1034 4660 1342 4732 subjugare
1362 4658 1733 4727 tormentis,si
1754 4659 1876 4729 ejus
1888 4660 2067 4713 nollet

463 4745 872 4818 obtemperare
901 4748 1176 4804 feralibus
1227 4748 1443 4804 edictis.
1506 4750 1627 4820 Ipse
1666 4765 1820 4815 eum,
1854 4747 2061 4820 grandi

461 4835 743 4890 comitatu
772 4837 1246 4907 succenturiatus,
1279 4838 1435 4892 lento
1474 4837 1618 4907 pede
1673 4837 2055 4908 subsequitur,

461 4925 520 4977 et
544 4923 756 4996 iniquae
776 4926 1082 4997 legationis
1103 4927 1298 4997 bajulo
1320 4926 1570 4998 imperat
1610 4928 1690 4992 ut,
1713 4926 1936 4980 timoris
1958 4943 2059 4999 pe-

460 5009 640 5069 riculo
659 5013 864 5082 nudus,
883 5014 964 5069 ita
988 5014 1286 5070 incautum
1312 5014 1642 5071 adoriatur:
1676 5036 1702 5064 ‹‹
1736 5014 1912 5070 Terra
1944 5032 2064 5071 ma-

459 5100 626 5174 rique
670 5103 1019 5167 metuendus
1048 5104 1318 5159 dominus
1345 5107 1540 5158 noster
1587 5103 1818 5176 lnguar,
1851 5121 1949 5159 rex
1973 5104 2062 5159 in-

457 5189 825 5261 victissimns,
847 5193 1096 5248 diversas
1131 5195 1315 5248 terras
1348 5193 1702 5265 subjicienda
1747 5193 2062 5261 sibiarmis,

459 5277 533 5333 ad
558 5279 728 5350 hujus
750 5281 1056 5354 provinciae
1089 5286 1351 5354 optatum
1382 5282 1538 5338 littus
1565 5299 1695 5337 cum
1722 5283 1919 5337 multis
1961 5300 2067 5338 na-

455 5367 620 5422 vibus
639 5369 998 5427 hiematurus
1013 5372 1235 5443 appulit
1258 5389 1272 5439 ;
1307 5374 1479 5444 atque
1496 5371 1710 5428 idcirco
1735 5371 1976 5426 mandat
2006 5375 2067 5427 ut

457 5473 587 5516 cum
607 5474 675 5513 eo
702 5459 969 5534 antiquos
989 5462 1291 5516 thesauros
1322 5463 1379 5515 et
1401 5463 1672 5533 paternas
1695 5460 1940 5523 divitias,
1961 5462 2063 5519 sub

458 5563 528 5603 eo
539 5550 903 5622 regnaturus,
918 5549 1150 5608 dividas.
1161 5549 1330 5621 Cujus
1343 5549 1388 5605 si
1408 5549 1731 5621 aspernaris
1742 5551 2064 5622 potentiam

459 5633 788 5702 innumeris
798 5637 1122 5711 legionibus
1142 5638 1370 5712 fultam,
1396 5640 1496 5697 tuo
1515 5637 1849 5712 praejudicio
1880 5641 1939 5696 et
1954 5639 2066 5695 vita

2171 4481 2288 4533 tate
2307 4474 2628 4544 Christi,ch
2640 4472 2769 4528 usin
2787 4470 3148 4526 confessione
3181 4449 3558 4539 baptismatis
3576 4449 3767 4523 suscepi

2171 4566 2450 4622 annulum
2481 4543 2636 4630 fidei,
2699 4559 3115 4616 abrenuntians
3164 4557 3411 4612 Satanae
3443 4555 3501 4608 et
3532 4543 3773 4630 omnibus

2168 4653 2396 4728 pompis
2442 4653 2584 4724 ejus.
2624 4627 2772 4714 'Qua
2818 4646 3246 4704 abrenuntians
3305 4641 3554 4713 contigit
3609 4639 3666 4691 ut
3711 4627 3769 4684 ad

2164 4743 2397 4799 laudem
2420 4744 2476 4797 et
2500 4740 2744 4813 gloriam
2764 4742 2998 4794 aeternas
3017 4734 3326 4791 Trinitatis
3345 4730 3520 4789 tertio
3545 4735 3773 4813 mererer

2160 4812 2798 4897 consecrari,delibutus
2830 4828 2902 4882 ob
2929 4817 3640 4896 compendiumperennis
3665 4812 3773 4866 vit-33

2158 4919 2495 4978 sanctiﬁcati
2521 4916 2842 4973 chrismatis
2867 4914 3281 4988 perunctione.
3305 4913 3511 4968 Primo
3540 4903 3775 4981 quidem:

2164 5013 2400 5082 accepta
2433 5009 2580 5064 stola
2607 5005 2817 5062 lavacri
2837 5004 3130 5072 salutaris;
3159 5003 3569 5073 secundo,per
3589 4989 3775 5082 confit"-

2163 5077 2485 5156 mati-onem
2499 5096 2813 5152 exbibitam
2828 5093 2942 5165 maj
2953 5093 3142 5148 usculo
3157 5089 3497 5164 pontiﬁcali
3509 5077 3780 5159 signaculo

2165 5191 2358 5254 tertio,
2409 5188 2505 5244 ubi
2553 5189 2741 5243 vestra
2787 5189 2844 5240 et
2893 5184 3066 5240 totius
3117 5183 3332 5256 populi
3380 5173 3780 5237 acclamatione

2165 5297 2294 5336 usus
2323 5295 2448 5333 sum
2470 5279 2578 5333 hoc
2603 5275 2768 5348 regni
2800 5271 3196 5347 perfunctoria
3243 5272 3565 5344 potestate.
3598 5261 3783 5333 Sicque

2166 5371 2465 5441 unguento
2508 5365 2761 5438 mysticw
2817 5359 3276 5421 consecrationis
3324 5351 3783 5433 tripliciterirro-

2163 5461 2342 5524 ratus,
2376 5457 2694 5529 Anglorum
2719 5453 3047 5527 reipublicae
3079 5450 3318 5506 decrevi
3347 5451 3485 5523 pius
3529 5441 3783 5536 prodesse

2168 5563 2345 5622 quam
2378 5562 2643 5619 praeesse,
2667 5543 3029 5616 aspernando
3061 5541 3322 5596 subdere
3354 5537 3664 5608 collajugo
3692 5542 3782 5583 mal

2171 5636 2362 5694 divino
2379 5635 2631 5694 servitio.
2654 5635 2812 5690 Nunc
2833 5633 3099 5690 simulata
3111 5625 3541 5691 benevolentia
3557 5622 3787 5704 praeten-
