3922 6168
194 377 281 451 313

1307 374 1471 438 VITA
1501 378 1560 439 S.
1598 378 1959 442 EADMUNDI
1983 374 2179 445 REGIS
2209 384 2412 449 ANGL.

3399 398 3507 466 sit

194 496 264 555 dit
314 493 527 555 callida
571 511 680 554 suae
731 492 1181 554 machinationis
1230 501 1649 575 muscipulam,
1683 521 1795 577 qua
1818 504 1871 571 Α
1898 505 2139 563 tiaturus
2163 509 2326 566 miles
2340 510 2547 583 pedem
2578 512 2752 572 domo
2780 516 3077 589 extulerat,
3101 536 3233 580 cum
3260 541 3390 585 ecce
3409 528 3502 585 In-

190 604 384 643 servum
411 586 614 643 Christi
634 587 866 642 irretire
888 587 1188 655 deliberat,
1227 589 1490 645 maxime
1506 608 1638 646 cum
1657 611 1790 666 pro-

188 676 354 743 mittit,
371 677 524 750 quod
553 676 715 731 nobis
732 676 973 747 largitas
997 692 1254 749 superna
1280 680 1589 733 concessit.
1608 681 1789 736 Vitam

186 764 434 831 indulget,
465 781 581 837 qua
637 765 892 819 necdum
922 781 1121 832 careo;
1178 780 1441 835 regnum
1475 769 1784 839 promittit,

185 853 309 926 quod
332 854 513 909 iiabeo
536 872 549 921 ;
576 870 713 926 opes
740 853 1010 909 conferre
1043 853 1221 926 cupit,
1257 855 1474 926 quibus
1506 873 1622 911 non
1655 875 1783 929 ego.

182 944 269 998 Pro
295 943 375 997 his
402 959 542 1015 ergo
574 943 1023 1015 nuncincipiam
1042 943 1253 998 servire
1271 944 1509 998 duobus
1535 945 1786 1002 dominis

181 1030 256 1105 qui
296 1048 381 1086 me
405 1032 510 1085 sub
563 1031 791 1086 Christo
852 1033 973 1086 solo
1003 1031 1209 1097 vivere,
1256 1032 1367 1086 sub
1404 1031 1632 1089 Christo
1662 1035 1782 1090 solo

178 1136 405 1191 regnare,
438 1120 828 1190 praesentibus
847 1120 1115 1191 palatinis
1145 1120 1515 1175 devoverim.
1544 1143 1573 1171 »

229 1209 303 1263 IX.
337 1209 489 1264 Tunc
521 1225 838 1265 conversus
869 1209 943 1264 ad
971 1226 1103 1264 eum
1131 1209 1245 1281 qui,
1295 1209 1377 1263 de
1445 1211 1780 1266 conditione

173 1297 307 1369 regni
323 1300 634 1365 locuturus,
650 1298 725 1352 ab
737 1296 1080 1369 impiissimo
1098 1298 1308 1368 lnguar
1322 1297 1532 1352 fuerat
1553 1299 1776 1354 missus:

172 1405 195 1437 ς
220 1386 563 1452 Madefactus,
599 1385 817 1457 inquit,
845 1401 1047 1440 cruore
1082 1402 1378 1454 meorum,
1410 1386 1617 1442 mortis
1646 1404 1778 1459 sup-

170 1475 307 1547 plicio
328 1476 533 1547 dignus
545 1473 875 1542 exstiteras;
893 1475 1013 1542 sed,
1027 1476 1195 1546 plane
1222 1474 1440 1530 Christi
1460 1475 1574 1530 mei
1591 1493 1780 1530 exem-

170 1566 296 1634 plum
324 1566 568 1631 secutus,
601 1564 744 1618 nolo
778 1581 953 1635 puras
974 1564 1406 1618 commaculare
1440 1563 1775 1636 manus,qui

169 1669 250 1722 pro
277 1652 388 1722 ejus
413 1652 687 1718 nomine,
712 1651 760 1706 si
796 1652 878 1706 ita
902 1651 1228 1723 contigerit,
1250 1652 1510 1706 libenter
1539 1656 1776 1723 paratus

168 1758 264 1794 sum
291 1740 631 1794 vestristelis
644 1740 1015 1794 occumbere.
1047 1740 1180 1794 ldeo
1211 1740 1431 1810 pernici
1466 1740 1654 1810 gradu
1680 1757 1774 1795 re-

1898 597 2267 669 guarobviusj
2278 601 2777 677 ubetbreviloquio
2796 609 3093 675 utatur,illi
3112 613 3373 683 pandens
3396 633 3503 687 per

1890 686 2088 740 omnia
2117 704 2326 744 arcana
2348 691 2496 761 regis
2522 694 2747 750 ultima.
2784 696 2921 760 Quae
2948 698 3042 752 ille
3082 699 3220 755 dum
3244 686 3501 777 exsequi-

1893 773 2260 847 lur,imperat
2287 781 2563 848 tyrannus
2592 781 2971 839 circumfundi
3006 802 3242 843 omnem
3268 773 3501 850 turbam

1885 864 2302 919 suoruminteri
2313 884 2393 933 us,
2416 870 2714 942 solumque
2732 887 2929 942 regem
2962 876 3165 944 teneri,
3191 895 3363 950 quem
3381 882 3498 937 suis

1885 950 2107 1022 legibus
2133 953 2407 1009 rebellem
2425 957 2549 1027 jam
2577 965 2942 1031 cognoverat.
2965 961 3121 1019 Tunc
3153 971 3377 1024 sanctus
3390 986 3494 1026 rex

1884 1038 2257 1095 Eadmundus
2286 1042 2342 1097 in
2370 1045 2582 1116 palatio
2629 1052 2690 1101 ut
2740 1050 3070 1107 membrum
3098 1054 3324 1120 Christi,
3359 1074 3495 1130 pro-

1873 1125 2044 1197 jectis
2071 1129 2249 1184 armis
2272 1132 2514 1203 capitur,
2539 1136 2596 1188 et
2627 1135 2860 1191 vinculis
2881 1140 3219 1197 arctioribus
3239 1125 3496 1201 arctatus

1882 1215 2318 1289 constringitur,
2348 1224 2519 1292 atque
2548 1221 2828 1280 innocens
2858 1226 3071 1283 sistitur
3091 1233 3224 1285 ante
3245 1231 3498 1305 impium

1883 1301 2113 1372 ducem,
2143 1306 2304 1377 quasi
2336 1307 2589 1364 Christus
2609 1313 2742 1366 ante
2770 1312 3017 1370 Pilatum
3044 1301 3375 1387 praesidem,
3400 1337 3502 1376 cu-

1882 1390 2052 1463 piens
2081 1393 2202 1463 ejus
2230 1394 2390 1466 sequi
2418 1397 2680 1469 vestigia,
2714 1400 2809 1471 qui
2840 1418 2946 1473 pro
2978 1404 3143 1459 nobis
3164 1405 3504 1463 immolatus

1881 1483 1970 1533 est
1996 1480 2182 1535 hostia
2212 1498 2225 1535 ε
2273 1482 2492 1538 vinctus
2520 1484 2713 1557 itaque
2761 1490 2954 1545 multis
2999 1492 3186 1547 modis
3218 1493 3502 1559 illuditur,

1880 1581 1947 1620 ac
1982 1568 2239 1636 tandem,
2273 1570 2575 1642 fastigatus
2600 1575 2714 1628 acri
2737 1577 3032 1647 instantia,
3066 1581 3398 1649 perducitur
3427 1583 3506 1637 ad

1879 1655 2196 1723 quamdam
2229 1657 2497 1712 arborem
2530 1659 2799 1717 vicinam.
2853 1666 2941 1720 Ad
2972 1684 3149 1739 quam
3198 1670 3500 1741 religatus,

1878 1742 2077 1814 ﬂagris
2108 1743 2403 1799 dirissimis
2430 1747 2746 1804 diutissime
2780 1757 3036 1821 vexatur,
3071 1772 3176 1810 nec
3226 1757 3498 1820 vincitur,

168 1827 294 1883 diens
306 1826 830 1895 festinus,domino
848 1831 946 1882 tuo
957 1829 1082 1882 haec
1096 1843 1366 1898 responsa
1377 1828 1580 1901 perfer
1595 1845 1775 1899 quan—
1796 1822 1849 1881 Β
1876 1847 2109 1902 semper
2123 1832 2407 1887 Christum
2423 1833 2742 1893 invocando
2757 1839 3041 1897 ﬂebilibus
3052 1844 3503 1910 vocibus.Q'uare

164 1916 321 1972 tocius:
341 1918 492 1972 Bene
516 1916 678 1971 ﬁlius
700 1916 1161 1988 diabolipatrem
1180 1918 1341 1970 tuum
1358 1916 1631 1983 imitaris,
1650 1917 1769 1988 qui,

161 2005 502 2076 superbiendo
526 2007 957 2071 intumescens,
980 2004 1121 2058 coelo
1139 2005 1437 2072 corruit,et
1458 2004 1769 2060 mendacio

162 2110 236 2147 suo
260 2095 583 2150 humanum
638 2111 828 2165 genus
858 2093 1147 2147 involvere
1177 2093 1446 2164 gestiens,
1482 2092 1768 2165 plurimos

159 2199 244 2237 suae
271 2200 445 2256 poena:
470 2182 773 2239 obnoxios
798 2181 956 2235 fecit.
983 2181 1151 2251 Cujus
1176 2184 1424 2237 sectator
1438 2180 1768 2254 praecipuus

162 2288 229 2325 me
253 2289 345 2327 nec
373 2272 554 2327 minis
583 2275 814 2325 terrere
839 2271 1135 2342 praevales,
1171 2286 1273 2323 nec
1305 2270 1535 2324 blandae
1568 2269 1762 2339 perdi-

159 2360 617 2415 tionislenociniis
639 2360 906 2414 illectum
940 2357 1209 2430 decipies,
1242 2374 1415 2430 quem
1450 2375 1517 2412 ex
1552 2350 1763 2414 Christi

159 2448 387 2505 institutis
413 2450 723 2504 inermem
756 2444 1036 2519 reperies.
1083 2446 1398 2501 Thesauros
1442 2448 1501 2500 et
1533 2444 1764 2502 divitias

158 2554 265 2607 quas
291 2537 448 2592 nobis
477 2539 775 2592 hactenus
807 2534 1052 2589 contulit
1071 2535 1319 2607 pr0pitia
1350 2534 1642 2598 divinitas,
1667 2551 1760 2589 su-

158 2630 270 2688 mat,
296 2628 610 2682 consumat
640 2629 745 2679 tua
765 2622 1108 2678 insatiabilis
1147 2623 1384 2679 aviditas
1410 2641 1424 2692 ;
1456 2623 1758 2695 quoniam,

159 2714 237 2768 etsi
262 2715 359 2768 hoc
388 2731 609 2786 corpus
641 2712 930 2767 caducum
959 2711 1224 2782 etfragile
1249 2710 1586 2781 confringas
1608 2712 1762 2768 velut

156 2818 229 2856 ras
252 2802 431 2870 ﬁctile,
459 2819 610 2858 vera
632 2801 877 2856 libertas
907 2798 1086 2854 animi
1118 2813 1411 2873 nunquam
1439 2798 1546 2853 tibi
1573 2800 1661 2853 vel
1687 2801 1761 2856 ad

159 2895 485 2946 momentum
513 2888 767 2945 suberit.
788 2886 1093 2942 Honestius
1112 2887 1269 2942 enim
1301 2890 1387 2942 est
1410 2888 1761 2959 perpetuam

160 2976 433 3035 defendere
461 2979 835 3044 libertatem,
865 2977 911 3031 si
936 2992 1054 3030 non
1079 2976 1497 3041 armis,saltem
1520 2976 1758 3046 jugulis,

160 3080 299 3135 quam
328 3080 643 3140 reposcere
675 3065 956 3120 amissam
981 3064 1308 3136 lacrymosis
1342 3064 1756 3137 querimoniis;

1877 1917 2188 1973 adversarii
2218 1920 2275 1974 in
2307 1921 2564 1977 furorem
2596 1926 2763 1993 versi,
2795 1930 2955 1999 quasi
2985 1930 3260 2000 ludendo,
3313 1931 3387 1988 ad
3420 1926 3506 1982 5i-

1876 2022 2223 2076 gnum,eum
2236 2011 2357 2063 toto
2371 2026 2611 2082 corpore
2632 2013 2973 2085 sagittarum
2984 2017 3111 2072 telis
3128 2013 3504 2075 confodiunt,

1877 2093 2335 2164 multiplicantes
2355 2098 2729 2155 acerbitatem
2750 2103 3032 2158 cruciatus
3062 2106 3368 2163 crebribus
3389 2095 3515 2173 (δίε)

1870 2181 2066 2234 lorum
2108 2181 2332 2251 ictibus,
2361 2184 2637 2256 quoniam
2669 2189 2908 2245 vulnera
2937 2192 3278 2250 vulneribus
3308 2184 3519 2263 impri-

1876 2269 2139 2337 mebant,
2172 2271 2307 2326 dum
2328 2272 2521 2342 jacula
2542 2274 2748 2344 jaculis
2779 2279 2973 2332 locum
3006 2280 3252 2336 dabant.
3312 2282 3525 2354 Sicque

1869 2356 2090 2411 factum
2122 2362 2208 2413 est
2238 2362 2301 2414 ut
2320 2360 2671 2432 spiculorum
2690 2366 2990 2421 terebratis
3016 2369 3232 2423 aculeis
3261 2373 3528 2435 circum-

1867 2445 2052 2500 fossus
2080 2448 2370 2520 palpitans
2393 2450 2678 2522 horreret,
2706 2455 2859 2510 velut
2889 2471 3058 2529 asper
3093 2457 3393 2535 hericius,
3433 2466 3531 2531 aut

1864 2534 2043 2606 spinis
2060 2534 2247 2591 hirtus
2270 2539 2534 2607 carduus,
2562 2540 2622 2596 in
2644 2544 2909 2614 passione
2928 2544 3128 2600 similis
3153 2534 3521 2623 Sebastiano

1864 2621 2100 2693 egregio
2131 2626 2394 2698 martyri.
2450 2627 2712 2703 Cumque
2763 2649 2868 2687 nec
2897 2633 2976 2688 sic
3008 2635 3226 2707 Inguar
3263 2621 3515 2711 furcifeI—o

1863 2726 1996 2765 cum
2046 2711 2266 2767 lanistis
2293 2730 2590 2772 assensum
2628 2718 2890 2789 praebere
2921 2723 3314 2796 conspiceret,
3344 2734 3512 2795 Ch“:

1863 2801 2017 2854 stum
2048 2797 2461 2856 inclamantem
2482 2805 2728 2877 jugiter,
2750 2808 2934 2864 lictori
2957 2810 3198 2865 mandat
3224 2820 3502 2885 protinus

1863 2888 1925 2940 ut
1953 2889 2216 2959 amputet
2253 2892 2425 2961 caput
2474 2892 2619 2962 ejus.
2658 2895 2752 2949 llle
2783 2896 3160 2965 seminecem,
3184 2902 3277 2955 cui
3306 2908 3499 2967 adhuc

1862 2974 2054 3029 vitalis
2070 2977 2228 3031 calor
2252 2979 2574 3050 palpitabat
2600 2983 2659 3037 in
2685 2984 2880 3057 tepido
2900 2988 3157 3056 pectore,
3176 2991 3239 3042 ut
3259 2990 3349 3046 vix
3364 3011 3496 3065 pos-

1861 3065 1949 3117 set
1975 3063 2306 3135 subsistere,
2340 3068 2531 3123 avellit
2562 3074 2801 3128 cruento
2832 3072 3023 3146 stipite
3049 3074 3310 3145 festinus,
3330 3063 3492 3139 avul-

1095 3125 1114 3136 .
1358 3125 1379 3137 .
1744 3125 1754 3133 .
2293 3125 2304 3135 ,
2599 3125 2602 3126 ν
2681 3125 2688 3126 ,
2753 3125 2792 3128 κ-
3050 3125 3489 3145 -,--,--,,,,,,,ν

160 3125 534 3228 ᾇυοοὶᾶωιρτο
572 3155 757 3210 altero
788 3153 1108 3225 gloriosum
1131 3157 1214 3209 est
1233 3153 1406 3220 mori,
1439 3168 1545 3226 pro
1576 3153 1757 3208 altero
1781 3125 1829 3185 Ο
1860 3156 2374 3222 sumque,retectis
2389 3160 3492 3236 costarumlatebris,przepunctionibus

161 3257 263 3296 vero
296 3245 617 3317 opponitur
675 3242 1050 3298 contumacia
1077 3242 1311 3309 servilis,
1371 3240 1587 3313 quippe
1637 3257 1755 3295 ser-

159 3345 283 3398 vum,
302 3349 681 3405 quascunque
704 3330 931 3386 domini
975 3331 1333 3385 conditiones
1364 3329 1606 3399 accepit,
1636 3346 1754 3384 ser-

160 3418 250 3472 vire
276 3422 563 3476 convenit.
603 3419 661 3475 Si
689 3436 787 3474 eas
810 3418 1094 3489 quaslibet
1116 3419 1341 3491 iniquas
1359 3417 1599 3489 respuit,
1624 3434 1757 3474 reus

162 3507 436 3576 majestatis
448 3510 522 3565 ad
523 3510 549 3580 j
559 3508 830 3563 udicatur
842 3507 1139 3562 servilibus
1152 3508 1463 3579 suppliciis.
1481 3506 1595 3560 Sed
1609 3509 1752 3575 esto,

161 3597 313 3661 gravis
331 3606 414 3653 est
440 3598 624 3669 hujus
649 3596 938 3651 servitutis
957 3613 1116 3663 usus;
1140 3601 1198 3650 at
1227 3596 1456 3669 gravior
1480 3595 1755 3650 ulceratio

161 3697 260 3750 quae
284 3687 422 3740 solet
441 3685 607 3741 nasci
626 3702 695 3740 ex
712 3684 1046 3755 hujusmodi
1070 3684 1411 3739 infortunio.
1432 3682 1751 3755 Siquidem,

162 3772 207 3822 ut
231 3778 500 3829 noverunt
517 3773 995 3847 quifrequentius
1009 3772 1407 3828 ratiocinando
1426 3771 1755 3827 forensibus

161 3860 307 3914 causis
331 3863 649 3929 intersunt,
666 3879 733 3915 ex
764 3861 1222 3932 repugnantibus
1242 3862 1395 3916 facta
1408 3858 1755 3930 complexio-

163 3946 228 4001 nis
250 3952 682 4025 consequentia,
714 3954 937 4004 certum
970 3953 1056 4004 est
1076 3949 1229 4021 quia,
1263 3950 1307 4003 si
1342 3951 1576 4003 libertas
1606 3947 1752 4019 peti-

162 4037 248 4100 tur,
269 4043 455 4109 procul
486 4038 674 4095 dubio
697 4037 982 4093 Dominus
1005 4054 1106 4092 suo
1138 4041 1477 4111 contemptu
1501 4036 1748 4090 laeditur.

164 4122 341 4182 Idcirco
393 4146 496 4184 seu
554 4130 790 4199 sponte,
847 4144 946 4181 seu
1002 4126 1216 4181 invitus
1272 4127 1343 4181 de
1389 4140 1616 4180 carcere
1649 4140 1750 4180 suo

166 4227 294 4270 meus
315 4217 385 4272 ad
413 4220 633 4274 caelum
666 4216 854 4270 evolet
882 4215 1028 4271 liber
1060 4215 1309 4287 spiritus,
1344 4216 1515 4269 nullae
1547 4230 1751 4268 eman-

164 4300 424 4372 cipationis
453 4310 560 4362 aut
582 4304 1026 4360 abalienationis
1066 4303 1254 4374 specie
1283 4302 1746 4370 contaminatus;

164 4390 269 4458 quia
294 4411 510 4465 regem,
547 4394 907 4448 diminutum
964 4391 1171 4464 capite,
1219 4408 1518 4463 nunquam
1559 4393 1750 4445 Danus

164 4477 338 4535 videbit
366 4483 438 4537 ad
489 4482 860 4553 triumphum
912 4480 1283 4553 supervivere.
1326 4478 1607 4534 Sollicitas
1654 4499 1748 4539 me

164 4581 239 4635 spe
274 4573 451 4643 regni,
502 4569 827 4626 interfectis
879 4568 1151 4624 omnibus
1200 4568 1365 4633 meis,
1393 4585 1459 4622 ac
1508 4568 1553 4622 si
1604 4571 1748 4627 mihi

164 4656 256 4710 tam
277 4657 394 4715 dira
439 4660 516 4716 sit
560 4658 771 4731 cupido
812 4655 1126 4729 regnandi,
1174 4659 1237 4710 ut
1292 4656 1465 4710 velim
1520 4670 1747 4728 praesse

165 4740 387 4803 domibus
417 4747 611 4805 vacuis
637 4746 964 4801 habitatore
1020 4743 1198 4798 nobili
1244 4748 1303 4798 et
1354 4744 1608 4817 pretiosa
1651 4764 1739 4801 su-

168 4833 411 4899 pellectili.
444 4839 521 4893 Ut
550 4836 725 4908 coepit
753 4838 854 4889 tua
883 4851 1032 4888 saeva
1078 4832 1295 4901 feritas,
1330 4837 1459 4905 post
1501 4833 1748 4891 famulos

167 4934 327 4991 regem
367 4926 508 4981 solio
562 4923 819 4995 diripiat,
872 4922 1087 4988 trahat,
1148 4925 1447 4992 conspuat,
1490 4924 1748 4995 colaphis

168 5009 329 5077 cadat,
357 5014 429 5068 ad
453 5012 726 5067 ultimum
754 5011 1001 5082 jugulet.
1064 5008 1175 5063 Rex
1201 5026 1408 5081 regum
1440 5010 1548 5065 ista
1577 5013 1746 5067 mise-

172 5101 444 5168 ransvidet,
470 5104 532 5155 et
550 5116 770 5165 secum,
788 5103 849 5152 ut
869 5096 1064 5163 credo,
1093 5100 1470 5168 regnaturum
1492 5099 1567 5153 ad
1587 5104 1748 5155 aeter-

171 5197 273 5239 nam
288 5188 454 5243 vitam
467 5189 797 5244 transferet.
822 5185 985 5241 Unde
1009 5185 1231 5239 noveris
1249 5186 1401 5256 quod
1423 5203 1528 5258 pro
1546 5205 1746 5245 amore

171 5270 607 5350 Vilmlemporalis
636 5275 990 5332 Christianus
1014 5290 1111 5327 rex
1140 5271 1510 5328 Eadmundus
1538 5293 1653 5331 non
1689 5294 1747 5332 se

175 5361 339 5419 subdet
364 5383 589 5438 pagano
612 5365 764 5432 duci,
798 5362 906 5418 nisi
940 5361 1095 5433 prius
1126 5360 1359 5417 effectus
1390 5362 1569 5419 fueris
1585 5382 1749 5421 com-

177 5460 254 5514 pos
280 5458 477 5508 nostra:
501 5453 822 5525 religionis,
854 5450 1077 5506 malens
1119 5467 1239 5505 esse
1273 5450 1516 5524 signifer
1542 5453 1599 5508 in
1632 5472 1749 5510 cas-

181 5536 255 5588 tris
283 5544 471 5597 mlerni
504 5544 674 5617 regis.

234 5626 284 5683 Χ.
314 5629 401 5687 Vix
434 5635 659 5689 sanctus
692 5631 777 5688 vir
799 5631 974 5686 verba
1003 5631 1413 5702 compleverat,
1451 5634 1509 5686 et
1538 5650 1751 5691 renun-

1860 3239 2094 3307 crebris,
2129 3258 2195 3296 ac
2242 3243 2287 3297 si
2323 3248 2555 3316 raptum
2596 3251 2839 3320 equuleo
2885 3255 2985 3307 aut
3011 3252 3170 3307 saevis
3197 3255 3489 3316 tortorum

1858 3328 2105 3398 ungulis,
2120 3329 2289 3400 jubet
2315 3338 2485 3404 caput
2503 3336 2836 3408 extendere,
2866 3340 3026 3413 quod
3047 3357 3278 3414 semper
3296 3343 3493 3404 fuerat

1856 3414 2083 3486 insigne
2096 3418 2277 3490 regali
2298 3421 2914 3500 diademate.Cumque
2934 3432 3115 3484 staret
3127 3429 3487 3506 mitissimus,

1860 3506 1921 3557 ut
1950 3504 2097 3559 aries
2150 3507 2221 3561 de
2250 3512 2372 3564 toto
2428 3527 2604 3583 grege
2640 3516 2874 3586 electus,
2904 3519 3102 3573 volens
3143 3518 3295 3575 felici
3324 3504 3487 3580 com;

1859 3592 2074 3648 mercio
2098 3599 2324 3652 mutare
2347 3598 2525 3654 vitam
2542 3605 2772 3673 saaculo,
2797 3606 3004 3661 divinis
3021 3606 3278 3663 intentus
3308 3611 3486 3669 bene-

1854 3679 2018 3747 ﬁciis,
2051 3682 2179 3752 jam
2234 3688 2605 3743 recreabatur
2632 3691 2847 3748 visione
2880 3695 3129 3749 internae
3178 3697 3339 3768 lucis,
3373 3719 3489 3774 qua

1855 3767 1914 3821 in
1938 3784 2124 3840 agone
2140 3774 2377 3843 positus,
2397 3775 2592 3831 satiari
2615 3781 2884 3849 cupiebat
2906 3783 3206 3853 attentius;
3233 3767 3487 3846 unde-in-

1855 3860 1945 3911 ter
1974 3859 2145 3914 verba
2171 3863 2469 3931 orationis,
2491 3880 2624 3920 eum
2645 3874 2876 3940 arrepto
2900 3870 3156 3943 pugione
3174 3875 3486 3945 spiculator

1856 3962 1970 4000 uno
1999 3946 2115 4002 ictu
2149 3948 2531 4023 decapitando
2565 3954 2671 4009 hac
2721 3957 2846 4011 luce
2878 3958 3134 4030 privarit.
3186 3963 3374 4035 Atque
3404 3967 3484 4023 ita

1855 4033 2202 4092 duodecimo
2232 4040 2520 4095 Kalendas
2544 4042 2881 4100 Decembris
2916 4047 3033 4101 Deo
3081 4033 3479 4118 gratissimum

1852 4123 2438 4183 holocaustumEadm
2451 4130 3086 4205 undus,ignepassionis
3099 4142 3479 4211 exanimatus,

1852 4228 1983 4266 cum
2010 4215 2206 4286 palma
2228 4215 2483 4271 victoria:
2514 4220 2572 4273 et
2595 4236 2813 4276 corona
2826 4221 3086 4293 justitice,
3117 4242 3218 4282 rex
3253 4232 3310 4284 et
3331 4246 3482 4287 mar-

1853 4306 1942 4373 tyr
1971 4302 2205 4357 intravit
2232 4309 2500 4360 senatum
2530 4308 2707 4364 curiae
2738 4312 3003 4367 caelestis.

1923 4393 2010 4446 ΧΙ.
2041 4390 2277 4464 Talique
2309 4394 2465 4449 exitu
2522 4397 2702 4452 crucis
2732 4400 3273 4477 mortiﬁcationem,
3304 4405 3480 4480 quam

1840 4481 2063 4553 jugiter
2094 4480 2151 4535 in
2182 4498 2282 4537 suo
2312 4499 2555 4556 corpore
2586 4503 2686 4540 rex
2716 4489 2973 4559 pertulit,
3011 4490 3219 4548 Christi
3248 4497 3481 4553 Domini

1850 4569 1934 4624 sui
1954 4573 2178 4624 secutus
2209 4571 2441 4644 vestigia
2453 4578 2903 4632 consummavit.
2936 4579 3033 4633 llle
3054 4580 3287 4652 quidem
3304 4586 3481 4656 'purus

1848 4658 2161 4723 sceleris,in
2177 4660 2536 4716 columnaad
2563 4679 2741 4735 quam
2758 4665 2978 4721 vinctus
2999 4667 3026 4721 f
3027 4668 3234 4736 uit,san
3241 4672 3480 4743 guinem

1851 4763 1968 4800 non
2002 4761 2106 4816 pro
2136 4748 2321 4815 se,sed
2341 4764 2446 4821 pro
2473 4750 3326 4827 nobis[fundens],ﬂagellorum
3352 4776 3483 4816 suo-

1849 4851 1973 4888 rum
1989 4835 2154 4906 signa
2170 4836 2532 4908 reliquit;iste
2551 4855 2654 4911 pro
2669 4840 3040 4911 adipiscenda
3052 4844 3483 4915 gloriaimmar-

1853 4922 2095 4977 cessibili
2134 4928 2432 4980 cruentato
2465 4927 2658 4998 stipite
2691 4929 2908 4984 similes
2943 4947 3142 5003 poenas
3171 4933 3349 4991 dedit.
3382 4938 3480 4993 Ille

1851 5012 2080 5083 integer
2093 5013 2243 5079 vitae,
2260 5014 2334 5067 ob
2356 5014 2776 5086 detergendam
2793 5018 3125 5090 rubiginem
3148 5028 3481 5082 nostrorum

1848 5099 2199 5169 facinorum,
2232 5102 2500 5157 sustinuit
2521 5103 2970 5176 benignissimus
2999 5108 3345 5167 immanium
3369 5113 3481 5170 cla-

1849 5205 2053 5244 vorum
2067 5191 2446 5246 acerbitatem
2461 5192 2517 5245 in
2532 5193 2741 5263 palmis
2764 5199 2821 5250 et
2842 5196 3483 5275 pedibus;iste,propter

1849 5292 2111 5333 amorem
2147 5279 2402 5334 nominis
2428 5281 2681 5348 Domini,
2700 5287 2821 5339 toto
2850 5301 3093 5357 corpore
3114 5290 3478 5360 gravibussa-

1849 5366 2007 5437 gittis
2036 5366 2324 5436 horridus,
2359 5372 2417 5422 et
2453 5370 2786 5425 medullitus
2807 5373 3118 5445 asperitate
3149 5380 3476 5433 tormento-

1850 5472 1982 5509 rum
2014 5456 2340 5527 dilaniatus,
2398 5459 2454 5513 in
2490 5461 2847 5517 confessione
2884 5464 3174 5534 patienter
3201 5467 3474 5538 perSistit,

1853 5562 2028 5617 quam
2050 5546 2122 5600 ad
2150 5547 2683 5620 ultimum,accepta
2708 5552 2932 5623 capitali
2957 5553 3475 5628 sentcntiaﬁnivit.

1859 5635 2029 5707 Cujus
2059 5651 2264 5709 corpus
2311 5636 2391 5692 ita
2425 5642 2692 5694 truncum
2742 5643 2801 5695 et
2832 5640 3043 5695 aculeis
3069 5642 3350 5697 hirsutum
3383 5658 3475 5697 re-
