3876 6172
462 394 568 454 3ιῦ

1494 376 1552 438 S.
1596 376 1890 437 ABBONIS
1933 373 2221 433 ABBATIS
2253 369 2754 432 FLOBIACENSIS
3607 372 3692 437 litt

461 510 808 588 linquentes,
827 522 957 563 cum
986 519 1087 562 suo
1109 504 1341 560 auctore
1368 501 1533 569 Dani,
1561 500 1809 556 ministri
1837 497 2069 561 diaboli,
2094 500 2150 561 Α
2174 497 2550 553 manifestans
2580 496 2639 552 in
2662 513 2721 553 se
2745 493 3080 568 Verbigenas
3110 494 3379 568 magnalia
3400 496 3485 570 qui
3513 498 3697 559 rudenti

465 604 605 660 illud
633 602 803 673 caput
830 599 1088 651 sanctum
1121 593 1275 665 quod
1306 609 1421 646 non
1449 591 1913 662 impinguaverat
1942 604 2069 659 pec-

463 691 672 751 catoris
704 691 918 753 oleum,
946 685 1042 739 sed
1074 683 1213 737 certi
1254 680 1504 752 mysterii
1535 681 1981 741 sacramentum,
2012 676 2070 730 in

463 784 621 847 silva,
654 777 743 833 cui
773 775 1111 831 vocabulum
1144 775 1230 825 est
1286 768 1684 839 Hagdcsdum,
1739 766 2073 820 recedentes

462 866 927 943 asportaverunt,
956 878 1022 917 ac
1052 861 1203 914 inter
1233 859 1410 913 densa
1432 856 1689 927 veprium
1715 855 1928 908 fruteta
1951 855 2072 907 lon-

460 942 586 1035 gius
617 956 938 1031 projectum
956 950 1346 1013 occuluerunt,
1362 946 1421 1000 id
1441 945 1599 999 omni
1625 942 1935 1014 sagacitate
1958 942 2072 997 ela-

460 1031 733 1107 borantes
763 1060 836 1099 ne
859 1060 893 1098 a
922 1037 1273 1104 Christianis,
1301 1052 1444 1107 quos
1473 1034 1557 1088 vix
1586 1049 1796 1106 paucos
1824 1031 2073 1101 relique-

461 1140 614 1203 rant,
627 1130 1075 1190 sacratissimum
1097 1142 1303 1198 corpus
1324 1123 1587 1193 martyris
1605 1138 1734 1175 cum
1752 1120 1933 1190 capite
1948 1135 2076 1190 pro-

458 1223 868 1284 tumulantium
884 1219 1118 1274 modulo
1135 1216 1389 1270 honestae
1408 1212 1731 1265 traderetur
1746 1209 2072 1279 sepulturm.

463 1314 604 1371 Huic
634 1315 829 1366 autem
860 1305 1181 1378 spectaculo
1217 1307 1336 1356 tam
1368 1298 1627 1355 horribili
1659 1297 1891 1369 quidam
1943 1314 2074 1350 nos-

461 1406 565 1458 trae
596 1397 891 1470 religionis
932 1390 1314 1448 delitescendo
1343 1387 1624 1450 interfuit,
1649 1402 1842 1457 quem,
1862 1385 2078 1437 subtra-

465 1494 643 1555 ctum,
676 1492 740 1542 ut
768 1484 1075 1548 credimus,
1101 1494 1460 1552 paganorum
1483 1474 1705 1546 gladiis,
1733 1474 1923 1527 divina
1945 1488 2081 1542 pro-

460 1576 716 1631 videntia
743 1574 815 1628 ad
856 1567 1344 1626 manifestandum
1378 1565 1546 1633 hujus
1600 1562 1681 1616 rei
1734 1560 2072 1631 indaginem

463 1662 793 1729 reservavit,
816 1660 947 1714 licet
968 1656 1208 1712 omnino
1240 1652 1595 1722 ignoraverit
1614 1650 1753 1721 quid
1780 1650 1850 1702 de
1888 1648 2073 1720 capite

458 1754 676 1808 factum
702 1752 869 1818 esset,
903 1747 1008 1801 nisi
1032 1745 1186 1817 quod
1216 1760 1345 1797 cum
1369 1758 1435 1796 eo
1461 1740 1755 1795 carniﬁces
1777 1740 1966 1792 Danos
1989 1736 2072 1790 in-

461 1842 733 1897 teriorem
766 1838 964 1892 silvam
991 1836 1188 1907 petere
1220 1830 1620 1902 conspexisset.

531 1927 1039 1993 Xll.Quamobrem
1054 1922 1557 1994 quantulacunque
1575 1916 1802 1971 reddita
1815 1915 2074 1970 Ecclesiis

458 2036 600 2092 pace
629 1995 927 2089 coeperunt
957 2009 1259 2067 Christiani
1306 2008 1376 2062 de
1426 2006 1673 2061 latibulis
1702 2021 2071 2076 consurgere,

460 2106 724 2180 diligenti
755 2102 1125 2175 inquisitione
1170 2099 1495 2167 satagentes
1523 2098 1586 2148 ut
1618 2096 1788 2163 caput
1812 2093 1897 2146 sui
1924 2092 2075 2162 regis

459 2200 518 2252 et
538 2193 805 2266 martyris
828 2192 1125 2245 inventum
1143 2185 1369 2255 corpori
1395 2183 1644 2248 unirent,
1666 2184 1723 2233 et
1735 2181 1897 2250 juxta
1911 2196 2071 2233 suam

458 2284 791 2339 facultatem
806 2277 1093 2347 condigne
1109 2276 1333 2327 honore
1363 2266 2074 2337 reconderent.Siquidem

459 2369 701 2443 paganis
752 2365 1115 2427 abeuntibus,
1146 2364 1204 2414 et
1233 2355 1667 2429 depopulationi
1722 2354 1803 2425 (in
1834 2353 2074 2425 regione

458 2458 674 2512 scilicet
716 2449 1221 2521 Estrangulorum)
1269 2460 1499 2516 quoque
1546 2444 1805 2497 locorum
1836 2458 2075 2513 operam

461 2545 731 2602 dantibus
760 2540 900 2595 illud
932 2554 1137 2607 corpus
1161 2533 1606 2597 sanctissimum,
1632 2530 1821 2585 adhuc
1851 2530 1954 2583 sub
1978 2530 2071 2584 dio

459 2627 1011 2706 positum,facillime
1023 2628 1109 2678 est
1126 2625 1419 2694 repertum
1438 2619 1495 2673 in
1520 2618 1727 2674 eodem
1754 2633 1961 2688 campo
1977 2616 2069 2672 ubi

459 2704 558 2778 rex
590 2717 874 2783 occubuit,
908 2714 1194 2785 completo
1230 2726 1395 2764 cursu
1423 2708 1509 2763 sui
1538 2706 1891 2763 certaminis.
1925 2704 2069 2775 Quo,

455 2813 694 2886 propter
710 2805 1013 2876 antiquam
1035 2798 1449 2856 beneﬁciorum
1463 2793 2070 2864 memoriam,etinge-

457 2881 641 2955 uitam
662 2895 815 2966 regis
843 2889 1236 2954 clementiam,
1270 2884 1465 2959 populi
1511 2884 1766 2955 undique
1812 2881 2069 2955 gratuito

362 2972 369 2977 ’
455 2987 834 3049 conﬂuentes,
865 2980 1162 3050 coeperunt
1187 2978 1389 3030 maesto
1417 2972 1612 3028 animo
1645 2972 1894 3044 graviter
1917 2971 2069 3024 ferre

2175 589 2362 642 asella:
2394 588 2654 642 humana
2675 586 2968 658 compegit
2989 586 3177 652 verba,
3208 590 3267 640 ut
3284 585 3570 659 increparet
3594 605 3698 659 pro-

2173 676 2362 746 phetae
2394 675 2806 747 insipientiam.
2835 674 2933 729 Cui
2958 674 3225 729 miraculo
3254 692 3432 729 rerum
3474 676 3702 733 Conditor

2175 764 2326 818 aliud
2347 764 2766 818 annexuitdum
2786 762 3268 819 cmlestithesauro
3282 763 3541 819 insolitum
3555 769 3707 819 custo-

2177 853 2311 906 dem
2347 851 2522 906 dedit.
2558 851 2777 922 Quippe
2831 850 3104 906 immanis
3132 850 3289 920 lupus
3315 867 3378 905 eo
3420 851 3514 906 loci
3554 851 3707 907 divina

2176 939 2549 994 miseratione
2578 942 2663 993 est
2719 942 3000 1010 repertus,
3036 938 3132 1008 qui
3182 937 3313 992 illud
3348 954 3548 992 sacrum
3572 943 3708 1009 caput

2174 1028 2328 1084 inter
2351 1029 2585 1084 brachia
2615 1027 3370 1100 complexus,procumbebat
3397 1027 3555 1095 humi,
3578 1044 3708 1082 excu-

2173 1117 2298 1171 bias
2318 1116 2627 1172 intendens
2650 1116 2911 1187 martyri.
2936 1117 3047 1170 Nec
3071 1114 3175 1169 sibi
3191 1114 3491 1186 depositum
3503 1114 3713 1185 permisit

2175 1206 2386 1260 laedere
2413 1204 2748 1277 quampiam
2765 1204 3103 1269 bestiarum,
3127 1202 3601 1274 quodinviolabile,
3619 1203 3712 1257 solo

2178 1296 2347 1347 tenus
2374 1296 2685 1364 prostatus,
2703 1293 2882 1348 oblita
2900 1292 3208 1347 voracitate
3220 1290 3461 1345 servabat
3472 1290 3713 1349 attentius.

2181 1380 2343 1445 Quod
2367 1381 2667 1453 stupefacti
2686 1381 2944 1437 videntes
2973 1380 3071 1452 qui
3091 1378 3485 1445 conﬂuxerant,
3507 1376 3715 1432 beatissi-

2180 1486 2341 1523 mum
2374 1487 2573 1540 regem
2602 1472 2658 1523 et
2687 1473 3004 1540 martyrem
3052 1467 3459 1522 Eadmumdum
3506 1466 3578 1520 illi
3612 1482 3715 1520 vero

2178 1558 2597 1614 desideriorum
2639 1557 3036 1612 indicaverunt
3082 1556 3301 1610 meritis
3340 1554 3586 1619 similem,
3624 1554 3717 1625 qui,

2177 1644 2328 1700 inter
2358 1646 2733 1700 esurientium
2787 1645 2963 1699 rictus
3012 1645 3269 1706 leonum,
3312 1642 3505 1698 illmsus
3550 1642 3719 1712 sprevit

2177 1736 2365 1789 minas
2394 1734 2806 1789 insidiantium.

2098 1817 2150 1876 B
2246 1828 2351 1881 XII.
2387 1826 2753 1879 Assumentes
2784 1837 2922 1893 ergo
2954 1820 3216 1875 unanimi
3263 1818 3545 1875 devotione
3580 1833 3720 1889 quam

2176 1917 2521 1971 invenerant
2551 1911 2964 1967 inaestimabilis
3001 1909 3175 1981 pretii
3221 1907 3591 1980 margaritam,
3618 1920 3723 1959 cum

2176 2005 2423 2077 profusis
2450 2020 2568 2075 prae
2599 2000 2810 2073 gaudio
2836 2000 3226 2071 lacrymarum
3266 1995 3528 2051 imbribus
3555 1994 3725 2048 retule-

2176 2097 2315 2148 runt
2345 2092 2416 2146 ad
2432 2107 2598 2145 suum
2612 2105 2836 2159 corpus,
2851 2087 3256 2142 benedicentes
3269 2087 3443 2140 Deum
3467 2082 3519 2136 in
3537 2078 3727 2153 hymnis

2180 2184 2238 2234 et
2263 2180 2546 2246 laudibus,
2573 2179 2957 2250 prosequente
2989 2191 3167 2246 usque
3221 2173 3291 2227 ad
3322 2174 3499 2227 locum
3529 2163 3727 2239 sepulcri

2176 2271 2331 2340 lupo,
2362 2267 2697 2322 earumdem
2717 2264 3091 2336 reliquiarum
3113 2261 3346 2317 custode
3374 2264 3428 2313 et
3452 2252 3727 2328 bajulo.Qui

2176 2357 2256 2412 eis
2281 2373 2314 2411 a
2344 2360 2512 2426 tergo
2544 2355 2877 2421 imminens,
2909 2356 2966 2407 et
2986 2351 3147 2423 quasi
3171 2367 3274 2423 pro
3306 2348 3519 2421 perdito
3534 2346 3731 2416 pignore

2175 2445 2398 2515 lugens,
2440 2460 2573 2497 cum
2639 2442 2936 2495 neminem
2991 2439 3167 2493 etiam
3226 2437 3472 2491 irritatus
3520 2430 3731 2493 laederet,

2175 2531 2393 2586 nemini
2408 2531 2770 2600 importunus
2784 2528 3217 2596 existeret,nota
3234 2526 3449 2581 dilecta:
3466 2515 3734 2576 solitudinis

2176 2623 2393 2674 secreta
2419 2619 2625 2672 illmsus
2672 2617 2931 2689 repetiit;
2980 2632 3086 2670 nec
3117 2614 3355 2670 ulterius
3401 2611 3456 2665 in
3486 2608 3585 2663 illis
3625 2603 3733 2660 locis

2175 2708 2359 2779 lupus,
2392 2707 2579 2777 specie
2609 2710 2728 2759 tam
2760 2703 3049 2773 terribilis,
3083 2701 3369 2774 apparuit.
3395 2698 3511 2763 Quo
3542 2693 3734 2750 tandem

2174 2794 2502 2861 recedente,
2530 2810 2660 2848 cum
2693 2807 2923 2847 summa
2942 2790 3246 2861 diligentia
3266 2792 3324 2843 et
3340 2785 3494 2842 omni
3508 2780 3738 2854 sagacita-

2173 2882 2243 2937 tis
2272 2883 2460 2938 studio
2482 2884 2767 2955 aptantes,
2799 2880 3005 2952 quibus
3033 2878 3321 2933 creditum
3350 2879 3452 2943 est,
3471 2873 3738 2945 capulcor-

2170 2972 2298 3043 pori
2330 2975 2550 3033 sancto,
2578 2987 2681 3042 pro
2700 2973 2964 3040 tempore
2978 2966 3357 3036 tradiderunt
3371 2967 3652 3030 utrumque
3665 2971 3741 3026 pa-

460 3075 616 3149 quod
646 3071 960 3128 caruissent
987 3069 1151 3121 tanta
1189 3062 1444 3135 corporis
1491 3060 1779 3133 portione.
1813 3059 2068 3124 Quorum
2092 3056 2141 3118 C
2170 3058 2580 3130 riterjunctum
2597 3056 2948 3129 competenti
2966 3053 3426 3118 mausoleo.Quo
3447 3045 3739 3143 locoetiam,

459 3163 670 3220 animis
693 3175 942 3231 superna
967 3153 1260 3228 inspiravit
1280 3150 1942 3221 benignitas,postquam
1969 3164 2069 3202 au-

459 3254 690 3310 dierunt
734 3249 884 3304 illius
911 3246 1086 3301 verba
1114 3242 1276 3297 utilia
1331 3239 1428 3311 qui
1477 3241 1653 3293 tantae
1701 3237 1954 3303 visionis,
2009 3238 2071 3290 ut

462 3320 680 3397 dictum
701 3340 806 3403 est,
841 3333 1123 3408 particeps
1149 3327 1758 3396 astiterat;ut,collecta
1788 3324 2069 3397 plurimo-

461 3446 591 3485 rum
613 3424 1236 3493 multitudine,quaqua
1257 3433 1484 3472 versum
1507 3432 1610 3488 per
1632 3414 1786 3469 invia
1801 3414 2069 3468 silvarum

463 3516 858 3590 experirentur
885 3511 932 3565 si
961 3510 1034 3564 ad
1061 3509 1119 3563 id
1145 3508 1250 3562 loci
1285 3505 1552 3560 devenire
1579 3503 1939 3574 contingeret
1955 3521 2068 3575 quo

461 3606 565 3660 viri
597 3601 776 3659 sancti
802 3601 973 3671 caput
989 3598 1229 3668 jaceret.
1263 3597 1372 3648 Pro
1425 3595 1582 3647 certo
1615 3591 1770 3646 enim
1802 3591 2071 3646 omnibus

459 3709 592 3749 vere
613 3689 963 3763 sapientibus
991 3686 1178 3740 inerat
1207 3682 1361 3754 quod
1387 3680 1589 3734 alienae
1618 3682 1784 3734 sectae
1804 3681 2067 3747 cultores,

462 3778 772 3852 invidendo
787 3778 995 3831 nostra:
1026 3772 1183 3834 ﬁdei,
1207 3769 1560 3825 sustulissent
1582 3772 1752 3838 caput
1779 3768 2067 3839 martyris,

463 3870 617 3943 quod
640 3884 757 3922 non
783 3863 1009 3935 longius
1030 3861 1182 3915 intra
1202 3858 1545 3914 densitatem
1559 3858 1735 3911 saltus
1746 3856 2070 3912 abscondis-

459 3962 607 4025 sent,
632 3958 731 4011 aut
758 3954 850 4007 vili
883 3951 1094 4022 cespite
1126 3949 1420 4012 obrutum,
1472 3949 1570 3999 aut
1600 3945 1793 3999 avibus
1845 3949 1904 3997 et
1932 3943 2067 3998 feris

460 4044 877 4103 devorandum.
935 4040 1193 4109 Cumque
1242 4035 1383 4090 inito
1418 4033 1654 4088 consilio
1689 4049 1894 4088 omnes
1942 4032 2067 4103 pari

459 4135 660 4191 affectu
693 4132 764 4186 ad
798 4130 854 4184 id
912 4128 1343 4190 concurrerent,
1401 4126 1462 4177 ut
1491 4121 1760 4176 cornibus
1800 4121 1886 4174 vel
1916 4121 2067 4175 tubis

457 4222 762 4279 ductilibus
780 4216 987 4288 singuli
1005 4213 1264 4270 contenti
1282 4214 1490 4278 essent,
1511 4213 1812 4281 quatenus,
1827 4208 2067 4263 circum-

2171 3149 2447 3204 aediﬁcata
2479 3148 2573 3202 vili
2601 3164 2773 3220 opere
2806 3147 3050 3218 desuper
3086 3144 3346 3209 basilica,
3400 3139 3582 3196 multis
3606 3132 3742 3190 annis

2170 3238 2449 3310 requievit
2471 3238 2763 3304 humatus,
2797 3234 3225 3301 donec,sedatis
3240 3230 3480 3288 omnino
3499 3226 3743 3282 bellorum

2172 3327 2454 3384 incendiis
2480 3330 2538 3381 et
2562 3326 2748 3381 valida
2779 3327 3122 3395 tempestate
3154 3317 3582 3395 persecutionis,
3609 3310 3747 3381 erepit

2171 3417 2454 3487 respirare
2467 3414 2739 3485 religiosa
2752 3414 2932 3487 pietas
2949 3412 3234 3480 ﬁdelium,
3260 3411 3460 3481 erepta
3478 3407 3544 3462 de
3567 3415 3748 3477 pressu-

2173 3505 2248 3558 ris
2273 3503 2732 3559 tribulationum.
2795 3501 2933 3565 Quae
2972 3499 3067 3554 ubi
3110 3503 3350 3571 tempus
3402 3495 3747 3567 opportunum

2172 3593 2406 3659 invenit,
2437 3591 2802 3646 devotionem
2818 3606 2995 3661 quam
3009 3605 3148 3659 erga
3171 3586 3566 3643 beatissimum
3583 3590 3749 3650 regem

2171 3684 2228 3735 et
2255 3685 2569 3752 martyrem
2602 3678 3009 3733 Eadmundum
3040 3677 3266 3742 habuit,
3292 3690 3532 3747 operum
3568 3664 3751 3724 exhibi-

2169 3770 2327 3824 tione
2358 3768 2748 3839 multipliciter
2761 3765 3099 3839 propalavit.
3113 3764 3281 3819 Idem
3296 3777 3544 3833 namque
3560 3756 3752 3812 sanctus

2169 3859 2270 3913 sub
2302 3858 2396 3912 vili
2424 3856 2650 3926 tugurio
2670 3855 3037 3909 sanctiﬁcatm
3055 3852 3456 3923 domus,cujus
3475 3850 3612 3904 esset
3626 3841 3752 3915 apud

2170 3949 2349 4002 Deum
2413 3945 2628 4011 meriti,
2678 3944 2858 3998 creris
2904 3942 3322 3997 manifestabat
3378 3935 3749 3994 miraculorum

2166 4034 2361 4105 signis.
2388 4034 2601 4098 Quibus
2630 4033 2799 4087 rebus
2846 4033 3114 4103 permota
3144 4030 3415 4101 ejusdem
3474 4020 3748 4098 provincia:

2167 4123 2497 4189 multitudo,
2532 4137 2648 4175 non
2671 4122 2857 4175 solum
2888 4119 3061 4190 vulgi,
3081 4118 3183 4173 sed
3204 4118 3384 4173 etiam
3411 4106 3751 4173 nobilium,in

2164 4212 2297 4265 villa
2335 4211 2494 4282 regia
2522 4227 2648 4281 quas
2697 4209 2893 4279 lingua
2922 4209 3249 4278 Anglorum
3306 4194 3755 4272 Bedricesgueord

454 4311 603 4365 circa
654 4281 1054 4378 pervagantes,
1085 4302 1316 4356 vocibus
1370 4303 1468 4353 aut
1524 4298 1791 4351 tubarum
1825 4298 2657 4389 strepituD(Beodricheswort)
2718 4297 2959 4364 dicitur,
3013 4296 3217 4351 Latina
3290 4310 3425 4350 vero
3480 4281 3751 4363 (Beodries)

455 4398 562 4453 sibi
594 4398 794 4450 mutuo
823 4394 1149 4455 innueren't,
1183 4406 1254 4443 ne
1300 4390 1399 4441 aut
1427 4388 1667 4440 lustrata
1711 4387 2061 4455 repeterent,

453 4490 553 4541 aut
576 4501 696 4538 non
744 4483 983 4535 lustrata
1011 4479 1365 4533 desererent.
1404 4473 1568 4538 Quod
1618 4476 1678 4527 ut
1707 4473 1924 4527 factum
1956 4475 2059 4540 est,

451 4591 542 4630 res
572 4572 726 4627 dictu
777 4565 1059 4623 mirabilis
1104 4567 1162 4619 et
1219 4563 1437 4617 saeculis
1486 4562 1744 4616 inaudita
1800 4560 2060 4632 contigit.

452 4662 673 4734 Quippe
704 4660 875 4731 caput
903 4653 1084 4710 sancti
1114 4652 1268 4724 regis
1310 4650 1536 4723 longius
1567 4653 1858 4705 remotum
1899 4667 1934 4704 a
1963 4666 2062 4705 suo

447 4765 713 4823 corpore,
737 4744 1003 4817 prorupit
1026 4743 1085 4796 in
1106 4757 1243 4796 voce
1268 4740 1483 4811 absque
1514 4739 1792 4793 ﬁbrarum
1818 4738 2066 4811 epitula-

447 4838 734 4905 tione,aut
757 4833 1102 4890 arteriarum
1118 4828 1479 4901 praecordiali
1511 4844 1772 4882 munere.
1792 4827 2066 4900 Vespillo-

449 4943 592 4984 uum
616 4940 755 4979 sane
785 4938 948 4977 more
993 4918 1251 4992 pluribus
1280 4916 1638 4988 pedetentim
1687 4916 1841 4970 invia
1869 4918 2061 4989 perlu-

447 5014 915 5079 strantibus;cum
932 5009 1058 5081 jam
1078 5009 1270 5079 posset
1295 5004 1482 5060 audiri
1505 5004 1768 5076 loquens,
1793 5004 1867 5058 ad
1899 5021 2064 5059 voces

446 5123 506 5161 se
521 5103 810 5160 invincem
824 5095 1564 5165 cohortantium,et,utpote
1578 5092 1714 5147 socii
1729 5093 1801 5146 ad
1818 5093 1969 5146 sociu
1981 5110 2059 5155 m,

444 5190 777 5249 alternatim
808 5184 1181 5242 clamantium
1212 5183 1305 5237 ubi
1331 5199 1380 5236 es
1403 5183 1431 5234 ?
1480 5181 1616 5235 illud
1650 5180 2057 5252 respondebat,

447 5279 803 5353 designanda
830 5278 1045 5337 locum,
1066 5271 1254 5345 patria
1282 5270 1480 5341 lingua
1508 5268 1702 5323 dicens
1730 5284 1742 5322 :
1776 5268 1914 5333 Her,
1946 5269 2057 5339 her,

443 5372 574 5437 her;
606 5368 762 5442 quod
793 5365 1234 5436 interpretatum
1267 5358 1498 5412 Latinus
1519 5373 1710 5412 sermo
1746 5357 2058 5428 exprimit:

443 5461 576 5528 Hic,
599 5459 704 5525 hic,
731 5456 835 5509 hic.
863 5455 974 5508 Nec
1003 5463 1281 5521 unquam,
1314 5446 1519 5501 eadem
1550 5446 1889 5516 repetendo,
1943 5448 2059 5501 cla-

444 5565 608 5606 mare
638 5543 875 5610 destitit,
897 5539 1087 5613 quoad
1113 5553 1317 5593 omnes
1337 5535 1409 5589 ad
1436 5552 1493 5588 se
1523 5534 2060 5609 perduxit.Palpila-

446 5639 548 5694 bat
576 5636 821 5691 mortuae
838 5630 916 5684 lin
925 5643 1051 5702 gua:
1066 5627 1355 5702 plectrum
1378 5623 1531 5679 intra
1548 5626 1772 5681 meatus
1788 5623 2061 5699 faucium,

2170 4389 2387 4443 Bedrici
2439 4388 2611 4442 curtis
2663 4390 2917 4448 vocatur,
2977 4384 3297 4439 construxit
3366 4378 3753 4454 permaximam

2165 4478 2313 4531 miro
2344 4477 2536 4548 ligneo
2580 4475 2839 4530 tabulatu
2869 4472 3191 4541 ecclesiam,
3222 4473 3301 4527 ad
3332 4486 3508 4543 quam
3538 4480 3678 4527 eum,
3706 4460 3755 4512 ut

2165 4565 2424 4631 decebat,
2458 4564 2748 4618 transtulit
2775 4579 2903 4617 cum
2937 4578 3154 4632 magna
3183 4560 3397 4633 gloria.

2235 4652 2505 4720 XlV.Sed,
2531 4651 2743 4706 mirum
2765 4649 2947 4706 dictu!
2973 4666 3105 4704 cum
3126 4649 3273 4704 illud
3321 4646 3628 4721 pretiosum
3653 4650 3756 4692 cor-

2166 4759 2269 4814 pus
2296 4740 2565 4812 martyris
2599 4740 2984 4810 putrefactum
3013 4740 3321 4809 putaretur
3353 4736 3429 4791 ob
3456 4733 3761 4789 diuturnum

2165 4829 2414 4901 spatium
2441 4826 2709 4882 transacti
2732 4826 3032 4897 temporis,
3050 4824 3132 4879 ita
3157 4840 3370 4879 sanum
3395 4824 3480 4876 est
3496 4816 3761 4888 repertum

2165 4899 2223 4971 et
2261 4917 2569 4975 incolume,
2598 4920 2658 4968 ut
2679 4930 2794 4966 non
2819 4913 3007 4967 dicam
3035 4916 3209 4985 caput
3239 4909 3695 4980 redintegratum
3718 4899 3765 4951 et

2165 5004 2639 5076 compaginatum
2663 5000 2909 5073 corpori,
2946 5000 3043 5055 sed
3063 4999 3312 5055 omnino
3331 4999 3391 5053 in
3423 5014 3492 5051 eo
3520 4991 3651 5049 nihil
3667 4985 3766 5040 vul-

2164 5094 2337 5161 neris,
2368 5092 2509 5146 nihil
2537 5089 2812 5145 cicatricis
2842 5088 3191 5161 apparuerit.
3229 5088 3444 5158 Sicque
3469 5098 3595 5139 cum
3626 5089 3765 5132 rere-

2161 5182 2352 5237 rentia
2381 5178 2771 5235 nominandus
2799 5182 3028 5233 sanctus
3049 5193 3147 5231 rex
3167 5178 3227 5229 et
3260 5177 3490 5238 martyr
3512 5168 3768 5224 Eadmun-

2162 5272 2288 5338 dus,
2323 5269 2567 5338 integer,
2620 5270 2678 5321 et
2705 5266 2917 5320 viventi
2956 5264 3304 5330 simillimus,
3335 5262 3412 5317 ad
3455 5254 3765 5331 praedictum

2162 5361 2354 5414 locum
2374 5362 2459 5411 est
2478 5357 2806 5418 translatus,
2837 5353 2930 5407 ubi
2952 5353 3137 5407 adhuc
3164 5352 3223 5405 in
3251 5351 3462 5405 eadem
3492 5348 3672 5401 forma
3687 5354 3764 5391 el!-

2161 5449 2381 5520 spectat
2397 5446 2566 5500 beata
2584 5441 3061 5498 resurrectionnis
3074 5439 3290 5513 gaudia
3318 5435 3621 5512 promissa.
3636 5427 3765 5482 Tan'

2162 5537 2371 5591 tumin
2405 5536 2527 5607 ejus
2561 5534 2730 5600 collo,
2763 5531 2836 5587 ob
2897 5532 3126 5602 signum
3162 5527 3456 5600 martyrii,
3485 5523 3645 5579 rubet
3670 5528 3767 5607 una

2170 5625 2504 5681 tenuissima
2528 5622 2723 5701 rigain
2754 5621 2993 5679 modum
3018 5619 3095 5677 ﬁli
3124 5614 3403 5687 coccinei,
3435 5612 3579 5667 sicut
3593 5606 3765 5663 testari
