  <div class='ocr_page' id='page_1' title='image "/cluster/home/n/w/nwhite01/storage/ocr_20150623/139/hvd.32044054759998/264.png"; bbox 0 0 3922 6168; ppageno 0'>
   <div class='ocr_carea' id='block_1_1' title="bbox 162 342 1711 424">
    <p class='ocr_par' dir='ltr' id='par_1_1' title="bbox 162 343 1711 424">
     <span class='ocr_line' id='line_1_1' title="bbox 162 343 1711 424; baseline -0.012 -1"><span class='ocrx_word' id='word_1_1' title='bbox 162 365 242 424; x_wconf 71' lang='lat' dir='ltr'>Bt?</span> <span class='ocrx_word' id='word_1_2' title='bbox 1215 344 1386 405; x_wconf 66' lang='lat' dir='ltr'>VITA</span> <span class='ocrx_word' id='word_1_3' title='bbox 1413 344 1473 405; x_wconf 90' lang='lat' dir='ltr'>S.</span> <span class='ocrx_word' id='word_1_4' title='bbox 1503 343 1711 405; x_wconf 75' lang='lat' dir='ltr'><strong>EADMI</strong></span> 
     </span>
    </p>
   </div>
   <div class='ocr_carea' id='block_1_2' title="bbox 1899 342 3448 424">
    <p class='ocr_par' dir='ltr' id='par_1_2' title="bbox 1899 343 3448 411">
     <span class='ocr_line' id='line_1_2' title="bbox 1899 343 3448 411; baseline 0 -7"><span class='ocrx_word' id='word_1_5' title='bbox 1899 343 2098 406; x_wconf 75' lang='lat' dir='ltr'>REGIS</span> <span class='ocrx_word' id='word_1_6' title='bbox 2137 343 2342 408; x_wconf 79' lang='lat' dir='ltr'>ANGL.</span> <span class='ocrx_word' id='word_1_7' title='bbox 3345 346 3448 411; x_wconf 71' lang='grc'>518</span> 
     </span>
    </p>
   </div>
   <div class='ocr_carea' id='block_1_3' title="bbox 159 466 3447 553">
    <p class='ocr_par' dir='ltr' id='par_1_3' title="bbox 159 466 3447 553">
     <span class='ocr_line' id='line_1_3' title="bbox 159 466 3447 553; baseline -0.005 -11"><span class='ocrx_word' id='word_1_8' title='bbox 159 484 254 543; x_wconf 82' lang='lat' dir='ltr'>erat</span> <span class='ocrx_word' id='word_1_9' title='bbox 281 477 430 539; x_wconf 84' lang='lat' dir='ltr'>solita</span> <span class='ocrx_word' id='word_1_10' title='bbox 456 470 719 553; x_wconf 62' lang='lat' dir='ltr'>quaedam</span> <span class='ocrx_word' id='word_1_11' title='bbox 769 466 960 530; x_wconf 58' lang='lat' dir='ltr'>beata</span> <span class='ocrx_word' id='word_1_12' title='bbox 1005 467 1443 525; x_wconf 79' lang='lat' dir='ltr'>recordationis</span> <span class='ocrx_word' id='word_1_13' title='bbox 1492 468 1734 538; x_wconf 86' lang='lat' dir='ltr'>femina,</span> <span class='ocrx_word' id='word_1_14' title='bbox 1756 474 1810 533; x_wconf 86' lang='grc' dir='ltr'><strong>Α</strong></span> <span class='ocrx_word' id='word_1_15' title='bbox 1830 468 2052 525; x_wconf 83' lang='lat' dir='ltr'>remisit</span> <span class='ocrx_word' id='word_1_16' title='bbox 2080 468 2153 524; x_wconf 89' lang='lat' dir='ltr'>ad</span> <span class='ocrx_word' id='word_1_17' title='bbox 2182 467 2438 542; x_wconf 87' lang='lat' dir='ltr'>propria,</span> <span class='ocrx_word' id='word_1_18' title='bbox 2495 467 2691 525; x_wconf 86' lang='lat' dir='ltr'>dicens</span> <span class='ocrx_word' id='word_1_19' title='bbox 2737 467 2862 544; x_wconf 90' lang='lat' dir='ltr'>regi</span> <span class='ocrx_word' id='word_1_20' title='bbox 2891 471 3106 529; x_wconf 89' lang='lat' dir='ltr'>volenti</span> <span class='ocrx_word' id='word_1_21' title='bbox 3140 475 3447 548; x_wconf 75' lang='lat' dir='ltr'>percutere</span> 
     </span>
    </p>
   </div>
   <div class='ocr_carea' id='block_1_4' title="bbox 159 558 3445 633">
    <p class='ocr_par' dir='ltr' id='par_1_4' title="bbox 159 558 3445 633">
     <span class='ocr_line' id='line_1_4' title="bbox 159 558 3445 633; baseline -0.002 -5"><span class='ocrx_word' id='word_1_22' title='bbox 159 576 322 633; x_wconf 76' lang='lat' dir='ltr'>Omen</span> <span class='ocrx_word' id='word_1_23' title='bbox 349 567 609 626; x_wconf 89' lang='lat' dir='ltr'>vocabulo</span> <span class='ocrx_word' id='word_1_24' title='bbox 630 564 786 620; x_wconf 87' lang='lat' dir='ltr'>dicta</span> <span class='ocrx_word' id='word_1_25' title='bbox 810 579 823 616; x_wconf 92' lang='lat'><strong>:</strong></span> <span class='ocrx_word' id='word_1_26' title='bbox 850 577 980 633; x_wconf 61' lang='lat' dir='ltr'>qua</span> <span class='ocrx_word' id='word_1_27' title='bbox 1004 558 1182 630; x_wconf 91' lang='lat' dir='ltr'>paulo</span> <span class='ocrx_word' id='word_1_28' title='bbox 1225 561 1369 613; x_wconf 85' lang='lat' dir='ltr'>ante</span> <span class='ocrx_word' id='word_1_29' title='bbox 1393 558 1520 612; x_wconf 62' lang='lat' dir='ltr'>haec</span> <span class='ocrx_word' id='word_1_30' title='bbox 1541 561 1738 613; x_wconf 91' lang='lat' dir='ltr'>nostra</span> <span class='ocrx_word' id='word_1_31' title='bbox 1838 558 2011 624; x_wconf 81' lang='lat' dir='ltr'>illico,</span> <span class='ocrx_word' id='word_1_32' title='bbox 2044 558 2200 630; x_wconf 83' lang='lat' dir='ltr'>quod</span> <span class='ocrx_word' id='word_1_33' title='bbox 2218 575 2334 613; x_wconf 87' lang='lat' dir='ltr'>non</span> <span class='ocrx_word' id='word_1_34' title='bbox 2367 575 2465 614; x_wconf 91' lang='lat' dir='ltr'>eos</span> <span class='ocrx_word' id='word_1_35' title='bbox 2485 559 2727 632; x_wconf 85' lang='lat' dir='ltr'>cepisset</span> <span class='ocrx_word' id='word_1_36' title='bbox 2772 560 2830 615; x_wconf 91' lang='lat' dir='ltr'>in</span> <span class='ocrx_word' id='word_1_37' title='bbox 2859 562 3052 633; x_wconf 88' lang='lat' dir='ltr'>gladio</span> <span class='ocrx_word' id='word_1_38' title='bbox 3098 566 3157 618; x_wconf 90' lang='lat' dir='ltr'>et</span> <span class='ocrx_word' id='word_1_39' title='bbox 3179 582 3313 621; x_wconf 89' lang='lat' dir='ltr'>arcu</span> <span class='ocrx_word' id='word_1_40' title='bbox 3342 584 3445 624; x_wconf 90' lang='lat' dir='ltr'>suo</span> 
     </span>
    </p>
   </div>
   <div class='ocr_carea' id='block_1_5' title="bbox 155 646 3449 729">
    <p class='ocr_par' dir='ltr' id='par_1_5' title="bbox 155 646 3449 729">
     <span class='ocr_line' id='line_1_5' title="bbox 155 646 3449 729; baseline -0.003 -13"><span class='ocrx_word' id='word_1_41' title='bbox 155 660 657 729; x_wconf 87' lang='lat' dir='ltr'>modernatempora</span> <span class='ocrx_word' id='word_1_42' title='bbox 672 650 828 724; x_wconf 90' lang='lat' dir='ltr'>apud</span> <span class='ocrx_word' id='word_1_43' title='bbox 842 650 1421 721; x_wconf 87' lang='lat' dir='ltr'>ejussacrosanctum</span> <span class='ocrx_word' id='word_1_44' title='bbox 1442 646 1733 700; x_wconf 90' lang='lat' dir='ltr'>tumulum</span> <span class='ocrx_word' id='word_1_45' title='bbox 1834 646 1949 716; x_wconf 88' lang='lat' dir='ltr'>(IV</span> <span class='ocrx_word' id='word_1_46' title='bbox 1975 646 2106 715; x_wconf 80' lang='lat' dir='ltr'>Reg.</span> <span class='ocrx_word' id='word_1_47' title='bbox 2141 664 2213 713; x_wconf 75' lang='grc' dir='ltr'>γι,</span> <span class='ocrx_word' id='word_1_48' title='bbox 2242 650 2355 717; x_wconf 83' lang='lat'>22).</span> <span class='ocrx_word' id='word_1_49' title='bbox 2388 648 2645 719; x_wconf 86' lang='lat' dir='ltr'>Apostoli</span> <span class='ocrx_word' id='word_1_50' title='bbox 2678 649 2853 704; x_wconf 88' lang='lat' dir='ltr'>etiam</span> <span class='ocrx_word' id='word_1_51' title='bbox 2887 656 3242 722; x_wconf 63' lang='lat' dir='ltr'>praeceptum</span> <span class='ocrx_word' id='word_1_52' title='bbox 3291 657 3449 728; x_wconf 81' lang='lat' dir='ltr'>quod</span> 
     </span>
    </p>
   </div>
   <div class='ocr_carea' id='block_1_6' title="bbox 148 734 3449 821">
    <p class='ocr_par' dir='ltr' id='par_1_6' title="bbox 148 734 3449 821">
     <span class='ocr_line' id='line_1_6' title="bbox 148 734 3449 821; baseline -0.004 -17"><span class='ocrx_word' id='word_1_53' title='bbox 148 748 334 821; x_wconf 78' lang='lat' dir='ltr'>jejuniis</span> <span class='ocrx_word' id='word_1_54' title='bbox 361 749 413 801; x_wconf 91' lang='lat' dir='ltr'>et</span> <span class='ocrx_word' id='word_1_55' title='bbox 437 742 793 800; x_wconf 91' lang='lat' dir='ltr'>orationibus</span> <span class='ocrx_word' id='word_1_56' title='bbox 822 754 1051 803; x_wconf 91' lang='lat' dir='ltr'>vacans,</span> <span class='ocrx_word' id='word_1_57' title='bbox 1084 738 1283 792; x_wconf 87' lang='lat' dir='ltr'>multa</span> <span class='ocrx_word' id='word_1_58' title='bbox 1312 735 1601 806; x_wconf 81' lang='lat' dir='ltr'>transegit</span> <span class='ocrx_word' id='word_1_59' title='bbox 1638 751 1736 789; x_wconf 90' lang='lat' dir='ltr'>an-</span> <span class='ocrx_word' id='word_1_60' title='bbox 1834 734 2000 789; x_wconf 87' lang='lat' dir='ltr'>dicit:</span> <span class='ocrx_word' id='word_1_61' title='bbox 2024 734 2315 789; x_wconf 59' lang='grc' dir='ltr'>δίκαιαι·ιά</span> <span class='ocrx_word' id='word_1_62' title='bbox 2347 738 2554 806; x_wconf 77' lang='lat' dir='ltr'>negotia</span> <span class='ocrx_word' id='word_1_63' title='bbox 2605 739 2654 791; x_wconf 96' lang='lat' dir='ltr'>si</span> <span class='ocrx_word' id='word_1_64' title='bbox 2674 738 2990 806; x_wconf 70' lang='lat' dir='ltr'>habueritis,</span> <span class='ocrx_word' id='word_1_65' title='bbox 3036 745 3449 814; x_wconf 62' lang='lat' dir='ltr'>contemptibiles</span> 
     </span>
    </p>
   </div>
   <div class='ocr_carea' id='block_1_7' title="bbox 155 823 3453 894">
    <p class='ocr_par' dir='ltr' id='par_1_7' title="bbox 155 823 3453 894">
     <span class='ocr_line' id='line_1_7' title="bbox 155 823 3453 894; baseline -0.002 -2"><span class='ocrx_word' id='word_1_66' title='bbox 155 853 318 892; x_wconf 88' lang='lat' dir='ltr'>norum</span> <span class='ocrx_word' id='word_1_67' title='bbox 333 834 617 890; x_wconf 88' lang='lat' dir='ltr'>curricula.</span> <span class='ocrx_word' id='word_1_68' title='bbox 655 829 758 886; x_wconf 89' lang='lat' dir='ltr'>Cui</span> <span class='ocrx_word' id='word_1_69' title='bbox 794 824 1107 883; x_wconf 84' lang='lat' dir='ltr'>venerabili</span> <span class='ocrx_word' id='word_1_70' title='bbox 1127 824 1399 890; x_wconf 77' lang='lat' dir='ltr'>feminae,</span> <span class='ocrx_word' id='word_1_71' title='bbox 1428 826 1529 878; x_wconf 90' lang='lat' dir='ltr'>aut</span> <span class='ocrx_word' id='word_1_72' title='bbox 1546 823 1734 879; x_wconf 89' lang='lat' dir='ltr'>divina</span> <span class='ocrx_word' id='word_1_73' title='bbox 1833 824 1926 894; x_wconf 82' lang='lat' dir='ltr'>qui</span> <span class='ocrx_word' id='word_1_74' title='bbox 1942 828 2067 877; x_wconf 86' lang='lat' dir='ltr'>sunt</span> <span class='ocrx_word' id='word_1_75' title='bbox 2086 825 2141 876; x_wconf 87' lang='lat' dir='ltr'>in</span> <span class='ocrx_word' id='word_1_76' title='bbox 2170 824 2427 889; x_wconf 79' lang='lat' dir='ltr'>Ecclesia,</span> <span class='ocrx_word' id='word_1_77' title='bbox 2457 824 2515 878; x_wconf 88' lang='lat' dir='ltr'>id</span> <span class='ocrx_word' id='word_1_78' title='bbox 2538 827 2642 892; x_wconf 92' lang='lat' dir='ltr'>est,</span> <span class='ocrx_word' id='word_1_79' title='bbox 2665 825 2814 881; x_wconf 93' lang='lat' dir='ltr'>viros</span> <span class='ocrx_word' id='word_1_80' title='bbox 2836 829 3135 884; x_wconf 76' lang='lat' dir='ltr'>saeculares</span> <span class='ocrx_word' id='word_1_81' title='bbox 3153 833 3453 888; x_wconf 75' lang='lat' dir='ltr'>constituite</span> 
     </span>
    </p>
   </div>
   <div class='ocr_carea' id='block_1_8' title="bbox 156 910 3451 990">
    <p class='ocr_par' dir='ltr' id='par_1_8' title="bbox 156 910 3451 990">
     <span class='ocr_line' id='line_1_8' title="bbox 156 910 3451 990; baseline -0.002 -10"><span class='ocrx_word' id='word_1_82' title='bbox 156 924 447 981; x_wconf 81' lang='lat' dir='ltr'>revelatione</span> <span class='ocrx_word' id='word_1_83' title='bbox 468 925 565 975; x_wconf 88' lang='lat' dir='ltr'>aut</span> <span class='ocrx_word' id='word_1_84' title='bbox 592 919 780 974; x_wconf 90' lang='lat' dir='ltr'>nimia</span> <span class='ocrx_word' id='word_1_85' title='bbox 811 914 1139 980; x_wconf 88' lang='lat' dir='ltr'>devotione,</span> <span class='ocrx_word' id='word_1_86' title='bbox 1194 928 1326 967; x_wconf 89' lang='lat' dir='ltr'>mos</span> <span class='ocrx_word' id='word_1_87' title='bbox 1368 911 1609 965; x_wconf 88' lang='lat' dir='ltr'>inolevit</span> <span class='ocrx_word' id='word_1_88' title='bbox 1646 914 1728 976; x_wconf 90' lang='lat' dir='ltr'>ut,</span> <span class='ocrx_word' id='word_1_89' title='bbox 1830 910 1901 963; x_wconf 88' lang='lat' dir='ltr'>ad</span> <span class='ocrx_word' id='word_1_90' title='bbox 1911 910 2272 980; x_wconf 85' lang='lat' dir='ltr'>judicandum</span> <span class='ocrx_word' id='word_1_91' title='bbox 2305 911 2359 977; x_wconf 93' lang='grc'>(1</span> <span class='ocrx_word' id='word_1_92' title='bbox 2389 910 2516 966; x_wconf 89' lang='lat' dir='ltr'>Cor.</span> <span class='ocrx_word' id='word_1_93' title='bbox 2543 930 2618 980; x_wconf 77' lang='lat' dir='ltr'>vr,</span> <span class='ocrx_word' id='word_1_94' title='bbox 2644 913 2720 985; x_wconf 78' lang='grc'>4).</span> <span class='ocrx_word' id='word_1_95' title='bbox 2744 915 2906 990; x_wconf 69' lang='lat' dir='ltr'>Unde</span> <span class='ocrx_word' id='word_1_96' title='bbox 2939 932 3227 973; x_wconf 89' lang='lat' dir='ltr'>canonum</span> <span class='ocrx_word' id='word_1_97' title='bbox 3257 924 3451 976; x_wconf 88' lang='lat' dir='ltr'>aucto-</span> 
     </span>
    </p>
   </div>
   <div class='ocr_carea' id='block_1_9' title="bbox 154 998 3448 1085">
    <p class='ocr_par' dir='ltr' id='par_1_9' title="bbox 154 998 3448 1085">
     <span class='ocr_line' id='line_1_9' title="bbox 154 998 3448 1085; baseline -0.003 -16"><span class='ocrx_word' id='word_1_98' title='bbox 154 1013 385 1085; x_wconf 85' lang='lat' dir='ltr'>patefacto</span> <span class='ocrx_word' id='word_1_99' title='bbox 414 1008 562 1066; x_wconf 87' lang='lat' dir='ltr'>beati</span> <span class='ocrx_word' id='word_1_100' title='bbox 598 1006 874 1078; x_wconf 82' lang='lat' dir='ltr'>martyris</span> <span class='ocrx_word' id='word_1_101' title='bbox 896 1003 1181 1075; x_wconf 85' lang='lat' dir='ltr'>sepulcro,</span> <span class='ocrx_word' id='word_1_102' title='bbox 1199 1000 1529 1072; x_wconf 84' lang='lat' dir='ltr'>quotannis</span> <span class='ocrx_word' id='word_1_103' title='bbox 1549 1000 1609 1053; x_wconf 92' lang='lat' dir='ltr'>in</span> <span class='ocrx_word' id='word_1_104' title='bbox 1625 1001 1733 1054; x_wconf 89' lang='lat' dir='ltr'>Do-</span> <span class='ocrx_word' id='word_1_105' title='bbox 1831 998 1968 1053; x_wconf 85' lang='lat' dir='ltr'>ritas</span> <span class='ocrx_word' id='word_1_106' title='bbox 1998 999 2267 1070; x_wconf 86' lang='lat' dir='ltr'>prohibet</span> <span class='ocrx_word' id='word_1_107' title='bbox 2298 1016 2371 1054; x_wconf 90' lang='lat' dir='ltr'>ne</span> <span class='ocrx_word' id='word_1_108' title='bbox 2399 999 2527 1072; x_wconf 87' lang='lat' dir='ltr'>quis</span> <span class='ocrx_word' id='word_1_109' title='bbox 2567 1001 2887 1073; x_wconf 90' lang='lat' dir='ltr'>episcopus,</span> <span class='ocrx_word' id='word_1_110' title='bbox 2929 1007 3027 1058; x_wconf 89' lang='lat' dir='ltr'>aut</span> <span class='ocrx_word' id='word_1_111' title='bbox 3079 1006 3320 1079; x_wconf 88' lang='lat' dir='ltr'>quilibet</span> <span class='ocrx_word' id='word_1_112' title='bbox 3374 1008 3448 1064; x_wconf 83' lang='lat' dir='ltr'>de</span> 
     </span>
    </p>
   </div>
   <div class='ocr_carea' id='block_1_10' title="bbox 155 1088 3448 1167">
    <p class='ocr_par' dir='ltr' id='par_1_10' title="bbox 155 1088 3448 1167">
     <span class='ocr_line' id='line_1_10' title="bbox 155 1088 3448 1167; baseline -0.002 -11"><span class='ocrx_word' id='word_1_113' title='bbox 155 1096 627 1167; x_wconf 72' lang='lat' dir='ltr'>minicaCanaejus</span> <span class='ocrx_word' id='word_1_114' title='bbox 648 1092 1011 1149; x_wconf 89' lang='lat' dir='ltr'>attondendo</span> <span class='ocrx_word' id='word_1_115' title='bbox 1040 1089 1395 1161; x_wconf 69' lang='lat' dir='ltr'>prmcideret</span> <span class='ocrx_word' id='word_1_116' title='bbox 1413 1088 1650 1157; x_wconf 85' lang='lat' dir='ltr'>capillos</span> <span class='ocrx_word' id='word_1_117' title='bbox 1673 1090 1731 1140; x_wconf 92' lang='lat' dir='ltr'>et</span> <span class='ocrx_word' id='word_1_118' title='bbox 1830 1088 2005 1155; x_wconf 92' lang='lat' dir='ltr'>clero,</span> <span class='ocrx_word' id='word_1_119' title='bbox 2066 1088 2338 1143; x_wconf 87' lang='lat' dir='ltr'>delatoris</span> <span class='ocrx_word' id='word_1_120' title='bbox 2385 1088 2666 1160; x_wconf 89' lang='lat' dir='ltr'>fungatur</span> <span class='ocrx_word' id='word_1_121' title='bbox 2708 1091 2932 1161; x_wconf 81' lang='lat' dir='ltr'>officio;</span> <span class='ocrx_word' id='word_1_122' title='bbox 2979 1095 3255 1165; x_wconf 88' lang='lat' dir='ltr'>quoniam</span> <span class='ocrx_word' id='word_1_123' title='bbox 3310 1097 3448 1152; x_wconf 78' lang='lat' dir='ltr'>satis</span> 
     </span>
    </p>
   </div>
   <div class='ocr_carea' id='block_1_11' title="bbox 152 1174 3450 1261">
    <p class='ocr_par' dir='ltr' id='par_1_11' title="bbox 152 1174 3450 1261">
     <span class='ocr_line' id='line_1_11' title="bbox 152 1174 3450 1261; baseline -0.002 -17"><span class='ocrx_word' id='word_1_124' title='bbox 152 1205 342 1261; x_wconf 86' lang='lat' dir='ltr'>ungues.</span> <span class='ocrx_word' id='word_1_125' title='bbox 369 1187 499 1251; x_wconf 80' lang='lat' dir='ltr'>Quae</span> <span class='ocrx_word' id='word_1_126' title='bbox 527 1182 735 1239; x_wconf 86' lang='lat' dir='ltr'>omnia</span> <span class='ocrx_word' id='word_1_127' title='bbox 765 1180 1075 1251; x_wconf 85' lang='lat' dir='ltr'>diligenter</span> <span class='ocrx_word' id='word_1_128' title='bbox 1102 1177 1419 1247; x_wconf 86' lang='lat' dir='ltr'>colligens,</span> <span class='ocrx_word' id='word_1_129' title='bbox 1442 1179 1500 1230; x_wconf 91' lang='lat' dir='ltr'>et</span> <span class='ocrx_word' id='word_1_130' title='bbox 1518 1175 1577 1229; x_wconf 90' lang='lat' dir='ltr'>in</span> <span class='ocrx_word' id='word_1_131' title='bbox 1599 1190 1730 1245; x_wconf 87' lang='lat' dir='ltr'>cap-</span> <span class='ocrx_word' id='word_1_132' title='bbox 1829 1174 2070 1229; x_wconf 89' lang='lat' dir='ltr'>dedecet</span> <span class='ocrx_word' id='word_1_133' title='bbox 2092 1175 2385 1231; x_wconf 91' lang='lat' dir='ltr'>ministros</span> <span class='ocrx_word' id='word_1_134' title='bbox 2416 1176 2546 1231; x_wconf 71' lang='lat' dir='ltr'>vitae</span> <span class='ocrx_word' id='word_1_135' title='bbox 2566 1179 2827 1247; x_wconf 78' lang='lat' dir='ltr'>caelestis,</span> <span class='ocrx_word' id='word_1_136' title='bbox 2862 1197 3157 1236; x_wconf 87' lang='lat' dir='ltr'>assensum</span> <span class='ocrx_word' id='word_1_137' title='bbox 3185 1183 3450 1253; x_wconf 64' lang='lat' dir='ltr'>praebere</span> 
     </span>
    </p>
   </div>
   <div class='ocr_carea' id='block_1_12' title="bbox 153 1262 3451 1342">
    <p class='ocr_par' dir='ltr' id='par_1_12' title="bbox 153 1262 3451 1342">
     <span class='ocr_line' id='line_1_12' title="bbox 153 1262 3451 1342; baseline -0.002 -8"><span class='ocrx_word' id='word_1_138' title='bbox 153 1279 257 1334; x_wconf 82' lang='lat' dir='ltr'>sella</span> <span class='ocrx_word' id='word_1_139' title='bbox 278 1273 606 1339; x_wconf 86' lang='lat' dir='ltr'>recondens,</span> <span class='ocrx_word' id='word_1_140' title='bbox 641 1286 765 1324; x_wconf 91' lang='lat' dir='ltr'>non</span> <span class='ocrx_word' id='word_1_141' title='bbox 798 1265 1069 1338; x_wconf 84' lang='lat' dir='ltr'>neglexit,</span> <span class='ocrx_word' id='word_1_142' title='bbox 1093 1263 1362 1337; x_wconf 88' lang='lat' dir='ltr'>quandiu</span> <span class='ocrx_word' id='word_1_143' title='bbox 1389 1263 1545 1328; x_wconf 86' lang='lat' dir='ltr'>vixit,</span> <span class='ocrx_word' id='word_1_144' title='bbox 1568 1278 1730 1317; x_wconf 88' lang='lat' dir='ltr'>exco-</span> <span class='ocrx_word' id='word_1_145' title='bbox 1826 1262 1887 1317; x_wconf 86' lang='lat' dir='ltr'>in</span> <span class='ocrx_word' id='word_1_146' title='bbox 1920 1266 2171 1317; x_wconf 85' lang='lat' dir='ltr'>mortem</span> <span class='ocrx_word' id='word_1_147' title='bbox 2201 1264 2507 1334; x_wconf 85' lang='lat' dir='ltr'>cujuslibet</span> <span class='ocrx_word' id='word_1_148' title='bbox 2531 1266 2808 1321; x_wconf 79' lang='lat' dir='ltr'>hominis.</span> <span class='ocrx_word' id='word_1_149' title='bbox 2836 1268 2958 1332; x_wconf 92' lang='lat' dir='ltr'>Quo</span> <span class='ocrx_word' id='word_1_150' title='bbox 2973 1269 3123 1324; x_wconf 89' lang='lat' dir='ltr'>circa</span> <span class='ocrx_word' id='word_1_151' title='bbox 3138 1271 3451 1342; x_wconf 83' lang='lat' dir='ltr'>praedictus</span> 
     </span>
    </p>
   </div>
   <div class='ocr_carea' id='block_1_13' title="bbox 150 1351 3450 1428">
    <p class='ocr_par' dir='ltr' id='par_1_13' title="bbox 150 1351 3450 1428">
     <span class='ocr_line' id='line_1_13' title="bbox 150 1351 3450 1428; baseline -0.004 -7"><span class='ocrx_word' id='word_1_152' title='bbox 150 1371 238 1421; x_wconf 85' lang='lat' dir='ltr'>lere</span> <span class='ocrx_word' id='word_1_153' title='bbox 262 1365 391 1419; x_wconf 87' lang='lat' dir='ltr'>mira</span> <span class='ocrx_word' id='word_1_154' title='bbox 417 1355 941 1428; x_wconf 78' lang='lat' dir='ltr'>atfectione,posita</span> <span class='ocrx_word' id='word_1_155' title='bbox 968 1369 1137 1424; x_wconf 87' lang='lat' dir='ltr'>super</span> <span class='ocrx_word' id='word_1_156' title='bbox 1151 1353 1345 1407; x_wconf 86' lang='lat' dir='ltr'>altare</span> <span class='ocrx_word' id='word_1_157' title='bbox 1358 1351 1621 1421; x_wconf 87' lang='lat' dir='ltr'>ejusdem</span> <span class='ocrx_word' id='word_1_158' title='bbox 1641 1366 1728 1404; x_wconf 88' lang='lat' dir='ltr'>ec-</span> <span class='ocrx_word' id='word_1_159' title='bbox 1827 1351 2127 1423; x_wconf 89' lang='lat' dir='ltr'>episcopus</span> <span class='ocrx_word' id='word_1_160' title='bbox 2174 1351 2231 1405; x_wconf 91' lang='lat' dir='ltr'>in</span> <span class='ocrx_word' id='word_1_161' title='bbox 2262 1369 2321 1407; x_wconf 91' lang='lat' dir='ltr'>se</span> <span class='ocrx_word' id='word_1_162' title='bbox 2349 1369 2612 1408; x_wconf 88' lang='lat' dir='ltr'>reversus</span> <span class='ocrx_word' id='word_1_163' title='bbox 2642 1356 2895 1426; x_wconf 82' lang='lat' dir='ltr'>graviter</span> <span class='ocrx_word' id='word_1_164' title='bbox 2914 1357 3189 1426; x_wconf 86' lang='lat' dir='ltr'>&#39;indoluit,</span> <span class='ocrx_word' id='word_1_165' title='bbox 3224 1362 3302 1427; x_wconf 84' lang='lat' dir='ltr'>et,</span> <span class='ocrx_word' id='word_1_166' title='bbox 3335 1360 3450 1415; x_wconf 86' lang='lat' dir='ltr'>sibi</span> 
     </span>
    </p>
   </div>
   <div class='ocr_carea' id='block_1_14' title="bbox 150 1437 3453 1519">
    <p class='ocr_par' dir='ltr' id='par_1_14' title="bbox 150 1437 3453 1519">
     <span class='ocr_line' id='line_1_14' title="bbox 150 1437 3453 1519; baseline -0.003 -10"><span class='ocrx_word' id='word_1_167' title='bbox 150 1453 310 1519; x_wconf 73' lang='lat' dir='ltr'>clesize,</span> <span class='ocrx_word' id='word_1_168' title='bbox 337 1450 425 1505; x_wconf 88' lang='lat' dir='ltr'>ubi</span> <span class='ocrx_word' id='word_1_169' title='bbox 451 1449 644 1504; x_wconf 90' lang='lat' dir='ltr'>adhuc</span> <span class='ocrx_word' id='word_1_170' title='bbox 677 1446 1048 1500; x_wconf 88' lang='lat' dir='ltr'>reservantur</span> <span class='ocrx_word' id='word_1_171' title='bbox 1088 1440 1286 1495; x_wconf 88' lang='lat' dir='ltr'>debita</span> <span class='ocrx_word' id='word_1_172' title='bbox 1318 1438 1721 1493; x_wconf 85' lang='lat' dir='ltr'>veneratione.</span> <span class='ocrx_word' id='word_1_173' title='bbox 1826 1437 2230 1509; x_wconf 63' lang='lat' dir='ltr'>paenitentiam</span> <span class='ocrx_word' id='word_1_174' title='bbox 2264 1440 2766 1508; x_wconf 89' lang='lat' dir='ltr'>indicens,diutius</span> <span class='ocrx_word' id='word_1_175' title='bbox 2798 1443 3063 1514; x_wconf 87' lang='lat' dir='ltr'>gravibus</span> <span class='ocrx_word' id='word_1_176' title='bbox 3093 1444 3364 1499; x_wconf 82' lang='lat' dir='ltr'>lamentis</span> <span class='ocrx_word' id='word_1_177' title='bbox 3389 1462 3453 1501; x_wconf 76' lang='lat' dir='ltr'>se</span> 
     </span>
    </p>
   </div>
   <div class='ocr_carea' id='block_1_15' title="bbox 199 1526 3453 1603">
    <p class='ocr_par' dir='ltr' id='par_1_15' title="bbox 199 1526 3453 1603">
     <span class='ocr_line' id='line_1_15' title="bbox 199 1526 3453 1603; baseline -0.003 -7"><span class='ocrx_word' id='word_1_178' title='bbox 199 1542 285 1597; x_wconf 83' lang='lat' dir='ltr'>XV.</span> <span class='ocrx_word' id='word_1_179' title='bbox 310 1539 413 1595; x_wconf 90' lang='lat' dir='ltr'>Sed</span> <span class='ocrx_word' id='word_1_180' title='bbox 431 1541 487 1593; x_wconf 90' lang='lat' dir='ltr'>et</span> <span class='ocrx_word' id='word_1_181' title='bbox 516 1538 712 1592; x_wconf 67' lang='lat' dir='ltr'>beatas</span> <span class='ocrx_word' id='word_1_182' title='bbox 743 1530 1043 1588; x_wconf 67' lang='lat' dir='ltr'>memoria:</span> <span class='ocrx_word' id='word_1_183' title='bbox 1069 1527 1437 1594; x_wconf 88' lang='lat' dir='ltr'>Thodredus,</span> <span class='ocrx_word' id='word_1_184' title='bbox 1460 1526 1722 1597; x_wconf 89' lang='lat' dir='ltr'>ejusdem</span> <span class='ocrx_word' id='word_1_185' title='bbox 1825 1526 2006 1580; x_wconf 90' lang='lat' dir='ltr'>dedit.</span> <span class='ocrx_word' id='word_1_186' title='bbox 2041 1527 2164 1591; x_wconf 90' lang='lat' dir='ltr'>Qua</span> <span class='ocrx_word' id='word_1_187' title='bbox 2185 1528 2421 1583; x_wconf 84' lang='lat' dir='ltr'>tandem</span> <span class='ocrx_word' id='word_1_188' title='bbox 2448 1533 2680 1599; x_wconf 86' lang='lat' dir='ltr'>peracta</span> <span class='ocrx_word' id='word_1_189' title='bbox 2698 1530 3061 1602; x_wconf 65' lang='lat' dir='ltr'>poenitentia,</span> <span class='ocrx_word' id='word_1_190' title='bbox 3086 1532 3311 1603; x_wconf 88' lang='lat' dir='ltr'>populis</span> <span class='ocrx_word' id='word_1_191' title='bbox 3330 1550 3453 1589; x_wconf 72' lang='lat' dir='ltr'>sua:</span> 
     </span>
    </p>
   </div>
   <div class='ocr_carea' id='block_1_16' title="bbox 152 1613 3455 1702">
    <p class='ocr_par' dir='ltr' id='par_1_16' title="bbox 152 1613 3455 1702">
     <span class='ocr_line' id='line_1_16' title="bbox 152 1613 3455 1702; baseline -0.003 -17"><span class='ocrx_word' id='word_1_192' title='bbox 152 1628 404 1702; x_wconf 60' lang='lat' dir='ltr'>provincia!</span> <span class='ocrx_word' id='word_1_193' title='bbox 430 1624 745 1696; x_wconf 88' lang='lat' dir='ltr'>religiosus</span> <span class='ocrx_word' id='word_1_194' title='bbox 759 1621 1080 1692; x_wconf 90' lang='lat' dir='ltr'>episcopus,</span> <span class='ocrx_word' id='word_1_195' title='bbox 1106 1616 1200 1688; x_wconf 89' lang='lat' dir='ltr'>qui</span> <span class='ocrx_word' id='word_1_196' title='bbox 1220 1618 1467 1687; x_wconf 88' lang='lat' dir='ltr'>propter</span> <span class='ocrx_word' id='word_1_197' title='bbox 1490 1614 1724 1668; x_wconf 89' lang='lat' dir='ltr'>merito—</span> <span class='ocrx_word' id='word_1_198' title='bbox 1825 1613 2135 1669; x_wconf 81' lang='lat' dir='ltr'>diceceseos</span> <span class='ocrx_word' id='word_1_199' title='bbox 2164 1616 2762 1683; x_wconf 85' lang='lat' dir='ltr'>mandat,mandando</span> <span class='ocrx_word' id='word_1_200' title='bbox 2780 1621 3455 1688; x_wconf 90' lang='lat' dir='ltr'>convocat,convocando</span> 
     </span>
    </p>
   </div>
   <div class='ocr_carea' id='block_1_17' title="bbox 150 1701 3455 1791">
    <p class='ocr_par' dir='ltr' id='par_1_17' title="bbox 150 1701 3455 1791">
     <span class='ocr_line' id='line_1_17' title="bbox 150 1701 3455 1791; baseline -0.004 -16"><span class='ocrx_word' id='word_1_201' title='bbox 150 1701 690 1791; x_wconf 71' lang='lat' dir='ltr'>rumprzerogativam</span> <span class='ocrx_word' id='word_1_202' title='bbox 713 1710 903 1764; x_wconf 83' lang='lat' dir='ltr'>Bonus</span> <span class='ocrx_word' id='word_1_203' title='bbox 927 1706 1349 1779; x_wconf 85' lang='lat' dir='ltr'>appellabatur,</span> <span class='ocrx_word' id='word_1_204' title='bbox 1372 1702 1531 1774; x_wconf 89' lang='lat' dir='ltr'>quod</span> <span class='ocrx_word' id='word_1_205' title='bbox 1551 1702 1620 1791; x_wconf 83' lang='lat' dir='ltr'>de</span> <span class='ocrx_word' id='word_1_206' title='bbox 1640 1701 1726 1755; x_wconf 87' lang='lat' dir='ltr'>in-</span> <span class='ocrx_word' id='word_1_207' title='bbox 1748 1783 1793 1791; x_wconf 31' lang='lat'>_‘</span> <span class='ocrx_word' id='word_1_208' title='bbox 1824 1702 2157 1791; x_wconf 80' lang='lat' dir='ltr'>suppliciter</span> <span class='ocrx_word' id='word_1_209' title='bbox 2195 1705 2505 1775; x_wconf 87' lang='lat' dir='ltr'>persuadet</span> <span class='ocrx_word' id='word_1_210' title='bbox 2536 1710 2597 1759; x_wconf 90' lang='lat' dir='ltr'>ut</span> <span class='ocrx_word' id='word_1_211' title='bbox 2627 1707 2898 1763; x_wconf 89' lang='lat' dir='ltr'>triduano</span> <span class='ocrx_word' id='word_1_212' title='bbox 2938 1709 3165 1780; x_wconf 83' lang='lat' dir='ltr'>jejunio</span> <span class='ocrx_word' id='word_1_213' title='bbox 3193 1727 3228 1764; x_wconf 90' lang='lat' dir='ltr'>a</span> <span class='ocrx_word' id='word_1_214' title='bbox 3274 1704 3331 1764; x_wconf 81' lang='lat' dir='ltr'>se</span> <span class='ocrx_word' id='word_1_215' title='bbox 3364 1708 3455 1763; x_wconf 82' lang='lat' dir='ltr'>di—</span> 
     </span>
    </p>
   </div>
   <div class='ocr_carea' id='block_1_18' title="bbox 151 1783 3457 1877">
    <p class='ocr_par' dir='ltr' id='par_1_18' title="bbox 151 1783 3457 1877">
     <span class='ocr_line' id='line_1_18' title="bbox 151 1783 3457 1877; baseline -0.004 -16"><span class='ocrx_word' id='word_1_216' title='bbox 151 1783 459 1877; x_wconf 75' lang='lat' dir='ltr'>corruptione</span> <span class='ocrx_word' id='word_1_217' title='bbox 487 1799 678 1857; x_wconf 88' lang='lat' dir='ltr'>sancti</span> <span class='ocrx_word' id='word_1_218' title='bbox 713 1797 868 1870; x_wconf 88' lang='lat' dir='ltr'>regis</span> <span class='ocrx_word' id='word_1_219' title='bbox 885 1793 1253 1851; x_wconf 87' lang='lat' dir='ltr'>diximus.tali</span> <span class='ocrx_word' id='word_1_220' title='bbox 1282 1792 1491 1847; x_wconf 86' lang='lat' dir='ltr'>ordine</span> <span class='ocrx_word' id='word_1_221' title='bbox 1514 1790 1601 1843; x_wconf 90' lang='lat' dir='ltr'>est</span> <span class='ocrx_word' id='word_1_222' title='bbox 1624 1806 1720 1843; x_wconf 86' lang='lat' dir='ltr'>ex-</span> <span class='ocrx_word' id='word_1_223' title='bbox 1747 1783 1798 1841; x_wconf 90' lang='lat' dir='ltr'><strong>B</strong></span> <span class='ocrx_word' id='word_1_224' title='bbox 1823 1788 1973 1843; x_wconf 75' lang='lat' dir='ltr'>vinae</span> <span class='ocrx_word' id='word_1_225' title='bbox 2004 1790 2416 1862; x_wconf 88' lang='lat' dir='ltr'>indignationis</span> <span class='ocrx_word' id='word_1_226' title='bbox 2455 1793 2813 1848; x_wconf 84' lang='lat' dir='ltr'>iracundiam</span> <span class='ocrx_word' id='word_1_227' title='bbox 2853 1799 3212 1863; x_wconf 89' lang='lat' dir='ltr'>removeant,</span> <span class='ocrx_word' id='word_1_228' title='bbox 3258 1811 3457 1852; x_wconf 87' lang='lat' dir='ltr'>remo-</span> 
     </span>
    </p>
   </div>
   <div class='ocr_carea' id='block_1_19' title="bbox 151 1877 3462 1966">
    <p class='ocr_par' dir='ltr' id='par_1_19' title="bbox 151 1877 3462 1966">
     <span class='ocr_line' id='line_1_19' title="bbox 151 1877 3462 1966; baseline -0.006 -16"><span class='ocrx_word' id='word_1_229' title='bbox 151 1896 318 1966; x_wconf 83' lang='lat' dir='ltr'>pertus.</span> <span class='ocrx_word' id='word_1_230' title='bbox 337 1893 493 1959; x_wconf 93' lang='lat' dir='ltr'>Cum,</span> <span class='ocrx_word' id='word_1_231' title='bbox 512 1893 582 1944; x_wconf 89' lang='lat' dir='ltr'>ut</span> <span class='ocrx_word' id='word_1_232' title='bbox 604 1902 849 1943; x_wconf 89' lang='lat' dir='ltr'>narrare</span> <span class='ocrx_word' id='word_1_233' title='bbox 875 1882 1064 1938; x_wconf 86' lang='lat' dir='ltr'>adorsi</span> <span class='ocrx_word' id='word_1_234' title='bbox 1086 1896 1299 1947; x_wconf 91' lang='lat' dir='ltr'>sumus,</span> <span class='ocrx_word' id='word_1_235' title='bbox 1331 1878 1575 1952; x_wconf 65' lang='lat' dir='ltr'>praefato</span> <span class='ocrx_word' id='word_1_236' title='bbox 1592 1878 1721 1932; x_wconf 90' lang='lat' dir='ltr'>loco</span> <span class='ocrx_word' id='word_1_237' title='bbox 1823 1877 2014 1931; x_wconf 89' lang='lat' dir='ltr'>vendo</span> <span class='ocrx_word' id='word_1_238' title='bbox 2034 1882 2329 1947; x_wconf 87' lang='lat' dir='ltr'>avertant;</span> <span class='ocrx_word' id='word_1_239' title='bbox 2364 1883 2666 1951; x_wconf 85' lang='lat' dir='ltr'>quatenus,</span> <span class='ocrx_word' id='word_1_240' title='bbox 2688 1883 2967 1937; x_wconf 83' lang='lat' dir='ltr'>sacrificio</span> <span class='ocrx_word' id='word_1_241' title='bbox 2991 1883 3224 1954; x_wconf 80' lang='lat' dir='ltr'>spiritus</span> <span class='ocrx_word' id='word_1_242' title='bbox 3245 1878 3462 1939; x_wconf 88' lang='lat' dir='ltr'>contri-</span> 
     </span>
    </p>
   </div>
   <div class='ocr_carea' id='block_1_20' title="bbox 153 1966 3461 2053">
    <p class='ocr_par' dir='ltr' id='par_1_20' title="bbox 153 1966 3461 2053">
     <span class='ocr_line' id='line_1_20' title="bbox 153 1966 3461 2053; baseline -0.006 -15"><span class='ocrx_word' id='word_1_243' title='bbox 153 1982 368 2053; x_wconf 77' lang='lat' dir='ltr'>martyris</span> <span class='ocrx_word' id='word_1_244' title='bbox 399 1975 781 2035; x_wconf 89' lang='lat' dir='ltr'>tumulationi</span> <span class='ocrx_word' id='word_1_245' title='bbox 811 1986 1090 2043; x_wconf 89' lang='lat' dir='ltr'>congruo,</span> <span class='ocrx_word' id='word_1_246' title='bbox 1114 1969 1482 2041; x_wconf 86' lang='lat' dir='ltr'>aquibusque</span> <span class='ocrx_word' id='word_1_247' title='bbox 1495 1966 1725 2037; x_wconf 89' lang='lat' dir='ltr'>religio-</span> <span class='ocrx_word' id='word_1_248' title='bbox 1824 1966 2005 2019; x_wconf 90' lang='lat' dir='ltr'>bulati</span> <span class='ocrx_word' id='word_1_249' title='bbox 2037 1968 2314 2036; x_wconf 86' lang='lat' dir='ltr'>placatus,</span> <span class='ocrx_word' id='word_1_250' title='bbox 2343 1968 2619 2023; x_wconf 90' lang='lat' dir='ltr'>Dominus</span> <span class='ocrx_word' id='word_1_251' title='bbox 2644 1970 2723 2024; x_wconf 93' lang='lat' dir='ltr'>illi</span> <span class='ocrx_word' id='word_1_252' title='bbox 2753 1988 2916 2025; x_wconf 86' lang='lat' dir='ltr'>suam</span> <span class='ocrx_word' id='word_1_253' title='bbox 2964 1972 3214 2042; x_wconf 87' lang='lat' dir='ltr'>gratiam</span> <span class='ocrx_word' id='word_1_254' title='bbox 3247 1981 3461 2028; x_wconf 86' lang='lat' dir='ltr'>conce-</span> 
     </span>
    </p>
   </div>
   <div class='ocr_carea' id='block_1_21' title="bbox 152 2053 3466 2129">
    <p class='ocr_par' dir='ltr' id='par_1_21' title="bbox 152 2053 3466 2129">
     <span class='ocr_line' id='line_1_21' title="bbox 152 2053 3466 2129; baseline -0.006 -2"><span class='ocrx_word' id='word_1_255' title='bbox 152 2071 376 2125; x_wconf 82' lang='lat' dir='ltr'>sismulta</span> <span class='ocrx_word' id='word_1_256' title='bbox 420 2067 842 2123; x_wconf 85' lang='lat' dir='ltr'>conferrentur</span> <span class='ocrx_word' id='word_1_257' title='bbox 873 2057 1132 2125; x_wconf 89' lang='lat' dir='ltr'>donaria,</span> <span class='ocrx_word' id='word_1_258' title='bbox 1181 2060 1237 2111; x_wconf 91' lang='lat' dir='ltr'>et</span> <span class='ocrx_word' id='word_1_259' title='bbox 1266 2057 1617 2111; x_wconf 88' lang='lat' dir='ltr'>ornamenta</span> <span class='ocrx_word' id='word_1_260' title='bbox 1662 2054 1723 2109; x_wconf 89' lang='lat' dir='ltr'>in</span> <span class='ocrx_word' id='word_1_261' title='bbox 1826 2053 2011 2121; x_wconf 85' lang='lat' dir='ltr'>deret,</span> <span class='ocrx_word' id='word_1_262' title='bbox 2049 2071 2163 2125; x_wconf 89' lang='lat' dir='ltr'>qua</span> <span class='ocrx_word' id='word_1_263' title='bbox 2189 2071 2394 2127; x_wconf 89' lang='lat' dir='ltr'>corpus</span> <span class='ocrx_word' id='word_1_264' title='bbox 2426 2056 2579 2111; x_wconf 89' lang='lat' dir='ltr'>beati</span> <span class='ocrx_word' id='word_1_265' title='bbox 2628 2058 2895 2129; x_wconf 87' lang='lat' dir='ltr'>martyris</span> <span class='ocrx_word' id='word_1_266' title='bbox 2917 2056 3246 2129; x_wconf 53' lang='lat' dir='ltr'>tangere&#39;et</span> <span class='ocrx_word' id='word_1_267' title='bbox 3272 2062 3466 2114; x_wconf 84' lang='lat' dir='ltr'>levare</span> 
     </span>
    </p>
   </div>
   <div class='ocr_carea' id='block_1_22' title="bbox 153 2139 3473 2227">
    <p class='ocr_par' dir='ltr' id='par_1_22' title="bbox 153 2139 3473 2227">
     <span class='ocr_line' id='line_1_22' title="bbox 153 2139 3473 2227; baseline -0.005 -15"><span class='ocrx_word' id='word_1_268' title='bbox 153 2174 256 2213; x_wconf 82' lang='lat' dir='ltr'>auro</span> <span class='ocrx_word' id='word_1_269' title='bbox 297 2162 347 2212; x_wconf 88' lang='lat' dir='ltr'>et</span> <span class='ocrx_word' id='word_1_270' title='bbox 374 2156 625 2227; x_wconf 83' lang='lat' dir='ltr'>argento</span> <span class='ocrx_word' id='word_1_271' title='bbox 675 2147 1112 2223; x_wconf 87' lang='lat' dir='ltr'>pretiosissima,</span> <span class='ocrx_word' id='word_1_272' title='bbox 1158 2144 1393 2216; x_wconf 90' lang='lat' dir='ltr'>quidam</span> <span class='ocrx_word' id='word_1_273' title='bbox 1448 2142 1723 2211; x_wconf 70' lang='lat' dir='ltr'>malignae</span> <span class='ocrx_word' id='word_1_274' title='bbox 1826 2141 2086 2208; x_wconf 85' lang='lat' dir='ltr'>auderet,</span> <span class='ocrx_word' id='word_1_275' title='bbox 2112 2143 2229 2213; x_wconf 88' lang='lat' dir='ltr'>qui,</span> <span class='ocrx_word' id='word_1_276' title='bbox 2253 2143 2386 2198; x_wconf 89' lang='lat' dir='ltr'>licet</span> <span class='ocrx_word' id='word_1_277' title='bbox 2406 2144 2580 2198; x_wconf 90' lang='lat' dir='ltr'>tantis</span> <span class='ocrx_word' id='word_1_278' title='bbox 2601 2145 2906 2201; x_wconf 89' lang='lat' dir='ltr'>virtutibus</span> <span class='ocrx_word' id='word_1_279' title='bbox 2927 2147 3097 2201; x_wconf 90' lang='lat' dir='ltr'>ﬂoret</span> <span class='ocrx_word' id='word_1_280' title='bbox 3124 2146 3185 2201; x_wconf 90' lang='lat' dir='ltr'>in</span> <span class='ocrx_word' id='word_1_281' title='bbox 3210 2139 3473 2207; x_wconf 85' lang='lat' dir='ltr'>mundo,</span> 
     </span>
    </p>
   </div>
   <div class='ocr_carea' id='block_1_23' title="bbox 153 2228 3483 2314">
    <p class='ocr_par' dir='ltr' id='par_1_23' title="bbox 153 2228 3483 2314">
     <span class='ocr_line' id='line_1_23' title="bbox 153 2228 3483 2314; baseline -0.005 -14"><span class='ocrx_word' id='word_1_282' title='bbox 153 2246 317 2301; x_wconf 86' lang='lat' dir='ltr'>mentis</span> <span class='ocrx_word' id='word_1_283' title='bbox 338 2243 631 2306; x_wconf 88' lang='lat' dir='ltr'>homines,</span> <span class='ocrx_word' id='word_1_284' title='bbox 664 2237 860 2293; x_wconf 87' lang='lat' dir='ltr'>omnis</span> <span class='ocrx_word' id='word_1_285' title='bbox 882 2233 1019 2289; x_wconf 91' lang='lat' dir='ltr'>boni</span> <span class='ocrx_word' id='word_1_286' title='bbox 1038 2232 1430 2297; x_wconf 89' lang='lat' dir='ltr'>immemores,</span> <span class='ocrx_word' id='word_1_287' title='bbox 1463 2228 1723 2300; x_wconf 88' lang='lat' dir='ltr'>aggressi</span> <span class='ocrx_word' id='word_1_288' title='bbox 1826 2228 1922 2282; x_wconf 92' lang='lat' dir='ltr'>vili</span> <span class='ocrx_word' id='word_1_289' title='bbox 1938 2232 2134 2283; x_wconf 90' lang='lat' dir='ltr'>tamen</span> <span class='ocrx_word' id='word_1_290' title='bbox 2160 2233 2217 2284; x_wconf 93' lang='lat' dir='ltr'>et</span> <span class='ocrx_word' id='word_1_291' title='bbox 2240 2231 2344 2285; x_wconf 90' lang='lat' dir='ltr'>sibi</span> <span class='ocrx_word' id='word_1_292' title='bbox 2361 2231 2682 2304; x_wconf 83' lang='lat' dir='ltr'>incongrue</span> <span class='ocrx_word' id='word_1_293' title='bbox 2709 2234 3114 2288; x_wconf 86' lang='lat' dir='ltr'>continebatur</span> <span class='ocrx_word' id='word_1_294' title='bbox 3131 2232 3483 2314; x_wconf 69' lang='lat' dir='ltr'>mausoleo;</span> 
     </span>
    </p>
   </div>
   <div class='ocr_carea' id='block_1_24' title="bbox 153 2317 3483 2395">
    <p class='ocr_par' dir='ltr' id='par_1_24' title="bbox 153 2317 3483 2395">
     <span class='ocr_line' id='line_1_24' title="bbox 153 2317 3483 2395; baseline -0.003 -4"><span class='ocrx_word' id='word_1_295' title='bbox 153 2337 354 2390; x_wconf 82' lang='lat' dir='ltr'>suutsub</span> <span class='ocrx_word' id='word_1_296' title='bbox 376 2336 670 2389; x_wconf 90' lang='lat' dir='ltr'>nocturno</span> <span class='ocrx_word' id='word_1_297' title='bbox 690 2326 921 2383; x_wconf 90' lang='lat' dir='ltr'>silentio</span> <span class='ocrx_word' id='word_1_298' title='bbox 954 2324 1219 2379; x_wconf 89' lang='lat' dir='ltr'>eamdem</span> <span class='ocrx_word' id='word_1_299' title='bbox 1238 2322 1558 2392; x_wconf 86' lang='lat' dir='ltr'>infringere</span> <span class='ocrx_word' id='word_1_300' title='bbox 1574 2319 1725 2373; x_wconf 86' lang='lat' dir='ltr'>basi-</span> <span class='ocrx_word' id='word_1_301' title='bbox 1827 2317 2162 2389; x_wconf 86' lang='lat' dir='ltr'>factumque</span> <span class='ocrx_word' id='word_1_302' title='bbox 2188 2322 2305 2374; x_wconf 89' lang='lat' dir='ltr'>est:</span> <span class='ocrx_word' id='word_1_303' title='bbox 2327 2320 2542 2374; x_wconf 76' lang='lat' dir='ltr'>etillud</span> <span class='ocrx_word' id='word_1_304' title='bbox 2557 2322 3065 2393; x_wconf 89' lang='lat' dir='ltr'>sanctissimiregis</span> <span class='ocrx_word' id='word_1_305' title='bbox 3077 2324 3483 2395; x_wconf 82' lang='lat' dir='ltr'>corpus,ante</span> 
     </span>
    </p>
   </div>
   <div class='ocr_carea' id='block_1_25' title="bbox 152 2396 3487 2486">
    <p class='ocr_par' dir='ltr' id='par_1_25' title="bbox 152 2396 3487 2486">
     <span class='ocr_line' id='line_1_25' title="bbox 152 2396 3487 2486; baseline -0.003 -9"><span class='ocrx_word' id='word_1_306' title='bbox 152 2423 282 2479; x_wconf 88' lang='lat' dir='ltr'>licam</span> <span class='ocrx_word' id='word_1_307' title='bbox 308 2418 695 2478; x_wconf 86' lang='lat' dir='ltr'>latrocinandi</span> <span class='ocrx_word' id='word_1_308' title='bbox 708 2414 921 2470; x_wconf 89' lang='lat' dir='ltr'>studio.</span> <span class='ocrx_word' id='word_1_309' title='bbox 941 2413 1191 2466; x_wconf 86' lang='lat' dir='ltr'>Fuerunt</span> <span class='ocrx_word' id='word_1_310' title='bbox 1219 2414 1414 2465; x_wconf 90' lang='lat' dir='ltr'>autem</span> <span class='ocrx_word' id='word_1_311' title='bbox 1444 2407 1725 2478; x_wconf 87' lang='lat' dir='ltr'>octo,qui,</span> <span class='ocrx_word' id='word_1_312' title='bbox 1832 2406 2215 2461; x_wconf 89' lang='lat' dir='ltr'>dilaceratum</span> <span class='ocrx_word' id='word_1_313' title='bbox 2234 2410 2293 2461; x_wconf 91' lang='lat' dir='ltr'>et</span> <span class='ocrx_word' id='word_1_314' title='bbox 2323 2396 2615 2476; x_wconf 78' lang='lat' dir='ltr'>truncum,</span> <span class='ocrx_word' id='word_1_315' title='bbox 2635 2409 2736 2477; x_wconf 86' lang='lat' dir='ltr'>ita,</span> <span class='ocrx_word' id='word_1_316' title='bbox 2760 2413 2823 2464; x_wconf 90' lang='lat' dir='ltr'>ut</span> <span class='ocrx_word' id='word_1_317' title='bbox 2844 2410 2970 2481; x_wconf 89' lang='lat' dir='ltr'>jam</span> <span class='ocrx_word' id='word_1_318' title='bbox 2992 2410 3487 2486; x_wconf 85' lang='lat' dir='ltr'>retulimus,uni.</span> 
     </span>
    </p>
   </div>
   <div class='ocr_carea' id='block_1_26' title="bbox 153 2494 3487 2583">
    <p class='ocr_par' dir='ltr' id='par_1_26' title="bbox 153 2494 3487 2583">
     <span class='ocr_line' id='line_1_26' title="bbox 153 2494 3487 2583; baseline -0.002 -15"><span class='ocrx_word' id='word_1_319' title='bbox 153 2512 321 2583; x_wconf 68' lang='lat' dir='ltr'>absque</span> <span class='ocrx_word' id='word_1_320' title='bbox 344 2512 454 2565; x_wconf 90' lang='lat' dir='ltr'>ulla</span> <span class='ocrx_word' id='word_1_321' title='bbox 483 2504 823 2563; x_wconf 88' lang='lat' dir='ltr'>reverentia</span> <span class='ocrx_word' id='word_1_322' title='bbox 844 2500 1047 2567; x_wconf 87' lang='lat' dir='ltr'>sancti,</span> <span class='ocrx_word' id='word_1_323' title='bbox 1080 2499 1456 2553; x_wconf 87' lang='lat' dir='ltr'>decreverant</span> <span class='ocrx_word' id='word_1_324' title='bbox 1503 2494 1732 2549; x_wconf 87' lang='lat' dir='ltr'>satisfa-</span> <span class='ocrx_word' id='word_1_325' title='bbox 1833 2497 1961 2583; x_wconf 6' lang='lat' dir='ltr'>tum,</span> <span class='ocrx_word' id='word_1_326' title='bbox 1991 2496 2049 2548; x_wconf 90' lang='lat' dir='ltr'>et</span> <span class='ocrx_word' id='word_1_327' title='bbox 2078 2494 2478 2566; x_wconf 85' lang='lat' dir='ltr'>incorruptum</span> <span class='ocrx_word' id='word_1_328' title='bbox 2505 2498 2740 2569; x_wconf 90' lang='lat' dir='ltr'>reperit,</span> <span class='ocrx_word' id='word_1_329' title='bbox 2760 2498 3216 2570; x_wconf 74' lang='lat' dir='ltr'>tetigit,lavit,et</span> <span class='ocrx_word' id='word_1_330' title='bbox 3246 2521 3487 2573; x_wconf 82' lang='lat' dir='ltr'>rursum</span> 
     </span>
    </p>
   </div>
   <div class='ocr_carea' id='block_1_27' title="bbox 154 2582 3481 2664">
    <p class='ocr_par' dir='ltr' id='par_1_27' title="bbox 154 2582 3481 2664">
     <span class='ocr_line' id='line_1_27' title="bbox 154 2582 3481 2664; baseline -0.001 -9"><span class='ocrx_word' id='word_1_331' title='bbox 154 2582 255 2654; x_wconf 80' lang='lat' dir='ltr'>cere</span> <span class='ocrx_word' id='word_1_332' title='bbox 268 2617 369 2654; x_wconf 67' lang='lat' dir='ltr'>sua:</span> <span class='ocrx_word' id='word_1_333' title='bbox 397 2613 632 2653; x_wconf 61' lang='lat' dir='ltr'>vesana!</span> <span class='ocrx_word' id='word_1_334' title='bbox 662 2589 973 2653; x_wconf 83' lang='lat' dir='ltr'>voluntati,</span> <span class='ocrx_word' id='word_1_335' title='bbox 998 2587 1270 2659; x_wconf 85' lang='lat' dir='ltr'>rapiendo</span> <span class='ocrx_word' id='word_1_336' title='bbox 1297 2585 1502 2641; x_wconf 90' lang='lat' dir='ltr'>furtim</span> <span class='ocrx_word' id='word_1_337' title='bbox 1535 2584 1734 2640; x_wconf 91' lang='lat' dir='ltr'>omnia</span> <span class='ocrx_word' id='word_1_338' title='bbox 1834 2582 1997 2638; x_wconf 87' lang='lat' dir='ltr'>novis</span> <span class='ocrx_word' id='word_1_339' title='bbox 2025 2586 2083 2636; x_wconf 89' lang='lat' dir='ltr'>et</span> <span class='ocrx_word' id='word_1_340' title='bbox 2139 2584 2371 2656; x_wconf 85' lang='lat' dir='ltr'>optimis</span> <span class='ocrx_word' id='word_1_341' title='bbox 2414 2586 2664 2641; x_wconf 87' lang='lat' dir='ltr'>vestibus</span> <span class='ocrx_word' id='word_1_342' title='bbox 2693 2587 2960 2642; x_wconf 91' lang='lat' dir='ltr'>indutum</span> <span class='ocrx_word' id='word_1_343' title='bbox 3006 2587 3211 2659; x_wconf 84' lang='lat' dir='ltr'>ligneo</span> <span class='ocrx_word' id='word_1_344' title='bbox 3270 2594 3481 2664; x_wconf 77' lang='lat' dir='ltr'>locello</span> 
     </span>
    </p>
   </div>
   <div class='ocr_carea' id='block_1_28' title="bbox 154 2670 3482 2760">
    <p class='ocr_par' dir='ltr' id='par_1_28' title="bbox 154 2670 3482 2760">
     <span class='ocr_line' id='line_1_28' title="bbox 154 2670 3482 2760; baseline -0.002 -19"><span class='ocrx_word' id='word_1_345' title='bbox 154 2703 461 2760; x_wconf 72' lang='lat' dir='ltr'>quascunque</span> <span class='ocrx_word' id='word_1_346' title='bbox 510 2681 885 2740; x_wconf 86' lang='lat' dir='ltr'>invenissent</span> <span class='ocrx_word' id='word_1_347' title='bbox 926 2676 1033 2732; x_wconf 89' lang='lat' dir='ltr'>sibi</span> <span class='ocrx_word' id='word_1_348' title='bbox 1082 2675 1239 2730; x_wconf 87' lang='lat' dir='ltr'>utilia</span> <span class='ocrx_word' id='word_1_349' title='bbox 1278 2674 1436 2729; x_wconf 90' lang='lat' dir='ltr'>intra</span> <span class='ocrx_word' id='word_1_350' title='bbox 1471 2670 1733 2742; x_wconf 88' lang='lat' dir='ltr'>ejusdem</span> <span class='ocrx_word' id='word_1_351' title='bbox 1833 2670 2467 2743; x_wconf 89' lang='lat' dir='ltr'>reposuit,benedicens</span> <span class='ocrx_word' id='word_1_352' title='bbox 2486 2674 2796 2747; x_wconf 90' lang='lat' dir='ltr'>Deum,qui</span> <span class='ocrx_word' id='word_1_353' title='bbox 2812 2676 3076 2730; x_wconf 81' lang='lat' dir='ltr'>mirabilis</span> <span class='ocrx_word' id='word_1_354' title='bbox 3094 2684 3169 2730; x_wconf 82' lang='lat' dir='ltr'>est</span> <span class='ocrx_word' id='word_1_355' title='bbox 3195 2681 3482 2749; x_wconf 58' lang='lat' dir='ltr'>insanam</span> 
     </span>
    </p>
   </div>
   <div class='ocr_carea' id='block_1_29' title="bbox 155 2758 3466 2843">
    <p class='ocr_par' dir='ltr' id='par_1_29' title="bbox 155 2758 3466 2843">
     <span class='ocr_line' id='line_1_29' title="bbox 155 2758 3466 2843; baseline -0.005 -12"><span class='ocrx_word' id='word_1_356' title='bbox 155 2758 1118 2843; x_wconf 68' lang='lat' dir='ltr'>monasteriisepta.Unde,sumptis</span> <span class='ocrx_word' id='word_1_357' title='bbox 1135 2761 1417 2817; x_wconf 85' lang='lat' dir='ltr'>machinis</span> <span class='ocrx_word' id='word_1_358' title='bbox 1433 2764 1492 2815; x_wconf 91' lang='lat' dir='ltr'>et</span> <span class='ocrx_word' id='word_1_359' title='bbox 1508 2758 1737 2831; x_wconf 89' lang='lat' dir='ltr'>quibus-</span> <span class='ocrx_word' id='word_1_360' title='bbox 1834 2761 1965 2827; x_wconf 85' lang='lat' dir='ltr'>suis,</span> <span class='ocrx_word' id='word_1_361' title='bbox 2026 2765 2076 2813; x_wconf 88' lang='lat' dir='ltr'>et</span> <span class='ocrx_word' id='word_1_362' title='bbox 2126 2760 2390 2843; x_wconf 71' lang='lat' dir='ltr'>gloriam</span> <span class='ocrx_word' id='word_1_363' title='bbox 2430 2762 2487 2815; x_wconf 85' lang='lat' dir='ltr'>in</span> <span class='ocrx_word' id='word_1_364' title='bbox 2542 2763 2785 2819; x_wconf 81' lang='lat' dir='ltr'>omnibus</span> <span class='ocrx_word' id='word_1_365' title='bbox 2837 2764 3078 2834; x_wconf 76' lang='lat' dir='ltr'>operibus</span> <span class='ocrx_word' id='word_1_366' title='bbox 3113 2767 3232 2819; x_wconf 81' lang='lat' dir='ltr'>suis</span> <span class='ocrx_word' id='word_1_367' title='bbox 3286 2771 3466 2839; x_wconf 51' lang='lat' dir='ltr'>(11ml.</span> 
     </span>
    </p>
   </div>
   <div class='ocr_carea' id='block_1_30' title="bbox 158 2841 2142 2928">
    <p class='ocr_par' dir='ltr' id='par_1_30' title="bbox 158 2841 2142 2928">
     <span class='ocr_line' id='line_1_30' title="bbox 158 2841 2142 2928; baseline -0.01 -11"><span class='ocrx_word' id='word_1_368' title='bbox 158 2863 265 2917; x_wconf 84' lang='lat' dir='ltr'>libet</span> <span class='ocrx_word' id='word_1_369' title='bbox 286 2841 647 2918; x_wconf 78' lang='lat' dir='ltr'>ustensilibus</span> <span class='ocrx_word' id='word_1_370' title='bbox 680 2854 893 2928; x_wconf 89' lang='lat' dir='ltr'>quibus</span> <span class='ocrx_word' id='word_1_371' title='bbox 943 2852 1016 2906; x_wconf 89' lang='lat' dir='ltr'>ad</span> <span class='ocrx_word' id='word_1_372' title='bbox 1055 2851 1113 2905; x_wconf 91' lang='lat' dir='ltr'>id</span> <span class='ocrx_word' id='word_1_373' title='bbox 1159 2847 1582 2921; x_wconf 87' lang='lat' dir='ltr'>perﬁciendum</span> <span class='ocrx_word' id='word_1_374' title='bbox 1625 2847 1737 2902; x_wconf 83' lang='lat' dir='ltr'>ha-</span> <span class='ocrx_word' id='word_1_375' title='bbox 1838 2843 2021 2917; x_wconf 86' lang='lat' dir='ltr'>Lvm.)</span> <span class='ocrx_word' id='word_1_376' title='bbox 2139 2841 2142 2845; x_wconf 80' lang='grc'><strong>’</strong></span> 
     </span>
    </p>
   </div>
   <div class='ocr_carea' id='block_1_31' title="bbox 158 2934 3462 3020">
    <p class='ocr_par' dir='ltr' id='par_1_31' title="bbox 158 2934 3462 3020">
     <span class='ocr_line' id='line_1_31' title="bbox 158 2934 3462 3020; baseline -0.004 -15"><span class='ocrx_word' id='word_1_377' title='bbox 158 2949 335 3004; x_wconf 82' lang='lat' dir='ltr'>hebant</span> <span class='ocrx_word' id='word_1_378' title='bbox 353 2966 514 3020; x_wconf 88' lang='lat' dir='ltr'>opus,</span> <span class='ocrx_word' id='word_1_379' title='bbox 548 2944 810 3019; x_wconf 83' lang='lat' dir='ltr'>quadam</span> <span class='ocrx_word' id='word_1_380' title='bbox 825 2942 997 2995; x_wconf 91' lang='lat' dir='ltr'>nocte</span> <span class='ocrx_word' id='word_1_381' title='bbox 1012 2937 1426 3010; x_wconf 88' lang='lat' dir='ltr'>aggrediuntur</span> <span class='ocrx_word' id='word_1_382' title='bbox 1437 2934 1742 3008; x_wconf 67' lang='lat' dir='ltr'>prmmedi—</span> <span class='ocrx_word' id='word_1_383' title='bbox 1918 2934 2048 2989; x_wconf 86' lang='lat' dir='ltr'><strong>XVI.</strong></span> <span class='ocrx_word' id='word_1_384' title='bbox 2073 2935 2196 2990; x_wconf 90' lang='lat' dir='ltr'>Non</span> <span class='ocrx_word' id='word_1_385' title='bbox 2224 2934 2383 3007; x_wconf 86' lang='lat' dir='ltr'>piget</span> <span class='ocrx_word' id='word_1_386' title='bbox 2402 2935 2621 2992; x_wconf 88' lang='lat' dir='ltr'>referre</span> <span class='ocrx_word' id='word_1_387' title='bbox 2635 2937 2705 2992; x_wconf 90' lang='lat' dir='ltr'>de</span> <span class='ocrx_word' id='word_1_388' title='bbox 2734 2938 2987 3009; x_wconf 89' lang='lat' dir='ltr'>quodam</span> <span class='ocrx_word' id='word_1_389' title='bbox 3002 2944 3234 3009; x_wconf 74' lang='lat' dir='ltr'>magnae</span> <span class='ocrx_word' id='word_1_390' title='bbox 3250 2947 3462 3011; x_wconf 81' lang='lat' dir='ltr'>poten-</span> 
     </span>
    </p>
   </div>
   <div class='ocr_carea' id='block_1_32' title="bbox 156 3021 3462 3115">
    <p class='ocr_par' dir='ltr' id='par_1_32' title="bbox 156 3021 3462 3115">
     <span class='ocr_line' id='line_1_32' title="bbox 156 3021 3462 3115; baseline -0.001 -24"><span class='ocrx_word' id='word_1_391' title='bbox 156 3040 307 3093; x_wconf 77' lang='lat' dir='ltr'>talum</span> <span class='ocrx_word' id='word_1_392' title='bbox 332 3036 578 3101; x_wconf 81' lang='lat' dir='ltr'>facinus,</span> <span class='ocrx_word' id='word_1_393' title='bbox 610 3035 690 3100; x_wconf 89' lang='lat' dir='ltr'>et,</span> <span class='ocrx_word' id='word_1_394' title='bbox 723 3031 944 3086; x_wconf 88' lang='lat' dir='ltr'>stantes</span> <span class='ocrx_word' id='word_1_395' title='bbox 972 3027 1032 3081; x_wconf 92' lang='lat' dir='ltr'>in</span> <span class='ocrx_word' id='word_1_396' title='bbox 1050 3025 1191 3081; x_wconf 87' lang='lat' dir='ltr'>atrio</span> <span class='ocrx_word' id='word_1_397' title='bbox 1223 3024 1498 3089; x_wconf 68' lang='lat' dir='ltr'>ecclesiaa,</span> <span class='ocrx_word' id='word_1_398' title='bbox 1518 3021 1740 3078; x_wconf 88' lang='lat' dir='ltr'>diverso</span> <span class='ocrx_word' id='word_1_399' title='bbox 1767 3054 1815 3115; x_wconf 66' lang='grc' dir='ltr'>Ο</span> <span class='ocrx_word' id='word_1_400' title='bbox 1842 3023 1937 3078; x_wconf 69' lang='lat' dir='ltr'>tia:</span> <span class='ocrx_word' id='word_1_401' title='bbox 1968 3021 2110 3089; x_wconf 89' lang='lat' dir='ltr'>viro,</span> <span class='ocrx_word' id='word_1_402' title='bbox 2133 3023 2476 3079; x_wconf 82' lang='lat' dir='ltr'>Leofustano</span> <span class='ocrx_word' id='word_1_403' title='bbox 2511 3025 2810 3091; x_wconf 90' lang='lat' dir='ltr'>vocabulo,</span> <span class='ocrx_word' id='word_1_404' title='bbox 2838 3025 2956 3096; x_wconf 90' lang='lat' dir='ltr'>qui,</span> <span class='ocrx_word' id='word_1_405' title='bbox 2981 3024 3250 3096; x_wconf 85' lang='lat' dir='ltr'>juvenilis</span> <span class='ocrx_word' id='word_1_406' title='bbox 3270 3032 3462 3088; x_wconf 65' lang='lat' dir='ltr'>aetatis</span> 
     </span>
    </p>
   </div>
   <div class='ocr_carea' id='block_1_33' title="bbox 160 3108 3458 3197">
    <p class='ocr_par' dir='ltr' id='par_1_33' title="bbox 160 3108 3458 3197">
     <span class='ocr_line' id='line_1_33' title="bbox 160 3108 3458 3197; baseline -0.003 -16"><span class='ocrx_word' id='word_1_407' title='bbox 160 3132 330 3182; x_wconf 83' lang='lat' dir='ltr'>conatu</span> <span class='ocrx_word' id='word_1_408' title='bbox 350 3123 748 3197; x_wconf 85' lang='lat' dir='ltr'>unusquisque</span> <span class='ocrx_word' id='word_1_409' title='bbox 777 3120 955 3174; x_wconf 89' lang='lat' dir='ltr'>instat</span> <span class='ocrx_word' id='word_1_410' title='bbox 978 3120 1265 3187; x_wconf 75' lang='lat' dir='ltr'>concepta:</span> <span class='ocrx_word' id='word_1_411' title='bbox 1284 3110 1740 3185; x_wconf 64' lang='lat' dir='ltr'>nequitia).Qu0-</span> <span class='ocrx_word' id='word_1_412' title='bbox 1775 3108 1815 3115; x_wconf 56' lang='grc'>⁷</span> <span class='ocrx_word' id='word_1_413' title='bbox 1844 3112 2130 3181; x_wconf 89' lang='lat' dir='ltr'>impetum</span> <span class='ocrx_word' id='word_1_414' title='bbox 2162 3127 2281 3165; x_wconf 90' lang='lat' dir='ltr'>non</span> <span class='ocrx_word' id='word_1_415' title='bbox 2326 3108 2649 3180; x_wconf 85' lang='lat' dir='ltr'>refrenans,</span> <span class='ocrx_word' id='word_1_416' title='bbox 2682 3113 2756 3167; x_wconf 88' lang='lat' dir='ltr'>ad</span> <span class='ocrx_word' id='word_1_417' title='bbox 2783 3113 2844 3167; x_wconf 91' lang='lat' dir='ltr'>id</span> <span class='ocrx_word' id='word_1_418' title='bbox 2874 3111 3077 3184; x_wconf 88' lang='lat' dir='ltr'>ﬂagitii</span> <span class='ocrx_word' id='word_1_419' title='bbox 3106 3112 3458 3173; x_wconf 90' lang='lat' dir='ltr'>lasciviendo</span> 
     </span>
    </p>
   </div>
   <div class='ocr_carea' id='block_1_34' title="bbox 161 3197 3461 3283">
    <p class='ocr_par' dir='ltr' id='par_1_34' title="bbox 161 3197 3461 3283">
     <span class='ocr_line' id='line_1_34' title="bbox 161 3197 3461 3283; baseline -0.004 -11"><span class='ocrx_word' id='word_1_420' title='bbox 161 3231 264 3270; x_wconf 77' lang='lat' dir='ltr'>tum</span> <span class='ocrx_word' id='word_1_421' title='bbox 291 3216 425 3270; x_wconf 88' lang='lat' dir='ltr'>alius</span> <span class='ocrx_word' id='word_1_422' title='bbox 454 3213 677 3269; x_wconf 87' lang='lat' dir='ltr'>scalam</span> <span class='ocrx_word' id='word_1_423' title='bbox 704 3207 965 3283; x_wconf 87' lang='lat' dir='ltr'>postibus</span> <span class='ocrx_word' id='word_1_424' title='bbox 984 3204 1250 3278; x_wconf 89' lang='lat' dir='ltr'>applicat,</span> <span class='ocrx_word' id='word_1_425' title='bbox 1266 3207 1328 3257; x_wconf 91' lang='lat' dir='ltr'>ut</span> <span class='ocrx_word' id='word_1_426' title='bbox 1345 3200 1743 3274; x_wconf 89' lang='lat' dir='ltr'>perinsertam</span> <span class='ocrx_word' id='word_1_427' title='bbox 1847 3197 2127 3271; x_wconf 89' lang='lat' dir='ltr'>prorupit,</span> <span class='ocrx_word' id='word_1_428' title='bbox 2156 3201 2219 3252; x_wconf 91' lang='lat' dir='ltr'>ut</span> <span class='ocrx_word' id='word_1_429' title='bbox 2246 3198 2351 3252; x_wconf 91' lang='lat' dir='ltr'>sibi</span> <span class='ocrx_word' id='word_1_430' title='bbox 2370 3198 2626 3270; x_wconf 88' lang='lat' dir='ltr'>quadam</span> <span class='ocrx_word' id='word_1_431' title='bbox 2643 3200 2945 3272; x_wconf 87' lang='lat' dir='ltr'>singularis</span> <span class='ocrx_word' id='word_1_432' title='bbox 2960 3199 3461 3271; x_wconf 71' lang='lat' dir='ltr'>potentiaaaucto-</span> 
     </span>
    </p>
   </div>
   <div class='ocr_carea' id='block_1_35' title="bbox 160 3285 3457 3370">
    <p class='ocr_par' dir='ltr' id='par_1_35' title="bbox 160 3285 3457 3370">
     <span class='ocr_line' id='line_1_35' title="bbox 160 3285 3457 3370; baseline -0.005 -12"><span class='ocrx_word' id='word_1_433' title='bbox 160 3302 428 3358; x_wconf 81' lang='lat' dir='ltr'>fenestram</span> <span class='ocrx_word' id='word_1_434' title='bbox 459 3319 522 3357; x_wconf 85' lang='lat' dir='ltr'>se</span> <span class='ocrx_word' id='word_1_435' title='bbox 552 3299 819 3370; x_wconf 86' lang='lat' dir='ltr'>ingerat;</span> <span class='ocrx_word' id='word_1_436' title='bbox 879 3294 1020 3348; x_wconf 88' lang='lat' dir='ltr'>alius</span> <span class='ocrx_word' id='word_1_437' title='bbox 1067 3309 1196 3347; x_wconf 90' lang='lat' dir='ltr'>cum</span> <span class='ocrx_word' id='word_1_438' title='bbox 1228 3291 1369 3346; x_wconf 89' lang='lat' dir='ltr'>lima</span> <span class='ocrx_word' id='word_1_439' title='bbox 1402 3291 1502 3343; x_wconf 89' lang='lat' dir='ltr'>aut</span> <span class='ocrx_word' id='word_1_440' title='bbox 1555 3287 1744 3342; x_wconf 84' lang='lat' dir='ltr'>fabrili</span> <span class='ocrx_word' id='word_1_441' title='bbox 1845 3287 2015 3341; x_wconf 87' lang='lat' dir='ltr'>ritate</span> <span class='ocrx_word' id='word_1_442' title='bbox 2061 3285 2401 3357; x_wconf 64' lang='lat' dir='ltr'>praeciperet</span> <span class='ocrx_word' id='word_1_443' title='bbox 2430 3287 2658 3342; x_wconf 88' lang='lat' dir='ltr'>ostendi</span> <span class='ocrx_word' id='word_1_444' title='bbox 2704 3304 2911 3360; x_wconf 88' lang='lat' dir='ltr'>corpus</span> <span class='ocrx_word' id='word_1_445' title='bbox 2964 3287 3110 3343; x_wconf 87' lang='lat' dir='ltr'>tanti</span> <span class='ocrx_word' id='word_1_446' title='bbox 3158 3290 3457 3361; x_wconf 84' lang='lat' dir='ltr'>martyris.</span> 
     </span>
    </p>
   </div>
   <div class='ocr_carea' id='block_1_36' title="bbox 162 3373 3460 3454">
    <p class='ocr_par' dir='ltr' id='par_1_36' title="bbox 162 3373 3460 3454">
     <span class='ocr_line' id='line_1_36' title="bbox 162 3373 3460 3454; baseline -0.005 -10"><span class='ocrx_word' id='word_1_447' title='bbox 162 3392 333 3446; x_wconf 88' lang='lat' dir='ltr'>malleo</span> <span class='ocrx_word' id='word_1_448' title='bbox 376 3392 560 3446; x_wconf 84' lang='lat' dir='ltr'>instat</span> <span class='ocrx_word' id='word_1_449' title='bbox 578 3402 721 3441; x_wconf 77' lang='lat' dir='ltr'>serae</span> <span class='ocrx_word' id='word_1_450' title='bbox 749 3386 851 3439; x_wconf 85' lang='lat' dir='ltr'>aut</span> <span class='ocrx_word' id='word_1_451' title='bbox 893 3382 1147 3454; x_wconf 85' lang='lat' dir='ltr'>pessulo;</span> <span class='ocrx_word' id='word_1_452' title='bbox 1179 3379 1273 3434; x_wconf 90' lang='lat' dir='ltr'>alii</span> <span class='ocrx_word' id='word_1_453' title='bbox 1304 3394 1435 3434; x_wconf 91' lang='lat' dir='ltr'>cum</span> <span class='ocrx_word' id='word_1_454' title='bbox 1464 3375 1662 3446; x_wconf 88' lang='lat' dir='ltr'>vangis</span> <span class='ocrx_word' id='word_1_455' title='bbox 1688 3379 1747 3431; x_wconf 91' lang='lat' dir='ltr'>et</span> <span class='ocrx_word' id='word_1_456' title='bbox 1846 3374 2104 3444; x_wconf 86' lang='lat' dir='ltr'>Cumque</span> <span class='ocrx_word' id='word_1_457' title='bbox 2135 3373 2493 3429; x_wconf 85' lang='lat' dir='ltr'>inhiberetur</span> <span class='ocrx_word' id='word_1_458' title='bbox 2518 3392 2552 3429; x_wconf 93' lang='lat' dir='ltr'>a</span> <span class='ocrx_word' id='word_1_459' title='bbox 2598 3376 2877 3447; x_wconf 86' lang='lat' dir='ltr'>pluribus,</span> <span class='ocrx_word' id='word_1_460' title='bbox 2939 3376 3190 3431; x_wconf 86' lang='lat' dir='ltr'>maxime</span> <span class='ocrx_word' id='word_1_461' title='bbox 3254 3380 3460 3436; x_wconf 86' lang='lat' dir='ltr'>tamen</span> 
     </span>
    </p>
   </div>
   <div class='ocr_carea' id='block_1_37' title="bbox 162 3460 3459 3547">
    <p class='ocr_par' dir='ltr' id='par_1_37' title="bbox 162 3460 3459 3547">
     <span class='ocr_line' id='line_1_37' title="bbox 162 3460 3459 3547; baseline -0.003 -16"><span class='ocrx_word' id='word_1_462' title='bbox 162 3478 410 3547; x_wconf 83' lang='lat' dir='ltr'>ligonibus</span> <span class='ocrx_word' id='word_1_463' title='bbox 425 3473 840 3532; x_wconf 75' lang='lat' dir='ltr'>suﬁ&#39;ossionem</span> <span class='ocrx_word' id='word_1_464' title='bbox 859 3468 1090 3541; x_wconf 90' lang='lat' dir='ltr'>parietis</span> <span class='ocrx_word' id='word_1_465' title='bbox 1104 3462 1744 3534; x_wconf 88' lang='lat' dir='ltr'>machinantur.Sicque</span> <span class='ocrx_word' id='word_1_466' title='bbox 1846 3479 1879 3516; x_wconf 90' lang='lat' dir='ltr'>a</span> <span class='ocrx_word' id='word_1_467' title='bbox 1907 3462 2019 3516; x_wconf 91' lang='lat' dir='ltr'>suis</span> <span class='ocrx_word' id='word_1_468' title='bbox 2043 3460 2328 3529; x_wconf 86' lang='lat' dir='ltr'>ﬁdelibus,</span> <span class='ocrx_word' id='word_1_469' title='bbox 2347 3464 2645 3534; x_wconf 62' lang='lat' dir='ltr'>praevaluit</span> <span class='ocrx_word' id='word_1_470' title='bbox 2668 3464 2981 3535; x_wconf 91' lang='lat' dir='ltr'>imperium</span> <span class='ocrx_word' id='word_1_471' title='bbox 3000 3464 3140 3535; x_wconf 85' lang='lat' dir='ltr'>ejus;</span> <span class='ocrx_word' id='word_1_472' title='bbox 3155 3465 3459 3536; x_wconf 90' lang='lat' dir='ltr'>quoniam,</span> 
     </span>
    </p>
   </div>
   <div class='ocr_carea' id='block_1_38' title="bbox 165 3550 3465 3639">
    <p class='ocr_par' dir='ltr' id='par_1_38' title="bbox 165 3550 3465 3639">
     <span class='ocr_line' id='line_1_38' title="bbox 165 3550 3465 3639; baseline -0.002 -21"><span class='ocrx_word' id='word_1_473' title='bbox 165 3566 397 3638; x_wconf 86' lang='lat' dir='ltr'>disposito</span> <span class='ocrx_word' id='word_1_474' title='bbox 428 3580 633 3639; x_wconf 81' lang='lat' dir='ltr'>Opere,</span> <span class='ocrx_word' id='word_1_475' title='bbox 659 3577 793 3616; x_wconf 91' lang='lat' dir='ltr'>cum</span> <span class='ocrx_word' id='word_1_476' title='bbox 826 3558 1033 3630; x_wconf 87' lang='lat' dir='ltr'>singuli</span> <span class='ocrx_word' id='word_1_477' title='bbox 1055 3556 1319 3611; x_wconf 87' lang='lat' dir='ltr'>certatim</span> <span class='ocrx_word' id='word_1_478' title='bbox 1346 3551 1742 3639; x_wconf 3' lang='lat' dir='ltr'>insudantgpro</span> <span class='ocrx_word' id='word_1_479' title='bbox 1846 3550 2510 3639; x_wconf 83' lang='lat' dir='ltr'>propterarrogantiam</span> <span class='ocrx_word' id='word_1_480' title='bbox 2545 3568 2662 3607; x_wconf 65' lang='lat' dir='ltr'>suae</span> <span class='ocrx_word' id='word_1_481' title='bbox 2694 3552 3309 3616; x_wconf 87' lang='lat' dir='ltr'>nobilitatis,omnibus</span> <span class='ocrx_word' id='word_1_482' title='bbox 3335 3558 3465 3611; x_wconf 82' lang='lat' dir='ltr'>erat</span> 
     </span>
    </p>
   </div>
   <div class='ocr_carea' id='block_1_39' title="bbox 164 3638 3463 3717">
    <p class='ocr_par' dir='ltr' id='par_1_39' title="bbox 164 3638 3463 3717">
     <span class='ocr_line' id='line_1_39' title="bbox 164 3638 3463 3717; baseline -0.002 -10"><span class='ocrx_word' id='word_1_483' title='bbox 164 3655 331 3709; x_wconf 86' lang='lat' dir='ltr'>virium</span> <span class='ocrx_word' id='word_1_484' title='bbox 359 3638 656 3717; x_wconf 84' lang='lat' dir='ltr'>facultate,</span> <span class='ocrx_word' id='word_1_485' title='bbox 688 3650 918 3703; x_wconf 89' lang='lat' dir='ltr'>sanctus</span> <span class='ocrx_word' id='word_1_486' title='bbox 946 3649 1167 3717; x_wconf 81' lang='lat' dir='ltr'>martyr</span> <span class='ocrx_word' id='word_1_487' title='bbox 1215 3661 1312 3698; x_wconf 89' lang='lat' dir='ltr'>eos</span> <span class='ocrx_word' id='word_1_488' title='bbox 1340 3643 1486 3713; x_wconf 87' lang='lat' dir='ltr'>ligat</span> <span class='ocrx_word' id='word_1_489' title='bbox 1513 3639 1573 3693; x_wconf 89' lang='lat' dir='ltr'>in</span> <span class='ocrx_word' id='word_1_490' title='bbox 1622 3638 1743 3710; x_wconf 82' lang='lat' dir='ltr'>ipso</span> <span class='ocrx_word' id='word_1_491' title='bbox 1845 3638 2353 3693; x_wconf 83' lang='lat' dir='ltr'>terrori.Reserato</span> <span class='ocrx_word' id='word_1_492' title='bbox 2375 3655 2515 3709; x_wconf 89' lang='lat' dir='ltr'>ergo</span> <span class='ocrx_word' id='word_1_493' title='bbox 2545 3641 2769 3708; x_wconf 91' lang='lat' dir='ltr'>locello,</span> <span class='ocrx_word' id='word_1_494' title='bbox 2794 3641 2993 3707; x_wconf 87' lang='lat' dir='ltr'>astitit,</span> <span class='ocrx_word' id='word_1_495' title='bbox 3017 3641 3255 3712; x_wconf 84' lang='lat' dir='ltr'>aspexit,</span> <span class='ocrx_word' id='word_1_496' title='bbox 3280 3646 3339 3698; x_wconf 88' lang='lat' dir='ltr'>et</span> <span class='ocrx_word' id='word_1_497' title='bbox 3362 3661 3463 3701; x_wconf 91' lang='lat' dir='ltr'>co-</span> 
     </span>
    </p>
   </div>
   <div class='ocr_carea' id='block_1_40' title="bbox 164 3726 3461 3808">
    <p class='ocr_par' dir='ltr' id='par_1_40' title="bbox 164 3726 3461 3808">
     <span class='ocr_line' id='line_1_40' title="bbox 164 3726 3461 3808; baseline -0.002 -14"><span class='ocrx_word' id='word_1_498' title='bbox 164 3759 243 3797; x_wconf 89' lang='lat' dir='ltr'>suo</span> <span class='ocrx_word' id='word_1_499' title='bbox 264 3744 592 3807; x_wconf 82' lang='lat' dir='ltr'>conamine,</span> <span class='ocrx_word' id='word_1_500' title='bbox 625 3741 687 3793; x_wconf 91' lang='lat' dir='ltr'>ut</span> <span class='ocrx_word' id='word_1_501' title='bbox 717 3754 791 3791; x_wconf 89' lang='lat' dir='ltr'>ne</span> <span class='ocrx_word' id='word_1_502' title='bbox 836 3735 1045 3808; x_wconf 89' lang='lat' dir='ltr'>pedem</span> <span class='ocrx_word' id='word_1_503' title='bbox 1075 3735 1200 3788; x_wconf 92' lang='lat' dir='ltr'>loco</span> <span class='ocrx_word' id='word_1_504' title='bbox 1222 3732 1459 3804; x_wconf 90' lang='lat' dir='ltr'>possent</span> <span class='ocrx_word' id='word_1_505' title='bbox 1490 3743 1741 3794; x_wconf 88' lang='lat' dir='ltr'>movere,</span> <span class='ocrx_word' id='word_1_506' title='bbox 1847 3726 1982 3781; x_wconf 89' lang='lat' dir='ltr'>dem</span> <span class='ocrx_word' id='word_1_507' title='bbox 2014 3731 2314 3781; x_wconf 90' lang='lat' dir='ltr'>momento</span> <span class='ocrx_word' id='word_1_508' title='bbox 2344 3726 2402 3780; x_wconf 93' lang='lat' dir='ltr'>in</span> <span class='ocrx_word' id='word_1_509' title='bbox 2425 3728 2746 3783; x_wconf 87' lang='lat' dir='ltr'>amentiam</span> <span class='ocrx_word' id='word_1_510' title='bbox 2791 3745 3022 3785; x_wconf 88' lang='lat' dir='ltr'>versum</span> <span class='ocrx_word' id='word_1_511' title='bbox 3054 3730 3277 3786; x_wconf 84' lang='lat' dir='ltr'>tradidit</span> <span class='ocrx_word' id='word_1_512' title='bbox 3307 3733 3461 3791; x_wconf 82' lang='lat' dir='ltr'>illum</span> 
     </span>
    </p>
   </div>
   <div class='ocr_carea' id='block_1_41' title="bbox 167 3814 3463 3905">
    <p class='ocr_par' dir='ltr' id='par_1_41' title="bbox 167 3814 3463 3905">
     <span class='ocr_line' id='line_1_41' title="bbox 167 3814 3463 3905; baseline -0.004 -21"><span class='ocrx_word' id='word_1_513' title='bbox 167 3848 249 3885; x_wconf 87' lang='lat' dir='ltr'>nec</span> <span class='ocrx_word' id='word_1_514' title='bbox 277 3836 568 3905; x_wconf 83' lang='lat' dir='ltr'>arreptum</span> <span class='ocrx_word' id='word_1_515' title='bbox 587 3826 845 3884; x_wconf 83' lang='lat' dir='ltr'>ofﬁcium</span> <span class='ocrx_word' id='word_1_516' title='bbox 875 3824 1160 3886; x_wconf 88' lang='lat' dir='ltr'>deserere;</span> <span class='ocrx_word' id='word_1_517' title='bbox 1187 3821 1287 3875; x_wconf 88' lang='lat' dir='ltr'>sed</span> <span class='ocrx_word' id='word_1_518' title='bbox 1322 3818 1465 3874; x_wconf 90' lang='lat' dir='ltr'>alius</span> <span class='ocrx_word' id='word_1_519' title='bbox 1490 3831 1623 3872; x_wconf 91' lang='lat' dir='ltr'>cum</span> <span class='ocrx_word' id='word_1_520' title='bbox 1645 3833 1746 3871; x_wconf 90' lang='lat' dir='ltr'>sua</span> <span class='ocrx_word' id='word_1_521' title='bbox 1845 3814 1995 3869; x_wconf 83' lang='lat' dir='ltr'>Deus</span> <span class='ocrx_word' id='word_1_522' title='bbox 2025 3815 2080 3866; x_wconf 86' lang='lat' dir='ltr'>in</span> <span class='ocrx_word' id='word_1_523' title='bbox 2128 3815 2406 3884; x_wconf 79' lang='lat' dir='ltr'>reprobum</span> <span class='ocrx_word' id='word_1_524' title='bbox 2452 3827 2661 3869; x_wconf 84' lang='lat' dir='ltr'>sensum</span> <span class='ocrx_word' id='word_1_525' title='bbox 2695 3816 2876 3887; x_wconf 84' lang='lat' dir='ltr'>(Rom.</span> <span class='ocrx_word' id='word_1_526' title='bbox 2911 3834 2948 3887; x_wconf 83' lang='grc' dir='ltr'>ι,</span> <span class='ocrx_word' id='word_1_527' title='bbox 3003 3819 3123 3879; x_wconf 87' lang='lat'>28):</span> <span class='ocrx_word' id='word_1_528' title='bbox 3181 3835 3247 3873; x_wconf 88' lang='lat' dir='ltr'>ac</span> <span class='ocrx_word' id='word_1_529' title='bbox 3290 3837 3463 3891; x_wconf 62' lang='lat' dir='ltr'>paena</span> 
     </span>
    </p>
   </div>
   <div class='ocr_carea' id='block_1_42' title="bbox 167 3901 3456 3991">
    <p class='ocr_par' dir='ltr' id='par_1_42' title="bbox 167 3901 3456 3991">
     <span class='ocr_line' id='line_1_42' title="bbox 167 3901 3456 3991; baseline -0.007 -17"><span class='ocrx_word' id='word_1_530' title='bbox 167 3921 288 3974; x_wconf 86' lang='lat' dir='ltr'>scala</span> <span class='ocrx_word' id='word_1_531' title='bbox 308 3901 592 3991; x_wconf 78' lang='lat' dir='ltr'>penderet</span> <span class='ocrx_word' id='word_1_532' title='bbox 611 3912 873 3971; x_wconf 89' lang='lat' dir='ltr'>sublimis</span> <span class='ocrx_word' id='word_1_533' title='bbox 900 3912 955 3965; x_wconf 89' lang='lat' dir='ltr'>in</span> <span class='ocrx_word' id='word_1_534' title='bbox 979 3927 1132 3975; x_wconf 85' lang='lat' dir='ltr'>aere,</span> <span class='ocrx_word' id='word_1_535' title='bbox 1157 3909 1298 3963; x_wconf 89' lang='lat' dir='ltr'>alius</span> <span class='ocrx_word' id='word_1_536' title='bbox 1329 3908 1522 3978; x_wconf 87' lang='lat' dir='ltr'>palam</span> <span class='ocrx_word' id='word_1_537' title='bbox 1553 3905 1743 3958; x_wconf 87' lang='lat' dir='ltr'>incur-</span> <span class='ocrx_word' id='word_1_538' title='bbox 1847 3919 1949 3957; x_wconf 85' lang='lat' dir='ltr'>sua</span> <span class='ocrx_word' id='word_1_539' title='bbox 2002 3901 2202 3991; x_wconf 90' lang='lat' dir='ltr'>didicit</span> <span class='ocrx_word' id='word_1_540' title='bbox 2231 3902 2364 3973; x_wconf 91' lang='lat' dir='ltr'>quia</span> <span class='ocrx_word' id='word_1_541' title='bbox 2393 3902 2849 3979; x_wconf 62' lang='lat' dir='ltr'>prazsumpsisset</span> <span class='ocrx_word' id='word_1_542' title='bbox 2903 3905 3060 3976; x_wconf 86' lang='lat' dir='ltr'>quod</span> <span class='ocrx_word' id='word_1_543' title='bbox 3117 3923 3235 3961; x_wconf 80' lang='lat' dir='ltr'>non</span> <span class='ocrx_word' id='word_1_544' title='bbox 3278 3908 3456 3965; x_wconf 57' lang='lat' dir='ltr'>licuit,</span> 
     </span>
    </p>
   </div>
   <div class='ocr_carea' id='block_1_43' title="bbox 168 3990 3458 4074">
    <p class='ocr_par' dir='ltr' id='par_1_43' title="bbox 168 3990 3458 4074">
     <span class='ocr_line' id='line_1_43' title="bbox 168 3990 3458 4074; baseline -0.002 -16"><span class='ocrx_word' id='word_1_545' title='bbox 168 4022 245 4061; x_wconf 81' lang='lat' dir='ltr'>vus</span> <span class='ocrx_word' id='word_1_546' title='bbox 270 3990 441 4064; x_wconf 77' lang='lat' dir='ltr'>fossor</span> <span class='ocrx_word' id='word_1_547' title='bbox 470 4008 664 4071; x_wconf 82' lang='lat' dir='ltr'>ﬂeret,</span> <span class='ocrx_word' id='word_1_548' title='bbox 699 4002 796 4074; x_wconf 76' lang='lat' dir='ltr'>qui</span> <span class='ocrx_word' id='word_1_549' title='bbox 819 4001 891 4055; x_wconf 90' lang='lat' dir='ltr'>ad</span> <span class='ocrx_word' id='word_1_550' title='bbox 921 4000 978 4054; x_wconf 88' lang='lat' dir='ltr'>id</span> <span class='ocrx_word' id='word_1_551' title='bbox 1009 3998 1197 4070; x_wconf 89' lang='lat' dir='ltr'>operis</span> <span class='ocrx_word' id='word_1_552' title='bbox 1216 3997 1457 4051; x_wconf 87' lang='lat' dir='ltr'>furtivus</span> <span class='ocrx_word' id='word_1_553' title='bbox 1480 3993 1742 4047; x_wconf 84' lang='lat' dir='ltr'>venisset.</span> <span class='ocrx_word' id='word_1_554' title='bbox 1919 3990 2083 4054; x_wconf 85' lang='lat' dir='ltr'>Quod</span> <span class='ocrx_word' id='word_1_555' title='bbox 2114 3992 2353 4045; x_wconf 89' lang='lat' dir='ltr'>audiens</span> <span class='ocrx_word' id='word_1_556' title='bbox 2370 3994 2535 4063; x_wconf 89' lang='lat' dir='ltr'>pater</span> <span class='ocrx_word' id='word_1_557' title='bbox 2550 3992 2784 4062; x_wconf 78' lang='lat' dir='ltr'>ejus,vir</span> <span class='ocrx_word' id='word_1_558' title='bbox 2802 3991 3103 4063; x_wconf 86' lang='lat' dir='ltr'>religiosus</span> <span class='ocrx_word' id='word_1_559' title='bbox 3118 3994 3458 4067; x_wconf 88' lang='lat' dir='ltr'>admodum,</span> 
     </span>
    </p>
   </div>
   <div class='ocr_carea' id='block_1_44' title="bbox 169 4079 3462 4169">
    <p class='ocr_par' dir='ltr' id='par_1_44' title="bbox 169 4079 3462 4169">
     <span class='ocr_line' id='line_1_44' title="bbox 169 4079 3462 4169; baseline -0.002 -22"><span class='ocrx_word' id='word_1_560' title='bbox 169 4081 1746 4169; x_wconf 85' lang='lat' dir='ltr'>lutereaquidammatriculariorum,quiintrabasilicam</span> <span class='ocrx_word' id='word_1_561' title='bbox 1849 4079 1938 4133; x_wconf 90' lang='lat' dir='ltr'>cui</span> <span class='ocrx_word' id='word_1_562' title='bbox 1971 4082 2094 4133; x_wconf 88' lang='lat' dir='ltr'>erat</span> <span class='ocrx_word' id='word_1_563' title='bbox 2148 4080 2414 4151; x_wconf 86' lang='lat' dir='ltr'>Alfgarus</span> <span class='ocrx_word' id='word_1_564' title='bbox 2464 4081 2829 4146; x_wconf 88' lang='lat' dir='ltr'>vocabulum,</span> <span class='ocrx_word' id='word_1_565' title='bbox 2880 4079 3177 4135; x_wconf 88' lang='lat' dir='ltr'>exhorruit</span> <span class='ocrx_word' id='word_1_566' title='bbox 3238 4083 3462 4140; x_wconf 88' lang='lat' dir='ltr'>facinus</span> 
     </span>
    </p>
   </div>
   <div class='ocr_carea' id='block_1_45' title="bbox 166 4166 3463 4252">
    <p class='ocr_par' dir='ltr' id='par_1_45' title="bbox 166 4166 3463 4252">
     <span class='ocr_line' id='line_1_45' title="bbox 166 4166 3463 4252; baseline -0.003 -15"><span class='ocrx_word' id='word_1_567' title='bbox 166 4166 626 4252; x_wconf 43' lang='lat' dir='ltr'>jacebat,—somno</span> <span class='ocrx_word' id='word_1_568' title='bbox 658 4178 952 4245; x_wconf 87' lang='lat' dir='ltr'>excitatus,</span> <span class='ocrx_word' id='word_1_569' title='bbox 986 4178 1133 4232; x_wconf 87' lang='lat' dir='ltr'>lecto</span> <span class='ocrx_word' id='word_1_570' title='bbox 1160 4172 1578 4245; x_wconf 88' lang='lat' dir='ltr'>procumbebat</span> <span class='ocrx_word' id='word_1_571' title='bbox 1607 4169 1747 4223; x_wconf 91' lang='lat' dir='ltr'>invi-</span> <span class='ocrx_word' id='word_1_572' title='bbox 1850 4167 2384 4238; x_wconf 86' lang='lat' dir='ltr'>ﬂagitiosissimum,</span> <span class='ocrx_word' id='word_1_573' title='bbox 2418 4183 2483 4222; x_wconf 85' lang='lat' dir='ltr'>ac</span> <span class='ocrx_word' id='word_1_574' title='bbox 2506 4167 2747 4238; x_wconf 82' lang='lat' dir='ltr'>martyri</span> <span class='ocrx_word' id='word_1_575' title='bbox 2777 4166 2992 4239; x_wconf 87' lang='lat' dir='ltr'>gratias</span> <span class='ocrx_word' id='word_1_576' title='bbox 3018 4168 3233 4233; x_wconf 86' lang='lat' dir='ltr'>retulit,</span> <span class='ocrx_word' id='word_1_577' title='bbox 3256 4170 3463 4227; x_wconf 82' lang='lat' dir='ltr'>ﬁlium-</span> 
     </span>
    </p>
   </div>
   <div class='ocr_carea' id='block_1_46' title="bbox 171 4255 3462 4343">
    <p class='ocr_par' dir='ltr' id='par_1_46' title="bbox 171 4255 3462 4343">
     <span class='ocr_line' id='line_1_46' title="bbox 171 4255 3462 4343; baseline -0.003 -19"><span class='ocrx_word' id='word_1_578' title='bbox 171 4274 258 4335; x_wconf 86' lang='lat' dir='ltr'>tns,</span> <span class='ocrx_word' id='word_1_579' title='bbox 281 4289 445 4343; x_wconf 88' lang='lat' dir='ltr'>quem</span> <span class='ocrx_word' id='word_1_580' title='bbox 492 4267 766 4340; x_wconf 82' lang='lat' dir='ltr'>martyris</span> <span class='ocrx_word' id='word_1_581' title='bbox 798 4265 1059 4337; x_wconf 87' lang='lat' dir='ltr'>potentia</span> <span class='ocrx_word' id='word_1_582' title='bbox 1087 4279 1187 4317; x_wconf 92' lang='lat' dir='ltr'>suo</span> <span class='ocrx_word' id='word_1_583' title='bbox 1220 4262 1429 4316; x_wconf 88' lang='lat' dir='ltr'>conatu</span> <span class='ocrx_word' id='word_1_584' title='bbox 1468 4258 1746 4325; x_wconf 88' lang='lat' dir='ltr'>vinxerat,</span> <span class='ocrx_word' id='word_1_585' title='bbox 1775 4328 1823 4343; x_wconf 44' lang='lat' dir='ltr'><strong>ﬁ</strong></span> <span class='ocrx_word' id='word_1_586' title='bbox 1852 4271 1962 4326; x_wconf 88' lang='lat' dir='ltr'>que</span> <span class='ocrx_word' id='word_1_587' title='bbox 1990 4271 2023 4308; x_wconf 92' lang='lat' dir='ltr'>a</span> <span class='ocrx_word' id='word_1_588' title='bbox 2044 4271 2101 4308; x_wconf 90' lang='lat' dir='ltr'>se</span> <span class='ocrx_word' id='word_1_589' title='bbox 2124 4255 2503 4320; x_wconf 90' lang='lat' dir='ltr'>removit.Qui</span> <span class='ocrx_word' id='word_1_590' title='bbox 2534 4256 2872 4324; x_wconf 88' lang='lat' dir='ltr'>tandem,ad</span> <span class='ocrx_word' id='word_1_591' title='bbox 2893 4272 3186 4313; x_wconf 90' lang='lat' dir='ltr'>summam</span> <span class='ocrx_word' id='word_1_592' title='bbox 3202 4258 3462 4331; x_wconf 91' lang='lat' dir='ltr'>inopiam</span> 
     </span>
    </p>
   </div>
   <div class='ocr_carea' id='block_1_47' title="bbox 172 4328 3464 4424">
    <p class='ocr_par' dir='ltr' id='par_1_47' title="bbox 172 4328 3464 4424">
     <span class='ocr_line' id='line_1_47' title="bbox 172 4328 3464 4424; baseline -0.004 -13"><span class='ocrx_word' id='word_1_593' title='bbox 172 4375 248 4424; x_wconf 86' lang='lat' dir='ltr'>ne,</span> <span class='ocrx_word' id='word_1_594' title='bbox 272 4328 347 4414; x_wconf 71' lang='lat' dir='ltr'>sui</span> <span class='ocrx_word' id='word_1_595' title='bbox 368 4360 568 4415; x_wconf 86' lang='lat' dir='ltr'>obvius</span> <span class='ocrx_word' id='word_1_596' title='bbox 592 4328 756 4411; x_wconf 76' lang='lat' dir='ltr'>factis</span> <span class='ocrx_word' id='word_1_597' title='bbox 782 4352 1341 4415; x_wconf 85' lang='lat' dir='ltr'>mirabilibus,sonus</span> <span class='ocrx_word' id='word_1_598' title='bbox 1369 4345 1615 4418; x_wconf 89' lang='lat' dir='ltr'>fragoris</span> <span class='ocrx_word' id='word_1_599' title='bbox 1634 4361 1755 4404; x_wconf 82' lang='lat' dir='ltr'>cre-</span> <span class='ocrx_word' id='word_1_600' title='bbox 1775 4328 1829 4386; x_wconf 82' lang='lat' dir='ltr'>D</span> <span class='ocrx_word' id='word_1_601' title='bbox 1852 4343 2178 4415; x_wconf 90' lang='lat' dir='ltr'>perductus,</span> <span class='ocrx_word' id='word_1_602' title='bbox 2223 4344 2441 4415; x_wconf 89' lang='lat' dir='ltr'>judicio</span> <span class='ocrx_word' id='word_1_603' title='bbox 2473 4345 2574 4399; x_wconf 93' lang='lat' dir='ltr'>Dei</span> <span class='ocrx_word' id='word_1_604' title='bbox 2629 4344 2805 4403; x_wconf 86' lang='lat' dir='ltr'>vitam</span> <span class='ocrx_word' id='word_1_605' title='bbox 2834 4344 3039 4411; x_wconf 83' lang='lat' dir='ltr'>finivit,</span> <span class='ocrx_word' id='word_1_606' title='bbox 3097 4362 3131 4400; x_wconf 91' lang='lat' dir='ltr'>a</span> <span class='ocrx_word' id='word_1_607' title='bbox 3176 4328 3464 4404; x_wconf 77' lang='lat' dir='ltr'>vermibus</span> 
     </span>
    </p>
   </div>
   <div class='ocr_carea' id='block_1_48' title="bbox 172 4431 3465 4518">
    <p class='ocr_par' dir='ltr' id='par_1_48' title="bbox 172 4431 3465 4518">
     <span class='ocr_line' id='line_1_48' title="bbox 172 4431 3465 4518; baseline -0.003 -15"><span class='ocrx_word' id='word_1_608' title='bbox 172 4446 254 4500; x_wconf 87' lang='lat' dir='ltr'>ber</span> <span class='ocrx_word' id='word_1_609' title='bbox 271 4449 510 4504; x_wconf 89' lang='lat' dir='ltr'>custodis</span> <span class='ocrx_word' id='word_1_610' title='bbox 550 4446 802 4518; x_wconf 90' lang='lat' dir='ltr'>pulsaret</span> <span class='ocrx_word' id='word_1_611' title='bbox 849 4457 1017 4497; x_wconf 89' lang='lat' dir='ltr'>aures</span> <span class='ocrx_word' id='word_1_612' title='bbox 1060 4438 1320 4494; x_wconf 87' lang='lat' dir='ltr'>interius.</span> <span class='ocrx_word' id='word_1_613' title='bbox 1355 4435 1467 4490; x_wconf 93' lang='lat' dir='ltr'>Sed</span> <span class='ocrx_word' id='word_1_614' title='bbox 1505 4434 1643 4507; x_wconf 92' lang='lat' dir='ltr'>quid</span> <span class='ocrx_word' id='word_1_615' title='bbox 1667 4434 1751 4488; x_wconf 92' lang='lat' dir='ltr'>di-</span> <span class='ocrx_word' id='word_1_616' title='bbox 1855 4436 2243 4502; x_wconf 90' lang='lat' dir='ltr'>consumptus.</span> <span class='ocrx_word' id='word_1_617' title='bbox 2268 4431 2471 4504; x_wconf 92' lang='lat' dir='ltr'>Sicque</span> <span class='ocrx_word' id='word_1_618' title='bbox 2498 4436 2726 4487; x_wconf 89' lang='lat' dir='ltr'>sanctus</span> <span class='ocrx_word' id='word_1_619' title='bbox 2746 4450 2843 4487; x_wconf 83' lang='lat' dir='ltr'>rex</span> <span class='ocrx_word' id='word_1_620' title='bbox 2861 4437 2918 4488; x_wconf 87' lang='lat' dir='ltr'>et</span> <span class='ocrx_word' id='word_1_621' title='bbox 2938 4436 3158 4505; x_wconf 85' lang='lat' dir='ltr'>martyr</span> <span class='ocrx_word' id='word_1_622' title='bbox 3178 4436 3465 4492; x_wconf 82' lang='lat' dir='ltr'>Eadmun-</span> 
     </span>
    </p>
   </div>
   <div class='ocr_carea' id='block_1_49' title="bbox 173 4519 3462 4604">
    <p class='ocr_par' dir='ltr' id='par_1_49' title="bbox 173 4519 3462 4604">
     <span class='ocr_line' id='line_1_49' title="bbox 173 4519 3462 4604; baseline -0.002 -17"><span class='ocrx_word' id='word_1_623' title='bbox 173 4536 413 4590; x_wconf 78' lang='lat' dir='ltr'>cam?non</span> <span class='ocrx_word' id='word_1_624' title='bbox 435 4550 602 4604; x_wconf 88' lang='lat' dir='ltr'>posse</span> <span class='ocrx_word' id='word_1_625' title='bbox 622 4547 880 4603; x_wconf 85' lang='lat' dir='ltr'>surgere,</span> <span class='ocrx_word' id='word_1_626' title='bbox 905 4527 1136 4601; x_wconf 82' lang='lat' dir='ltr'>quando</span> <span class='ocrx_word' id='word_1_627' title='bbox 1162 4543 1264 4581; x_wconf 87' lang='lat' dir='ltr'>nec</span> <span class='ocrx_word' id='word_1_628' title='bbox 1287 4525 1344 4578; x_wconf 91' lang='lat' dir='ltr'>in</span> <span class='ocrx_word' id='word_1_629' title='bbox 1367 4539 1565 4579; x_wconf 89' lang='lat' dir='ltr'>vocem</span> <span class='ocrx_word' id='word_1_630' title='bbox 1595 4537 1754 4594; x_wconf 82' lang='lat' dir='ltr'>pate-</span> <span class='ocrx_word' id='word_1_631' title='bbox 1857 4520 1962 4574; x_wconf 88' lang='lat' dir='ltr'>dus</span> <span class='ocrx_word' id='word_1_632' title='bbox 1994 4519 2264 4573; x_wconf 89' lang='lat' dir='ltr'>omnibus</span> <span class='ocrx_word' id='word_1_633' title='bbox 2292 4520 2546 4574; x_wconf 90' lang='lat' dir='ltr'>innotuit</span> <span class='ocrx_word' id='word_1_634' title='bbox 2570 4536 2688 4574; x_wconf 90' lang='lat' dir='ltr'>non</span> <span class='ocrx_word' id='word_1_635' title='bbox 2719 4537 2777 4574; x_wconf 91' lang='lat' dir='ltr'>se</span> <span class='ocrx_word' id='word_1_636' title='bbox 2810 4538 2930 4575; x_wconf 90' lang='lat' dir='ltr'>esse</span> <span class='ocrx_word' id='word_1_637' title='bbox 2978 4520 3317 4578; x_wconf 85' lang='lat' dir='ltr'>inferiorem</span> <span class='ocrx_word' id='word_1_638' title='bbox 3340 4541 3462 4579; x_wconf 91' lang='lat' dir='ltr'>me-</span> 
     </span>
    </p>
   </div>
   <div class='ocr_carea' id='block_1_50' title="bbox 173 4607 3462 4696">
    <p class='ocr_par' dir='ltr' id='par_1_50' title="bbox 173 4607 3462 4696">
     <span class='ocr_line' id='line_1_50' title="bbox 173 4607 3462 4696; baseline -0.003 -19"><span class='ocrx_word' id='word_1_639' title='bbox 173 4627 245 4676; x_wconf 82' lang='lat' dir='ltr'>rat</span> <span class='ocrx_word' id='word_1_640' title='bbox 268 4622 595 4696; x_wconf 84' lang='lat' dir='ltr'>erumpere?</span> <span class='ocrx_word' id='word_1_641' title='bbox 622 4619 880 4675; x_wconf 89' lang='lat' dir='ltr'>Tandem</span> <span class='ocrx_word' id='word_1_642' title='bbox 934 4633 1108 4672; x_wconf 87' lang='lat' dir='ltr'>mane</span> <span class='ocrx_word' id='word_1_643' title='bbox 1152 4614 1338 4669; x_wconf 87' lang='lat' dir='ltr'>adhuc</span> <span class='ocrx_word' id='word_1_644' title='bbox 1382 4611 1754 4684; x_wconf 89' lang='lat' dir='ltr'>persistentes</span> <span class='ocrx_word' id='word_1_645' title='bbox 1855 4608 1978 4662; x_wconf 89' lang='lat' dir='ltr'>ritis</span> <span class='ocrx_word' id='word_1_646' title='bbox 2006 4607 2296 4661; x_wconf 88' lang='lat' dir='ltr'>Laurentii</span> <span class='ocrx_word' id='word_1_647' title='bbox 2323 4607 2476 4662; x_wconf 89' lang='lat' dir='ltr'>beati</span> <span class='ocrx_word' id='word_1_648' title='bbox 2506 4607 2691 4661; x_wconf 61' lang='lat' dir='ltr'>levitas</span> <span class='ocrx_word' id='word_1_649' title='bbox 2714 4656 2719 4661; x_wconf 83' lang='lat'>.</span> <span class='ocrx_word' id='word_1_650' title='bbox 2741 4612 2800 4662; x_wconf 91' lang='lat' dir='ltr'>et</span> <span class='ocrx_word' id='word_1_651' title='bbox 2822 4609 3112 4679; x_wconf 86' lang='lat' dir='ltr'>martyris,</span> <span class='ocrx_word' id='word_1_652' title='bbox 3146 4611 3306 4681; x_wconf 90' lang='lat' dir='ltr'>cujus</span> <span class='ocrx_word' id='word_1_653' title='bbox 3335 4628 3462 4667; x_wconf 86' lang='lat' dir='ltr'>cor-</span> 
     </span>
    </p>
   </div>
   <div class='ocr_carea' id='block_1_51' title="bbox 177 4694 3462 4782">
    <p class='ocr_par' dir='ltr' id='par_1_51' title="bbox 177 4694 3462 4782">
     <span class='ocr_line' id='line_1_51' title="bbox 177 4694 3462 4782; baseline -0.002 -21"><span class='ocrx_word' id='word_1_654' title='bbox 177 4708 302 4766; x_wconf 86' lang='lat' dir='ltr'>fures</span> <span class='ocrx_word' id='word_1_655' title='bbox 327 4712 383 4766; x_wconf 90' lang='lat' dir='ltr'>in</span> <span class='ocrx_word' id='word_1_656' title='bbox 413 4694 603 4782; x_wconf 71' lang='lat' dir='ltr'>empto</span> <span class='ocrx_word' id='word_1_657' title='bbox 635 4722 830 4780; x_wconf 82' lang='lat' dir='ltr'>Opere,</span> <span class='ocrx_word' id='word_1_658' title='bbox 857 4701 1258 4777; x_wconf 87' lang='lat' dir='ltr'>comprehensi</span> <span class='ocrx_word' id='word_1_659' title='bbox 1290 4717 1324 4755; x_wconf 91' lang='lat' dir='ltr'>a</span> <span class='ocrx_word' id='word_1_660' title='bbox 1353 4699 1609 4773; x_wconf 88' lang='lat' dir='ltr'>pluribus</span> <span class='ocrx_word' id='word_1_661' title='bbox 1635 4703 1755 4754; x_wconf 86' lang='lat' dir='ltr'>tra-</span> <span class='ocrx_word' id='word_1_662' title='bbox 1856 4713 1981 4769; x_wconf 90' lang='lat' dir='ltr'>pus,</span> <span class='ocrx_word' id='word_1_663' title='bbox 2010 4697 2074 4749; x_wconf 91' lang='lat' dir='ltr'>ut</span> <span class='ocrx_word' id='word_1_664' title='bbox 2103 4694 2281 4749; x_wconf 86' lang='lat' dir='ltr'>refert</span> <span class='ocrx_word' id='word_1_665' title='bbox 2306 4695 2511 4782; x_wconf 88' lang='lat' dir='ltr'>beatus</span> <span class='ocrx_word' id='word_1_666' title='bbox 2531 4697 2696 4767; x_wconf 89' lang='lat' dir='ltr'>pater</span> <span class='ocrx_word' id='word_1_667' title='bbox 2724 4695 3197 4766; x_wconf 87' lang='lat' dir='ltr'>Gregorius,cum</span> <span class='ocrx_word' id='word_1_668' title='bbox 3226 4699 3462 4770; x_wconf 87' lang='lat' dir='ltr'>quidam</span> 
     </span>
    </p>
   </div>
   <div class='ocr_carea' id='block_1_52' title="bbox 178 4781 3462 4860">
    <p class='ocr_par' dir='ltr' id='par_1_52' title="bbox 178 4781 3462 4860">
     <span class='ocr_line' id='line_1_52' title="bbox 178 4781 3462 4860; baseline -0.003 -10"><span class='ocrx_word' id='word_1_669' title='bbox 178 4798 359 4855; x_wconf 82' lang='lat' dir='ltr'>duntur</span> <span class='ocrx_word' id='word_1_670' title='bbox 385 4781 626 4854; x_wconf 84' lang='lat' dir='ltr'>vinculis</span> <span class='ocrx_word' id='word_1_671' title='bbox 645 4794 1068 4859; x_wconf 89' lang='lat' dir='ltr'>arctioribus,et</span> <span class='ocrx_word' id='word_1_672' title='bbox 1084 4791 1322 4846; x_wconf 87' lang='lat' dir='ltr'>tandem</span> <span class='ocrx_word' id='word_1_673' title='bbox 1342 4787 1599 4860; x_wconf 65' lang='lat' dir='ltr'>praadicti</span> <span class='ocrx_word' id='word_1_674' title='bbox 1622 4804 1753 4843; x_wconf 86' lang='lat' dir='ltr'>sau-</span> <span class='ocrx_word' id='word_1_675' title='bbox 1857 4801 1958 4839; x_wconf 90' lang='lat' dir='ltr'>seu</span> <span class='ocrx_word' id='word_1_676' title='bbox 1989 4783 2148 4854; x_wconf 87' lang='lat' dir='ltr'>digni</span> <span class='ocrx_word' id='word_1_677' title='bbox 2169 4799 2267 4836; x_wconf 89' lang='lat' dir='ltr'>seu</span> <span class='ocrx_word' id='word_1_678' title='bbox 2298 4781 2525 4853; x_wconf 88' lang='lat' dir='ltr'>indigni</span> <span class='ocrx_word' id='word_1_679' title='bbox 2555 4783 2743 4836; x_wconf 89' lang='lat' dir='ltr'>levare</span> <span class='ocrx_word' id='word_1_680' title='bbox 2764 4783 3021 4836; x_wconf 86' lang='lat' dir='ltr'>volentes</span> <span class='ocrx_word' id='word_1_681' title='bbox 3042 4784 3462 4855; x_wconf 87' lang='lat' dir='ltr'>conspicerent,</span> 
     </span>
    </p>
   </div>
   <div class='ocr_carea' id='block_1_53' title="bbox 178 4869 3468 4960">
    <p class='ocr_par' dir='ltr' id='par_1_53' title="bbox 178 4869 3468 4960">
     <span class='ocr_line' id='line_1_53' title="bbox 178 4869 3468 4960; baseline -0.004 -19"><span class='ocrx_word' id='word_1_682' title='bbox 178 4887 235 4941; x_wconf 84' lang='lat' dir='ltr'>cli</span> <span class='ocrx_word' id='word_1_683' title='bbox 257 4888 492 4960; x_wconf 85' lang='lat' dir='ltr'>episcopi</span> <span class='ocrx_word' id='word_1_684' title='bbox 521 4883 839 4941; x_wconf 88' lang='lat' dir='ltr'>Theodredi</span> <span class='ocrx_word' id='word_1_685' title='bbox 863 4880 1080 4953; x_wconf 90' lang='lat' dir='ltr'>judicio</span> <span class='ocrx_word' id='word_1_686' title='bbox 1131 4879 1473 4934; x_wconf 88' lang='lat' dir='ltr'>subduntur.</span> <span class='ocrx_word' id='word_1_687' title='bbox 1510 4876 1617 4941; x_wconf 88' lang='lat' dir='ltr'>Qui</span> <span class='ocrx_word' id='word_1_688' title='bbox 1644 4876 1752 4931; x_wconf 90' lang='lat' dir='ltr'>im-</span> <span class='ocrx_word' id='word_1_689' title='bbox 1855 4871 2095 4943; x_wconf 87' lang='lat' dir='ltr'>contigit</span> <span class='ocrx_word' id='word_1_690' title='bbox 2121 4876 2180 4925; x_wconf 93' lang='lat' dir='ltr'>ut</span> <span class='ocrx_word' id='word_1_691' title='bbox 2210 4874 2430 4942; x_wconf 83' lang='lat' dir='ltr'>septem</span> <span class='ocrx_word' id='word_1_692' title='bbox 2461 4887 2528 4924; x_wconf 89' lang='lat' dir='ltr'>ex</span> <span class='ocrx_word' id='word_1_693' title='bbox 2555 4869 2635 4960; x_wconf 86' lang='lat' dir='ltr'>eis</span> <span class='ocrx_word' id='word_1_694' title='bbox 2662 4870 3089 4960; x_wconf 36' lang='lat' dir='ltr'>ibidemisubita</span> <span class='ocrx_word' id='word_1_695' title='bbox 3106 4877 3292 4929; x_wconf 86' lang='lat' dir='ltr'>morte</span> <span class='ocrx_word' id='word_1_696' title='bbox 3320 4874 3468 4946; x_wconf 81' lang='lat' dir='ltr'>peri-</span> 
     </span>
    </p>
   </div>
   <div class='ocr_carea' id='block_1_54' title="bbox 181 4958 3463 5044">
    <p class='ocr_par' dir='ltr' id='par_1_54' title="bbox 181 4958 3463 5044">
     <span class='ocr_line' id='line_1_54' title="bbox 181 4958 3463 5044; baseline -0.004 -13"><span class='ocrx_word' id='word_1_697' title='bbox 181 4958 932 5044; x_wconf 70' lang='lat' dir='ltr'>praameditatussenlentiam</span> <span class='ocrx_word' id='word_1_698' title='bbox 949 4968 1124 5035; x_wconf 90' lang='lat' dir='ltr'>dedit,</span> <span class='ocrx_word' id='word_1_699' title='bbox 1140 4982 1316 5040; x_wconf 89' lang='lat' dir='ltr'>quam</span> <span class='ocrx_word' id='word_1_700' title='bbox 1335 4982 1395 5021; x_wconf 92' lang='lat' dir='ltr'>se</span> <span class='ocrx_word' id='word_1_701' title='bbox 1411 4966 1633 5019; x_wconf 85' lang='lat' dir='ltr'>de-lisse</span> <span class='ocrx_word' id='word_1_702' title='bbox 1651 4980 1752 5035; x_wconf 92' lang='lat' dir='ltr'>po-</span> <span class='ocrx_word' id='word_1_703' title='bbox 1854 4963 2005 5015; x_wconf 88' lang='lat' dir='ltr'>rent.</span> <span class='ocrx_word' id='word_1_704' title='bbox 2033 4961 2075 5014; x_wconf 92' lang='grc' dir='ltr'><strong>Ο</strong></span> <span class='ocrx_word' id='word_1_705' title='bbox 2103 4962 2321 5031; x_wconf 89' lang='lat' dir='ltr'>quanta</span> <span class='ocrx_word' id='word_1_706' title='bbox 2351 4959 2677 5013; x_wconf 89' lang='lat' dir='ltr'>reverentia</span> <span class='ocrx_word' id='word_1_707' title='bbox 2696 4959 2853 5013; x_wconf 92' lang='lat' dir='ltr'>locus</span> <span class='ocrx_word' id='word_1_708' title='bbox 2875 4958 2968 5013; x_wconf 91' lang='lat' dir='ltr'>ille</span> <span class='ocrx_word' id='word_1_709' title='bbox 2999 4960 3205 5031; x_wconf 89' lang='lat' dir='ltr'>dignus</span> <span class='ocrx_word' id='word_1_710' title='bbox 3227 4963 3463 5033; x_wconf 86' lang='lat' dir='ltr'>exstitit,</span> 
     </span>
    </p>
   </div>
   <div class='ocr_carea' id='block_1_55' title="bbox 182 5045 3464 5135">
    <p class='ocr_par' dir='ltr' id='par_1_55' title="bbox 182 5045 3464 5135">
     <span class='ocr_line' id='line_1_55' title="bbox 182 5045 3464 5135; baseline -0.005 -13"><span class='ocrx_word' id='word_1_711' title='bbox 182 5066 280 5119; x_wconf 65' lang='lat' dir='ltr'>Stoa</span> <span class='ocrx_word' id='word_1_712' title='bbox 303 5066 455 5120; x_wconf 90' lang='lat' dir='ltr'>omni</span> <span class='ocrx_word' id='word_1_713' title='bbox 482 5068 744 5135; x_wconf 89' lang='lat' dir='ltr'>tempore</span> <span class='ocrx_word' id='word_1_714' title='bbox 773 5061 901 5114; x_wconf 70' lang='lat' dir='ltr'>vitae</span> <span class='ocrx_word' id='word_1_715' title='bbox 919 5074 1033 5112; x_wconf 66' lang='lat' dir='ltr'>sua:</span> <span class='ocrx_word' id='word_1_716' title='bbox 1063 5055 1347 5128; x_wconf 80' lang='lat' dir='ltr'>pcenituit.</span> <span class='ocrx_word' id='word_1_717' title='bbox 1384 5055 1527 5108; x_wconf 83' lang='lat' dir='ltr'>Nam</span> <span class='ocrx_word' id='word_1_718' title='bbox 1550 5070 1755 5107; x_wconf 87' lang='lat' dir='ltr'>omnes</span> <span class='ocrx_word' id='word_1_719' title='bbox 1856 5049 1953 5121; x_wconf 89' lang='lat' dir='ltr'>qui</span> <span class='ocrx_word' id='word_1_720' title='bbox 1985 5049 2089 5103; x_wconf 91' lang='lat' dir='ltr'>sub</span> <span class='ocrx_word' id='word_1_721' title='bbox 2123 5047 2311 5119; x_wconf 90' lang='lat' dir='ltr'>specie</span> <span class='ocrx_word' id='word_1_722' title='bbox 2351 5045 2692 5101; x_wconf 88' lang='lat' dir='ltr'>dormientis</span> <span class='ocrx_word' id='word_1_723' title='bbox 2745 5050 2973 5102; x_wconf 89' lang='lat' dir='ltr'>tantum</span> <span class='ocrx_word' id='word_1_724' title='bbox 3018 5048 3225 5104; x_wconf 89' lang='lat' dir='ltr'>Christi</span> <span class='ocrx_word' id='word_1_725' title='bbox 3255 5053 3464 5106; x_wconf 90' lang='lat' dir='ltr'>testem</span> 
     </span>
    </p>
   </div>
   <div class='ocr_carea' id='block_1_56' title="bbox 183 5135 3466 5225">
    <p class='ocr_par' dir='ltr' id='par_1_56' title="bbox 183 5135 3466 5225">
     <span class='ocr_line' id='line_1_56' title="bbox 183 5135 3466 5225; baseline -0.003 -22"><span class='ocrx_word' id='word_1_726' title='bbox 183 5151 508 5225; x_wconf 82' lang='lat' dir='ltr'>simuljussit</span> <span class='ocrx_word' id='word_1_727' title='bbox 535 5151 693 5222; x_wconf 82' lang='lat' dir='ltr'>affigi</span> <span class='ocrx_word' id='word_1_728' title='bbox 724 5147 1012 5222; x_wconf 87' lang='lat' dir='ltr'>patibulis,</span> <span class='ocrx_word' id='word_1_729' title='bbox 1067 5161 1134 5200; x_wconf 91' lang='lat' dir='ltr'>eo</span> <span class='ocrx_word' id='word_1_730' title='bbox 1166 5144 1321 5216; x_wconf 86' lang='lat' dir='ltr'>quod</span> <span class='ocrx_word' id='word_1_731' title='bbox 1353 5142 1471 5197; x_wconf 85' lang='lat' dir='ltr'>ausi</span> <span class='ocrx_word' id='word_1_732' title='bbox 1515 5142 1757 5196; x_wconf 88' lang='lat' dir='ltr'>fuissent</span> <span class='ocrx_word' id='word_1_733' title='bbox 1857 5138 2139 5205; x_wconf 85' lang='lat' dir='ltr'>continet,</span> <span class='ocrx_word' id='word_1_734' title='bbox 2176 5139 2233 5190; x_wconf 93' lang='lat' dir='ltr'>et</span> <span class='ocrx_word' id='word_1_735' title='bbox 2262 5135 2323 5189; x_wconf 92' lang='lat' dir='ltr'>in</span> <span class='ocrx_word' id='word_1_736' title='bbox 2354 5152 2467 5207; x_wconf 89' lang='lat' dir='ltr'>quo</span> <span class='ocrx_word' id='word_1_737' title='bbox 2502 5138 2677 5189; x_wconf 66' lang='lat' dir='ltr'>tanta:</span> <span class='ocrx_word' id='word_1_738' title='bbox 2725 5136 2963 5191; x_wconf 90' lang='lat' dir='ltr'>virtutes</span> <span class='ocrx_word' id='word_1_739' title='bbox 3014 5138 3181 5205; x_wconf 86' lang='lat' dir='ltr'>fiunt,</span> <span class='ocrx_word' id='word_1_740' title='bbox 3214 5142 3272 5193; x_wconf 92' lang='lat' dir='ltr'>et</span> <span class='ocrx_word' id='word_1_741' title='bbox 3300 5140 3466 5196; x_wconf 58' lang='lat' dir='ltr'>facta;</span> 
     </span>
    </p>
   </div>
   <div class='ocr_carea' id='block_1_57' title="bbox 186 5225 3466 5305">
    <p class='ocr_par' dir='ltr' id='par_1_57' title="bbox 186 5225 3466 5305">
     <span class='ocr_line' id='line_1_57' title="bbox 186 5225 3466 5305; baseline -0.003 -13"><span class='ocrx_word' id='word_1_742' title='bbox 186 5240 363 5298; x_wconf 87' lang='lat' dir='ltr'>atrium</span> <span class='ocrx_word' id='word_1_743' title='bbox 383 5246 561 5300; x_wconf 88' lang='lat' dir='ltr'>sancti</span> <span class='ocrx_word' id='word_1_744' title='bbox 608 5236 931 5297; x_wconf 87' lang='lat' dir='ltr'>Eadmundi</span> <span class='ocrx_word' id='word_1_745' title='bbox 958 5234 1229 5305; x_wconf 86' lang='lat' dir='ltr'>martyris</span> <span class='ocrx_word' id='word_1_746' title='bbox 1258 5231 1463 5286; x_wconf 86' lang='lat' dir='ltr'>furtive</span> <span class='ocrx_word' id='word_1_747' title='bbox 1492 5229 1753 5301; x_wconf 89' lang='lat' dir='ltr'>ingredi;</span> <span class='ocrx_word' id='word_1_748' title='bbox 1858 5244 1977 5283; x_wconf 89' lang='lat' dir='ltr'>esse</span> <span class='ocrx_word' id='word_1_749' title='bbox 2003 5226 2357 5292; x_wconf 88' lang='lat' dir='ltr'>referuntur,</span> <span class='ocrx_word' id='word_1_750' title='bbox 2382 5228 2626 5296; x_wconf 86' lang='lat' dir='ltr'>quantas</span> <span class='ocrx_word' id='word_1_751' title='bbox 2663 5225 2770 5279; x_wconf 74' lang='lat' dir='ltr'>hac</span> <span class='ocrx_word' id='word_1_752' title='bbox 2801 5229 3143 5298; x_wconf 88' lang='lat' dir='ltr'>tempestate</span> <span class='ocrx_word' id='word_1_753' title='bbox 3169 5228 3323 5298; x_wconf 91' lang='lat' dir='ltr'>apud</span> <span class='ocrx_word' id='word_1_754' title='bbox 3348 5229 3466 5285; x_wconf 80' lang='lat' dir='ltr'>An-</span> 
     </span>
    </p>
   </div>
   <div class='ocr_carea' id='block_1_58' title="bbox 190 5312 3468 5393">
    <p class='ocr_par' dir='ltr' id='par_1_58' title="bbox 190 5312 3468 5393">
     <span class='ocr_line' id='line_1_58' title="bbox 190 5312 3468 5393; baseline -0.003 -9"><span class='ocrx_word' id='word_1_755' title='bbox 190 5343 283 5384; x_wconf 84' lang='lat' dir='ltr'>non</span> <span class='ocrx_word' id='word_1_756' title='bbox 311 5334 579 5387; x_wconf 86' lang='lat' dir='ltr'>reducens</span> <span class='ocrx_word' id='word_1_757' title='bbox 611 5331 685 5386; x_wconf 89' lang='lat' dir='ltr'>ad</span> <span class='ocrx_word' id='word_1_758' title='bbox 730 5323 1098 5388; x_wconf 90' lang='lat' dir='ltr'>memoriam,</span> <span class='ocrx_word' id='word_1_759' title='bbox 1147 5321 1302 5393; x_wconf 92' lang='lat' dir='ltr'>quod</span> <span class='ocrx_word' id='word_1_760' title='bbox 1349 5319 1625 5374; x_wconf 82' lang='lat' dir='ltr'>Dominus</span> <span class='ocrx_word' id='word_1_761' title='bbox 1657 5334 1759 5389; x_wconf 90' lang='lat' dir='ltr'>per</span> <span class='ocrx_word' id='word_1_762' title='bbox 1860 5317 1985 5387; x_wconf 88' lang='lat' dir='ltr'>glos</span> <span class='ocrx_word' id='word_1_763' title='bbox 2015 5331 2296 5386; x_wconf 88' lang='lat' dir='ltr'>nusquam</span> <span class='ocrx_word' id='word_1_764' title='bbox 2317 5312 2814 5368; x_wconf 87' lang='lat' dir='ltr'>alibiaudivimusl</span> <span class='ocrx_word' id='word_1_765' title='bbox 2848 5331 2990 5386; x_wconf 86' lang='lat' dir='ltr'>quas</span> <span class='ocrx_word' id='word_1_766' title='bbox 3018 5331 3156 5386; x_wconf 88' lang='lat' dir='ltr'>ergo</span> <span class='ocrx_word' id='word_1_767' title='bbox 3174 5316 3468 5374; x_wconf 87' lang='lat' dir='ltr'>brevitatis</span> 
     </span>
    </p>
   </div>
   <div class='ocr_carea' id='block_1_59' title="bbox 189 5401 3465 5488">
    <p class='ocr_par' dir='ltr' id='par_1_59' title="bbox 189 5401 3465 5488">
     <span class='ocr_line' id='line_1_59' title="bbox 189 5401 3465 5488; baseline -0.003 -17"><span class='ocrx_word' id='word_1_768' title='bbox 189 5410 1081 5488; x_wconf 81' lang='lat' dir='ltr'>prophetamadmonet.«Eos,qui</span> <span class='ocrx_word' id='word_1_769' title='bbox 1096 5407 1469 5464; x_wconf 84' lang='lat' dir='ltr'>ducunturad</span> <span class='ocrx_word' id='word_1_770' title='bbox 1484 5408 1756 5473; x_wconf 90' lang='lat' dir='ltr'>mortem,</span> <span class='ocrx_word' id='word_1_771' title='bbox 1859 5404 2048 5459; x_wconf 88' lang='lat' dir='ltr'>studio</span> <span class='ocrx_word' id='word_1_772' title='bbox 2079 5404 2383 5474; x_wconf 77' lang='lat' dir='ltr'>praetereo,</span> <span class='ocrx_word' id='word_1_773' title='bbox 2410 5418 2481 5455; x_wconf 91' lang='lat' dir='ltr'>ne</span> <span class='ocrx_word' id='word_1_774' title='bbox 2512 5402 2748 5472; x_wconf 87' lang='lat' dir='ltr'>alicujus</span> <span class='ocrx_word' id='word_1_775' title='bbox 2772 5401 3050 5457; x_wconf 87' lang='lat' dir='ltr'>fastidiosi</span> <span class='ocrx_word' id='word_1_776' title='bbox 3078 5402 3359 5459; x_wconf 76' lang='lat' dir='ltr'>offensam</span> <span class='ocrx_word' id='word_1_777' title='bbox 3378 5405 3465 5461; x_wconf 89' lang='lat' dir='ltr'>in-</span> 
     </span>
    </p>
   </div>
   <div class='ocr_carea' id='block_1_60' title="bbox 190 5489 3469 5575">
    <p class='ocr_par' dir='ltr' id='par_1_60' title="bbox 190 5489 3469 5575">
     <span class='ocr_line' id='line_1_60' title="bbox 190 5489 3469 5575; baseline -0.004 -14"><span class='ocrx_word' id='word_1_778' title='bbox 190 5520 361 5563; x_wconf 80' lang='lat' dir='ltr'>emere</span> <span class='ocrx_word' id='word_1_779' title='bbox 385 5528 497 5565; x_wconf 87' lang='lat' dir='ltr'>non</span> <span class='ocrx_word' id='word_1_780' title='bbox 512 5526 758 5575; x_wconf 82' lang='lat' dir='ltr'>cesses,»</span> <span class='ocrx_word' id='word_1_781' title='bbox 780 5505 994 5569; x_wconf 84' lang='lat' dir='ltr'>factum</span> <span class='ocrx_word' id='word_1_782' title='bbox 1009 5516 1232 5573; x_wconf 87' lang='lat' dir='ltr'>quoque</span> <span class='ocrx_word' id='word_1_783' title='bbox 1250 5497 1417 5553; x_wconf 89' lang='lat' dir='ltr'>Elisei</span> <span class='ocrx_word' id='word_1_784' title='bbox 1433 5497 1730 5570; x_wconf 65' lang='lat' dir='ltr'>prophetae</span> <span class='ocrx_word' id='word_1_785' title='bbox 1743 5544 1758 5571; x_wconf 63' lang='lat'>,</span> <span class='ocrx_word' id='word_1_786' title='bbox 1861 5508 2155 5547; x_wconf 84' lang='lat' dir='ltr'>currerem</span> <span class='ocrx_word' id='word_1_787' title='bbox 2180 5491 2333 5561; x_wconf 91' lang='lat' dir='ltr'>justo</span> <span class='ocrx_word' id='word_1_788' title='bbox 2360 5489 2653 5560; x_wconf 83' lang='lat' dir='ltr'>prolixior,</span> <span class='ocrx_word' id='word_1_789' title='bbox 2687 5491 2926 5545; x_wconf 89' lang='lat' dir='ltr'>credens</span> <span class='ocrx_word' id='word_1_790' title='bbox 2976 5491 3084 5546; x_wconf 86' lang='lat' dir='ltr'>ista</span> <span class='ocrx_word' id='word_1_791' title='bbox 3121 5509 3284 5564; x_wconf 91' lang='lat' dir='ltr'>posse</span> <span class='ocrx_word' id='word_1_792' title='bbox 3314 5495 3469 5550; x_wconf 83' lang='lat' dir='ltr'>suffi-</span> 
     </span>
    </p>
   </div>
   <div class='ocr_carea' id='block_1_61' title="bbox 192 5578 3462 5662">
    <p class='ocr_par' dir='ltr' id='par_1_61' title="bbox 192 5578 3462 5662">
     <span class='ocr_line' id='line_1_61' title="bbox 192 5578 3462 5662; baseline -0.006 -13"><span class='ocrx_word' id='word_1_793' title='bbox 192 5596 271 5662; x_wconf 85' lang='lat' dir='ltr'>qui</span> <span class='ocrx_word' id='word_1_794' title='bbox 292 5599 624 5654; x_wconf 86' lang='lat' dir='ltr'>latrunculos</span> <span class='ocrx_word' id='word_1_795' title='bbox 653 5598 724 5653; x_wconf 91' lang='lat' dir='ltr'>de</span> <span class='ocrx_word' id='word_1_796' title='bbox 769 5590 1028 5650; x_wconf 85' lang='lat' dir='ltr'>Samaria</span> <span class='ocrx_word' id='word_1_797' title='bbox 1074 5591 1266 5662; x_wconf 88' lang='lat' dir='ltr'>pastos</span> <span class='ocrx_word' id='word_1_798' title='bbox 1295 5604 1443 5659; x_wconf 87' lang='lat' dir='ltr'>pane</span> <span class='ocrx_word' id='word_1_799' title='bbox 1475 5590 1532 5641; x_wconf 90' lang='lat' dir='ltr'>et</span> <span class='ocrx_word' id='word_1_800' title='bbox 1585 5602 1757 5660; x_wconf 69' lang='lat' dir='ltr'>aqua,</span> <span class='ocrx_word' id='word_1_801' title='bbox 1861 5597 2015 5647; x_wconf 90' lang='lat' dir='ltr'>core,</span> <span class='ocrx_word' id='word_1_802' title='bbox 2049 5597 2176 5653; x_wconf 63' lang='lat' dir='ltr'>quae</span> <span class='ocrx_word' id='word_1_803' title='bbox 2203 5578 2353 5634; x_wconf 86' lang='lat' dir='ltr'>dicta</span> <span class='ocrx_word' id='word_1_804' title='bbox 2375 5581 2525 5646; x_wconf 87' lang='lat' dir='ltr'>sunt,</span> <span class='ocrx_word' id='word_1_805' title='bbox 2550 5579 2773 5635; x_wconf 87' lang='lat' dir='ltr'>ardenti</span> <span class='ocrx_word' id='word_1_806' title='bbox 2803 5578 3090 5635; x_wconf 86' lang='lat' dir='ltr'>desiderio</span> <span class='ocrx_word' id='word_1_807' title='bbox 3112 5596 3313 5635; x_wconf 89' lang='lat' dir='ltr'>eorum</span> <span class='ocrx_word' id='word_1_808' title='bbox 3341 5581 3462 5650; x_wconf 87' lang='lat' dir='ltr'>qui,</span> 
     </span>
    </p>
   </div>
  </div>
