3876 6172
458 270 562 375 5'23

1488 309 1550 372 S.
1578 311 1873 373 ABBONIS
1912 311 2201 373 ABBATIS
2249 314 2745 376 FLORIACENSIS
3600 329 3685 388 52b

478 448 481 451 ⁷
533 440 969 515 Omnipotentia
997 438 1203 497 divina:
1249 438 1586 512 majestatis,
1620 456 1748 513 quae
1795 443 2063 512 tempora
2084 448 2139 507 Α
2167 442 2312 499 sicut
2341 444 2578 517 quidam
2609 447 2827 514 volunt,
2856 444 2951 519 qui
2982 448 3183 518 putant
3211 464 3274 504 ea
3300 447 3516 506 derivari
3542 468 3571 507 ι
3590 469 3687 509 ver-

456 538 645 592 mutat
675 536 732 589 et
756 532 1008 597 ordinat,
1038 548 1132 585 me
1145 530 1218 585 ab
1248 529 1473 585 ineunti
1494 533 1866 601 aztate,prout
1884 530 2063 585 voluit

456 622 835 680 multifariam
857 618 1122 675 etmultis
1144 618 1331 674 modis
1347 618 1556 673 tentari
1580 617 2060 690 permisit,quoad

448 711 717 785 juvenilis
738 710 922 765 aetatis
942 709 1119 763 robur
1139 707 1577 762 adversitatibus
1594 706 2059 773 assuesceret,cui

455 803 526 857 ad
558 801 853 855 cumulum
886 796 1109 852 virtutis
1134 796 1373 850 tandem
1406 798 1791 849 succresceret
1821 795 2063 851 infortu-

454 891 616 947 nium
639 890 845 945 oblatas
859 884 1361 960 peregrinationis.
1383 882 1569 948 Quam
1582 883 1685 937 etsi
1707 884 1857 938 inter
1874 887 1958 939 tot
1970 900 2059 937 re-

453 979 673 1051 ligiosa:
702 977 831 1032 vita:
861 976 1031 1041 viros,
1080 975 1196 1029 Deo
1248 976 1502 1039 auctore,
1536 972 1789 1043 perfero,
1821 973 1916 1044 qui
1964 989 2060 1027 me

455 1067 617 1142 quasi
645 1066 860 1137 seipsos
890 1064 1157 1133 diligunt,
1183 1064 1245 1115 ut
1277 1060 1399 1132 ipsa
1428 1077 1491 1115 re
1518 1060 1762 1131 conjicio
1789 1078 1802 1128 ;
1832 1078 1949 1115 non
1974 1064 2059 1114 ta-

455 1174 592 1212 men
622 1155 738 1210 voti
770 1154 983 1224 impos,
1012 1150 1136 1205 sine
1170 1150 1368 1205 dolore
1401 1149 1692 1204 recordari
1716 1149 2061 1220 valeo,quod

454 1244 606 1301 illius
632 1243 747 1299 mei
780 1240 1051 1314 spiritalis
1071 1238 1291 1293 alumni
1318 1238 1377 1292 in
1395 1238 1834 1309 praesentiarum
1857 1254 2058 1309 corpo-

455 1333 560 1389 rali
582 1331 887 1405 praesentia
903 1327 1148 1383 minime
1172 1326 1592 1398 perfruor,quae
1613 1325 1922 1397 aliquando
1938 1343 2063 1397 per-

456 1421 670 1477 fruenti
692 1422 816 1475 erat
831 1418 945 1473 vita
961 1417 1082 1488 ipsa
1099 1415 1341 1470 dulcior.
1365 1416 1529 1469 Nunc
1551 1414 1688 1486 quia
1712 1414 1794 1469 ita
1817 1414 2065 1485 contigit

459 1528 565 1584 per
588 1506 998 1572 obedientiam,
1021 1521 1147 1577 quae
1180 1503 1388 1558 melior
1411 1505 1497 1557 est
1522 1502 1789 1569 victimis,
1820 1519 1939 1557 non
1972 1520 2061 1557 so-

458 1602 581 1656 lum
610 1598 858 1653 fratrum
884 1611 1013 1649 cum
1035 1593 1238 1666 quibus
1272 1608 1475 1647 moror
1502 1591 1761 1662 imperiis
1776 1591 2061 1647 deservire

458 1687 663 1761 gestio,
694 1701 893 1740 verum
919 1683 1095 1738 etiam
1125 1682 1446 1754 quibusque
1474 1681 1645 1752 hujus
1672 1681 1873 1736 insulas
1895 1681 2063 1752 juxta

2166 533 2251 588 bis
2283 534 2547 589 secundae
2578 535 3023 607 conjugationis,
3052 553 3085 590 a
3114 538 3347 592 secunda
3372 539 3556 595 scilicet
3582 559 3685 614 per-

2161 638 2302 677 sona
2335 623 2653 693 imperativi
2697 625 2853 679 modi
2886 642 3013 696 quas
3061 628 3143 678 est
3172 626 3446 696 producta,
3473 633 3527 682 ut
3549 636 3687 696 teneo,

2163 718 2326 774 tenes,
2356 719 2488 775 tene,
2522 712 2763 778 tenebrae,
2793 713 2946 779 lateo,
2970 713 3114 780 lates,
3146 713 3263 783 late,
3286 714 3496 771 latebrae.
3518 718 3690 772 Accen-

2162 802 2250 854 tus
2280 800 2454 871 igitur
2484 803 2618 855 ante
2645 801 3030 873 penultimam
3051 818 3168 855 non
3184 805 3441 860 mutatur.
3456 803 3534 858 Sic
3549 804 3689 859 etiam

2162 905 2196 943 a
2224 889 2409 943 verbis
2432 890 2635 962 prima:
2667 890 3089 960 conjugationis
3118 890 3393 945 testimant
3412 891 3540 958 fieri,
3569 891 3687 959 lavo,

2162 976 2324 1043 lavas,
2355 977 2495 1043 lava,
2546 978 2835 1045 lavacrum,
2884 986 3153 1045 aratrum,
3197 979 3553 1043 ventilabrum;
3588 985 3634 1035 et
3669 998 3696 1035 a

2158 1064 2330 1119 tertia
2358 1066 2485 1136 conj
2497 1067 2768 1136 ugatione
2785 1066 3060 1133 terebram,
3080 1070 3138 1121 et
3162 1066 3204 1120 si
3230 1083 3337 1139 qua
3359 1070 3480 1123 sunt
3500 1068 3691 1123 similia:

2160 1170 2287 1225 quas
2309 1154 2483 1209 etiam
2511 1156 2725 1227 absque
2752 1156 2866 1210 ulla
2899 1156 3121 1227 regula,
3161 1171 3258 1209 seu
3285 1155 3465 1210 Graaca
3489 1155 3589 1210 sint
3618 1173 3698 1210 seu

2162 1242 2381 1310 Latina,
2405 1243 2612 1298 eodem
2646 1244 2820 1299 modo
2847 1244 3245 1315 pronuntiant,
3272 1247 3331 1297 ut
3358 1245 3616 1312 theatrum,
3638 1247 3699 1314 fe-

2161 1337 2380 1399 retrum,
2414 1333 2687 1403 pharetra,
2735 1332 3006 1389 cathedra.
3054 1332 3307 1396 Quorum
3343 1332 3581 1387 omnium
3622 1350 3703 1387 no-

2162 1420 2391 1475 minum
2422 1424 2479 1474 et
2508 1422 2866 1493 reliquorum
2893 1421 3192 1487 similium,
3224 1421 3265 1475 si
3298 1420 3599 1492 penultimaa
3619 1438 3702 1474 na-

2162 1512 2293 1563 tura
2319 1510 2506 1581 longae
2538 1514 2688 1577 sunt,
2726 1526 2830 1564 nec
2858 1510 3033 1564 etiam
3064 1511 3122 1564 in
3151 1513 3329 1563 metro
3359 1508 3585 1563 breviari
3605 1523 3706 1578 pos-

2161 1600 2313 1651 sunt.
2343 1596 2455 1652 Sed
2481 1601 2623 1652 teste
2653 1598 2877 1652 Donato
2908 1598 3116 1651 falsum
3150 1600 3233 1651 est
3255 1597 3403 1668 quod
3430 1596 3665 1668 praecedit
3692 1612 3703 1661 ;

2162 1685 2370 1741 falsum
2402 1702 2543 1757 ergo
2587 1690 2673 1741 est
2703 1689 2759 1740 et
2780 1686 2938 1758 quod
2965 1686 3242 1757 sequitur.
3280 1686 3374 1739 llla
3401 1701 3522 1738 vero
3552 1684 3627 1737 his
3649 1682 3707 1736 si-

458 1776 761 1834 modulum
788 1789 934 1827 mea:
955 1770 1250 1844 parvitatis
1292 1769 1554 1824 desidero
1587 1770 1883 1840 prodesse,
1915 1786 2059 1841 quo-
2090 1766 2141 1824 B
2162 1775 2323 1829 milia
2347 1791 2474 1847 qua;
2505 1791 2609 1847 per
2637 1791 2949 1847 syncopam
2991 1774 3244 1845 perdunt
3271 1789 3441 1827 unam
3470 1772 3706 1836 litteram,

458 1866 617 1921 niam
637 1880 753 1919 non
785 1861 906 1917 sine
937 1860 1129 1915 divino
1157 1860 1380 1913 constat
1403 1857 1809 1913 moderamine
1831 1863 2057 1930 gestum

458 1954 636 2027 quod,
675 1950 886 2006 sedatis
906 1948 1173 2004 ﬂuctibus
1198 1946 1439 2002 marina:
1473 1945 1853 2019 tempestatis,
1898 1946 1972 2001 ad
2000 1947 2060 2002 id

457 2040 662 2098 deveni
708 2039 886 2095 exsilii
944 2054 1077 2093 cum
1128 2036 1278 2091 mira
1308 2034 1725 2107 tranquillitate
1764 2040 1887 2091 tam
1918 2036 2058 2090 vasti

455 2131 739 2204 aequoris;
772 2127 871 2183 ubi
903 2126 1043 2182 dum
1076 2125 1423 2198 quibusdam
1454 2123 1781 2179 studiorum
1814 2140 2057 2195 occupa-

454 2218 708 2275 tionibus
759 2215 1043 2281 detineor,
1104 2212 1284 2267 levior
1325 2211 1399 2265 sit
1446 2210 1796 2265 calamitatis
1828 2210 2061 2265 miseria

455 2323 632 2379 quam
662 2305 865 2371 tolero,
904 2299 1382 2374 quandoquidem
1420 2298 1825 2355 benevolentia
1855 2315 2055 2354 eorum

453 2411 585 2449 cum
607 2393 812 2465 quibus
836 2390 1035 2446 habito
1052 2388 1125 2444 ad
1142 2388 1201 2444 id
1228 2404 1323 2443 me
1344 2387 1641 2460 compellit
1659 2391 1719 2441 ut
1740 2404 1855 2443 non
1870 2389 2057 2443 solum

452 2498 558 2554 pro
586 2496 749 2555 posse
768 2478 941 2533 velim
956 2476 1231 2531 fraternis
1249 2475 1689 2530 necessitatibus
1703 2492 2055 2543 succurrere,

450 2568 755 2625 scd'etiam
787 2568 937 2622 ultra
963 2565 1112 2620 vires
1139 2564 1300 2619 velle.
1327 2562 1880 2628 Quocircaomnium
1902 2564 2056 2636 apud

447 2655 791 2730 Auglos,ubi
804 2655 899 2711 ubi
914 2652 1234 2728 positorum
1248 2651 1486 2724 objectis
1497 2652 1849 2725 respondere
1864 2653 2056 2708 decre-

447 2749 522 2815 vi,
547 2750 831 2820 quatenus
850 2740 1676 2813 babeatis,charissimi,aliqua
1688 2742 2055 2797 monimenta

445 2836 617 2892 vestri
661 2833 887 2902 exsulis,
937 2832 1144 2905 quibus
1189 2829 1426 2885 valeatis
1466 2830 1785 2885 intendere
1807 2847 2053 2885 acumen

449 2925 773 2981 exercitata
795 2920 1025 2978 mentis.
1044 2921 1156 2975 Nec
1176 2918 1489 2974 fraudabor
1514 2935 1615 2973 vos
1639 2919 2052 2991 quaestionibus

452 3012 749 3086 expeditis,
777 3027 918 3083 quas
947 3009 1034 3064 vel
1062 3006 1342 3063 tentando
1374 3007 1462 3061 vel
1493 3006 1738 3062 dicendo
1766 3007 2051 3080 objiciunt

442 3104 653 3178 quique
670 3099 928 3156 studiosi.
949 3095 1167 3153 Cuietsi
1184 3096 1257 3151 ab
1277 3095 1468 3168 aliquo
1488 3098 1818 3167 opponatur
1834 3097 2044 3151 aemulo

440 3192 500 3248 in
530 3192 732 3247 silvam
755 3204 828 3243 ne
846 3187 1006 3260 ligna
1021 3187 1192 3253 feras,
1217 3188 1441 3239 certum
1474 3187 1669 3239 tamen
1686 3185 1873 3240 habeo
1891 3186 2047 3257 quod

438 3279 611 3336 vestri
641 3276 863 3351 ingenii
893 3273 1167 3330 sterilitas
1195 3274 1282 3327 vel
1318 3272 1517 3344 inopia
1557 3272 1673 3327 mei
1716 3289 1833 3327 non
1859 3272 1931 3327 sit
1958 3272 2046 3327 in-

441 3368 620 3439 digna
648 3362 895 3422 convivii
926 3363 1112 3433 copia,
1144 3378 1274 3433 quae
1304 3361 1413 3416 hoc
1444 3361 1621 3416 modo
1652 3377 1710 3416 se
1742 3360 1972 3416 habeat.

511 3461 565 3513 2.
597 3458 659 3511 In
685 3452 1003 3526 quaestione
1030 3450 1223 3523 prima
1246 3449 1553 3521 qutesitum
1585 3453 1671 3504 est
1690 3450 1919 3505 salubris
1945 3468 2044 3523 pe-

439 3544 689 3601 nultima
719 3544 1008 3613 correpta,
1039 3556 1110 3593 an
1133 3538 1414 3609 producta
1445 3537 1555 3592 dici
1584 3538 1791 3593 debeat
1815 3539 2047 3595 velcon-

437 3632 650 3689 veniat.
679 3629 895 3696 Quibus
925 3645 1033 3700 ego
1063 3626 1338 3700 proposui
1369 3642 1498 3698 quas
1548 3626 1607 3681 in
1660 3626 1911 3699 antiquis
1941 3628 2046 3682 La-

438 3723 578 3778 tinas
603 3720 818 3793 linguas
844 3716 1170 3773 auctoribus
1198 3732 1294 3770 me
1322 3714 1527 3787 legisse
1550 3731 1656 3787 pro
1670 3723 1825 3771 certo
1847 3716 2046 3785 habui,

439 3816 499 3868 et
540 3826 614 3866 ne
661 3811 850 3864 vestra
904 3803 1193 3862 memoria
1230 3804 1586 3871 laberentur,
1617 3804 1796 3860 etiam
1843 3804 2048 3861 litteris

439 3897 669 3973 digessi.
701 3899 765 3953 ln
795 3896 999 3969 primis
1026 3895 1281 3949 Donatus
1311 3892 1449 3947 dicit
1478 3893 1636 3965 quod
1662 3892 1708 3948 si
1740 3894 1797 3948 in
1831 3895 2045 3966 trissyl-

437 3988 584 4045 labis
608 3989 666 4042 et
693 3983 1075 4056 tetrasyllabis
1103 3984 1160 4036 et
1189 3980 1480 4052 deinceps,
1510 3980 1555 4035 si
1587 3982 1910 4053 penultima
1940 3999 2045 4054 po-

437 4077 644 4133 sitione
671 4075 850 4147 longa
869 4072 1062 4140 fuerit,
1086 4070 1211 4142 ipsa
1231 4071 1488 4137 acuetur,
1508 4071 1566 4124 et
1584 4071 2049 4142 antepenultima

440 4165 601 4239 gravi
631 4166 870 4220 accentu
887 4158 1382 4234 pronuntiabitur,
1406 4161 1469 4212 ut
1489 4155 1750 4225 Catellus,
1779 4156 2045 4215 Metellus:

440 4255 522 4309 ita
548 4257 743 4307 tamen
770 4250 817 4304 si
846 4248 1132 4321 positione
1160 4248 1356 4318 longa,
1391 4263 1509 4301 non
1536 4262 1601 4299 ex
1626 4249 1788 4302 muta
1803 4246 2048 4319 etliqui-

2159 1879 2389 1936 semper
2409 1868 2659 1933 servant,
2684 1867 2826 1918 teste
2867 1863 3167 1931 Martiano,
3209 1864 3265 1917 in
3312 1862 3501 1916 eadem
3532 1860 3711 1931 syllaba

2160 1957 2464 2009 accentum
2498 1971 2671 2026 quem
2703 1954 2858 2026 prius
2881 1954 3228 2015 habuerant,
3248 1951 3710 2021 utmanipulusnna-

2160 2043 2354 2113 niplus,
2382 2042 2726 2109 venabulum,
2745 2041 3052 2097 venablum.
3077 2040 3335 2113 Denique
3364 2040 3430 2094 de
3458 2038 3540 2092 his
3561 2053 3669 2110 quae
3686 2053 3713 2089 a

2160 2131 2493 2186 nominibus
2523 2132 2688 2198 fiunt,
2717 2133 2917 2185 auctor
2937 2134 3023 2185 est
3048 2130 3365 2185 Priscianus
3386 2127 3529 2200 quod
3558 2126 3713 2181 nomi-

2161 2218 2351 2275 nativo
2398 2219 2672 2292 primitivi
2707 2219 3018 2291 aliquando
3051 2218 3257 2272 ultima
3300 2214 3640 2279 subtrahitur,
3666 2215 3711 2265 ct

2163 2307 2390 2362 additur
2422 2308 2543 2376 bris,
2572 2313 2633 2362 ut
2662 2308 2840 2378 possit
2871 2324 2992 2361 esse
3028 2307 3241 2378 mulier,
3277 2304 3551 2367 muliebris,
3580 2305 3629 2357 et
3648 2319 3715 2355 sa-

2161 2396 2258 2462 lus,
2290 2397 2545 2465 salubris,
2566 2396 2909 2470 quodetiam
2942 2395 3368 2451 nominativum
3388 2392 3583 2448 saluber
3603 2406 3712 2461 pre-

2157 2485 2353 2540 tulisse
2380 2489 2598 2541 veteres
2625 2486 2947 2540 ostenditur
2973 2484 3083 2540 hoc
3109 2500 3276 2539 versu
3304 2500 3317 2538 :

2281 2591 2465 2640 Phoebe
2494 2591 2695 2640 saluber
2718 2592 2852 2640 ades.

2156 2688 2316 2744 Unde
2344 2688 2649 2760 conjicitur
2673 2688 2828 2760 quod
2867 2687 3004 2742 satis
3027 2686 3374 2759 regulariter
3398 2684 3513 2755 ejus
3551 2680 3716 2753 penul-

2156 2776 2299 2831 tima
2321 2778 2677 2848 producitur,
2712 2777 2852 2831 dum
2884 2776 2954 2831 de
2986 2775 3342 2831 nominativo
3371 2772 3626 2845 producto
3651 2768 3717 2837 ip-

2153 2881 2283 2920 sum
2325 2867 2512 2920 solum
2569 2865 2832 2919 habetur.
2900 2865 3045 2918 Nam
3095 2863 3374 2935 syllabam
3417 2856 3717 2915 naturaliter

2152 2953 2497 3025 productam
2530 2970 2814 3024 nusquam
2849 2953 2906 3007 in
2951 2956 3138 3006 metro
3180 2954 3501 3022 correptam
3540 2961 3621 3001 me
3648 2945 3712 2997 le-

2072 3057 2119 3116 ο
2154 3042 2301 3113 gisse
2332 3041 2596 3107 memini,
2632 3041 2737 3095 nisi
2773 3057 2876 3112 per
2906 3040 3154 3111 ﬁguram
3200 3039 3485 3110 systolen;
3516 3035 3716 3104 excepto

2152 3130 2378 3201 quoties
2409 3130 2621 3184 vocalis
2644 3134 2779 3184 ante
2818 3130 3073 3183 vocalem
3106 3127 3461 3201 producitur,
3490 3128 3547 3177 ut
3568 3121 3712 3185 illius,

2149 3220 2340 3287 unius,
2364 3218 2489 3285 diei,
2508 3220 2727 3290 speciei;
2759 3218 3045 3290 siquidem
3073 3216 3328 3272 verbalia
3356 3211 3604 3269 feminini
3632 3225 3713 3281 ge-

2151 3308 2304 3363 neris
2334 3308 2633 3380 producta,
2666 3311 2729 3362 ut
2757 3323 2929 3378 supra
2958 3306 3092 3373 dixi,
3122 3307 3282 3360 nullo
3299 3302 3469 3358 modo
3498 3297 3719 3356 invenie-

2149 3396 2223 3450 tis
2252 3395 2464 3468 corripi
2499 3412 2701 3450 eorum
2732 3399 2991 3449 extrema
3020 3394 3264 3465 syllaba,
3295 3389 3561 3464 quoniam
3591 3385 3718 3440 tha-

2150 3482 2292 3539 ben-t
2320 3488 2455 3539 ante
2486 3487 2571 3537 rix
2601 3482 2873 3555 prmtcriti
2906 3481 3194 3553 participii
3224 3477 3530 3535 desinentis
3554 3476 3603 3529 in
3630 3481 3717 3529 tus.

2217 3574 2269 3628 4.
2304 3575 2350 3626 Α
2382 3573 2586 3645 quibus
2617 3572 2882 3626 oriuntur
2908 3570 3013 3624 ista
3042 3565 3720 3634 verbalia,ostendamv0-

2148 3660 2236 3716 bis
2266 3662 2514 3733 regulas.
2549 3660 3069 3732 Exceptisquatuor
3095 3656 3435 3728 participiis,
3467 3669 3585 3725 quae
3606 3652 3719 3704 sunt

2147 3758 2315 3817 satus,
2340 3758 2509 3818 ratus,
2536 3757 2725 3811 status,
2750 3748 2924 3814 datus,
2956 3747 3183 3819 reliqua
3204 3746 3405 3801 omnia
3433 3737 3723 3797 babentiaa

2150 3845 2285 3895 ante
2319 3847 2403 3894 tus
2434 3839 2492 3894 in
2527 3838 2820 3909 praeterito
2844 3836 3264 3910 producuntur,
3289 3826 3725 3896 utamatus,unde

2149 3935 2381 3993 amator,
2402 3930 2661 3983 amatrix.

2218 4017 2592 4073 Inveniuntur
2642 4014 2925 4087 producta
2955 4012 3278 4087 participia,
3313 4027 3443 4083 quas
3477 4005 3673 4063 habent
3705 4016 3727 4053 ε

2149 4109 2283 4160 ante
2315 4113 2416 4173 tus,
2451 4107 2512 4159 ut
2541 4110 2850 4162 race-metus.
2882 4102 3043 4157 Unde
3073 4100 3420 4156 Prudentius
3447 4098 3503 4151 in
3532 4089 3723 4167 passio-

2153 4211 2225 4250 ne
2258 4193 2501 4266 llypoliti
2544 4192 2815 4264 martyris
2841 4208 2854 4246 :

444 4308 518 4397 da
546 4340 757 4408 fuerit;
791 4308 930 4392 nam
961 4336 1209 4391 mutabit
1239 4308 1560 4405 accentum,
1590 4339 1652 4391 ut
1677 4336 1889 4391 latebra
1910 4308 2047 4391 tene-

2225 4316 2464 4389 Cumque
2505 4316 2780 4370 recensetis
2809 4319 3068 4368 constaret
3088 4312 3343 4384 partibus
3373 4308 3483 4364 ille.

443 4429 565 4486 bra'.

517 4519 639 4584 Quo
670 4517 796 4573 loco
828 4513 1037 4569 inoluit
1065 4508 1268 4586 quia'si
1295 4512 1597 4583 cujuslibet
1633 4512 1816 4584 partis
1845 4514 2047 4586 penul-

392 4592 393 4597 ‘
444 4608 591 4664 tima
619 4604 837 4679 syllaba
868 4602 1092 4658 desinat
1114 4602 1170 4656 in
1199 4605 1467 4672 correpta
1498 4602 1699 4669 vocali,
1725 4620 1853 4675 qua:
1893 4602 2047 4657 exci-

443 4697 637 4771 piatur
667 4711 702 4750 a
744 4692 966 4748 duobus
1003 4690 1473 4756 consonantibus,
1520 4707 1766 4762 quarum
1796 4692 1867 4745 sit
1892 4692 2051 4762 prior

446 4789 608 4841 muta
622 4788 679 4840 et
697 4798 942 4855 sequens
963 4779 1184 4852 liquida
1214 4779 1305 4846 sit,
1339 4795 1640 4851 nunquam
1676 4780 1774 4834 illa
1796 4796 1927 4853 pars
1947 4781 2045 4835 tri-

445 4874 665 4947 syllaba
685 4872 772 4927 vel
806 4867 1176 4941 tetrasyllaba
1194 4873 1433 4922 acuetur
1470 4868 1529 4922 in
1573 4868 1914 4939 penultima,
1948 4868 2049 4924 sed

444 4964 670 5019 mutato
687 4962 926 5015 accentu
943 4957 1133 5030 potius
1148 4956 1206 5011 in
1222 4957 1839 5028 antepenultima,licct
1854 4958 1912 5013 in
1930 4975 2047 5013 me-

446 5052 540 5109 dio
558 5054 868 5121 utrumque
892 5046 1015 5101 ﬂeri
1038 5046 1227 5113 liceat,
1253 5048 1425 5115 prout
1450 5045 1622 5100 fuerit
1647 5050 1831 5119 pacta:
1852 5048 2047 5101 volun-

443 5145 553 5198 tas.
578 5139 723 5195 Nam
744 5136 789 5192 si
831 5134 946 5190 sint
986 5132 1238 5189 verbalia
1263 5132 1525 5191 feminini
1548 5134 1797 5205 generis,
1821 5137 1906 5190 vel
1935 5136 2046 5189 alia

442 5244 686 5303 qumque
707 5223 1049 5282 naturaliter
1075 5223 1375 5297 producta,
1405 5227 1643 5295 propter
1668 5228 1889 5279 mutam
1912 5228 1969 5279 et
1987 5224 2046 5280 li-

439 5318 680 5391 quidam
703 5313 951 5371 breviari
974 5329 1092 5369 non
1110 5315 1349 5385 possunt
1372 5313 1485 5367 ullo
1516 5313 1692 5368 modo
1713 5330 1726 5380 ;
1746 5313 1854 5368 hoc
1886 5313 2043 5368 enim

435 5406 721 5481 significat
739 5402 998 5459 conditio
1019 5401 1357 5475 apposita,si
1380 5401 1510 5457 talis
1525 5402 1741 5474 syllaba
1757 5401 2041 5473 positione

430 5499 609 5569 longa
630 5496 721 5565 sit,
754 5495 1055 5549 accentum
1085 5491 1143 5546 iu
1175 5492 1636 5565 antepenultima
1666 5491 1898 5547 mutari.

498 5586 673 5644 3.Sed
696 5588 895 5641 natura
911 5582 1307 5655 exemplorum
1326 5582 1657 5654 penultimm
1673 5581 1860 5653 longae
1886 5585 2036 5649 sunt,

2223 4423 2280 4478 Si
2304 4439 2435 4477 vero
2464 4425 2483 4476 i
2511 4426 2736 4477 autetus
2749 4420 3036 4486 habuerit,
3057 4419 3273 4491 ubique
3299 4414 3725 4490 peuultimacor-

2150 4513 2377 4583 ripitur,
2401 4512 2509 4565 nisi
2533 4509 2722 4564 veniat
2743 4527 2775 4563 a
2793 4509 2977 4562 verbis
2999 4512 3218 4579 quartae
3238 4496 3731 4576 coujugationis,ut

2149 4601 2323 4666 domo,
2356 4599 2558 4664 domas,
2588 4598 2849 4662 dornitus;
2874 4614 3076 4662 moneo,
3121 4612 3326 4659 mones,
3362 4592 3626 4648 monitus;
3650 4600 3729 4637 ml-

2149 4690 2257 4757 dio,
2293 4688 2467 4755 audis,
2517 4688 2771 4751 auditus;
2814 4686 3002 4751 condo,
3030 4684 3231 4750 condis,
3273 4682 3515 4738 conditus
3556 4693 3569 4730 :
3602 4670 3730 4728 unde

2150 4777 2469 4833 masculina
2509 4776 2757 4839 domitor,
2810 4775 3066 4839 monitor,
3111 4772 3355 4837 auditor,
3385 4767 3633 4823 εοηᾱιιον.
3666 4760 3730 4812 Ex

2148 4867 2237 4922 his
2288 4864 2570 4921 feminina
2602 4864 2872 4928 domitrir,
2920 4862 3196 4926 monitrir,
3243 4858 3509 4919 auditi-ir,
3572 4846 3728 4904 condi-

2150 4952 2755 5012 tri.r.Producunturiu
2773 4952 2940 5005 tertia
2955 4948 3376 5021 conjugatione
3397 4944 3733 5009 oblitus,qua~

2145 5049 2301 5113 situs,
2332 5047 2510 5109 tritus,
2526 5044 2727 5114 petitus
2754 5045 2812 5095 et
2831 5042 3056 5111 cupittts,
3088 5043 3146 5093 et
3175 5056 3309 5110 qua:
3337 5053 3401 5090 ex
3430 5032 3734 5114 hiscompu-

2148 5140 2383 5190 nuntur.
2417 5130 2743 5186 Notandum
2774 5132 2969 5182 tamen
3003 5126 3159 5198 quod
3195 5125 3418 5190 oblitus,
3446 5121 3489 5175 si
3521 5136 3554 5173 a
3581 5112 3731 5169 verbo

2146 5222 2514 5294 componitur
2544 5219 2698 5291 quod
2722 5220 2807 5272 cst
2839 5217 2967 5283 lino,
2992 5214 3325 5284 corripitur.
3360 5212 3426 5265 Et
3456 5209 3512 5262 in
3546 5203 3732 5276 quarta

2145 5315 2373 5366 tantum
2401 5307 2790 5379 corripiuntur
2822 5304 2956 5371 duo,
2988 5320 3119 5375 queo
3148 5302 3323 5356 simul
3358 5303 3416 5354 et
3445 5314 3520 5361 eo,
3545 5296 3597 5348 et
3622 5303 3731 5361 qua:

2145 5418 2209 5454 ex
2250 5399 2337 5454 his
2378 5398 2824 5467 componuntur,
2875 5396 2934 5447 ut
2977 5410 3053 5458 eo,
3089 5394 3235 5454 itus;
3270 5405 3416 5453 exeo,
3463 5385 3729 5467 exitus,gcx

2144 5489 2350 5561 quibus
2370 5486 2614 5540 verbalia
2652 5502 2764 5537 nun
2792 5484 2922 5539 legi.
2961 5481 3212 5551 Denique
3247 5478 3293 5531 si
3328 5494 3365 5532 π
3397 5478 3528 5529 ante
3552 5476 3628 5523 tus
3648 5465 3731 5559 lia-

2145 5579 2330 5635 bucrit
2359 5577 2515 5631 idem
2550 5576 2927 5649 pra-teritum,
2978 5576 3109 5625 tunc
3152 5567 3419 5638 ejusdem
3474 5554 3726 5633 praeteriti
