3922 6168
424 426 526 485 B27

1450 411 1512 472 S.
1539 405 1835 471 ABBONIS
1876 402 2166 464 ABBATIS
2196 403 2695 465 FLORIACENSIS

3618 403 3713 464 528

424 547 493 605 Et
516 562 531 605 ε
2043 529 2098 591 Α
2126 530 2337 603 guatur
2356 526 2623 603 pulsusin
2643 525 2942 583 labrorum
2958 522 3301 600 agitatione,
3322 521 3397 581 ad
3408 539 3608 581 sonum
3627 531 3646 580 t
3667 528 3721 581 et

548 650 737 707 Inculto
765 646 968 700 Getulus
986 660 1163 712 equus.

417 749 660 823 Difﬁdit,
706 747 938 815 discidit,
982 745 1028 803 si
1075 762 1109 800 a
1136 742 1429 817 ﬁndo'vel
1476 739 1654 795 scindo
1704 736 2024 809 composita

418 843 572 908 sunt,
599 837 981 912 penullimam
1019 833 1359 905 corripiunt.
1388 829 1685 885 Horatius:

543 945 729 994 Difﬂdit
750 943 949 993 urbium

547 1012 718 1058 Portas
742 1007 814 1055 vir
844 1004 1059 1065 Macedo,
1088 1008 1140 1052 et
1170 1001 1368 1052 submit
1393 997 1618 1049 aemulos.

417 1109 513 1165 Est
535 1107 693 1163 enim
729 1104 934 1176 difﬁdit
970 1103 1188 1158 urbium
1237 1098 1608 1155 choriambus
1637 1111 1768 1151 cum
1795 1091 2023 1167 pyrrhi-

416 1197 566 1266 chio;
600 1196 808 1252 deinde
847 1193 1106 1265 sequitur
1156 1205 1349 1245 versus
1386 1184 1811 1258 asclepiadeus.
1861 1183 2022 1239 Idem

417 1285 681 1342 Horatius
702 1282 999 1356 glyconico
1030 1297 1194 1337 versu
1225 1295 1239 1333 :

539 1391 889 1456 Nequidquam
917 1390 1045 1437 Deus
1077 1385 1310 1436 abscidit.

491 1496 545 1548 8.
568 1492 681 1546 Nec
711 1505 812 1543 vos
838 1489 980 1542 latet
1008 1485 1163 1558 quod
1186 1482 1385 1539 omnia
1412 1478 1705 1553 praeterita
1733 1475 2022 1550 participii

420 1578 740 1637 desinentia
768 1576 827 1631 in
855 1594 942 1630 sus
955 1573 1340 1648 penultimam
1352 1570 1700 1642 producunt,
1716 1564 2024 1621 acaverbis

419 1667 685 1724 secundae
698 1668 756 1721 et
780 1664 960 1720 tertia:
985 1658 1412 1733 conjugationis
1428 1656 1757 1724 veniunt;ex
1773 1668 2024 1726 quorum

419 1757 671 1814 secunda
689 1770 937 1828 persona
954 1751 1255 1825 praesentis
1269 1746 1551 1820 temporis
1566 1744 1800 1817 agnosci
1813 1741 2028 1815 poterit

418 1849 673 1921 ejusdem
708 1844 992 1918 participii
1015 1841 1336 1916 penultima
1350 1841 1558 1894 natura
1574 1852 1647 1890 an
1660 1833 1943 1908 positione
1956 1832 2027 1888 sit

2123 618 2159 672 d
2189 618 2325 674 satis
2368 634 2609 690 parvam
2657 615 3044 671 differentiam
3073 614 3270 682 faciat,
3325 614 3465 670 dum
3494 614 3668 670 resilit
3690 630 3722 669 a

2124 707 2393 763 dentibus
2422 705 2724 763 summitas
2756 705 2985 777 linguae,
3017 704 3209 777 sicque
3244 704 3313 758 fit
3341 707 3402 757 ut
3428 703 3602 758 etiam
3629 720 3722 776 per

2123 812 2182 851 se
2203 797 2402 867 posita).
2426 794 2674 850 inveniri
2700 794 2939 867 possint,
2985 792 3468 865 quandoquidem
3499 792 3723 847 dicimus

2124 886 2406 956 quingenti
2426 900 2531 957 pro
2555 885 2907 956 quinccnti,et
2919 888 3067 939 actus
3092 899 3198 955 pro
3230 888 3410 953 agtus,
3430 884 3487 936 et
3500 880 3723 952 scriptus

2125 990 2229 1045 pro
2260 973 2504 1041 scribtus,
2532 976 2588 1028 et
2612 974 2801 1027 attinet
2831 989 2935 1045 pro
2966 972 3195 1041 adtinet,
3226 973 3288 1028 et
3324 970 3390 1026 id
3408 987 3587 1043 genus
3610 970 3724 1042 plu-

2124 1078 2294 1117 rima.

2193 1154 2275 1206 10.
2313 1151 2548 1207 Constat
2576 1150 2748 1224 igitur
2778 1168 2847 1206 ex
2897 1151 2986 1207 his
3015 1168 3143 1225 quae
3194 1149 3354 1206 dicta
3391 1151 3525 1205 sunt
3564 1167 3589 1204 e
3617 1152 3671 1205 et
3693 1167 3723 1219 g

2121 1256 2269 1310 pene
2283 1239 2580 1312 aequaliter
2588 1240 2947 1311 pronuntiari
2958 1243 3255 1313 ,sequente
3268 1239 3529 1312 qualibet
3540 1236 3726 1295 vocali.

2123 1328 2235 1384 Sed
2271 1328 2451 1383 tribus
2471 1329 2777 1396 vocalibus,
2800 1329 2859 1384 id
2880 1331 2965 1383 est
2990 1344 3044 1395 a,
3065 1346 3117 1395 o,
3145 1346 3204 1396 u,
3226 1346 3327 1384 eas
3347 1327 3723 1401 sequentibus,

2123 1416 2394 1472 omnibus
2420 1417 2606 1472 ferme
2624 1421 2828 1475 notum
2850 1420 2937 1473 est
2960 1417 3117 1490 quod
3142 1422 3361 1473 sonant
3381 1416 3441 1471 in
3460 1416 3722 1471 faucibus.

2124 1504 2267 1560 Cum
2298 1521 2431 1560 vero
2458 1523 2484 1560 c
2518 1506 2769 1561 litteram
2800 1508 3119 1578 sequuntur
3148 1505 3204 1560 in
3236 1505 3449 1561 eadem
3476 1504 3682 1575 syllaba
3703 1520 3727 1558 e

2123 1594 2263 1662 veli,
2284 1593 2568 1649 trifariam
2599 1595 2745 1649 solet
2764 1594 3150 1666 pronuntiari,
3180 1598 3237 1649 et
3250 1611 3409 1649 nunc
3430 1592 3655 1665 quidem
3673 1595 3727 1647 ut

2124 1681 2245 1738 fere
2258 1682 2735 1738 videatursonare
2753 1683 3067 1754 g,maxime
3088 1700 3113 1737 s
3138 1683 3531 1754 praecedente,
3549 1684 3609 1736 ut
3629 1699 3728 1735 sus-

2125 1772 2280 1842 cipio,
2322 1774 2541 1844 suscepi,
2595 1774 2839 1843 suscepit,-
2886 1787 3041 1827 nunc
3072 1775 3270 1827 autem
3303 1788 3441 1826 cum
3489 1770 3726 1843 quodam

2126 1858 2313 1928 sibilo,
2346 1876 2411 1915 ac
2439 1860 2484 1914 si
2507 1879 2531 1914 s
2563 1860 2639 1915 illi
2672 1862 2909 1927 haereat,
2937 1864 3001 1915 ut
3023 1861 3197 1932 cujus,
3227 1862 3417 1932 capit:
3445 1859 3597 1931 quod
3615 1874 3726 1912 ma-

418 1939 619 2009 10083,
651 1934 931 2007 quoniam
960 1932 1067 1987 Πίθί
1096 1931 1155 1985 in
1186 1931 1314 2021 ίῙῙιξδ
1337 1926 1603 2021 εθοιιηᾴαξ
1634 1939 1897 2021 Rusoni”
1924 1939 2026 1995 Pe‘
2052 1939 2104 2000 B
2126 1947 2214 2020 gis
2239 1926 2385 2003 solet
2404 1948 2529 2003 fieri
2559 1949 2655 2005 ubi
2686 1955 2706 2002 t
2733 1926 3022 2021 profertur
3044 1926 3191 2004 sono
3202 1966 3229 2004 τ
3250 1926 3315 2004 iii
3334 1926 3613 2020 principio
3630 1946 3728 2017 syl-

419 2024 667 2082 nultima
692 2023 897 2097 positio
924 2021 1016 2089 sit,
1048 2021 1107 2075 in
1138 2018 1379 2093 praefato
1405 2013 1705 2088 participio
1728 2028 2027 2084 nunquam

421 2114 552 2183 erit;
585 2111 836 2185 exceptis
876 2111 1043 2177 sedeo,
1079 2109 1250 2179 fodio,
1281 2108 1482 2179 quatio,
1501 2105 1706 2176 patior,
1730 2109 1904 2174 puteo,
1936 2119 2029 2156 ca-

418 2221 527 2271 reo,
550 2217 737 2256 maneo
776 2203 836 2254 et
855 2199 1000 2265 cedo,
1032 2197 1189 2270 quod
1242 2199 1328 2250 est
1361 2196 1553 2250 locum
1581 2192 1670 2255 do,
1703 2194 1761 2245 et
1785 2206 1913 2262 quae
1961 2206 2029 2244 ex

419 2292 508 2346 his
538 2287 1062 2362 componuntur.Et
1075 2284 1360 2359 positione
1376 2281 1775 2353 producuntur
1795 2278 2027 2345 mordeo,

421 2394 648 2445 morsus,
678 2376 842 2447 ﬁndo,
873 2376 1044 2444 ﬁssus,-
1076 2376 1283 2427 natura
1306 2387 1462 2439 vero,
1495 2368 1655 2436 caedo,
1686 2384 1864 2433 ccesus,
1901 2367 2030 2436 ﬁdo,

420 2472 567 2539 fisus,
599 2468 658 2521 et
687 2465 799 2521 alia
829 2464 1101 2536 plurima,
1125 2478 1255 2534 quas
1285 2459 1496 2515 idcirco
1528 2456 1803 2530 proposui
1822 2459 1883 2510 ut
1913 2472 2030 2510 non

424 2559 613 2613 solum
644 2553 877 2625 scripto,
897 2552 997 2607 sed
1026 2550 1204 2606 etiam
1224 2564 1367 2604 sono
1401 2544 1787 2617 distinguatis,
1801 2545 1961 2614 ﬁsum
1978 2547 2037 2600 et

421 2647 626 2717 ﬁssum,
657 2659 846 2698 casum
871 2645 929 2696 et
954 2657 1172 2699 cessum,
1203 2639 1382 2708 ferum
1408 2640 1466 2691 et
1492 2636 1719 2706 ferrum,
1742 2651 1948 2705 pyrum
1978 2635 2036 2689 et

423 2734 725 2805 Pyrrhum,
754 2734 812 2786 et
839 2730 884 2786 si
910 2747 1024 2803 qua
1048 2732 1179 2795 sunt
1206 2726 1434 2795 similia;
1468 2725 1604 2799 quia
1638 2724 1843 2780 fortius
1868 2725 2036 2779 sonat

427 2821 622 2879 omnis
651 2836 976 2876 consonans
1003 2818 1062 2872 in
1109 2817 1301 2872 medio
1359 2814 1528 2871 unius
1558 2813 1736 2886 partis
1765 2812 2029 2886 repetita,

426 2928 603 2985 quam
634 2926 766 2965 cum
798 2912 884 2964 est
912 2909 1052 2964 sola.
1080 2905 1125 2962 S
1163 2909 1359 2962 autem
1395 2922 1523 2977 qua:
1563 2904 1622 2959 in
1650 2903 1845 2959 media
1867 2905 2032 2974 parte

427 2999 669 3073 simplici
683 3014 982 3071 nunquam
997 2995 1411 3068 ﬁnitsyllabam
1425 2996 1779 3052 consonante
1793 3010 2034 3065 sequen-

2127 2036 2295 2104 labae,
2328 2039 2391 2091 ut
2421 2036 2631 2104 Laetitia,
2664 2038 2902 2108 justitia.
2939 2037 3199 2109 Denique
3224 2037 3327 2110 qui
3360 2036 3593 2091 tertium
3621 2050 3729 2089 mo-

2129 2124 2268 2180 dum
2298 2125 2521 2181 addunt
2567 2142 2709 2181 sono
2752 2143 2879 2197 quas
2921 2127 3008 2180 vel
3040 2125 3160 2197 qui,
3210 2125 3453 2180 easdem
3506 2123 3732 2196 syllabas

2130 2213 2496 2285 pronuntiari
2527 2215 2866 2283 decernunt,
2889 2219 2948 2271 et
2973 2217 3255 2287 susquipio
3287 2232 3396 2287 pro
3420 2215 3655 2285 suscipio,
3680 2215 3731 2266 et

2129 2306 2399 2375 susqucpit
2428 2320 2531 2375 pro
2560 2307 2803 2376 suscepit,
2827 2309 2884 2360 et
2909 2307 3082 2377 quiois
3097 2322 3205 2377 pro
3229 2308 3383 2371 civis;
3405 2304 3560 2376 quod
3573 2317 3732 2375 quam

2131 2391 2400 2447 frivolum
2431 2396 2675 2461 constet,
2709 2393 2978 2449 omnibus
3006 2411 3143 2449 vera
3162 2393 3523 2465 sapientibus
3550 2391 3729 2463 liquet.

2135 2479 2248 2535 Cur
2288 2480 2446 2537 enim
2501 2482 2825 2554 scriptitant
2882 2482 3068 2537 Latini
3117 2500 3328 2555 sequor,
3390 2481 3613 2554 sequeris
3656 2478 3735 2532 vel

2133 2584 2364 2640 sequere,
2394 2572 2655 2643 sequitur,-
2686 2574 2745 2625 et
2770 2587 2887 2626 non
2911 2587 3072 2638 secor,
3096 2574 3302 2638 seceris,
3331 2571 3423 2625 vel
3466 2583 3642 2634 secere,
3668 2581 3735 2619 se-

2135 2658 2293 2725 citur,
2326 2676 2457 2714 cum
2482 2659 2552 2714 ab
2580 2672 2649 2714 eo
2677 2659 2749 2714 sit
2775 2661 3026 2713 secutus?
3050 2663 3107 2714 et
3136 2662 3248 2732 qui,
3284 2660 3458 2731 cujus,
3488 2657 3573 2711 vel
3608 2670 3731 2728 qua,

2134 2748 2312 2816 cujus,
2341 2747 2577 2803 mutatis
2602 2748 2800 2821 primis
2826 2747 3027 2803 litteris
3047 2748 3393 2803 nominativi
3421 2750 3478 2802 et
3496 2740 3731 2818 genitivi,

2133 2834 2199 2901 si,
2233 2837 2294 2888 ut
2315 2835 2404 2890 isti
2431 2836 2717 2907 garriunt,
2764 2854 2820 2893 ce
2850 2840 2907 2892 et
2954 2838 3003 2891 ci
3054 2854 3263 2892 sonum
3301 2837 3641 2905 habentque
3683 2833 3734 2883 et

2132 2924 2501 2993 qui,maxime
2523 2940 2653 2978 cum
2676 2925 2866 2980 eidem
2885 2925 3091 2979 littera:
3108 2921 3734 2995 simillimagdistingua-

2132 3012 2228 3064 tur
2275 3011 2561 3066 vocalium
2614 3013 2979 3070 mutatione?
3022 3012 3325 3086 Siquidem
3371 3015 3545 3077 vinco,
3586 3007 3730 3071 vinci.

427 3089 654 3162 te(sicut
666 3103 770 3143 nec
788 3103 931 3142 enec
941 3104 1003 3158 p,
1024 3084 1131 3140 nisi
1148 3100 1278 3139 cum
1294 3083 1429 3156 ipsa:
1442 3101 1501 3138 se
1516 3083 1871 3155 praecedunt,
1879 3092 1893 3153 )
1910 3085 2033 3135 tam

2144 3100 2305 3167 vince,
2346 3103 2579 3167 vincam,
2612 3105 2827 3157 mutato
2846 3119 2976 3156 cum
3001 3103 3296 3158 vocalibus
3323 3118 3468 3158 sono
3491 3098 3713 3154 dicimus

431 3136 653 3162 "'\‘""‘"
667 3136 768 3143 ""
784 3136 808 3185 .'
827 3136 973 3158 "“r
990 3136 1003 3153 1
1026 3136 1131 3140 ""'
1156 3136 1171 3139 ν
1187 3136 1277 3184 '1‘“
1294 3136 1341 3183 ;r
1358 3136 1371 3138 ‘
1389 3136 1424 3138 ί-
1444 3136 1460 3138 ἡ
1482 3136 1493 3138 '
1516 3136 1533 3155 ι
1558 3136 1573 3137 ί
1596 3136 1627 3138 ν*
1650 3136 1659 3137 ί
1682 3136 1693 3137 ί
1718 3136 1739 3138 ν
1858 3136 1890 3153 ιι
2137 3136 2305 3167 ventur,
2350 3136 2579 3169 υυιιυιηι,
2612 3136 2827 3157 ιυιιιαιυ
2846 3136 2976 3156 ιιυιιι
3005 3136 3296 3158 νυυαιιυιιο
3323 3136 3468 3158 δυιιυ
3491 3136 3730 3161 υιυιιιιιιυ,

426 3175 1046 3247 levisonoublquesola
1063 3176 1406 3261 exprimitur
1422 3175 1484 3226 ut
1499 3171 1651 3244 apud
1667 3171 1911 3237 Graecos,
1934 3186 2033 3261 au-
2067 3149 2115 3210 Ο
2137 3190 2633 3259 quemadmodum
2690 3194 2750 3245 et
2779 3192 2912 3259 (ego,
2958 3192 3075 3261 (09,-,
3129 3191 3257 3261 lege,
3287 3192 3479 3261 legam.
3513 3184 3666 3252 Quod
3693 3176 3732 3237 si

685 3264 696 3275 ,
767 3263 777 3274 ,
819 3233 839 3247 ⁵
1135 3233 1152 3244 ⁸
1253 3260 1264 3271 .
1365 3260 1375 3270 .
1539 3233 1554 3244 ⁸
1900 3233 1908 3237 ’
1991 3257 2001 3268 .
2139 3233 2633 3259 Ὶ““’“⁸“”“³“ν““³“
2691 3233 2750 3245 νν
2779 3233 2819 3245 ’ν
2861 3233 2888 3244 ν
2959 3233 2994 3244 ’ν
3039 3233 3053 3244 ’
3129 3233 3169 3246 ’⁸
3210 3233 3257 3253 ⁸)
3287 3233 3329 3246 "'
3372 3233 3479 3246 “”””
3564 3233 3666 3240 “⁷“
3695 3233 3712 3237 ”

426 3272 583 3361 fit-Ore
607 3267 1031 3361 Ρξιεοιειηονρνο
1053 3277 1121 3361 εἶθ»
1147 3262 1416 3361 ῗξρινδίιο
1444 3274 1866 3361 οοξωξωίῖυδῖη
1897 3274 2037 3361 δέτι·
2140 3282 2271 3350 post
2320 3296 2355 3348 g
2406 3277 2563 3334 idem
2596 3278 2724 3351 quis
2780 3233 3028 3345 fevce’ritj
3054 3233 3441 3350 proponimus
3486 3233 3629 3330 unde
3671 3269 3735 3325 sit

427 3357 618 3422 batur,
643 3354 795 3424 ἥμισυ
818 3367 921 3423 pro
952 3350 1129 3415 semis,
1154 3348 1204 3411 ἕξ
1236 3364 1340 3420 pro
1370 3363 1482 3415 sea,
1517 3347 1639 3401 ἑπτὰ
1672 3363 1778 3418 pro
1822 3353 2034 3417 septem.

2144 3347 2435 3438 imperitia
2475 3347 2772 3435 notabilis;
2807 3371 2865 3422 et
2901 3347 3138 3422 stultum
3163 3347 3267 3423 est
3318 3367 3507 3422 dicere
3547 3362 3736 3433 pingue

427 3447 586 3499 Inter
615 3442 755 3496 duas
785 3439 959 3494 etiam
992 3440 1184 3509 partes
1221 3452 1355 3490 cum
1398 3452 1423 3489 s
1454 3434 1746 3506 princedit,
1778 3438 1842 3489 ut
1894 3434 2039 3489 Deus

2144 3434 2246 3527 pro
2258 3457 2442 3526 pinge,
2469 3459 2528 3510 et
2557 3454 2736 3525 linque
2761 3434 2870 3527 pro
2901 3456 3060 3525 tinge,
3095 3459 3153 3510 et
3182 3459 3244 3510 ut
3271 3454 3468 3511 Servio
3480 3451 3658 3524 placet
3680 3445 3731 3499 in

427 3546 684 3595 summus,
709 3544 781 3582 ne
806 3526 1020 3582 nimius
1048 3524 1244 3580 sibilus
1272 3523 1530 3597 sit,prior
1552 3542 1577 3579 s
1597 3539 1804 3579 sonum
1826 3523 2037 3595 perdit,

2144 3561 2194 3599 Ix
2224 3543 2515 3610 Aineidos,
2552 3561 2726 3613 ungue
2732 3562 2833 3615 pro
2861 3562 3017 3614 unge,
3044 3544 3198 3599 unde
3224 3548 3284 3598 et
3307 3523 3599 3613 ungentum
3625 3535 3733 3591 sine

428 3637 557 3693 (Ιυθε
571 3612 1315 3688 θῖθοιοοίδθίίυθηῖθνοθωί
1335 3613 1629 3668 interdum
1642 3612 2041 3684 synalml’bam
2141 3650 2177 3685 ιι
2202 3631 2342 3687 dicit
2368 3649 2489 3688 esse
2519 3648 2648 3686 cum
2665 3612 2897 3701 g;_sicut
2919 3612 2976 3687 et
3005 3650 3035 3704 q
3070 3635 3203 3687 tunc
3222 3612 3452 3687 tantum
3478 3628 3731 3701 pinguem

429 3710 588 3764 facit"
616 3706 884 3777 Vll'g‘lms
909 3722 968 3759 ιο
995 3720 1067 3758 ΧΠ
1099 3720 1112 3757 ⁵
2144 3737 2350 3776 sonum
2364 3720 2644 3787 habeat,si
2659 3721 2710 3775 ei
2725 3738 2755 3777 ο
2769 3725 2902 3776 ante
2917 3722 3159 3776 alteram
3172 3722 3428 3776 vocalem
3442 3711 3732 3774 adhaereat,

557 3798 693 3845 Inter
719 3809 774 3845 se
795 3794 954 3844 coiise
978 3793 1129 3851 viros,
1153 3798 1206 3842 et
1230 3792 1492 3841 decernere
1515 3790 1666 3841 ferro.

2144 3826 2259 3881 qua
2286 3809 2515 3876 amissa,
2528 3828 2563 3880 g
2593 3809 2835 3882 quidem
2856 3813 3179 3882 permanet,
3201 3810 3304 3865 sed
3330 3828 3362 3883 q
3386 3819 3615 3863 manere
3631 3812 3732 3853 non

435 3897 477 3951 E
507 3898 712 3951 contra
739 3893 838 3948 illa
862 3892 1071 3949 canina
1100 3892 1267 3948 litera
1292 3909 1322 3945 r
1357 3907 1589 3963 semper
1614 3906 1815 3963 aspere
1855 3892 2041 3957 sonat,
2144 3899 2327 3967 valet;
2357 3898 2495 3970 quin
2526 3898 2583 3953 in
2610 3916 2637 3953 ε
2664 3898 2887 3965 transit,
2915 3898 3109 3952 statim
3138 3901 3201 3953 ιιι
3237 3917 3273 3952 ιι
3321 3900 3460 3953 ante
3515 3894 3733 3948 alteram

436 3983 545 4040 nisi
598 3999 731 4039 cum
779 3982 838 4038 in
883 3980 1075 4037 media
1104 3984 1268 4053 parte
1301 3979 1577 4035 orationis
1618 3982 1746 4051 post
1786 3980 2048 4034 vocalem
2147 3988 2403 4042 vocalem
2433 3986 2766 4058 perdiderit,
2795 3990 2857 4042 ιιι
2881 4004 3087 4059 sequor,
3118 3994 3348 4042 εεευιιιε,

436 4074 670 4130 inchoat
692 4073 993 4145 syllabam.

510 4166 563 4219 9.
598 4164 677 4217 De
707 4163 902 4229 mutis,
925 4176 1053 4233 quae
1085 4159 1405 4232 quamlibet
1419 4159 1696 4232 syllabam
1721 4159 1808 4214 vel
1824 4162 2048 4232 partem
2150 4163 2315 4236 cipue
2330 4167 2526 4231 mutae,
2550 4165 2974 4219 velutexamine
2998 4180 3204 4236 corpus
3227 4165 3445 4236 jacent,
3462 4165 3731 4234 quousque

441 4251 715 4323 cujusque
744 4249 957 4321 linguae
997 4253 1240 4319 possunt
1266 4248 1604 4319 terminare,
1634 4247 1940 4304 dicendum
1970 4252 2057 4304 est
2154 4252 2279 4307 illas
2302 4252 2541 4323 singulae
2570 4253 2853 4307 vocalium
2883 4269 2987 4325 pro
3014 4270 3117 4309 suo
3149 4257 3293 4309 nutu
3310 4247 3615 4308 animando
3630 4255 3735 4296 m0-

443 4341 828 4396 incommune
842 4337 998 4410 quod
1024 4337 1318 4409 satisjuste
1332 4336 1770 4411 aguntquiipsis
1782 4338 2054 4393 eumdem
2156 4344 2312 4408 vent,
2336 4344 2556 4396 certum
2571 4344 2656 4395 est
2681 4342 2836 4412 quod
2864 4358 3282 4414 nonnunquam
3298 4336 3539 4397 Romani
3560 4342 3733 4402 super-

443 4443 653 4484 sonum
683 4425 741 4480 in
763 4426 879 4480 ﬁne
894 4425 1144 4497 partium
1170 4426 1448 4494 tribuunt,
1480 4442 1652 4499 quem
1686 4425 1823 4480 dum
1846 4429 2056 4481 semet-
2079 4429 2133 4488 D
2159 4431 2303 4485 tl‘uas
2329 4430 2547 4485 litteras
2567 4429 2849 4500 judicent,
2882 4446 3009 4502 quae
3036 4430 3145 4485 hoc
3178 4435 3340 4485 motu
3367 4427 3577 4489 carent,
3608 4420 3664 4473 ut
3687 4414 3734 4477 Ιι,

2224 4080 2242 4129 l
2261 4079 2309 4133 1.
2330 4074 2588 4147 Denique
2605 4075 2883 4146 quoniam
2902 4092 3107 4131 omnes
3126 4071 3735 4139 consonantes,etprae-
3834 4086 3841 4093 ’

448 4514 600 4588 ipsas
626 4514 980 4588 praecedunt,
1001 4513 1203 4587 primae
1226 4515 1441 4571 habere
1462 4516 1716 4586 possunt,
1735 4516 1798 4568 ut
1820 4513 2055 4582 Obbaob,

447 4603 575 4671 Job,
602 4602 817 4671 occidit,
849 4603 980 4670 haec,
1013 4602 1155 4667 illac,
1182 4603 1340 4669 addo,
1365 4602 1456 4668 ad,
1491 4602 1643 4659 illud.
1665 4619 1848 4673 agger,
1872 4602 2055 4673 Agag,

448 4707 649 4764 merop,
681 4693 897 4760 attinet,
931 4696 1098 4758 amat,
1120 4690 1287 4745 docet.
1320 4689 1433 4745 Sed
1460 4690 1560 4745 tin
1582 4690 1786 4745 eadem
1819 4692 2058 4763 syllaba,

452 4780 816 4856 praecedente
848 4782 1227 4846 consonante,
1255 4780 1424 4833 sonat
1438 4794 1700 4850 expresse
1725 4782 1786 4833 ut
1811 4781 1936 4850 fest,
1964 4788 2059 4848 est,

453 4874 513 4926 et
537 4885 919 4942 nonunquam
960 4866 1081 4921 sine
1113 4869 1469 4923 consonante
1499 4882 1669 4922 causa
1699 4866 2060 4937 differentias,

455 4959 707 5015 maxime
724 4958 861 5013 dum
881 4955 1138 5028 sequitur
1158 4956 1365 5011 vocalis
1385 4955 1445 5010 in
1464 4956 1645 5011 altera
1663 4960 1827 5028 parte
1849 4958 2065 5014 oratio-

455 5048 565 5104 nis.
589 5048 700 5101 Nos
724 5046 861 5117 quia
886 5045 1174 5099 humanus
1203 5043 1436 5115 spiritus
1459 5047 1577 5099 tres
1598 5061 1800 5100 earum
1832 5046 1952 5101 sine
1976 5064 2063 5101 as-

455 5134 742 5207 piratione
756 5134 925 5199 leves,
953 5149 1085 5187 cum
1117 5131 1469 5205 aspiratione
1495 5149 1727 5204 asperas
1743 5133 1965 5202 facit,id
1982 5137 2067 5190 est

458 5241 508 5287 c,
530 5240 592 5293 p,
614 5228 654 5289 t,
687 5237 934 5292 quarum
960 5220 1216 5276 medium
1238 5220 1504 5277 obtinent
1524 5226 1639 5277 tres
1656 5222 1891 5295 reliqua:
1915 5224 2062 5295 ipsa-

455 5326 587 5367 rum
620 5307 949 5365 mediarum
978 5326 1144 5366 voces
1167 5308 1225 5365 in
1256 5309 1602 5365 dictionibus
1630 5309 2067 5384 positarum,cx-

454 5398 759 5472 primimus
776 5415 917 5454 sono
941 5398 1173 5466 levium,
1194 5399 1334 5454 dum
1356 5399 1413 5457 in
1432 5399 1890 5472 finibuspartium
1911 5406 2062 5458 sunt.

450 5492 561 5547 Nec
586 5490 821 5557 mirum,
850 5500 983 5545 Cum
1010 5489 1344 5547 interhaset
1374 5490 1498 5547 illas
1527 5490 2062 5563 tantasitvicinitas,

448 5584 510 5635 ut
539 5580 609 5634 ad
646 5595 855 5634 sonum
885 5596 911 5635 c
942 5583 999 5635 ct
1025 5595 1061 5652 ,τι
1096 5595 1279 5652 prope
1311 5580 1517 5635 eodem
1550 5580 1727 5636 modo
1759 5582 2062 5639 collidatur

446 5672 636 5743 palato
662 5670 945 5741 plectrum
975 5668 1208 5743 lingua),
1241 5669 1313 5725 ad
1343 5686 1551 5727 sonum
1574 5686 1639 5744 p,
1675 5669 1816 5744 (rvis
1850 5671 2054 5730 distin-

2162 4518 2216 4584 k,
2247 4537 2298 4590 q.
2329 4517 2441 4573 Sed
2472 4518 2505 4571 Ic
2531 4523 2588 4572 et
2627 4536 2656 4590 q
2685 4519 2874 4589 figura
2923 4523 2981 4573 et
3006 4519 3244 4575 nomine
3273 4536 3306 4574 a
3333 4537 3361 4572 c
3417 4504 3733 4580 discrepant,

2159 4623 2291 4661 cum
2323 4622 2465 4661 sono
2488 4606 2638 4660 vocis
2664 4623 2766 4679 per
2794 4625 2827 4661 a
2858 4610 2913 4662 et
2945 4626 2981 4661 u
3010 4607 3379 4675 conveniant,
3410 4606 3443 4661 Ιι
3473 4614 3598 4657 vero
3627 4598 3734 4647 lan'

2160 4698 2286 4750 tum
2312 4698 2498 4749 metro
2531 4694 2701 4762 utilis,
2718 4696 3173 4768 semperabsqne
3191 4697 3305 4751 ullo
3326 4710 3467 4750 sono
3481 4682 3738 4746 vocalibus

2159 4783 2572 4857 praeponimus,
2596 4784 2695 4839 ubi
2726 4784 3062 4839 ascribenda
3078 4785 3336 4852 videtur;
3372 4787 3430 4839 et
3449 4781 3738 4857 consonan-

2162 4873 2334 4940 tibus,
2367 4872 2573 4945 quibus
2600 4873 2947 4944 apponenda
2978 4872 3473 4945 est,postponitur,
3491 4866 3561 4920 ub
3584 4856 3735 4916 abin‘

2164 4961 2377 5016 teriore
2403 4960 2605 5033 spiritu
2627 4961 3320 5033 pinguiorproticiscatur.
3341 4962 3434 5015 Est
3445 4957 3626 5020 autem
3640 4955 3738 5033 ιιξξδ

2165 5049 2518 5105 scmivocalis
2549 5067 2609 5117 r;
2643 5054 2817 5103 mutae
2848 5054 2985 5116 tres,
3011 5051 3217 5122 quibus
3247 5049 3543 5120 aspiratur,
3583 5038 3640 5091 ιιι

2166 5142 2321 5193 ctum
2349 5142 2466 5205 est;
2495 5138 2565 5191 de
2598 5155 2838 5210 quarum
2872 5118 3133 5193 omni—um
3164 5118 3500 5193 sono—nemo
3520 5118 3731 5183 dubitat,

2168 5226 2275 5281 nisi
2298 5226 2550 5282 fortassis
2572 5228 2708 5280 tunc
2740 5227 2970 5298 quando
3004 5226 3154 5281 inter
3183 5242 3211 5282 c
3242 5230 3300 5280 et
3327 5243 3373 5291 c,
3406 5222 3485 5277 vel
3516 5219 3550 5282 ι’,
3585 5212 3736 5298 inter-

2168 5314 2404 5388 ponitur
2428 5318 2566 5369 nota
2597 5314 2981 5386 aspirationis,
3025 5317 3085 5368 ut
3116 5313 3342 5369 Cliereas
3383 5315 3438 5366 ct
3458 5294 3728 5380 parrochia.
3762 5301 3767 5309 '

2167 5405 2246 5459 De
2273 5421 2385 5476 qua
2414 5421 2472 5458 rc
2493 5403 2791 5457 sciendum
2811 5403 2942 5474 quia
2962 5407 3021 5457 ut
3039 5403 3096 5457 in
3120 5402 3336 5457 Latinis
3351 5384 3733 5476 exemplaribus

2168 5492 2457 5560 discimus,
2490 5492 2670 5547 nostri
2711 5492 3055 5563 interpretes
3078 5492 3123 5547 si
3155 5510 3269 5565 qua
3314 5493 3500 5546 GftBCﬂ.
3549 5472 3733 5534 Latinis

2168 5581 2615 5645 admiscucrnnt,
2652 5598 2776 5651 qum
2797 5597 2898 5650 per
2916 5580 3148 5634 ktira'ce
3172 5580 3380 5649 scripta
3410 5591 3500 5629 sua
3530 5568 3731 5622 littorat’

2166 5671 2577 5745 exprimerent,
2612 5687 2741 5725 cum
2764 5671 3043 5743 scriptura
3062 5686 3269 5724 sonum
3297 5648 3731 5724 mutavereJullla
