3922 6168
239 383 329 435 529

1347 362 1804 432 QUzESTlONES
1843 354 2387 419 GRAMATICALES.

3432 356 3533 409 530

239 501 629 576 proprietatem
663 493 1209 566 utriusquelinguee,
1235 489 1826 563 uthpo;,Cyrus,-/.m-
1846 489 1895 550 A
1929 488 2123 542 labam
2155 502 2378 540 servare
2408 485 2491 539 vel
2524 481 2805 556 perdere;
2841 485 3159 536 nostamen
3185 480 3323 552 quid
3348 477 3536 547 magis

237 612 322 656 νον,
346 607 502 654 cana,
526 593 691 658 κῆρας,
725 584 873 640 unde
893 583 1257 653 primicerius.
1284 583 1399 634 Nec
1431 581 1670 645 mirum,
1697 595 1824 632 eum

241 683 475 735 mutetur
511 676 630 738 Θεὸς
660 678 717 729 et
743 675 988 728 dietatur
1018 671 1185 726 Deus.
1223 669 1512 724 Similiter
1536 670 1820 740 πορφύρεος,

230 785 530 840 purpureus.
559 763 798 830 Quando
830 777 958 816 vero
971 761 1034 815 ch
1057 777 1162 831 pro
1194 781 1253 832 χ,
1272 759 1420 813 sicut
1452 762 1511 813 et
1531 759 1608 830 ph
1635 774 1737 829 pro
1755 758 1826 819 Φ,

239 861 288 912 et
317 857 368 909 th
398 871 500 929 pro
535 861 559 906 θ
589 855 648 908 in
667 851 944 924 aliquibus
970 847 1604 903 dictionibusscribunt
1625 845 1828 912 nestri,

1930 576 1987 630 in
2020 593 2121 629 usu
2154 575 2228 629 sit
2263 576 2539 629 debemus
2561 572 2907 644 perspicere.
2943 570 3209 625 Horatius
3245 585 3256 622 :

1989 728 2273 791 Spectatum
2298 725 2394 789 (52)
2417 724 2612 774 meritis
2645 722 2803 772 diram
2827 723 2908 785 qui
2933 720 3160 772 contudit
3179 719 3409 782 hydram.

2008 864 2091 917 14.
2123 859 2269 924 Quia
2305 859 2374 913 de
2408 857 2594 913 verbis
2627 854 2966 927 requisistis,
3002 869 3128 924 quae
3167 853 3300 906 sunt
3322 849 3533 918 fulgeo,

240 949 442 1000 certum
475 942 735 1014 estquod
765 941 872 995 illa:
896 937 1178 994 dictiones
1210 936 1434 991 Latinae
1468 952 1588 990 non
1620 934 1753 1002 sint,
1778 936 1836 988 et
1935 950 2156 1012 mulceo,
2181 949 2380 1018 ferveo,
2421 945 2640 1011 strideo,
2671 943 2801 1010 oleo,
2863 950 3028 1008 tueor,
3089 941 3322 1002 εοκίυεο,
3368 935 3540 1001 sedeo,

238 1033 430 1090 idcirco
449 1033 576 1086 illas
601 1029 942 1102 proferimus
958 1028 1293 1081 Graecarum
1313 1025 1645 1079 litterarum
1659 1023 1834 1089 sonis,

1965 1039 2309 1105 >endeo,cieo,
2354 1035 2594 1106 frondea,
2650 1033 2830 1102 degeo,
2884 1031 3129 1096 excellet),
3176 1035 3369 1095 tergeo,
3408 1038 3545 1078 cum

239 1121 599 1193 licetquidam
613 1120 921 1190 figurarum
939 1115 1320 1170 similitudine
1341 1113 1572 1183 decepti
1586 1129 1840 1185 pronun-

239 1211 368 1265 tient
396 1227 427 1262 x
458 1226 566 1280 pro
589 1233 642 1276 χ,
672 1211 728 1262 et
758 1206 944 1261 dicant
973 1222 1102 1260 arme
1129 1221 1237 1274 pro
1291 1219 1360 1257 eo
1390 1201 1552 1273 quod
1574 1203 1659 1254 est
1688 1203 1838 1271 ἂρχη,

243 1303 291 1353 et
315 1315 546 1354 maxiem
575 1314 680 1370 pro
713 1290 1687 1369 uaza‘tpaﬂuaproptercumGraece
1713 1291 1846 1344 scri-

240 1389 378 1443 bitur
394 1389 607 1459 Χηρηας,
664 1386 741 1440 ita
769 1385 1053 1456 profertur
1083 1400 1149 1437 ae
1181 1382 1226 1436 si
1261 1381 1614 1436 scriberetur
1642 1378 1845 1433 Kereas

1944 1127 2097 1198 apud
2115 1129 2316 1196 poetas
2329 1123 2592 1179 secunda:
2606 1123 2666 1175 et
2687 1120 2871 1174 tertia:
2899 1119 3024 1188 conj
3035 1113 3321 1188 ugationis
3342 1115 3547 1184 legan-

1943 1219 2240 1286 tur,quam
2258 1229 2459 1267 earum
2473 1209 2597 1280 conj
2610 1208 2948 1279 ugationum
2972 1207 3029 1261 in
3053 1220 3223 1278 prosa
3254 1201 3440 1272 magis
3459 1202 3548 1252 te-

1947 1320 2083 1357 nere
2096 1301 2426 1366 conveniat;
2459 1316 2557 1353 vos
2577 1297 2718 1352 scire
2741 1297 2868 1350 volo
2895 1295 3030 1366 quia
3045 1290 3327 1363 vm.prius
3340 1301 3553 1360 propo-

1947 1390 2055 1444 sita
2077 1386 2502 1459 conjugationis
2522 1384 2786 1440 secundae
2804 1383 3064 1454 regulam
3079 1381 3306 1433 servant
3328 1377 3386 1429 in
3401 1389 3551 1444 pra:-

242 1481 291 1531 et
311 1479 540 1547 παροιχὶα
599 1474 757 1548 quasi
785 1474 1113 1544 parraechia;
1148 1488 1328 1543 quem
1379 1473 1585 1523 tamen
1635 1484 1844 1521 sonum

243 1569 412 1620 mutat
431 1566 644 1635 sigma,
677 1565 716 1618 si
741 1579 840 1633 pro
872 1563 964 1617 illa
982 1562 1053 1616 sit
1072 1587 1104 1629 χ
1137 1560 1331 1633 posita
1347 1561 1412 1612 ut
1431 1573 1640 1631 omni;
1669 1571 1846 1626 quam

1949 1477 2120 1544 senti,
2143 1476 2367 1547 reliqua
2398 1473 2606 1528 deinde
2635 1468 3061 1542 eonjugationis
3091 1459 3555 1547 tertiaz,exceptis

1949 1569 2056 1621 cieo
2088 1570 2144 1620 et
2156 1565 2380 1637 pendeo,
2444 1578 2693 1634 quorum
2746 1560 3023 1631 primum,
3057 1555 3144 1609 vel
3194 1552 3435 1622 simplex
3466 1545 3557 1598 vel

244 1653 344 1707 Vim
371 1657 426 1707 εί
449 1653 608 1725 δι)υά
641 1652 863 1706 Latinos
891 1653 1074 1705 servat
1099 1667 1144 1717 εν
1167 1647 1325 1719 δρυά
1355 1663 1504 1718 quos
1557 1645 1599 1696 ίί
1617 1659 1849 1714 semper
1951 1655 2359 1727 compositum,
2393 1666 2545 1705 nunc
2564 1653 2649 1704 est
2665 1643 3089 1718 eonjugationis
3108 1640 3562 1704 secundmmunc

243 1741 568 1794 enuntiatur
593 1757 733 1795 sono
752 1741 817 1806 ci,
841 1738 1001 1809 (50)si
1021 1739 1152 1809 post
1172 1736 1336 1790 illam
1352 1733 1412 1787 in
1430 1733 1616 1786 altera
1632 1730 1850 1801 syllaba
1881 1808 1922 1815 _
1951 1746 2193 1815 quartae,
2217 1740 2378 1813 quod
2411 1739 2726 1793 ostendunt
2749 1733 2955 1809 passivi
2988 1730 3563 1804 prateritaﬂuorum

244 1833 502 1900 sequatur
534 1829 762 1895 vocalis,
796 1826 897 1881 nisi
937 1827 1061 1899 ipsa
1087 1843 1112 1879 s
1142 1820 1534 1897 praecesserit,
1590 1821 1652 1872 ut
1679 1817 1847 1885 lectio,

1965 1808 2273 1903 penultima
2303 1830 2388 1882 est
2420 1830 2687 1897 correpta
2734 1808 2819 1878 vel
2851 1822 3150 1895 producta.
3184 1817 3400 1872 Pendeo
3428 1816 3566 1903 νθξο

244 1889 464 1990 quaestio,
491 1921 724 1984 testium,
751 1889 1056 1986 legentium;
1093 1889 1276 1987 quam
1322 1911 1506 1966 etiam
1533 1926 1556 1961 s
1591 1907 1846 1979 duplica-

1965 1889 2192 1990 iimplex
2215 1935 2248 1971 a
2274 1914 2657 1986 suspendenda,
2691 1916 2778 1967 est
2821 1889 3106 1974 secundm,
3131 1911 3188 1961 et
3217 1922 3250 1958 a
3291 1889 3572 1990 solvendi),

245 2007 371 2062 baut
401 2007 626 2078 antiqui
651 2022 751 2077 pro
773 2006 957 2060 littera
982 2023 1026 2072 z,
1062 2021 1195 2076 quae
1221 1996 1633 2069 ubicunquein
1665 1998 1850 2050 extre-
1952 1975 2427 2077 ιθιιιῖωεειυειηῃξίε
2451 2002 2836 2074 compositum
2859 2000 2916 2054 in
2941 2013 3112 2068 prosa
3139 2002 3461 2062 nunquam
3492 1975 3581 2032 di-

247 2112 330 2151 ma
344 2098 563 2168 syllaba
580 2095 832 2150 dictionis
846 2093 1159 2169 ponitur,ej
1172 2110 1235 2147 us
1248 2088 1582 2164 penultima
1606 2084 1664 2139 in
1682 2101 1852 2156 prosa

1965 2099 2116 2151 catur
2129 2093 2417 2154 secundm,
2437 2091 2580 2146 sicut
2599 2106 2704 2144 nee
2726 2107 2759 2143 a
2786 2088 2931 2142 sedeo
2962 2083 3169 2147 tertiae,
3204 2079 3316 2133 nisi
3344 2072 3591 2169 tantum

249 2186 593 2258 producitur,
617 2203 743 2239 cum
774 2185 830 2240 in
858 2188 1044 2239 metro
1078 2178 1418 2238 communis
1449 2175 1754 2230 habeatur.
1956 2183 2189 2250 εοηείιιο,
2223 2184 2291 2236 Et
2320 2179 2643 2236 notandum
2675 2177 2831 2249 quod
2868 2174 3037 2240 sedeo,
3085 2171 3173 2224 vel
3204 2168 3484 2239 simplex
3508 2156 3600 2214 vel

321 2279 399 2329 12.
433 2278 516 2330 De
578 2276 762 2330 littera
787 2293 817 2344 g
843 2273 1045 2328 scitote
1079 2271 1218 2343 quia
1244 2269 1291 2323 si
1324 2284 1446 2322 non
1475 2267 1748 2335 sequetur
1792 2283 1850 2330 α,
1959 2271 2371 2342 compositum,
2392 2269 2494 2322 sub
2525 2266 2697 2321 tertia
2718 2262 3127 2336 eonjugatione
3141 2253 3608 2330 gaudetpenul-

1957 2363 2104 2416 tima
2132 2359 2192 2414 in
2223 2377 2246 2414 s
2277 2358 2576 2414 desinente
2601 2355 2903 2426 producta,
2939 2354 3001 2405 ut
3027 2349 3158 2404 side.

2035 2471 2119 2522 15.
2154 2468 2234 2520 De
2256 2464 2446 2538 prima
2463 2477 2692 2534 quoque
2716 2465 2775 2516 et
2799 2456 3052 2515 secunda
3083 2468 3358 2527 persona.
3393 2455 3609 2527 plurali

1959 2554 2238 2628 praeteriti
2269 2550 2531 2626 perfecti,
2555 2554 2612 2604 et
2642 2549 2818 2604 futuri
2845 2542 3192 2618 conjunctivi
3223 2544 3442 2618 modi,
3467 2566 3608 2624 quas

1957 2643 2004 2698 si
2033 2643 2182 2697 bene
2211 2639 2456 2696 memini
2483 2639 2662 2693 semel
2686 2640 2920 2693 tantum
2951 2635 3009 2689 in
3039 2636 3250 2697 metro,
3283 2637 3364 2688 et
3395 2637 3510 2696 hoc
3541 2645 3598 2704 in

1958 2731 2198 2801 Virgilio
2231 2729 2365 2801 legi,
2389 2729 2539 2782 hanc
2567 2727 2836 2796 regulam
2863 2741 2983 2780 esse
3011 2720 3196 2777 sciatis
3229 2726 3596 2794 quod,exce,

1961 2824 2059 2892 pto
2083 2822 2347 2890 tempore
2361 2812 2941 2887 prtesentiindicativi
2956 2810 3114 2866 modi
3134 2813 3368 2880 quarta:
3389 2822 3590 2891 conj“-

249 2374 473 2442 propter
499 2365 924 2436 diphthongum
954 2378 1072 2416 non
1089 2357 1520 2429 impingnatur,
1541 2355 1604 2406 ut
1626 2354 1851 2422 lagoena,

249 2441 506 2528 tragtulia.
525 2453 640 2508 Sed
667 2451 1036 2524 aspirationes
1054 2449 1206 2502 bene
1225 2441 1856 2512 vos,Angli,pervidere

249 2546 498 2619 potestis;
540 2543 974 2598 habentsonum
1003 2539 1207 2590 vestrae
1235 2534 1472 2597 litterae,
1503 2534 1559 2584 et
1621 2530 1714 2601 qui
1750 2546 1853 2600 pro

249 2639 270 2690 0
293 2632 648 2707 frequentius
666 2631 693 2684 ὁ
711 2628 976 2694 scribitis,
997 2626 1144 2680 sicut
1167 2640 1272 2695 pro
1293 2622 1493 2691 digam
1505 2622 1658 2673 male
1687 2619 1856 2673 etl‘er-

251 2725 312 2778 tis
337 2725 372 2777 ι.
403 2725 559 2776 Ante
591 2720 1007 2774 consonantem
1044 2728 1278 2785 quoque
1314 2710 1374 2763 in
1405 2707 1612 2762 eadem
1641 2708 1856 2781 syllaba

243 2831 337 2883 par
362 2819 480 2879 sest,
520 2826 624 2882 pro
655 2825 782 2879 pars
811 2813 906 2868 est,
939 2807 999 2858 et
1026 2803 1128 2872 feli
1153 2819 1243 2854 xes
1270 2815 1377 2871 pro
1397 2796 1534 2867 felix
1561 2813 1632 2850 es.
1667 2796 1854 2866 Pupu-

250 2903 319 2969 git
342 2903 397 2954 et
419 2899 626 2952 tutudit
657 2898 714 2951 in
748 2891 1080 2968 penultimis
1112 2886 1328 2969 corripi
1361 2902 1481 2940 non
1508 2884 1857 2955 ignoretis.A

252 2989 423 3056 tundo,
441 2985 700 3042 tunsusin
724 2981 1146 3054 compositione
1175 2976 1368 3050 perdit
1383 2991 1442 3040 n,
1463 2973 1679 3026 obtusus
1701 2975 1855 3027 etre-

1961 2906 2232 2980 gationis,
2266 2910 2323 2960 et
2352 2903 2604 2958 secunda
2635 2918 2886 2972 persona
2911 2899 3414 2971 pluraliprteteriti
3430 2908 3584 2976 ejus-

1962 2997 2096 3052 dem
2129 2994 2310 3056 modi,
2348 2992 2407 3046 in
2441 2989 2600 3045 omni
2622 2990 2799 3045 modo
2827 2989 2911 3042 vel
2946 2984 3361 3056 conjugatione
3390 2992 3413 3042 i
3437 3001 3576 3050 ante

255 3078 571 3178 τξξξυῆδίουί
593 3079 647 3178 9}
673 3075 970 3178 ηξξηείδξξπν
993 3076 1186 3178 ξλαείξίιδ
1211 3066 1444 3178 τάξξδθνθ
1473 3079 1702 3134 quoque
1726 3078 1856 3133 Pe"
1896 3115 1942 3178 Ο
1964 3089 2284 3139 extremam
2306 3082 2559 3137 litteram
2578 3078 2637 3133 in
2666 3078 2918 3134 secunda
2940 3090 3188 3148 persona
3207 3074 3576 3146 singulari,et

255 3167 328 3221 dit
353 3184 376 3220 ς
401 3167 458 3220 in
491 3161 810 3236 praeterito,
843 3160 1090 3213 disertus.
1126 3153 1394 3210 Horatius
1425 3169 1438 3206 :

384 3271 638 3327 Fecundi
669 3269 870 3324 calices
903 3281 1077 3338 quem
1106 3279 1224 3318 non
1255 3262 1447 3316 facere
1481 3258 1782 3326 disertum,

255 3379 404 3444 Quod
429 3397 463 3434 a
493 3378 620 3432 cedo
645 3377 720 3432 ita
749 3374 1031 3431 scribatur
1062 3369 1444 3444 praeteritum,
1472 3367 1767 3438 quomodo
1801 3369 1859 3421 et

255 3469 446 3535 acado,
489 3467 761 3521 videlicet
791 3463 974 3525 cecidi,
1007 3463 1210 3515 auctor
1231 3461 1318 3512 est
1367 3455 1707 3523 Priscianus,
1758 3456 1854 3528 qui

255 3557 409 3613 docet
429 3557 592 3630 quod
606 3555 804 3610 omnia
828 3552 1004 3607 verba
1030 3565 1158 3621 quae
1187 3548 1454 3602 crescunt
1472 3544 1530 3598 in
1554 3545 1856 3615 praeteritis

254 3662 470 3718 semper
506 3646 776 3717 repetunt
804 3657 921 3695 non
939 3641 1124 3693 solum
1158 3635 1411 3708 primam
1435 3636 1855 3688 consonantem

253 3734 341 3788 sed
371 3735 554 3788 etiam
585 3732 834 3804 primam
866 3728 1126 3782 vocalem
1153 3724 1361 3796 primae
1382 3721 1638 3793 syllabae.

320 3825 399 3878 13.
420 3821 686 3877 Tandem
716 3817 1026 3873 dicendum
1053 3818 1140 3868 est
1169 3813 1327 3886 quod
1346 3809 1581 3864 vitando
1600 3811 1856 3864 cavenda

257 3913 332 3964 est
360 3910 581 3966 collisio
623 3925 750 3980 quin
781 3907 926 3961 solet
974 3903 1100 3959 fieri
1129 3903 1216 3956 vel
1267 3897 1740 3972 pronuntiatione
1769 3900 1857 3953 vel

257 4000 450 4071 scripto
494 4001 558 4052 ut
585 4014 652 4050 ve
681 3997 856 4067 (51)...
889 3999 910 4048 ι
947 4009 1070 4054 rex,
1119 4006 1225 4062 pro
1267 4005 1335 4043 eo
1368 3986 1524 4060 quod
1578 3989 1663 4040 est
1717 3988 1859 4040 venit

257 4087 553 4158 praesentis
579 4084 857 4157 temporis
885 4085 1006 4136 tam
1031 4081 1089 4134 in
1122 4079 1312 4151 prima
1331 4075 1578 4149 quamin
1606 4075 1860 4129 secunda

261 4177 463 4245 syllaba
504 4173 802 4247 praeteriti,
837 4171 943 4226 nisi
977 4169 1075 4224 illa
1104 4167 1294 4240 prima
1320 4164 1529 4220 vocalis
1559 4163 1859 4236 praesentis

261 4264 536 4336 temporis
575 4263 720 4330 sita,
772 4264 834 4314 ut
899 4259 1072 4324 tendo,
1125 4255 1362 4322 tetendi;
1399 4269 1575 4325 posco,
1625 4253 1856 4323 poposci,

265 4353 430 4419 tundo,
503 4351 717 4405 tutundi
743 4367 757 4418 ;
785 4347 1034 4420 exceptis
1103 4345 1265 4417 pello,
1329 4341 1555 4414 populi;
1610 4340 1856 4411 spondeo,

263 4440 545 4512 spopondi;
576 4456 710 4495 nam
755 4439 800 4493 si
830 4439 1022 4492 littera
1051 4454 1084 4489 a
1115 4435 1188 4490 sit
1218 4433 1276 4488 in
1308 4431 1596 4503 praesenti,
1629 4445 1860 4500 semper

264 4530 440 4600 prima
469 4530 688 4600 syllaba
710 4525 988 4600 prazteriti
1020 4525 1078 4579 in
1099 4543 1126 4578 c
1147 4521 1394 4590 desinit;
1432 4519 1682 4575 secunda
1723 4535 1859 4573 vero

266 4619 429 4674 modo
484 4618 539 4672 in
579 4635 604 4671 ε
627 4617 990 4690 productam,
1044 4612 1221 4667 modo
1254 4609 1314 4664 in
1344 4610 1369 4664 i
1416 4611 1765 4679 correptam,
1800 4611 1862 4660 ut

267 4706 408 4775 fallo,
472 4707 684 4777 fefelli;
727 4721 914 4776 parco,
963 4702 1217 4774 peperci;
1253 4706 1434 4768 tango,
1489 4699 1673 4767 tetigi;
1706 4712 1859 4762 cano,

271 4800 442 4850 cecini.
481 4795 810 4851 Secundum
842 4791 1172 4862 analogiam
1201 4787 1328 4843 cedo
1350 4786 1519 4841 cecidi
1546 4787 1733 4840 facere
1763 4784 1862 4838 de-

273 4881 406 4953 buit,
441 4885 543 4940 sed
573 4883 863 4954 majorum
894 4879 1234 4935 auctoritate
1263 4879 1490 4930 tantum
1542 4873 1867 4946 penultima

277 4971 658 5045 diphthongus
678 4974 933 5026 mutatur
953 4969 1010 5024 in
1027 4968 1366 5040 productam
1381 4966 1424 5029 i,
1457 4967 1732 5018 manente
1750 4962 1864 5035 pri-

278 5075 366 5115 ore
378 5064 588 5133 syllaba
601 5063 1016 5132 correpta,qnze
1031 5052 1513 5121 antecrevit,sicut
1525 5052 1582 5106 in
1601 5051 1869 5106 omnibus

283 5150 555 5219 ejusmodi
586 5148 926 5222 praeteritis:
958 5147 1028 5201 de
1042 5144 1244 5217 quibus
1262 5143 1320 5196 in
1343 5158 1653 5197 commune
1677 5156 1872 5212 specu-

284 5238 512 5294 landum
535 5243 640 5306 est,
674 5238 830 5311 quod
860 5236 906 5290 si
957 5235 1384 5306 componantur
1441 5247 1544 5301 pro
1577 5231 1870 5285 voluntate

282 5326 1008 5401 scriptorum,inveniuntur
1031 5321 1239 5379 eadem
1252 5324 1746 5377 antecrescentem
1760 5321 1870 5392 syl-

319 5489 598 5570 ,(50)Ηῇῃο
620 5487 948 5570 promiscua
975 5485 1256 5558 scriptura
1293 5484 1480 5550 otium,
1547 5483 1759 5549 ocium;
1793 5481 1872 5535 vi-

289 5563 436 5628 tium,
462 5566 673 5626 victum,
712 5565 821 5618 etc.

355 5624 461 5707 (5i)
493 5624 674 5691 Verba
706 5631 923 5707 aliquot
953 5627 1250 5706 perierunt
1305 5628 1544 5700 propter
1596 5624 1876 5682 abscisam

1961 3176 2096 3227 ante
2128 3170 2498 3225 novissimam
2530 3168 2807 3239 syllabam
2824 3164 3026 3237 prima:
3055 3163 3140 3217 vel
3162 3165 3573 3235 secundmper—

1960 3277 2117 3317 sena:
2148 3259 2406 3332 pluralis,
2435 3256 2645 3327 ubique
2672 3255 2861 3311 brevis
2890 3252 3096 3316 sit,nisi
3124 3255 3351 3306 tantum
3383 3256 3474 3321 sis,
3501 3258 3571 3309 si-

1960 3367 2098 3416 mus,
2129 3351 2265 3415 sitis,
2322 3348 2469 3414 velis,
2502 3346 2744 3411 velimus,
2775 3343 2970 3398 velitis.
3013 3342 3126 3394 Nec
3153 3340 3390 3408 mirum,
3433 3358 3566 3396 cum

1961 3437 2162 3496 omnia
2181 3439 2356 3493 verba
2385 3436 2441 3490 in
2466 3434 2682 3489 eisdem
2706 3431 2844 3489 locis
2869 3448 2903 3486 a
2933 3431 3018 3485 vel
3041 3447 3067 3484 e
3095 3429 3372 3484 habentia
3391 3432 3568 3502 longa

1959 3529 2317 3598 sint,pra:ter
2349 3541 2526 3579 unum
2561 3523 2741 3594 quod,
2774 3521 2889 3575 sive
2915 3519 3156 3590 simplex
3179 3517 3294 3571 sive
3325 3534 3564 3590 compo-

1958 3617 2132 3671 silum
2164 3615 2256 3681 sit,
2283 3614 2350 3667 da
2383 3616 2520 3666 ante
2540 3611 2936 3683 penultimam
2979 3607 3189 3679 ubique
3222 3606 3480 3677 corripit,
3504 3610 3567 3660 ut

1956 3706 2167 3769 damus,
2191 3700 2612 3766 circumdamus;
2641 3704 2700 3754 et
2722 3698 2876 3753 aliud
2906 3696 3061 3768 quod
3091 3698 3176 3750 est
3201 3712 3272 3760 es,
3297 3695 3349 3748 ei
3378 3712 3446 3749 ex
3495 3711 3565 3748 eo

1959 3791 2299 3862 composita,
2341 3789 2402 3843 in
2433 3789 2684 3842 secunda
2707 3802 2960 3856 persona
2998 3785 3169 3838 breve
3198 3786 3304 3836 est.
3335 3783 3447 3837 Nos
3477 3785 3562 3836 ta-

1959 3897 2094 3935 men
2127 3880 2388 3949 regulam
2417 3876 2490 3930 ob
2523 3875 2582 3929 id
2604 3875 2662 3928 in
2713 3872 2969 3946 praefatis
3018 3869 3381 3942 temporibus
3422 3886 3563 3923 con-

1952 3967 2199 4040 junctivi
2231 3961 2874 4036 tloeeipendimus,quia
2893 3960 2951 4013 in
2970 3961 3158 4012 metro
3172 3959 3350 4011 semel
3370 3957 3566 4011 inven-

1959 4061 2083 4112 tam
2113 4054 2345 4109 Tervius
2367 4068 2470 4124 per
2497 4051 2769 4123 systolam
2795 4047 2975 4102 tradit
3021 4044 3348 4116 legendam.
3382 4045 3562 4099 Meam

1963 4143 2213 4215 denique
2238 4140 2749 4212 reprehensionem
2771 4154 2885 4191 non
2903 4134 3080 4206 pudet
3100 4133 3260 4188 vobis
3276 4149 3564 4204 exponere

1963 4233 2061 4306 qui
2093 4249 2224 4286 cum
2253 4229 2565 4302 aliquando
2593 4225 2822 4282 cuidam
2858 4225 3105 4278 fratrum
3135 4222 3389 4288 vestrati,
3433 4237 3566 4293 pre-

1884 4341 1937 4400 D
1963 4320 2172 4378 ferenti
2186 4337 2250 4373 ex
2274 4317 2435 4373 libris
2447 4315 2766 4371 moralibus
2781 4331 2869 4384 my
2878 4312 3238 4376 rmicoleonta,
3267 4327 3566 4365 assensum

1963 4409 2360 4484 praebuissem,
2393 4421 2638 4460 sannam
2669 4421 2868 4474 passus
2889 4400 3230 4457 retieui.Sed
3252 4403 3450 4454 tamen
3472 4399 3566 4453 ille

1963 4501 2008 4556 si
2026 4494 2530 4554 animadvertisset
2546 4493 2604 4548 iu
2624 4492 2830 4548 eodem
2848 4491 2993 4546 libro
3009 4489 3325 4562 genitivum
3342 4489 3566 4557 myrmi-

1963 4588 2230 4652 coleontis,
2255 4601 2373 4640 non
2392 4585 2865 4655 negaretnomen
2882 4577 3288 4651 appellativum
3309 4576 3570 4631 desinere

1963 4679 2024 4734 in
2050 4695 2140 4743 on,
2173 4675 2258 4746 euj
2271 4692 2334 4728 us
2352 4671 2643 4744 genitivus
2673 4670 2851 4725 etiam
2873 4667 3150 4740 simplicis
3167 4666 3572 4722 morcGraacot

1967 4763 2225 4831 assumit,
2255 4765 2317 4816 ut
2351 4761 2487 4830 leon,
2530 4759 2730 4814 leontis.

2043 4873 2126 4927 16.
2163 4872 2292 4926 Hinc
2324 4869 2384 4923 in
2415 4886 2483 4922 on
2500 4865 2883 4922 terminantia
2901 4865 3256 4937 Crieca,quaa
3274 4861 3422 4935 apud
3447 4861 3576 4918 illos

1969 4961 2292 5036 penultiam
2335 4957 2570 5031 genitivi
2628 4955 2958 5028 producunt
2986 4959 3042 5009 et
3071 4954 3412 5026 corripiunt,
3470 4951 3575 5006 ali-

1971 5051 2204 5124 quando
2221 5065 2385 5104 more
2411 5046 2750 5100 Latinorum
2769 5043 3075 5099 nominum
3097 5043 3251 5114 apud
3269 5041 3441 5097 nosin
3457 5057 3487 5096 ο
3505 5041 3576 5094 de

1973 5141 2201 5206 sinunt;
2235 5142 2294 5192 et
2315 5142 2451 5191 tunc
2484 5134 2754 5190 eamdem
2778 5133 3030 5188 litteram
3048 5131 3349 5196 servando,
3370 5128 3428 5182 in
3443 5127 3578 5182 obli-

1973 5229 2102 5302 quis
2131 5227 2354 5282 casibus
2384 5224 2751 5297 producunt;
2779 5239 2983 5293 quam,
3029 5220 3136 5274 nisi
3169 5219 3504 5291 sequeretur
3527 5222 3576 5269 et

1975 5319 2355 5391 corriperent,
2377 5315 2422 5370 si
2449 5332 2483 5370 a
2514 5311 2876 5369 nominativo
2912 5311 2972 5367 in
3002 5327 3071 5366 on
3109 5308 3458 5365 terminante
3482 5321 3576 5361 ve-

1979 5478 2187 5537 codicis
2217 5476 2643 5534 membranam.

1987 5583 1995 5595 -
2053 5553 2158 5626 (52)
2191 5550 2332 5606 Cod.
2354 5565 2441 5622 spe
2469 5555 2669 5606 ratum.
