3862 6172
362 332 457 388 531

408 564 451 600 ιί
460 564 514 601 m
523 564 553 601 Ο
578 563 591 601 ἶ

366 564 553 617 primo
578 564 591 601 :

517 634 773 682 Sidoniam
800 649 928 698 puer
958 634 1032 683 ire
1056 641 1199 698 parat
1219 650 1335 683 mea
1364 636 1591 683 maxima
1638 650 1777 684 cura.

366 714 522 768 Idem
556 714 613 767 in
638 732 687 768 ix
724 732 735 769 :

518 803 717 850 Cratera
751 804 1011 867 antiquum
1039 819 1184 865 quem
1213 805 1301 853 dat
1326 806 1526 852 Sidonia
1556 804 1694 852 Dido.

367 881 613 950 Cretera,
672 891 891 951 statera,
927 886 1213 955 panthera,
1264 903 1363 939 seu
1414 886 1604 939 Graece
1664 902 1763 938 seu
1795 883 1970 937 latine

369 971 748 1039 declinentur,
782 975 1132 1046 penultimas
1161 976 1469 1047 productas
1496 976 1746 1041 invenio,
1798 974 1970 1028 veluti

368 1058 425 1113 in
492 1061 783 1132 superiore
842 1080 1007 1117 versu
1062 1065 1280 1136 Virgili.
1338 1065 1699 1119 Accusativus
1749 1064 1973 1117 ('iratcus

370 1150 551 1204 tertia:
581 1152 979 1207 declinationis
1004 1154 1340 1225 frequenter
1375 1154 1587 1209 desinit
1630 1154 1685 1207 in
1720 1170 1790 1207 (ιε
1825 1169 1970 1219 aera,

366 1239 583 1292 aethera.
618 1239 912 1307 Similiter,
953 1246 1187 1297 auctore
1218 1243 1527 1308 Prisciano,
1564 1241 1763 1295 omnia
1779 1243 1975 1295 Graeca

368 1324 426 1379 in
461 1345 491 1379 (ι
524 1327 867 1396 desinentia,
899 1332 956 1382 et
980 1330 1341 1402 diphthongo
1370 1331 1771 1394 antecedente,
1826 1328 1868 1381 si
1903 1329 1974 1381 ad

369 1416 631 1471 Latinam
656 1417 1105 1473 declinationem
1129 1420 1519 1485 inﬂectuntur,
1550 1420 1790 1473 mittunt
1821 1434 1977 1471 eam-

369 1504 504 1557 dem
536 1505 963 1578 diphthongum
991 1509 1122 1561 etin
1158 1510 1211 1562 ei
1233 1510 1318 1562 vel
1352 1508 1408 1562 in
1441 1511 1461 1561 ί
1491 1509 1821 1579 productas,
1845 1504 1972 1559 Cal-

371 1591 578 1662 liopeia,
628 1592 895 1665 Calliopea
923 1613 936 1663 ;
987 1597 1285 1664 commdeia,
1320 1597 1586 1652 comwdia.
1618 1596 1731 1651 Sed
1757 1612 1887 1650 cum
1916 1595 1974 1648 in

372 1684 559 1735 metro
586 1675 989 1754 'icorripiatur,
1024 1684 1080 1738 in
1104 1689 1486 1755 prosatamen
1516 1686 1836 1739 naturalem
1857 1701 1973 1737 ser-

1394 330 1453 386 S.
1494 328 1787 388 ABBONIS
1826 328 2114 388 ABBATIS
2151 326 2645 388 FLORIAGENSIS

364 455 577 525 nirent,
601 457 663 511 ut
692 455 949 512 Simonet
972 455 1144 523 Simo,
1164 454 1331 510 Sidon
1360 458 1415 510 et
1435 455 1659 511 Si/lo.Vi
1678 456 1881 527 rgilius
1910 456 1968 511 in
1990 464 2044 521 Α

3513 348 3597 404 532

2150 461 2233 512 l8.
2266 459 2425 513 Solet
2474 457 2713 529 quarstio
2767 456 2891 511 fieri
2948 455 3007 511 in
3051 457 3188 513 libro
3239 460 3598 524 Macabmorum

2074 564 2199 618 quae
2232 546 2579 601 constructio
2594 546 2684 613 sit,
2718 554 2767 599 et
2794 548 3085 599 meminerit
3116 552 3389 603 testamenti
3410 555 3605 625 suiquod

2073 635 2275 690 loeutus
2304 645 2375 689 cst
2406 636 2476 687 (ul
2526 636 2830 701 Abraham,
2863 634 3036 703 Isaac,
3093 642 3141 688 et
3166 635 3323 692 Jacob
3374 656 3608 697 servantia

2070 741 2283 779 suorum
2306 725 2569 793 ﬁdelium;
2604 724 2763 795 quasi
2817 723 3003 777 dicere
3052 724 3341 791 debuisset,
3366 728 3427 781 ad
3455 729 3609 783 Abra-

2072 812 2197 865 liam
2226 821 2275 865 et
2290 821 2497 867 Cc'i’lC‘l'OS
2526 830 2646 866 suos
2669 812 2844 881 ﬁdeles
2871 829 3062 865 servos.
3098 812 3207 866 Sed
3234 813 3453 870 dicimus
3482 818 3611 888 quod

2073 919 2313 973 zeugma
2345 906 2448 967 est,
2493 905 2552 956 ut
2589 902 2680 967 sit,
2714 904 3011 955 meminerit
3058 904 3342 955 testamenti
3382 907 3456 957 sui
3499 906 3614 976 quod

2075 991 2279 1045 locutus
2308 998 2402 1058 est,
2434 994 2492 1044 et
2519 994 2757 1059 caetera;
2792 995 2870 1057 et,
2920 991 3212 1043 meminerit
3246 1008 3489 1046 servorum
3516 1011 3616 1048 suo-

2076 1098 2191 1133 rum
2230 1080 2485 1148 ﬁdelium.
2522 1082 2621 1133 Illa
2667 1080 2842 1134 etiam
2892 1079 3233 1134 constructio
3288 1088 3333 1133 et
3371 1098 3619 1136 sermonem

2074 1184 2225 1240 quem
2256 1168 2457 1223 auditis
2473 1186 2577 1221 non
2618 1176 2692 1222 est
2728 1186 2893 1235 meus,
2927 1167 3125 1221 similis
3150 1170 3250 1236 est,
3300 1168 3463 1223 urbem
3489 1187 3622 1240 quam

2074 1262 2250 1309 statuo
2267 1262 2436 1309 vestra
2473 1263 2588 1319 est;
2616 1256 2992 1327 lectionemque
3048 1273 3208 1327 quam
3254 1256 3459 1310 audistis
3507 1258 3626 1312 vobis

2064 1344 2295 1414 prodest.
2327 1344 2459 1408 Qua:
2492 1344 2627 1398 licet
2655 1344 2976 1399 solazcismo
3006 1344 3076 1397 sit
3102 1344 3381 1413 notabilis,
3404 1345 3629 1416 hypalla-

2076 1449 2208 1503 gem
2235 1436 2428 1487 tamen
2459 1433 2709 1504 ﬁguram
2734 1433 2939 1502 exigit;
2974 1435 3035 1485 ut
3064 1432 3203 1487 illud
3234 1450 3246 1487 :

2200 1520 2414 1584 Caesarie
2445 1526 2600 1584 caput
2624 1519 2707 1569 ille
2738 1519 2899 1579 niger,
2936 1520 3034 1584 Pie,
3061 1519 3360 1584 talia‘dicta,

2202 1582 2289 1631 Cui
2316 1580 2585 1644 relegendo
2624 1583 2828 1644 placent
2852 1598 2979 1645 quos
3009 1581 3135 1631 facit
3160 1580 3239 1631 ille
3259 1585 3445 1631 modos.

2150 1667 2235 1718 19.
2272 1663 2787 1734 Comparationum
2819 1663 3064 1733 gradum
3087 1663 3282 1717 dicunt
3302 1662 3633 1734 grammatici

369 1772 1039 1843 vataccentum,cxcepto
1063 1791 1175 1828 uno
1200 1773 1437 1829 nomine
1458 1771 1972 1843 Alexandriaquod
2004 1778 2054 1835 B
2078 1751 2288 1843 servi”?
2310 1751 2812 1843 _5°WPCP‘_11’_13“Y0
2839 1751 3023 1817 casm;
3176 1752 3231 1805 ί¹¹
3256 1752 3523 1843 οΡιξδευιίδ
3547 1754 3639 1804 ΑΠ’

372 1860 430 1911 et
459 1857 798 1913 Alexandrea
828 1861 982 1929 facit,
1018 1863 1169 1916 unde
1198 1863 1476 1934 producta
1498 1862 1820 1934 penultima
1843 1861 1975 1915 dici-

371 1960 499 1999 mus
536 1950 858 2017 psalmodza,
916 1950 1158 2019 meloclia,
1196 1955 1256 2004 ut
1286 1952 1489 2005 saltem
1518 1968 1583 2004 ex
1613 1952 1721 2005 hoc
1780 1951 1975 2004 Graeca

373 2051 492 2087 esse
524 2034 941 2108 intelligantur.
985 2040 1143 2094 Metri
1175 2057 1355 2111 causa.
1379 2044 1573 2094 tamen
1600 2040 1790 2094 brevia
1814 2044 1971 2107 sunt,

372 2122 637 2178 Horatius
668 2125 724 2179 in
754 2126 976 2197 poetica
1001 2143 1013 2181 :

498 2230 701 2280 Effutire
721 2233 853 2281 leves
880 2234 1081 2297 indigna
1109 2236 1354 2298 tragoedia
1377 2250 1553 2283 versus

376 2311 593 2365 Eadem
644 2312 793 2367 dicta
825 2315 937 2368 sint
986 2315 1176 2369 dehis
1224 2318 1280 2369 et
1329 2315 1629 2379 similibus,
1680 2314 1969 2385 spomlosus,

371 2398 678 2469 Matt/cteris,
722 2402 926 2473 platea,
1000 2404 1203 2471 Nic/ra,
1266 2421 1391 2475 quae
1442 2420 1560 2457 non
1612 2420 1730 2457 esse
1779 2403 1978 2457 Latina

374 2492 660 2544 monstrat
688 2492 1084 2560 pronuntiatio
1116 2492 1257 2563 ipsa.
1295 2494 1463 2546 Extra
1518 2493 1665 2546 hanc
1715 2493 1976 2563 regulam

372 2580 507 2632 sunt
536 2577 773 2643 ecclesia,
807 2582 1098 2648 nemnenia,
1131 2584 1189 2634 et
1217 2580 1262 2634 si
1295 2598 1409 2652 qua
1441 2584 1574 2634 sunt
1614 2580 1839 2634 similia.
1887 2580 1973 2633 Si-

374 2665 495 2719 mili
529 2666 703 2721 modo
730 2666 1071 2734 Heliodorus,
1137 2668 1461 2738 Polydorus.
1495 2668 1763 2740 Virgilius
1792 2668 1850 2722 in
1877 2685 1969 2722 1n:

498 2767 590 2813 Fas
619 2781 769 2814 omne
791 2766 1010 2830 abrupit,
1042 2766 1338 2830 Polydorum
1361 2769 1621 2817 obtruncat
1650 2772 1697 2815 et
1721 2781 1861 2827 auro,

370 2846 654 2902 Juvenalis
687 2865 699 2902 :

497 2947 731 2993 Tonsoris
768 2945 920 2994 Licini
941 2946 1034 3008 {53)
1060 2946 1246 2994 damno
1292 2946 1422 3008 rapit
1446 2945 1753 3007 Heliodorus,

372 3025 462 3080 Sic
495 3029 551 3080 et
574 3025 798 3097 reliqua
848 3026 1153 3093 Pandarus,
1207 3026 1573 3082 Gassiodorus.
1637 3028 1697 3080 In
1729 3044 1789 3079 ur
1841 3043 1973 3081 vero

374 3115 673 3186 propriam
702 3115 1086 3186 penultimam
1114 3116 1350 3187 genitivi
1377 3116 1595 3169 habent
1626 3119 1973 3187 correptam.

379 3207 443 3257 ut
474 3203 687 3271 Castor,
718 3203 979 3272 Castoris,
1002 3204 1267 3271 Nicanor,
1297 3205 1626 3259 Nicanorus.

452 3297 535 3347 17.
562 3294 641 3346 De
664 3311 730 3347 eo
760 3293 912 3365 quod
955 3297 1039 3346 est
1066 3294 1170 3359 bos,
1221 3293 1419 3347 scitote
1468 3294 1621 3364 quod
1669 3293 1889 3347 dativus
1923 3295 1979 3347 et

379 3382 657 3436 ablativus
687 3383 935 3453 plurales
955 3382 1136 3435 tertize
1168 3382 1563 3436 declinationis
1591 3384 1917 3436 formantur
1946 3398 1979 3434 a

375 3470 628 3541 genitivo
658 3488 757 3523 suo
790 3470 1085 3541 singulari,
1111 3471 1449 3543 interposita
1482 3472 1567 3537 bu,
1600 3476 1659 3525 ut
1682 3478 1977 3543 pater,pa-

381 3558 890 3626 tribus;sxmiliter,
951 3561 1055 3625 bos,
1114 3561 1252 3613 bovis
1286 3560 1514 3627 boribus,
1568 3561 1727 3631 cujus
1788 3560 1979 3633 prima

379 3647 597 3717 syllaba
614 3646 799 3701 brevis
834 3649 969 3703 dum
988 3665 1299 3719 syncopam
1330 3651 1974 3723 patitur,prolongatur.

379 3734 680 3807 Virgilius:

506 3843 587 3889 lite
615 3857 756 3891 meas
782 3858 949 3892 errare
970 3846 1139 3895 boves.

379 3921 645 3976 Horatius
685 3922 928 3995 Saphico
976 3943 1158 3994 versu,
1211 3926 1369 3997 cujus
1412 3926 1662 3979 secundo
1722 3927 1845 3979 loco
1896 3926 1982 3979 est

376 4010 682 4081 spondmus
714 4030 726 4066 :

500 4119 717 4181 Quaeque
743 4135 830 4168 vos
843 4121 999 4170 bobus
1032 4127 1298 4170 veneratur
1316 4122 1463 4170 albis.

379 4198 617 4252 Putatur
639 4203 833 4254 tamen
869 4214 1093 4256 mutare
1115 4222 1143 4255 υ
1170 4202 1226 4256 in
1259 4221 1315 4268 u,
1340 4203 1477 4256 dum
1514 4203 1867 4274 producitur,
1923 4204 1981 4256 et

378 4285 511 4338 hinc
546 4287 789 4341 buculam
820 4292 877 4341 et
910 4289 1137 4343 bucolica
1168 4291 1422 4344 carmina
1453 4308 1554 4363 per
1584 4310 1615 4343 u
1639 4291 1978 4362 productam

379 4372 701 4427 scribenda.
734 4374 823 4441 0s,
854 4378 1004 4442 ossis,
1055 4383 1110 4432 et
1139 4395 1331 4445 essum,
1382 4381 1503 4446 ossi,
1550 4379 1980 4433 declinaverunt

379 4461 621 4533 antiqui,
652 4465 709 4516 et
738 4463 865 4518 ideo
901 4468 959 4518 ut
988 4466 1401 4521 sitdilierentia
1429 4468 1732 4538 singularis
1763 4471 1819 4521 et
1850 4469 1980 4538 plu-

375 4548 514 4603 ralis
561 4551 807 4617 numeri,
859 4569 962 4623 per
1007 4553 1118 4607 duo
1166 4573 1197 4606 ιι
1259 4555 1514 4609 scribunt
1545 4556 1832 4610 moderni.
1868 4557 1978 4609 Nec

379 4635 595 4692 mirum
626 4655 757 4694 cum
806 4641 1071 4711 Virgilius
1103 4644 1224 4697 sola
1260 4660 1428 4697 causa
1456 4645 1625 4698 metri
1676 4644 1879 4698 dixerit
1919 4644 1978 4698 in

377 4742 476 4780 VIII
507 4744 519 4781 2

497 4815 717 4864 Alituum
735 4818 1071 4881 pecudumque
1098 4832 1252 4880 genus
1282 4834 1433 4881 sopor
1464 4819 1597 4868 allus
1622 4820 1849 4869 habebat.

1098 4860 1124 4880 Ο

370 4903 926 4961 Nccliocreccdata
986 4911 1170 4962 vestra
1224 4908 1507 4963 memoria
1552 4911 1705 4981 quod
1738 4911 1978 4964 nomina

370 4993 659 5064 trisyllaba
691 4998 747 5048 et
791 4995 1080 5066 deinceps,
1131 5014 1379 5069 quorum
1412 5002 1683 5051 extremm
1745 4999 1974 5068 syllaba)

365 5081 649 5153 incipiunt
700 5085 769 5137 ab
799 5103 851 5150 η,
908 5086 1287 5157 peuultimam
1345 5087 1600 5141 habeant
1650 5087 1885 5156 longam
1918 5106 1970 5149 α,

363 5174 448 5224 vel
476 5190 529 5238 ιι,
560 5172 954 5237 terminatam,
976 5178 1036 5227 ut
1065 5176 1371 5241 Garganus,
1410 5176 1675 5239 trioa/ius,
1712 5181 1967 5228 terrenus.

361 5261 740 5333 Excipiuntur
788 5266 1010 5317 tantum
1041 5282 1261 5331 say/ana,
1298 5264 1514 5331 liiyttlta,
1546 5264 1832 5334 oryn‘umus,
1864 5264 1967 5318 Sa-

362 5358 539 5405 tamon
550 5392 562 5404 .

432 5464 541 5525 (ξὶῑῖ)
566 5461 837 5532 Χοιριηυε
858 5458 1152 5529 egregiam
1174 5460 1480 5513 lectionem
1496 5460 1693 5532 Licini,
1712 5476 1815 5532 pro
1832 5478 1961 5532 spu-

356 5530 445 5659 Γίεἰ
469 5534 528 5585 et
557 5531 805 5661 a3b7551rda
860 5538 1067 5587 tantum
1096 5547 1223 5605 qua:
1256 5532 1507 5607 obrepsit
1536 5532 1594 5588 in
1624 5530 1725 5588 ed.
1762 5530 1962 5593 Juven.

356 5617 418 5659 sa
481 5618 558 5661 γι.
650 5616 665 5630 ⁹
690 5641 704 5660 .

354 5616 445 5659 sat
481 5618 558 5674 γι,
579 5616 704 5661 312.

2076 1839 2290 1911 gustini
2308 1839 2419 1909 legi
2435 1840 2589 1910 quod
2610 1839 2654 1892 si
2687 1840 2855 1893 rebus
2875 1839 3637 1910 propositiseumdemcasum

2076 1928 2500 1998 comparativus
2542 1927 2818 1997 junxcrit,
2852 1932 3011 1982 extra
3041 1927 3190 2000 ipsas
3225 1944 3315 1983 res
3363 1928 3466 1982 erit
3510 1925 3643 1997 quod

2075 2015 2229 2071 idem
2260 2017 2472 2087 gradus
2500 2015 2777 2083 intulerit,
2830 2020 2890 2070 ut
2920 2021 3059 2087 puta
3087 2017 3204 2071 sint
3252 2020 3366 2071 tres
3393 2016 3532 2070 docti
3563 2032 3575 2068 :
3603 2013 3640 2068 si

2074 2105 2317 2176 requiris
2343 2104 2469 2176 quis
2486 2104 2564 2158 eis
2596 2104 2818 2158 doctior
2847 2105 2939 2171 sit,
2969 2109 3241 2176 quartum
3270 2106 3463 2176 procul
3493 2102 3643 2158 dubio

2076 2195 2177 2248 tibi
2210 2194 2369 2247 reddi
2387 2194 2575 2264 cupis;
2608 2192 2695 2246 sin
2729 2210 2830 2263 per
2858 2193 3176 2264 genitivum
3212 2193 3339 2265 quis
3368 2208 3560 2246 eorum
3581 2190 3646 2244 sit

2078 2282 2300 2337 doctior
2352 2282 2674 2353 investigas,
2709 2298 2887 2335 unum
2929 2298 2996 2336 ex
3025 2281 3115 2335 his
3146 2281 3331 2335 tribus
3359 2279 3647 2336 doctiorem

2077 2371 2219 2425 scire
2251 2370 2556 2425 desideras.
2592 2370 2887 2437 Quocirca,
2913 2374 2974 2424 ut
3000 2370 3158 2424 idem
3184 2370 3385 2424 doctor
3413 2368 3505 2434 ait,
3536 2383 3649 2421 cum

2078 2459 2451 2513 nominentur
2474 2462 2586 2513 tres
2608 2459 2861 2525 virtutes,
2895 2458 3056 2527 fides,
3091 2473 3245 2529 spes,
3263 2457 3522 2524 Charitas,
3552 2471 3654 2510 me-

2076 2546 2185 2600 lius
2202 2549 2285 2600 est
2312 2547 2500 2601 dicere
2517 2546 2869 2614 neutraliter,
2894 2547 3070 2617 major
3093 2547 3289 2600 horum
3318 2560 3486 2617 quam
3502 2542 3654 2612 major

2078 2635 2157 2688 his
2186 2641 2259 2689 est
2288 2635 2544 2703 charitas,
2564 2639 2625 2689 ut
2650 2651 2768 2689 non
2798 2637 3065 2706 quartum
3090 2628 3654 2704 aliquidintroducas,

2077 2723 2176 2777 sed
2208 2722 2266 2776 in
2298 2722 2470 2777 rebus
2514 2722 2821 2793 propositis
2880 2722 3019 2791 quid
3051 2721 3246 2792 majus
3273 2720 3347 2773 sit
3396 2731 3655 2773 secernas.

2076 2812 2237 2867 Unde
2262 2812 2570 2866 Martianus
2603 2812 2659 2865 in
2687 2811 3020 2883 Philologiae
3066 2809 3313 2883 Nuptiis,
3342 2808 3513 2879 maior
3538 2804 3659 2875 ﬁlio-

2074 2918 2197 2953 rum
2225 2899 2507 2969 Prognass,
2530 2899 2736 2971 inquit.

2147 2992 2207 3043 In
2237 3006 2328 3043 DEI
2352 2991 2873 3061 PALINon1a,quam
2890 2989 3225 3061 composuit
3246 2986 3487 3042 Hilarius
3508 2983 3667 3039 Picta-

2003 3065 2050 3124 C
2078 3078 2260 3132 vensis
2292 3078 2609 3148 episcopus,
2652 3095 2770 3131 non
2796 3079 2957 3149 juxta
2975 3073 3665 3149 quorumdamimperito-

2076 3184 2207 3220 rum
2235 3183 2499 3220 errorum
2529 3168 2843 3236 suscepistis,
2895 3166 2996 3221 sed
3026 3166 3221 3238 potius
3251 3170 3579 3235 suscepturus
3598 3161 3667 3214 le-

2079 3256 2335 3327 gendum
2370 3259 2455 3309 est
2481 3273 2494 3309 :
2530 3256 2611 3308 Tu
2630 3256 2701 3309 ad
2720 3255 3407 3328 liberandumsuscepturus
3426 3252 3672 3307 hominem

2080 3344 2321 3398 Futurus
2350 3344 2506 3398 enim
2539 3344 2825 3416 participii
2850 3344 3182 3413 activi,cum
3197 3344 3462 3416 ejusdem
3480 3335 3674 3411 signiﬁ-

2081 3433 2320 3487 cationis
2351 3434 2520 3486 verbo
2547 3433 3073 3504 junctus,suggerit
3088 3430 3570 3504 consequentiam
3594 3442 3678 3480 cu-

2074 3521 2306 3592 jusdam
2360 3521 2740 3592 competentis
2794 3522 3015 3577 ordinis
3079 3518 3575 3583 conditionaliter,
3622 3513 3676 3566 ut

2080 3611 2164 3663 vix
2199 3610 2463 3682 possibile
2478 3611 2549 3665 sit
2581 3613 2827 3666 alterum
2855 3610 3000 3676 ﬁeri,
3034 3610 3142 3665 nisi
3176 3612 3431 3665 alterum
3456 3621 3677 3681 princes-

2082 3700 2236 3754 serit.
2277 3700 2369 3757 Ut.
2398 3701 2723 3754 Visitaturus
2732 3700 2933 3764 fratres
2950 3699 3264 3769 Angelicos,
3283 3699 3404 3766 03.,
3425 3695 3674 3765 archiepi-

2080 3799 2311 3851 scopum,
2352 3798 2457 3833 non
2475 3782 2659 3859 horrui
2678 3782 2840 3833 maris
2859 3780 3195 3850 periculum,
3232 3783 3346 3835 etc.

2152 3866 2245 3927 20,
2274 3862 2383 3933 (54)
2417 3854 2572 3915 Sicut
2601 3861 2845 3914 lustrum
2891 3860 3196 3915 dicebatur
3229 3860 3484 3931 spatium
3528 3854 3682 3928 quin-

2080 3966 2191 4021 que
2218 3966 2527 4015 annorum,
2549 3948 3031 4020 quoiustrabatur
3061 3949 3223 4015 urbs,
3249 3948 3403 4003 etab
3431 3943 3687 4002 omnibus

2080 4039 2350 4110 gentibus
2378 4039 2703 4093 solvebatur
2730 4036 3031 4104 tributum,
3065 4037 3148 4093 ita
3177 4038 3365 4092 etiam
3420 4032 3687 4107 Olympias

2081 4127 2288 4181 dicitur
2315 4127 2565 4199 spatium
2596 4130 2844 4198 quatuor
2864 4142 3181 4194 annorum,
3215 4125 3381 4199 quod
3402 4124 3688 4179 inventum

2080 4216 2440 4287 temporibus
2470 4215 2617 4271 Ozia:
2635 4214 2945 4269 sacerdotis
2966 4214 3262 4287 exigebat,
3297 4218 3363 4269 ut
3383 4214 3493 4269 hoc
3517 4207 3689 4283 spatio

2081 4310 2313 4376 peracto
2346 4307 2634 4360 solverent
2690 4303 2852 4359 ludos
2892 4304 3013 4359 Jovi
3064 4304 3389 4377 Olympico.
3454 4300 3612 4357 Unde
3640 4298 3692 4351 et

2083 4394 2359 4449 Dominus
2377 4395 2559 4449 fertur
2580 4393 2896 4448 centesima
2917 4394 3313 4464 nonagesima
3335 4392 3511 4447 tertia
3527 4391 3694 4460 olym-

2079 4483 2247 4556 piade
2276 4486 2473 4551 natus;
2507 4487 2564 4536 et
2590 4482 2648 4537 in
2678 4482 2823 4536 libro
2855 4482 2936 4536 De
2958 4482 3126 4537 laude
3157 4482 3466 4553 virginum
3490 4479 3691 4534 ducen-

2080 4573 2286 4627 tesima
2297 4571 2650 4644 sexagesima
2662 4569 2910 4643 septima
2934 4570 3274 4642 Olympiade
3294 4570 3474 4625 fuisse
3493 4567 3696 4624 Diocle-

2086 4663 2306 4717 tianum
2355 4661 2619 4715 novimus
2649 4662 3081 4731 persecutorem
3127 4659 3623 4714 Christianorum.
3651 4657 3695 4708 Α

2082 4752 2270 4822 prima
2287 4750 2441 4805 enim
2468 4747 2797 4821 Olympiade
2821 4747 3101 4820 quidquid
3124 4747 3353 4803 factum
3372 4747 3584 4802 dicitur
3601 4758 3699 4815 per

2081 4837 2517 4911 quaternarium
2550 4836 2951 4907 multiplicata,
2982 4836 3212 4891 numeri
3242 4851 3491 4891 summa
3525 4830 3701 4887 mani-

2078 4929 2339 4994 festatur,
2371 4928 2514 4981 sicut
2551 4927 2610 4980 in
2635 4925 2921 4980 chronicis
2938 4925 3164 4980 dicitur.

2149 5022 2236 5075 2|.
2270 5020 2330 5070 In
2365 5017 2476 5070 fide
2510 5031 2738 5087 quoque
2760 5013 3040 5068 catholica
3070 5030 3252 5086 quam
3279 5017 3542 5070 assertor
3568 5007 3701 5064 veri-

2076 5107 2207 5160 tatis
2234 5106 2413 5159 edidit
2460 5103 2820 5167 Athanasius,
2851 5106 2979 5174 post
3020 5104 3238 5158 multas
3272 5101 3702 5176 persecutiones

2074 5200 2335 5266 repertus
2364 5193 2672 5265 peremnia
2698 5191 3068 5254 orthodoxus,
3100 5209 3252 5246 unus
3291 5192 3604 5247 versiculus
3627 5188 3701 5243 ita

2074 5276 2349 5346 legendus
2373 5277 2457 5327 est
2488 5291 2499 5326 :
2528 5272 2762 5343 Spiritus
2810 5278 3023 5326 sanctus
3052 5290 3085 5325 η
3113 5274 3291 5328 Patre
3329 5280 3382 5327 et
3416 5271 3565 5327 Filio
3603 5286 3703 5324 non

2066 5357 2264 5425 factus,
2314 5373 2405 5409 nec
2459 5362 2683 5421 creatus,
2756 5370 2847 5405 nec
2928 5356 3156 5423 genitus,
3228 5354 3328 5408 scd
3390 5352 3704 5425 procedens,

2137 5466 2252 5529 (ita)
2282 5462 2379 5535 llic
2436 5461 2717 5535 articulus
2742 5465 2834 5528 20,
2867 5461 3163 5535 quomodo
3205 5461 3290 5516 ad
3353 5460 3706 5535 quaestiones

2068 5533 2539 5611 grammaticales
2569 5533 2884 5610 pertineat,
2912 5549 3029 5591 non
3051 5533 3242 5592 video.
