3922 6168
206 428 290 482 533
1270 420 1734 487 QU/ESTIONES
1791 421 2388 479 GBAMMATICALES.
2493 432 2496 435 ’
3391 426 3495 480 353i

202 544 313 598 licet
341 541 493 596 multi
526 557 625 614 pro
651 539 1014 612 simplicitate
1045 539 1376 596 intellectus
1394 540 1482 596 sui
1496 544 1779 597 conentur
1806 550 1861 607 Α
1888 545 2131 615 gaudet;
2159 544 2267 617 'qui
2311 542 2604 598 Trinitatis
2636 559 2751 598 sua:
2800 546 3052 599 assertor
3078 543 3311 611 exstitit,
3353 543 3495 599 dum
3548 596 3551 601 ,

204 631 444 687 abradere
483 630 541 683 id
581 628 735 700 quod
780 632 864 682 est
891 646 981 682 nec
1015 632 1247 700 genitus,
1277 635 1597 701 propterea
1628 632 1783 702 quod
1886 634 2085 687 omnia
2114 633 2173 687 in
2205 650 2469 701 numero,
2502 649 2778 687 mensura
2804 636 2862 687 et
2888 634 3147 704 pondere
3176 632 3492 688 constituit.

203 720 329 792 apud
357 719 490 773 alios
520 716 825 772 catholicos
848 733 996 788 saepe
1030 718 1247 789 legitur
1288 718 1535 789 Spiritus
1574 726 1785 773 sanctus
1886 722 1952 774 Et
1988 721 2117 776 ideo
2146 722 2437 777 Trinitatis
2467 720 2724 794 quodam
2758 721 2933 776 modo
2968 720 3358 775 dill‘ercntiam
3389 737 3495 792 per

201 826 273 861 nec
294 810 504 877 genitus,
533 806 620 859 sed
643 805 945 876 procedens,
994 805 1129 860 licet
1160 807 1331 861 multi
1358 825 1453 861 nec
1485 809 1781 876 ingenitus,
1884 810 2060 865 trium
2110 810 2420 883 imperium
2456 828 2538 878 se,
2579 810 2813 883 paribus
2845 809 3204 877 intermissis,
3246 826 3496 881 sequen-

200 897 270 951 sed
290 904 484 951 tantum
505 895 812 966 procedens.
843 894 947 959 Qui
967 899 1330 951 correctores
1346 896 1392 950 si
1408 899 1784 952 recurrerent
1884 898 2030 954 tium
2051 916 2255 955 censeo
2276 904 2542 955 naturam
2557 900 3253 971 discutiendam;quorum
3272 898 3495 969 primus

198 986 258 1040 ad
290 985 615 1040 interiorem
656 984 852 1056 logica
905 985 1465 1054 considerationem,
1519 986 1780 1057 profecto
1883 987 1955 1042 sit
1988 988 2306 1059 quinarius,
2349 989 2634 1044 secundus
2678 988 3057 1062 septenarius,
3094 988 3294 1043 tertius
3324 1003 3495 1043 nove-

199 1073 607 1147 perviderentin
641 1076 875 1145 utraque
889 1073 1207 1129 assertione
1221 1072 1497 1129 stabilem
1527 1073 1661 1128 ﬁdei
1683 1073 1778 1127 fir-
1885 1077 2100 1144 uarius,
2126 1076 2279 1132 inter
2303 1094 2446 1150 quos
2467 1078 2579 1133 duo
2607 1077 2921 1132 intermissi
2942 1077 3174 1150 signant
3199 1076 3491 1147 duplicem

198 1163 442 1216 mitatem.
475 1162 663 1216 Habet
681 1178 814 1216 sane
839 1162 1041 1217 eadem
1062 1162 1210 1217 fides
1236 1162 1296 1216 in
1329 1161 1639 1216 divinitate
1656 1161 1780 1215 Tri-
1886 1168 2154 1220 naturam
2202 1165 2372 1221 unius
2420 1167 2551 1221 Jesu
2602 1166 2835 1232 Christi,
2868 1166 3145 1238 quoniam
3198 1163 3291 1220 ille
3321 1181 3373 1219 vi
3422 1180 3491 1218 ex

198 1250 359 1305 uitatis
386 1249 542 1322 quod
573 1250 686 1304 alia
716 1238 792 1304 sit
814 1266 1058 1320 persona
1090 1250 1301 1317 Patris,
1335 1250 1452 1304 alia
1488 1249 1634 1315 Filii,
1669 1249 1783 1304 alia
1883 1253 2071 1325 primo
2115 1253 2326 1326 impari
2375 1254 2663 1327 duplicato
2716 1255 3005 1326 perfectus
3053 1252 3239 1308 existit
3270 1270 3283 1307 :
3315 1252 3409 1307 hic
3437 1268 3491 1306 ιχ

197 1337 1781 1411 Spiritussancti,quasproprietatibusinformantcatho-
1881 1358 2016 1397 vero
2051 1359 2117 1398 ex
2147 1342 2337 1414 primo
2388 1343 2513 1414 pari
2563 1342 3002 1416 quadruplicalo
3042 1341 3491 1397 diminutionem

194 1426 285 1493 lici,
305 1443 411 1481 non
440 1426 695 1480 diversas
724 1426 1073 1498 temporibus
1105 1429 1208 1480 aut
1239 1426 1400 1480 locis.
1441 1426 1588 1479 Nam
1622 1424 1778 1496 quod
1883 1431 2088 1503 recipit
2114 1432 2217 1486 sub
2242 1431 2575 1486 ostensione
2608 1431 2823 1487 cubicze
2849 1430 3206 1503 quantitatis,
3229 1432 3291 1483 ut
3307 1425 3493 1499 perfe-

194 1517 336 1570 Pater
362 1532 475 1570 non
510 1518 599 1569 est
640 1514 820 1568 factus
849 1531 952 1569 nec
977 1520 1232 1582 creatus,
1262 1529 1583 1568 commune
1609 1514 1694 1566 est
1723 1510 1777 1567 ei
1883 1524 2038 1576 ctum
2072 1523 2253 1577 Deum
2303 1520 2549 1575 innuant
2593 1522 2764 1593 paulo
2803 1521 2996 1575 minus
3033 1518 3389 1573 minoratum
3413 1514 3489 1568 ab

194 1619 298 1658 cum
321 1603 449 1657 Filio
471 1608 530 1658 et
558 1602 768 1673 Spiritu
792 1607 1003 1671 sancto;
1025 1603 1189 1675 quod
1203 1618 1343 1657 vero
1374 1618 1496 1656 non
1514 1604 1599 1654 est
1619 1599 1777 1671 geni-
1882 1610 2102 1681 angelis
2120 1610 2222 1664 sub
2244 1611 2434 1665 forma
2445 1608 2763 1664 servi.Cum
2784 1609 2977 1681 itaque
2996 1608 3147 1662 infra
3168 1603 3490 1666 denarium,

194 1697 279 1759 ίιιεν
298 1708 604 1747 commune
631 1694 715 1745 est
734 1708 859 1745 cum
883 1692 1098 1763 Spiritu
1119 1695 1349 1757 sancto:
1373 1690 1479 1745 Sed
1503 1705 1620 1743 ηοη
1643 1705 1776 1743 cum
1882 1701 2119 1771 excepto
2144 1698 2492 1770 septenario,
2514 1714 2720 1753 omnes
2745 1697 2972 1752 numeri
3002 1700 3101 1751 aut
3120 1691 3495 1767 gignant,aut

193 1780 332 1847 Filio;
361 1779 513 1851 quod
546 1783 745 1833 autem
775 1779 940 1833 Filius
967 1783 1053 1835 est
1082 1779 1341 1851 genitus,
1374 1776 1573 1833 diﬂ‘ert
1602 1776 1674 1831 ab
1707 1793 1776 1833 eo
1810 1855 1846 1858 _
1882 1789 2225 1858 gignantur,
2265 1788 2474 1842 horum
2521 1786 2987 1858 prescriptorum
3034 1783 3351 1855 imparium
3384 1776 3498 1853 pri-

194 1868 330 1921 Pater
352 1871 407 1922 et
435 1867 709 1938 Spiritus.
745 1865 883 1921 Cum
922 1883 1065 1939 ergo
1100 1868 1279 1922 Pater
1328 1864 1406 1919 sit
1459 1863 1775 1935 ingenitus,
1808 1855 1859 1914 B
1883 1855 2011 1929 inus
2036 1874 2360 1946 εἰδῶμεθά
2378 1891 2496 1931 non
2521 1855 2821 1946 gignitur;
2855 1873 3136 1929 secundus
3162 1865 3495 1944 necgignit,

194 1954 331 2008 Filius
347 1956 596 2026 genitus,
613 1954 992 2026 Spiritusvero
1017 1957 1257 2009 sanctus
1280 1969 1390 2007 nec
1411 1951 1644 2023 genitus
1670 1969 1776 2008 nec
1880 1979 1986 2017 nec
2018 1962 2313 2034 gignitur;
2346 1963 2547 2018 tertius
2582 1967 2779 2018 autem
2812 1961 3091 2033 gignitur,
3124 1959 3225 2015 sed
3250 1975 3385 2016 non
3419 1949 3505 2024 gi-

192 2042 465 2113 ίηεεηίίιιει
513 2047 739 2098 Constat
766 2043 895 2115 quia
935 2060 1043 2098 nec
1091 2045 1287 2108 Pal-81‘,
1323 2057 1435 2095 nec
1474 2039 1648 2094 Filius
1678 2042 1777 2113 (Ιυὶ
1878 2050 2007 2121 gnit
2036 2066 2050 2105 :
2085 2067 2333 2122 quorum
2362 2051 2572 2122 singuli
2605 2051 2812 2123 quibus
2840 2042 3193 2105 conveniant
3229 2036 3515 2120 personis

194 2135 422 2186 neutram
452 2149 656 2186 earum
676 2148 1049 2204 personarum
1082 2130 1489 2187 differentiam
1512 2129 1771 2185 sortitur.
1879 2155 2054 2193 nemo
2083 2139 2309 2194 dubitat
2336 2138 2543 2206 fidelis,
2567 2139 2819 2194 maxime
2852 2154 2984 2194 cum
3010 2136 3277 2209 gentium
3305 2130 3520 2208 philo-

192 2217 333 2274 Sedsi
353 2220 594 2291 Spiritus
623 2223 839 2275 sanctus
878 2237 995 2275 non
1026 2223 1114 2275 est
1154 2219 1415 2292 genitus,
1440 2216 1522 2271 ait
1544 2217 1768 2290 aliquis,
1874 2227 2042 2299 sophi
2076 2232 2317 2300 propter
2362 2227 2754 2300 supradictam
2807 2243 3040 2283 causam
3093 2224 3532 2297 septenarium

191 2309 354 2379 Procul
380 2310 557 2365 dubio
589 2312 672 2364 est
701 2309 1003 2382 ingenitus-
1040 2309 1209 2373 Οιιοά
1240 2324 1362 2363 Ποη
1384 2306 1470 2360 ita
1487 2322 1769 2374 εδδθνοιιηι
1873 2317 2141 2372 Minervae
2156 2318 2546 2386 attribuerint,
2566 2318 2843 2374 etnosilli
2865 2316 3401 2388 sapientim,quam
3429 2332 3534 2372 nu-

190 2398 473 2453 Aristotelis
492 2397 783 2454 sententia
801 2400 1079 2469 reclamat
1098 2397 1319 2453 locutio
1333 2398 1635 2465 consueta,
1656 2413 1771 2469 qua
1873 2407 2161 2462 morando
2189 2411 2435 2474 constat,
2460 2424 2762 2479 nunquam
2806 2406 3132 2479 simplicem
3188 2421 3323 2461 non
3377 2426 3529 2466 esse.

189 2500 273 2538 nos
286 2485 532 2556 patimur
564 2486 737 2540 etiam
765 2487 835 2541 ab
856 2486 1129 2552 inimicis,
1160 2484 1343 2539 levius
1380 2498 1503 2538 non
1534 2498 1655 2537 esse
1686 2501 1771 2540 sa-
1944 2498 2035 2550 23.
2067 2496 2181 2551 sed
2211 2497 2347 2570 quia
2392 2497 2463 2552 de
2518 2497 2626 2564 his,
2689 2501 2753 2552 ιιι
2793 2496 2965 2561 ωηιίο
2992 2495 3174 2550 visum
3215 2497 3342 2564 est,
3388 2500 3531 2560 satis

189 2572 395 2643 pientes,
422 2591 602 2647 quam
629 2575 978 2646 insipientes,
1012 2575 1162 2642 dici;
1198 2578 1257 2628 et
1286 2590 1407 2627 non
1434 2588 1556 2626 esse
1578 2572 1736 2643 justo

1978 2584 2113 2638 serui
2146 2585 2206 2640 in
2242 2587 2495 2641 libellulo
2527 2602 2703 2657 quem
2750 2586 3013 2659 precibus
3058 2584 3317 2640 fratrum
3358 2606 3527 2655 conc-

188 2662 344 2731 potius
370 2679 549 2734 quam
598 2663 856 2734 iniustos,
888 2680 1022 2718 cum
1052 2664 1251 2734 palam
1284 2660 1562 2716 omnibus
1597 2678 1768 2717 causa
1870 2675 1960 2726 tus
1999 2673 2081 2727 De
2132 2691 2399 2741 numero,
2446 2690 2721 2729 mensura
2752 2679 2812 2731 et
2874 2673 3150 2747 pondere,
3189 2672 3353 2732 olim
3400 2684 3519 2743 οάίί

190 2748 494 2805 humilitatis
524 2751 583 2805 id
604 2751 786 2822 ipsum
818 2752 1183 2823 proﬁteatur.
1216 2750 1355 2815 Οιιὶε
1387 2749 1545 2803 enim
1576 2766 1763 2822 mgro-
1868 2777 2042 2833 super
2072 2763 2355 2818 calculum
2403 2762 2637 2817 Victorii
2667 2764 2801 2836 (55),
2830 2763 3043 2819 idcirco
3088 2761 3177 2817 hic
3203 2763 3391 2834 plura
3422 2773 3512 2831 di-

192 2841 280 2904 tus,
303 2857 423 2893 cum
452 2839 598 2894 sciat
622 2857 681 2894 se
707 2858 821 2895 non
852 2858 972 2895 esse
1004 2856 1235 2907 sanum,
1259 2837 1764 2910 patienteraudiat
1867 2867 1998 2905 cere
2029 2852 2347 2921 supersedi,
2378 2868 2451 2906 ne
2496 2851 2792 2923 ριαοιίιίιειε
2835 2851 3185 2907 Chai-nativa;
3227 2853 3500 2924 epistola,

187 2941 232 2979 se
258 2943 361 2981 esse
390 2929 811 2983 insanum?Sic
842 2929 905 2984 ﬁt
928 2933 988 2982 ut
1020 2929 1291 3001 quaedam
1326 2927 1545 2997 absque
1575 2924 1764 2997 priva-
1864 2938 2161 2992 fastidium
2193 2938 2489 3010 ingereret
2518 2940 2747 2994 ιθοιοιιίε
2786 2939 3053 3012 ίὲηᾶνίω,

187 3015 311 3069 tione
331 3020 562 3087 negata,
594 3033 722 3071 vera
748 3017 1046 3088 sint;quee
1096 3015 1411 3089 privatorie
1446 3012 1759 3080 afﬁrmata,
1936 3026 2100 3081 Unde
2156 3028 2413 3097 quodam
2454 3028 2806 3096 compendio
2858 3026 3178 3082 evisceratis
3228 3029 3488 3101 objecta-

188 3116 295 3156 vera
318 3121 432 3158 esse
462 3121 584 3159 non
615 3105 858 3176 possint;
890 3105 1096 3176 quibus
1126 3108 1327 3158 tamen
1363 3101 1683 3175 privatosiis
1712 3121 1736 3155 s

1937 3132 1994 3170 m
2029 3116 2416 3187 quaestionum
2459 3116 2702 3185 intimis,
2753 3134 2894 3189 quas
2932 3121 3115 3172 vestra
3150 3116 3484 3178 fraternitas

186 3189 528 3261 hyperbatice
558 3194 918 3265 superveniat
940 3193 1200 3266 negatio,
1230 3190 1487 3247 restituit
1515 3206 1582 3244 ea
1607 3190 1735 3245 veri

1936 3204 2215 3275 rlegendo
2249 3204 2535 3273 discutiat,
2569 3204 2932 3263 discutienda
2972 3206 3250 3278 perlegat,
3280 3208 3479 3264 termi-

184 3279 266 3332 ίδίί
290 3281 613 3354 aliquanti“
644 3284 793 3337 Nam
831 3283 970 3337 dum
993 3282 1202 3336 dieitur
1219 3282 1290 3336 de
1317 3278 1599 3353 (ΙιίοῙίδθιν
1629 3280 1749 3335 Non
1855 3311 1998 3348 num
2028 3292 2117 3347 his
2148 3292 2457 3366 imponere
2484 3294 2996 3362 decrevi,maxime
3022 3295 3159 3367 quia
3187 3295 3483 3367 disputan-

184 3369 252 3420 est
272 3384 445 3436 sanus,
489 3370 795 3425 addubitat
836 3371 1041 3444 aliquis
1092 3374 1291 3426 utrum
1343 3369 1581 3423 insanus
1618 3369 1733 3422 velil

1959 3381 2196 3454 perveni
2231 3385 2305 3439 ad
2328 3401 2463 3440 eum
2491 3384 2588 3457 qui
2621 3388 2706 3440 est
2734 3383 2966 3439 initium
2999 3388 3059 3440 et
3082 3384 3233 3440 finis.
3255 3385 3481 3455 Valete;

185 3453 426 3564 imit“?
460 3459 528 3514 id
556 3459 709 3514 enim
727 3461 994 3564 Ρ⁰³⁵ἷ¹ἶί¹θ
1016 3463 1103 3564 ait
1127 3458 1494 3564 mnsiqui’i’t
1515 3455 1749 3564 Ϊῗίῗῗτφῖ
1963 3453 1975 3454 ί
2371 3453 2546 3563 Addit
2573 3507 2868 3564 Mabillom'

186 3558 211 3596 ει
232 3514 428 3602 dicente
454 3514 1171 3621 necessariosubjungitur
1189 3514 1456 3620 quia‘nec
1482 3561 1653 3601 sanus
1668 3514 1753 3601 est
2371 3514 2546 3563 Addit
2573 3514 2946 3564 Μαδίίίοηίαδ·

184 3646 268 3686 uec
305 3632 552 3693 insanus.
610 3638 884 3693 Similiter
930 3654 1069 3710 ergo
1120 3637 1259 3692 dum
1297 3636 1426 3691 dico
1473 3634 1753 3706 Spiritum
1855 3632 1900 3689 Ο
1932 3631 2241 3704 Ramesiga
2272 3635 2500 3702 cohors,
2536 3634 2744 3707 amplis
2774 3651 2903 3707 quae
2933 3632 3198 3690 claudere
3229 3636 3472 3708 stagnis,

186 3726 405 3778 sanctum
426 3741 553 3780 non
584 3742 704 3780 esse
734 3726 1017 3798 genitum,
1038 3729 1321 3797 quantum
1351 3723 1426 3779 ad
1450 3723 1753 3779 veritatem
1928 3722 2134 3776 Purior
2166 3722 2375 3795 obryzo
2414 3722 2611 3777 niteris
2641 3740 2765 3778 esse
2794 3725 2933 3778 Deo.

186 3810 389 3881 sufﬁcit;
416 3813 524 3869 sed
552 3814 623 3869 ad
654 3832 855 3869 ansam
875 3814 1179 3870 calumniae
1214 3812 1548 3869 solvendam
1585 3814 1755 3885 proli-
1852 3810 2025 3865 Vasta
2051 3810 2234 3881 palus,
2259 3811 2479 3883 piscosa
2508 3811 2703 3873 nimis,
2737 3828 2838 3866 sua
2859 3811 3138 3883 dyndima
3171 3812 3396 3882 pandit.

185 3896 261 3961 cit,
278 3901 316 3954 si
344 3919 443 3957 nec
475 3903 766 3973 genitum,
800 3920 905 3958 nec
944 3903 1272 3976 ingenitum
1325 3918 1446 3979 esse
1479 3903 1753 3957 tractatus
1929 3901 1998 3955 Ut
2028 3915 2179 3954 nova
2203 3900 2318 3954 sint
2346 3898 2529 3954 eremi
2563 3900 2811 3955 claustra
2843 3902 3075 3972 reperta
3109 3898 3231 3955 tibi.

188 3988 485 4057 patefecerit
521 4009 534 4045 :
558 3992 843 4063 siquidem
864 3992 1106 4065 privatio
1129 3991 1305 4063 exigit
1335 3989 1710 4061 negationem
1734 4008 1750 4058 ;
1855 3988 1999 4043 Nam
2030 4005 2145 4060 qua
2175 3990 2469 4045 corviferae
2495 3987 2791 4058 consurgit
2820 3987 3081 4060 proditor
3109 3987 3330 4058 hydrae,

188 4079 379 4147 negatio
396 4097 538 4135 vero
564 4080 945 4151 privationem
977 4081 1297 4136 necessario
1332 4079 1754 4151 nomine,'quia
1924 4078 2115 4132 Insula
2141 4077 2345 4132 silvoso
2376 4076 2606 4149 gurgite
2638 4075 2877 4146 pulchra
2906 4074 3069 4129 nitet.

188 4177 281 4219 non
307 4183 471 4224 omne
509 4169 664 4241 quod
705 4186 821 4224 non
853 4170 1005 4224 videt
1037 4186 1253 4225 caecum
1282 4172 1386 4237 est,
1410 4184 1542 4222 cum
1574 4184 1750 4223 omne
1852 4170 1922 4224 Et
1946 4185 2060 4241 qua
2085 4165 2441 4238 splendentis
2470 4183 2527 4220 se
2556 4168 2833 4236 mergunt
2860 4166 2987 4219 lora
3016 4163 3226 4233 bootis,

189 4255 312 4322 quod
338 4274 553 4313 caecum
597 4261 681 4313 est
724 4274 842 4313 non
869 4258 1060 4314 videat
1091 4277 1108 4312 :
1136 4261 1194 4313 et
1224 4274 1342 4313 non
1386 4274 1563 4312 omne
1595 4256 1752 4328 quod
1924 4260 2073 4312 Pons
2103 4260 2188 4311 est
2215 4256 2351 4311 inde
2382 4254 2497 4309 suis
2523 4254 2749 4326 pervius
2777 4252 3139 4326 Angligenis.

183 4337 361 4407 justum
378 4363 502 4402 non
528 4350 612 4401 est
630 4346 903 4417 injustum
923 4350 1029 4414 est,
1056 4364 1185 4401 cum
1199 4362 1374 4402 omne
1391 4346 1548 4417 quod
1577 4345 1752 4415 injus-
1855 4348 1978 4413 Qua
2009 4346 2300 4417 Cynosura
2328 4344 2448 4416 poli
2478 4345 2659 4398 ﬁxum
2689 4343 2842 4415 regit
2871 4342 3124 4414 undique
3156 4359 3365 4415 gyrum
3444 4394 3449 4405 ,

189 4429 283 4484 tum
320 4437 417 4503 est,
448 4436 773 4492 necessario
805 4439 1025 4492 constet
1061 4436 1216 4508 quod
1236 4436 1463 4506 justum
1494 4450 1611 4490 non
1642 4436 1747 4488 est.
1923 4434 2254 4507 Anguillosa
2278 4434 2442 4505 palus
2467 4431 2647 4487 nescit
2674 4431 2889 4487 habere
2911 4432 3174 4487 modum.

241 4522 314 4575 2'2.
339 4523 595 4596 Denique
624 4541 755 4579 cum
780 4524 917 4580 talia
945 4525 1197 4596 plurima
1224 4526 1538 4596 suppetant
1575 4539 1747 4595 argu-
1782 4594 1808 4596 Α
1852 4525 2014 4581 Unde
2052 4523 2225 4578 refert
2262 4522 2497 4577 umbras
2518 4537 2667 4593 vaga
2699 4521 2792 4576 lux
2822 4521 3072 4577 Phoebea
3097 4520 3356 4578 sinistras

189 4614 370 4678 menta,
419 4612 559 4668 satis
614 4614 686 4668 sit
733 4614 1047 4669 ostendisse
1090 4614 1149 4668 in
1197 4613 1474 4679 numeris,
1502 4628 1751 4684 quorum
1781 4594 1830 4652 D
1922 4614 2096 4668 Terra
2120 4615 2299 4682 patet,
2327 4611 2483 4666 nullo
2518 4608 2854 4665 continuata
2876 4609 3042 4665 vado.

189 4693 486 4757 doctriualis
502 4704 789 4759 sententia
810 4701 1474 4775 multiplicitersuggerit
1496 4702 1752 4757 rationes
1851 4703 1969 4758 Huc
1995 4718 2089 4756 me
2110 4701 2257 4756 forte
2285 4700 2415 4755 dedi
2448 4698 2664 4772 ignotis
2690 4698 2925 4771 ignotus
2972 4699 3247 4768 alumnis,

192 4784 1749 4866 physicasﬂonstatnimirumquianumeroDeusimpare
1923 4791 2095 4859 Quos,
2124 4790 2429 4847 Benedicte
2456 4791 2647 4857 Pater,
2673 4788 2808 4860 jure
2837 4790 3003 4843 tuere
3026 4804 3218 4861 paras.

245 4948 339 5034 (:55)
366 4954 647 5034 _Prolixum
701 4957 786 5034 est
834 4971 1021 5027 neque
1041 5025 1051 5034 .
1070 4955 1257 5034 adhuc
1312 4954 1607 5034 vulgatum
1638 4953 1751 5034 hoc
1849 4952 2042 5034 grauis
2071 4952 2246 5034 lentis,
2275 4950 2392 5006 licet
2418 4950 2700 5032 Vincimus
2728 4950 3057 5034 Totoswps
3081 4951 3135 5003 in
3166 4952 3276 5005 suis
3304 4965 3462 5022 opus-

195 5018 412 5099 ftbbo'nis
432 5043 603 5099 ropus,
636 5026 802 5099 quod
820 5018 1192 5099 ego'quidem
1222 5026 1287 5099 in
1304 5018 1541 5099 antiquo
1555 5024 1770 5099 codice.
1851 5018 1984 5099 culis
2013 5030 2214 5079 asserat
2234 5018 2455 5099 pensari
2491 5024 2844 5099 r_v11,_grqnis
2872 5022 3074 5099 hordei,
3102 5018 3466 5099 annumérgns

196 5087 373 5173 lego,e_t
395 5087 698 5173 aliquando
719 5087 1138 5173 editurussum.
1164 5087 1744 5173 Perbonaminterim
1855 5098 1962 5173 tria
1987 5113 2160 5173 grana
2205 5087 2432 5173 singulis
2457 5087 2696 5173 siliquis}.
2727 5093 2892 5157 Quod
2932 5093 3463 5173 autemnsupradic-

199 5163 243 5240 {lg
266 5179 323 5240 eo
347 5163 586 5240 legendo
608 5168 767 5223 hausi
786 5169 1071 5235 notitiam,
1092 5168 1248 5240 quod
1280 5183 1490 5238 nempe
1505 5168 1668 5222 Abbo
1696 5171 1754 5240 et
1852 5163 2004 5221 tum‘
2024 5166 2421 5240 testimonium
2455 5164 2512 5219 in
2556 5163 2728 5219 editis
2759 5181 2792 5219 a
2829 5181 2920 5219 me
2950 5164 3170 5240 Virgilii
3213 5163 3466 5235 epistolis

200 5227 467 5311 Virgilium
492 5242 954 5310 grammaticum,
979 5257 1011 5294 a
1034 5227 1130 5294 me
1158 5255 1310 5294 nunc
1333 5227 1749 5311 vulgatumta),
1854 5237 2388 5311 grammaticalihus
2420 5252 2543 5311 non
2585 5240 2867 5311 occurrat,
2912 5236 2991 5311 ni_l
3036 5227 3273 5301 mirum;
3305 5250 3466 5311 nam-

198 5315 298 5423 ἥττω
324 5304 578 5365 manilius
612 5312 877 5378 habebat,
921 5304 979 5365 et
1009 5312 1160 5383 quod
1209 5304 1472 5381 ejusdem
1502 5304 1753 5381 patriam
1853 5304 1963 5381 que
1976 5313 2033 5363 et
2052 5308 2163 5363 alia
2188 5308 2464 5363 exstitisse
2484 5307 2700 5380 Virgilii
2729 5308 2939 5381 scripta
2955 5307 3026 5362 de
3045 5322 3108 5361 re
3130 5304 3470 5378 grammati-

233 5376 421 5423 Oinsam
453 5397 566 5423 ρςερ
598 5382 801 5423 eninhat
862 5382 1139 5423 nnhicnnn
1184 5382 1371 5423 ineniiq
1428 5381 1752 5423 oralieeimn
1854 5396 1916 5423 nn
1954 5380 2183 5423 enilnnyzi

233 5376 424 5454 olosam
453 5397 566 5454 esse
597 5382 828 5449 sciebat,
862 5376 1139 5454 nobisque
1179 5376 1371 5454 insciis
1426 5376 1752 5454 gratissime
1854 5376 1921 5437 (ἵει
1952 5380 2185 5436 scimus.

200 5449 555 5512 patefecit.Sic
581 5454 737 5509 enim
764 5454 924 5510 Abbo
952 5471 964 5509 :
990 5449 1249 5526 scrupulus
1286 5449 1609 5527 appehditur
1636 5469 1746 5511 xw.

259 5582 325 5657 (α)
356 5588 569 5649 Classici
602 5595 881 5662 auctores,
910 5592 977 5665 V,
1014 5592 1140 5662 init.
