3922 6168
454 428 563 490 835

1483 410 1542 484 's.
1572 406 1867 483 ABBON‘IS
1905 406 2198 482 ABBATIS
2238 401 2738 482 FLORIACENSIS
3428 496 3431 498 η
3646 416 3738 483 sic

1162 701 1969 850 SANGTI
2087 694 3041 847 ABBONIS

1703 942 2546 1085 EPITOME

665 1208 856 1386 DE
914 1204 1152 1385 XCI
1210 1195 2161 1383 ROMANORUM
2225 1196 3132 1378 PONTIFIGUM
3191 1193 3580 1375 VI'I‘IS

463 1511 524 1570 E
546 1510 718 1569 libro
748 1510 831 1568 de
853 1507 1019 1567 vilis
1046 1508 1524 1567 Romanorum
1544 1502 1953 1576 pontiﬁcum
1978 1503 2097 1574 qui
2118 1499 2491 1559 Anastasio
2519 1499 3043 1559 Bibliothecam'o
3072 1492 3416 1559 tribuitur
3433 1499 3758 1571 desumpta

1066 1587 1133 1647 et
1162 1599 1346 1644 nunc
1359 1587 1676 1656 primum
1704 1597 1795 1643 em
1822 1581 2091 1642 vetusto
2116 1594 2245 1639 ms.
2279 1581 2423 1640 cod.
2453 1582 2526 1638 in
2555 1581 2775 1638 lucem
2803 1580 3178 1639 vindicata.

461 1746 539 1801 Ex
572 1744 824 1800 editione
857 1742 945 1797 cui
979 1740 1173 1795 titulus
1203 1756 1215 1792 :
1242 1737 1522 1794 Anastasii
1557 1734 1619 1791 S.
1651 1734 1723 1789 R.
1757 1734 1832 1789 Ε.
1869 1730 2278 1787 ΒὶὐιίοίΙιεοανΙι
2320 1731 2569 1786 Historia
2608 1731 2674 1787 de
2726 1732 2864 1785 Vitis
2904 1731 3282 1786 Romunorum
3321 1731 3621 1802 pontiﬁcum
3646 1749 3675 1784 a
3697 1728 3757 1785 B.

532 1816 697 1873 Petro
728 1813 965 1885 apostolo
998 1828 1162 1885 usque
1191 1808 1575 1885 adivit-oleum
1596 1805 1645 1885 1_,
1671 1823 1953 1885 nunquam
1968 1805 2605 1885 [tacte/tus'typis'excuse
2624 1803 2857 1885 ;‘dez'nde
2895 1801 3334 1885 VitanHa‘driani
3364 1801 3425 1885 Ῑζ
3449 1808 3497 1884 et
3529 1801 3761 1885 ᾷτερὴαηί

541 1887 643 1953 VI,
675 1873 888 1941 auctore
911 1873 1197 1938 Guillélmo
1229 1879 1693 1953 Bibliothecarm;
1721 1873 2156 1953 era—Bibliotheca
2187 1873 2600 1953 MarchVelseri
2626 1874 2963 1953 Augustam
2975 1873 3062 1953 _R.
3102 1874 3178 1953 Ρἶ
3230 1874 3328 1953 i_ll_._
3358 1875 3488 1953 piri.
3517 1873 3761 1928 Accessere

530 1944 696 2013 varia»
728 1957 989 2023 lectiones,
1012 1958 1122 2009 etc.
1157 1984 1225 1994 —
1258 1953 1401 2007 Data
1432 1952 1517 2005 est
1536 1947 1711 2005 editio
1742 1948 2051 2020 Moguntiaa
2078 1963 2234 2001 anno
2268 1948 2405 2003 1602
2434 1945 2492 1999 in
2520 1944 2939 2017 typographeio
2968 1945 3213 2001 Joannis
3238 1944 3481 2015 Albini.)

1680 2246 2562 2354 EXCEBPTUM

466 2430 561 2492 De
614 2426 817 2504 gestis
853 2428 1304 2487 Romanorum
1352 2419 1875 2504 pontiﬁcumex
1912 2417 2163 2504 tibello,
2192 2418 2306 2504 qu_i
2351 2416 2643 2504 continet
2668 2419 3362 2504 gesta__Romanorum
3405 2420 3755 2504 pontiﬁcum

514 2542 517 2545 -
546 2494 695 2587 quae
746 2506 827 2567 de
863 2494 1422 2587 singuliseoruin
1462 2515 1581 2587 suo
1604 2498 1859 2587 crdine
1905 2499 2100 2587 utilia
2151 2494 2432 2587 posteris
2453 2494 2779 2587 judicavit
2802 2498 2967 2559 Albo
2991 2497 3150 2587 (sic)
3181 2494 3450 2587 Floriac
3478 2501 3760 2587 [erasum

466 2577 624 2652 erdt
652 2591 726 2647 in
754 2600 883 2646 ms.
919 2577 1252 2653 M'onachi,
1298 2584 1406 2642 vel
1424 2579 1701 2654 abbatis]
1740 2578 2033 2639 breviter
2062 2594 2140 2639 ac
2170 2578 2429 2639 utiliter
2455 2577 2805 2654 decerpsit,
2853 2577 3131 2641 secutus
3144 2577 3502 2643 veritatem
3524 2581 3757 2642 Damasi

546 2671 862 2730 Romanae
886 2663 1195 2727 Ecclesiae
1214 2659 1581 2737 Pontiﬁcis,
1608 2659 1721 2736 qui
1750 2657 2054 2722 eumdem
2082 2657 2382 2719 libellum
2403 2656 2668 2735 scripsit
2693 2659 2932 2735 rogatu
2954 2660 3346 2737 Hyeronimi
3362 2661 3598 2723 divina
3613 2659 3759 2736 legis

546 2746 953 2826 interpretis.

1931 2865 1966 2883 ἣ

1250 3003 1293 3058 Ι.

543 3113 750 3169 Beatus
793 3115 1027 3179 PETRUS,
1070 3110 1340 3183 princeps
1387 3106 1821 3180 Apostolorum,
1872 3105 2075 3162 Antio-

472 3203 711 3273 chenus,
768 3203 919 3259 ﬁlius
973 3199 1232 3267 Joannis,
1281 3196 1591 3269 provinciae
1643 3194 1892 3263 Galileas,
1952 3195 2075 3252 vico

475 3291 799 3360 Bethsaida,
831 3293 1016 3347 frater
1061 3288 1333 3353 Andreas,
1366 3285 1621 3357 primum
1651 3284 1841 3339 tenuit
1880 3284 2074 3340 cathe-

477 3378 645 3435 dram
676 3379 1049 3451 Episcopatus
1071 3377 1129 3431 in
1160 3374 1465 3430 Antiochia
1496 3373 1663 3429 annis
1691 3379 1745 3428 7.
1778 3375 1836 3427 et
1864 3375 1996 3444 post
2015 3373 2075 3428 in

476 3470 619 3525 urbe
646 3471 832 3525 Roma
877 3466 1045 3523 annis
1093 3468 1182 3521 25.
1232 3462 1527 3519 mensibus
1575 3466 1630 3517 2.
1665 3461 1865 3517 diebus
1893 3464 1944 3519 3.
1978 3462 2077 3518 Hic

477 3558 764 3614 ordinant
812 3560 930 3612 tres
982 3553 1311 3627 Episcopos,
1361 3552 1588 3617 Linum,
1621 3550 1844 3605 Cletum
1872 3552 1930 3605 et
1960 3552 2080 3607 Cle-

478 3650 762 3706 mentem.
805 3664 871 3701 ex
893 3645 1121 3718 quibus,
1147 3641 1319 3697 Linus
1334 3643 1391 3695 et
1421 3641 1611 3696 Cletus
1637 3640 2080 3712 praesentialiter

477 3752 653 3792 omne
682 3735 1071 3791 ministerium
1103 3730 1460 3787 sacerdotale
1495 3729 1554 3784 in
1592 3729 1735 3783 urbe
1762 3729 1946 3783 Roma
1973 3744 2076 3799 po-

474 3825 612 3897 pulo
644 3823 1069 3896 supervenienti
1103 3820 1515 3883 exhibuerunt,
1548 3818 1685 3874 dum
1724 3818 1844 3890 ipse
1877 3820 2079 3875 Petrus

476 3914 726 3970 orationi
778 3917 837 3969 et
890 3909 1286 3984 prmdicationi
1332 3912 1576 3964 vacaret.
1628 3908 1911 3964 Clementi
1944 3926 2078 3965 vero

475 4004 839 4072 cathedram,
889 4004 975 4058 vel
1016 4002 1325 4056 Ecclesiam
1378 4013 1618 4052 omnem
1655 3996 2078 4069 disponendam

472 4092 781 4149 commisit.
814 4095 937 4148 Post
976 4092 1097 4145 haec
1132 4085 1412 4157 martyrio
1440 4102 1572 4141 cum
1612 4086 1787 4141 Paulo
1833 4102 2075 4142 corona-

471 4185 567 4238 tur
595 4186 727 4255 post
746 4181 1071 4254 passionem
1118 4176 1375 4243 Domini,
1410 4192 1563 4231 anno
1596 4177 1683 4230 38.
1732 4179 1790 4230 et
1822 4177 2077 4248 sepultus

469 4273 559 4326 est
585 4271 677 4326 via
700 4270 931 4325 Aurelia
957 4269 1015 4323 in
1074 4267 1292 4336 templo
1348 4264 1630 4337 Apollinis
1671 4265 1837 4335 juxta
1881 4266 2073 4321 locum

468 4358 569 4414 ubi
591 4358 897 4414 crucifixus
917 4358 1023 4419 est,
1048 4354 1106 4409 in
1136 4354 1434 4422 Vaticano,
1468 4358 1499 4410 3
1538 4353 1777 4409 Kalend.
1810 4353 1962 4414 Julii.

1230 4500 1296 4553 Il.

538 4615 726 4678 LINUS,
772 4614 1006 4670 natione
1066 4612 1257 4679 Italus,
1309 4611 1565 4684 regionis
1612 4611 1847 4679 Tusciae,
1904 4613 2068 4683 patre

462 4703 807 4770 Herculano,
836 4702 985 4757 sedit
1009 4700 1174 4756 annis
1214 4704 1297 4758 Η.
1328 4701 1625 4756 mensibus
1644 4704 1698 4755 3.
1732 4700 1932 4756 diebus
1984 4704 2066 4759 l2.

459 4794 532 4848 Et
555 4792 851 4848 constituit
878 4795 939 4846 ut
967 4790 1176 4846 mulier
1206 4790 1265 4845 in
1321 4790 1625 4845 ecclesiam
1656 4790 1840 4845 velato
1882 4790 2068 4863 capite

461 4880 763 4950 introiret;
829 4879 1221 4952 martyrioque
1294 4882 1605 4935 coronatus
1673 4878 1929 4950 sepultus
1981 4882 2067 4933 est

449 4968 617 5040 juxta
646 4985 852 5042 corpus
875 4970 936 5024 Β.
968 4967 1119 5024 Petri
1165 4969 1223 5023 in
1272 4967 1567 5036 Vaticano,
1607 4966 1711 5022 sub
1744 4965 1836 5023 die
1868 4968 1919 5027 9.
1955 4968 2063 5022 Ka-

453 5055 615 5115 lend.
649 5056 879 5114 Octobr.

1211 5202 1299 5256 Ill.

527 5319 756 5385 Οιιετυβ,
785 5316 1021 5373 natione
1051 5319 1364 5385 Romanus,
1416 5317 1486 5373 dc
1529 5318 1769 5390 regione
1819 5320 1921 5375 vici
1962 5336 2060 5392 pa-

449 5406 614 5473 tritii,
668 5410 832 5478 patre
880 5406 1212 5474 i‘Emiliano,
1258 5406 1406 5461 sedit
1434 5407 1602 5461 annis
1650 5411 1734 5465 l2.
1764 5425 1965 5465 mense
2000 5413 2046 5465 l.

2097 3004 2153 3061 A

2930 3000 3017 3057 IV.

2251 3086 2522 3156 CLnusus,
2557 3088 2796 3145 natione
2836 3091 3153 3161 Romanus,
3206 3094 3281 3149 de
3322 3091 3565 3165 regione
3604 3085 3751 3145 Czelio

2178 3181 2403 3245 monte,
2436 3195 2504 3233 ex
2533 3181 2697 3249 patre
2723 3179 2989 3236 Faustino
3016 3181 3164 3237 sedit
3190 3183 3384 3251 annis,
3414 3184 3465 3237 9.
3506 3194 3674 3235 mens.
3705 3180 3751 3231 2.

2181 3265 2381 3321 diebus
2414 3269 2499 3321 10.
2528 3268 2595 3321 Et
2622 3267 2757 3322 fecit
2785 3268 2925 3324 duas
2949 3270 3242 3342 epistolas,
3289 3288 3421 3346 quas
3473 3265 3748 3324 Catholicae

2181 3354 2579 3411 nominantur.
2609 3355 2709 3411 Hic
2738 3356 2880 3412 dum
2922 3360 3235 3416 nonnullos
3284 3360 3463 3416 libros
3492 3356 3606 3413 zelo
3634 3351 3747 3408 ﬁdei

2183 3443 2518 3500 Christianas
2547 3444 2840 3518 religionis
2868 3446 3242 3518 adscriberet,
3271 3448 3468 3506 exsilio
3494 3444 3754 3516 relegatus

2183 3536 2287 3596 est,
2320 3534 2711 3606 martyrioque
2758 3539 3087 3605 coronatus,
3135 3540 3506 3610 sepultusque
3543 3534 3600 3588 in
3628 3531 3754 3585 Grai.

2181 3621 2290 3689 cia,
2323 3623 2377 3680 8.
2410 3623 2653 3681 Kalend.
2688 3624 2958 3681 Decemb.
3016 3629 3075 3680 et
3124 3627 3364 3683 cessavit
3410 3621 3749 3698 Episcopatus

2182 3711 2304 3766 dies
2334 3713 2391 3765 2t
2410 3751 2423 3765 .

2949 3803 3015 3860 V.

2251 3891 2597 3954 Anauros,
2627 3890 2867 3947 natione
2898 3892 3142 3961 Graecus,
3173 3894 3245 3949 de
3274 3892 3531 3959 Athenis,
3574 3905 3635 3944 ex
3669 3900 3751 3957 pa-

2181 3980 2271 4033 tre
2294 3978 2602 4042 Antiocho,
2624 3979 2772 4035 sedit
2795 3981 2960 4036 annis
2990 3983 3042 4037 9.
3073 3998 3263 4041 mens.
3292 3989 3350 4042 2.
3384 3982 3530 4039 dieb.
3560 3980 3640 4033 t0.
3663 3969 3745 4046 qui

2182 4070 2240 4123 et
2292 4067 2640 4123 memoriam
2690 4069 2750 4126 Β.
2804 4069 2956 4124 Petri
2985 4071 3247 4141 Apostoli
3298 4067 3627 4128 construxit.
3663 4059 3745 4117 ubi

2179 4158 2376 4210 tamen
2409 4157 2468 4210 et
2510 4155 2629 4229 ipse
2668 4158 2925 4229 sepultus
2952 4160 3038 4213 est
3068 4158 3235 4230 juxta
3281 4177 3486 4235 corpus
3515 4157 3644 4230 ejus.
3688 4149 3745 4203 Ει

2178 4244 2418 4299 cessavit
2446 4244 2817 4317 Episcopatus
2838 4245 2961 4302 dies
2995 4249 3081 4306 l3.

2940 4346 3027 4400 VI.

2247 4434 2568 4501 EVARISTUS,
2601 4434 2837 4490 natione
2862 4435 3108 4504 Graecus,
3135 4453 3204 4492 ex
3237 4441 3397 4511 patre
3426 4435 3629 4498 Judmo,
3649 4441 3737 4482 n0°

2178 4522 2335 4577 mine
2365 4522 2530 4591 Juda,
2577 4523 2648 4578 de
2688 4523 2912 4579 civitate
2954 4525 3313 4597 Bethlehem,
3342 4526 3489 4584 sedit
3514 4517 3665 4578 annis
3690 4517 3734 4569 9.

2176 4627 2362 4667 meus.
2398 4614 2477 4667 10.
2517 4611 2667 4667 dieb.
2701 4617 2753 4669 2.
2788 4613 2885 4667 Hic
2912 4612 3106 4669 titulos
3134 4614 3193 4670 in
3226 4616 3369 4672 urbe
3416 4617 3588 4669 Roma
3614 4602 3735 4661 divi-

2172 4699 2264 4769 sit,
2291 4703 2349 4755 et
2376 4706 2430 4755 7.
2455 4700 2728 4757 diaconos
2754 4702 3058 4770 ordinavit,
3085 4704 3185 4776 qui
3213 4703 3563 4761 custodirent
3595 4692 3733 4765 Epis-

2170 4804 2378 4861 cOpum
2410 4790 2846 4863 praedicantem,
2878 4796 3117 4865 propter
3153 4795 3368 4866 stylum‘
3395 4786 3648 4849 veritatis.
3678 4778 3736 4834 Et

2169 4880 2422 4950 sepultus
2447 4882 2533 4935 est
2552 4879 2716 4951 juxta
2736 4897 2941 4953 corpus
2967 4883 3028 4937 Β.
3062 4882 3217 4939 Petri
3242 4881 3516 4958 Apostoli.
3545 4879 3605 4933 Et
3630 4885 3731 4928 ces-

2136 4966 2310 5023 ‘savit
2338 4966 2706 5041 Episcopatus
2731 4969 2851 5026 dies
2885 4972 2969 5026 18.

2909 5070 3022 5127 VII.

2235 5162 2585 5235 Anaximene,
2615 5161 2850 5235 natione
2876 5162 3200 5235 Romanus,
3219 5179 3288 5218 ex
3313 5167 3472 5235 patre
3506 5157 3719 5235 Alexan-

2168 5232 2292 5298 dro,
2329 5233 2401 5288 de
2425 5232 2663 5305 regione
2695 5234 2879 5305 Caput
2908 5233 3076 5288 tauri.
3108 5233 3257 5289 sedit
3278 5232 3442 5290 annis
3469 5233 3722 5287 αλπηειος.

2162 5320 2216 5374 d.
2244 5326 2294 5376 2.
2326 5321 2425 5376 Hic
2445 5321 2741 5377 constituit
2764 5337 2975 5394 aquam
3005 5322 3316 5395 sparsionis
3342 5338 3470 5379 cum
3511 5317 3616 5373 sale
3638 5310 3717 5365 be.

2160 5408 2350 5465 nedici
2398 5410 2456 5465 in
2501 5410 2838 5466 habitaculis
2885 5409 3211 5468 hominum.
3243 5410 3350 5477 Qui
3380 5408 3616 5482 sepultus
3639 5398 3711 5453 est

446 5496 648 5553 diebus
715 5500 798 5551 tl.
853 5495 1237 5568 Martyrioque
1290 5500 1621 5565 coronatus,
1672 5499 1926 5569 sepultus
1968 5502 2054 5554 est
2157 5498 2247 5553 via
2276 5499 2661 5567 Numentana,
2691 5501 2786 5556 ubi
2816 5500 3128 5556 decoliatus
3160 5502 3359 5569 est,ab
3390 5500 3522 5557 urbe
3559 5494 3717 5548 Βοωι

437 5588 603 5659 juxta
628 5602 837 5661 corpus
867 5586 928 5641 Β.
963 5584 1138 5653 Petri,
1172 5586 1224 5640 6.
1271 5585 1512 5645 Kalend.
1544 5585 1736 5643 Maias.
1769 5589 1836 5644 Et
1864 5604 2049 5646 cessa-

441 5676 523 5737 vit
550 5673 925 5752 Episcopatus
955 5673 1155 5731 diebus
1185 5675 1272 5732 30.

2154 5604 2273 5644 non
2305 5588 2477 5661 longe
2508 5588 2776 5645 milliaria
2824 5594 2878 5647 7.
2910 5592 2964 5663 5,
3009 5606 3152 5659 non,
3200 5588 3348 5649 Maii.
3397 5592 3463 5649 Et
3510 5572 3716 5643 cessavit

2153 5676 2529 5755 Episcopatus
2560 5678 2699 5736 dies.
2732 5680 2822 5736 35.
