3940 6166
169 329 251 389 549

1144 302 1546 371 EXCERPTUM
1571 303 1672 361 DE
1701 303 1995 362 GESTIS
2025 304 2193 364 ROM.
2227 305 2422 367 PONT.

3375 316 3482 376 330

168 453 302 527 patre
317 446 586 519 Projecto,
606 440 675 499 de
704 438 870 498 Caelio
894 438 1119 503 monte,
1135 433 1280 527 sedit
1298 431 1523 527 annis2.
1551 444 1717 484 men-
1736 432 1794 488 A
1826 429 2018 527 r‘lvutu
2042 427 2230 486 divino
2247 429 2615 504 exstinguitur
2647 431 3051 506 Theedatus,et
3080 435 3333 496 elevatur
3366 456 3469 497 rex

168 522 355 596 sibust.
386 536 574 592 diebus
593 537 645 587 6.
677 532 887 586 Eodem
918 532 1180 597 tempore
1210 522 1576 578 Justiniamus
1601 522 1712 572 Au-

169 634 346 700 gustus,
374 625 455 678 vir
486 622 772 693 religiosus
798 631 1035 672 summo
1061 630 1256 668 amore
1280 610 1611 667 Christiana:
1634 624 1718 662 re-

168 698 359 787 ligionis
406 712 555 767 misit
584 711 751 763 fidem
795 722 960 760 suam
1024 702 1291 775 scriptam
1338 698 1720 770 chirographo

170 802 365 875 proprie
398 801 467 855 ad
497 799 688 854 sedem
720 793 1103 867 Apestelicam
1132 808 1234 863 per
1251 790 1559 863 Episcopus
1585 789 1723 858 Epa-

169 893 303 956 tium,
333 894 385 943 et
411 887 782 942 Demetrium.
817 882 1086 954 Sepultus
1123 883 1210 933 est
1240 883 1437 932 autem
1481 879 1731 932 Joannes

168 982 290 1051 Papa
317 978 370 1031 in
403 976 631 1030 basilica
662 975 719 1027 Β.
760 971 911 1026 Petri
943 967 1225 1040 Apostoli,
1274 970 1329 1021 6.
1366 966 1607 1021 Kalend.
1638 966 1732 1019 Ju-

166 1068 277 1123 nias.
310 1067 369 1121 Et
387 1064 621 1119 cessavit
648 1062 1015 1136 Episcopatus
1047 1057 1168 1112 dies
1191 1059 1246 1110 6.

858 1148 982 1202 LIX.

220 1249 484 1310 AGAPITL’S,
520 1241 748 1295 natione
779 1240 1090 1303 Romanus,
1125 1251 1192 1289 ex
1229 1238 1395 1306 patre
1446 1231 1739 1287 Gordiano

162 1335 454 1409 presbytero
488 1331 564 1385 ad
612 1332 829 1384 sanctos
856 1328 1142 1381 Joannem
1187 1327 1248 1376 et
1298 1322 1566 1385 Paulum,
1596 1318 1758 1372 sedit'

162 1406 369 1477 inensib.
397 1423 481 1473 tl.
500 1418 699 1473 diebus
722 1419 783 1470 l8
822 1413 1157 1468 Iliclibellos
1188 1406 1742 1477 anathematisquos

162 1509 351 1565 invidiae
380 1506 514 1560 dolo
547 1504 876 1567 extorserat,
903 1498 1239 1554 Bonifacius
1263 1515 1295 1551 a
1317 1492 1668 1567 presbyteris
1685 1494 1743 1545 et

163 1595 413 1667 Episcopis
471 1596 675 1648 contra
702 1606 945 1645 canones
976 1592 1035 1642 et
1065 1590 1276 1641 contra
1309 1585 1649 1638 Dioscorum
1681 1580 1736 1632 in

160 1684 317 1739 medie
340 1681 602 1737 Ecclesiae
632 1676 989 1750 congregatis
1011 1668 1581 1730 omnibusincendio
1611 1685 1744 1722 con-

158 1772 379 1843 sumpsit,
434 1775 494 1824 ct
552 1741 1096 1823 totamvEcvclesiam
1154 1759 1425 1815 absolvit.
1481 1741 1816 1826 DeniqueB

160 1860 323 1915 missus
351 1862 441 1914 est
462 1876 498 1912 a
529 1856 814 1911 Tbeedato
838 1870 973 1926 rege
991 1852 1324 1906 Gothorum
1352 1848 1426 1902 ad
1448 1849 1742 1901 Domuum

156 1949 500 2003 Iustinianum
554 1948 889 2015 Augustum,
923 1940 1024 2014 qui
1059 1938 1488 2009 indignabatur
1541 1936 1745 1988 contra

156 2036 383 2091 eumdem
402 2050 613 2105 regem
627 2031 773 2102 quod
786 2029 1090 2085 occidisset
1108 2025 1397 2096 Reginam
1411 2022 1746 2077 Amalsuen-

155 2126 283 2179 tham
306 2121 776 2178 commendatam
804 2117 930 2184 sibi,
958 2116 1149 2170 ﬁliam
1171 2109 1744 2167 scilicctTheedorici

158 2212 291 2283 regis,
322 2211 414 2283 qui
439 2226 583 2263 eum
616 2224 802 2278 regem
824 2207 1066 2260 fecerat.
1095 2206 1395 2272 Ingressus
1418 2214 1556 2269 ergo
1590 2199 1743 2267 Aga-

159 2302 274 2371 pitus
304 2295 855 2368 Constantinopolim
892 2296 980 2360 l0,
1022 2289 1269 2346 Kalend.
1297 2287 1424 2342 Maii
1452 2288 1747 2355 susceptus

156 2393 220 2442 est
243 2404 359 2441 cum
380 2385 594 2459 gloria,
614 2388 670 2439 et
698 2384 862 2453 coepit
892 2378 1349 2436 altercationem
1377 2374 1590 2427 habere
1613 2390 1745 2427 cum

153 2477 426 2531 Iustiniano
475 2476 734 2544 Augusto
782 2472 850 2526 de
899 2467 1216 2539 religione.
1272 2465 1744 2534 Responsumque

160 2564 371 2618 reddidit
420 2560 881 2618 constantissime
914 2558 989 2612 de
1040 2553 1297 2619 Domino
1328 2553 1456 2605 Iesu
1497 2549 1742 2612 Christo,

162 2654 251 2707 Deo
269 2657 319 2707 et
344 2652 610 2717 homine,
640 2649 789 2721 quod
819 2649 877 2702 in
911 2662 1034 2701 una
1081 2657 1333 2716 persona
1360 2641 1491 2694 Jesu
1538 2637 1745 2692 Christi

159 2740 259 2795 dua:
274 2742 381 2795 sint
400 2745 648 2794 naturzc.
666 2738 783 2801 Qua
795 2732 1182 2791 altercatione
1204 2727 1579 2782 Anthemium
1602 2726 1745 2780 Con-

160 2829 706 2901 stantinopolitauum
754 2824 1107 2895 Episcopum
1141 2815 1359 2871 invenit
1384 2812 1739 2868 ba‘reticum.

158 2916 275 2970 Dixit
292 2917 479 2988 itaque
514 2916 832 2986 Imperator
852 2909 1106 2981 Agapito
1130 2924 1142 2960 :
1168 2908 1279 2960 Aut
1295 2902 1555 2958 censenti
1581 2902 1743 2956 nobis

160 3010 237 3059 aut
262 3006 310 3060 in
339 3006 581 3060 exilium
608 3000 896 3074 deportari
921 3003 978 3052 te
1009 2996 1241 3051 faciam.
1278 2993 1377 3047 Cui
1404 2991 1738 3061 respondit:
1765 3017 1814 3076 C

158 3093 247 3164 Ego
271 3095 497 3165 quidem
534 3094 793 3164 peccator
814 3090 888 3144 ad
908 3085 1297 3142 Iustinianum
1320 3083 1741 3152 Imperatorem

158 3181 679 3236 Christianissimum
723 3178 918 3233 venire
971 3171 1307 3238 desideravi,
1342 3187 1494 3224 nunc
1543 3171 1741 3222 autem

159 3269 542 3324 Diocletianum
571 3266 780 3322 inveni.
808 3265 960 3321 Scito
990 3266 1207 3327 tamen,
1230 3264 1286 3314 te
1309 3263 1366 3312 et
1396 3259 1741 3330 Episcopum

158 3359 290 3411 tuum
319 3358 566 3413 idoneos
598 3374 711 3409 non
744 3372 863 3410 esse
890 3350 1231 3407 Christiana}
1264 3348 1577 3418 religionis,
1639 3345 1744 3400 nisi

158 3444 269 3499 duas
294 3452 535 3501 naturas
564 3445 621 3498 in
655 3443 875 3499 Christo
927 3437 1341 3495 confiteamini.
1381 3435 1642 3490 Tandem
1676 3451 1741 3487 ex

157 3540 412 3607 przecepto
453 3533 705 3605 Augusti
748 3530 1023 3586 accersito
1053 3526 1386 3592 Anthemio,
1421 3529 1477 3579 et
1530 3523 1741 3577 discus-

158 3619 287 3676 sione
316 3624 485 3689 facta,
528 3637 825 3692 nunquam
854 3617 1033 3672 voluit
1074 3613 1337 3669 confiteri
1370 3614 1427 3666 in
1479 3609 1745 3665 doctrina

159 3712 409 3766 catholica:
454 3707 874 3781 responsionis,
918 3706 1017 3759 sed
1049 3703 1294 3757 convicit
1336 3717 1471 3755 eum
1503 3700 1745 3753 Sanctus

160 3795 280 3869 Papa
301 3799 606 3871 Agapitus,
656 3799 713 3851 et
752 3797 824 3849 ob
854 3795 914 3848 id
966 3794 1037 3846 ab
1089 3790 1360 3845 onmibus
1413 3786 1746 3843 Christianis

160 3888 223 3937 est
244 3888 610 3956 gloriﬁcatus.
643 3886 797 3937 Tunc
828 3884 1172 3952 Imperator,
1205 3878 1415 3950 gaudio
1468 3877 1743 3947 repletus,

159 3970 437 4030 humiliavit
461 3991 552 4041 se,
587 3976 644 4028 ct
665 3972 926 4027 adoravit
943 3968 1344 4025 beatissimum
1361 3968 1577 4037 Papam
1594 3966 1717 4035 Aga

159 4065 343 4130 petum,
397 4063 542 4136 quia
587 4060 1001 4116 communione
1034 4056 1203 4127 ejecit
1244 4053 1643 4119 Anthemium,
1691 4056 1747 4107 et

162 4150 422 4221 expulitin
456 4150 722 4215 exilium,
784 4152 842 4201 ct
896 4147 1021 4200 loco
1084 4144 1204 4214 ejus
1233 4144 1475 4198 Moenain
1507 4141 1746 4195 nomine

160 4242 475 4295 consecravit
532 4238 878 4309 Episcopum
939 4231 1316 4288 Catholicam.
1376 4229 1481 4293 Qui
1544 4228 1742 4298 etiam,

162 4331 427 4399 postquam
461 4326 667 4382 omnia
700 4323 968 4389 obtinuit,
993 4339 1097 4394 pro
1127 4321 1331 4392 quibus
1353 4319 1601 4373 directus
1625 4320 1747 4372 fucé

159 4416 231 4465 rat
273 4417 521 4487 quadam
555 4412 899 4485 aegritudine
947 4410 1246 4465 defunctus
1287 4411 1371 4461 est
1418 4407 1744 4461 Constanti-

164 4504 323 4572 n0poli
360 4508 441 4559 l0.
498 4502 740 4557 Kalend.
776 4499 921 4555 Maii.
984 4498 1155 4568 Cujus
1185 4512 1392 4566 corpus
1441 4494 1501 4548 in
1560 4492 1761 4550 loculo

162 4589 394 4657 plumbeo
419 4592 773 4647 translatum
801 4592 886 4643 est
911 4588 968 4641 in
991 4586 1287 4641 basilicam
1321 4586 1379 4638 B.
1411 4583 1561 4638 Petri
1592 4587 1743 4655 Apo-

163 4678 283 4744 stoli,
314 4682 403 4735 ubi
441 4686 501 4736 et
543 4680 836 4750 sepultum
883 4680 986 4742 est,
1027 4679 1111 4730 12.
1166 4672 1406 4729 Kalend.
1439 4672 1635 4727 Octob.
1678 4673 1746 4726 Et

162 4768 359 4823 cessavit
382 4770 758 4841 Episcopatus
788 4765 908 4820 dies
941 4768 1029 4819 58.

883 4854 982 4907 LX.

219 4939 507 5011 SIL\'ERIL':,
544 4944 779 4998 natione
814 4944 1160 5012 Campanus,
1179 4956 1245 4992 ex
1267 4943 1427 5009 patre
1448 4935 1750 4991 Ilormisda

166 5023 411 5104 Episcopo
445 5036 731 5096 Romano,
763 5031 911 5084 sedit
941 5046 1094 5082 anno
1134 5026 1745 5082 l.mensib.5.dieh.ll.

168 5110 255 5169 lIic
269 5120 472 5175 levatus
484 5125 569 5175 est
585 5139 617 5174 a
631 5125 873 5191 tyranno
888 5116 1181 5170 'I‘heodatu
1199 5115 1239 5168 si
1252 5132 1319 5168 ne
1336 5112 1748 5168 deliberatione

167 5199 366 5261 decreti.
387 5209 490 5273 Qui
509 5210 809 5280 corruptus
842 5204 1087 5278 pecunia
1108 5205 1283 5257 talem
1303 5203 1569 5255 timorem
1588 5200 1748 5255 indu-

166 5290 227 5343 xit
243 5296 405 5363 clero,
423 5303 484 5352 ut
507 5299 734 5371 quinon
763 5294 1183 5351 conscntiretin
1202 5292 1368 5362 hujus
1380 5291 1745 5345 ordinatione

165 5379 328 5447 gladio
360 5387 680 5457 puniretur.
715 5385 837 5449 Quo
870 5383 1021 5437 circa
1035 5381 1492 5435 sacerdotcsnon
1510 5379 1744 5432 subscri-

168 5482 303 5533 psere
320 5479 452 5528 ante
480 5475 904 5530 ordinationem
924 5471 973 5542 ej
985 5469 1374 5524 nssecundnm
1399 5484 1621 5522 morem
1647 5485 1744 5521 an-

166 5554 384 5628 tiquum,
417 5565 514 5619 sed
546 5564 935 5637 postmodum.
974 5562 1102 5616 Post
1159 5576 1383 5613 menses
1432 5576 1563 5612 vero
1598 5557 1738 5611 duos

1768 4293 1820 4352 D

1838 513 2131 589 Vuitigis.
2166 519 2265 584 Qui
2293 522 2615 577 Ravennam
2648 521 2881 577 veniens
2926 524 3053 578 tulit
3084 525 3190 582 sibi
3222 545 3469 584 uxorem

1846 600 2049 661 ﬁliam
2073 611 2478 664 Amalasuentae
2493 611 2726 682 reginae.
2750 611 3252 685 Undeindignatus
3273 619 3462 687 Impe-

1846 698 2028 749 rator
2052 697 2389 752 Justinianus
2425 699 2573 753 misit
2603 700 2950 754 Belesarium
2982 702 3289 772 patritium
3320 723 3455 765 cum

1846 785 2125 853 exercitu,
2155 790 2212 841 ut
2239 788 2507 842 liberaret
2528 806 2766 843 omnem
2800 789 3017 843 Italiam
3065 808 3099 844 a
3128 794 3459 864 captivitate

1844 870 2192 933 Gothorum.
2211 878 2364 931 Tunc
2386 878 2615 932 veniens
2632 877 2892 948 patritius
2921 878 2981 932 in
3004 884 3197 950 partes
3224 882 3455 949 Sicilire,

1843 963 2066 1018 audivit
2089 966 2239 1037 quod
2261 966 2425 1021 Gothi
2456 966 2724 1021 fecissent
2752 967 2856 1022 sibi
2877 973 3164 1038 regem,et
3185 970 3318 1025 inde
3349 987 3456 1042 per

1845 1051 2223 1125 Campaniam
2242 1055 3081 1128 properavitNeapolim,quam
3108 1062 3165 1113 et
3187 1060 3453 1116 obsidere

1843 1142 2037 1213 coepit,
2073 1143 2207 1213 quia
2236 1143 2381 1197 cives
2410 1143 2771 1214 Neapolitani
2790 1147 3094 1200 noluerant
3115 1149 3341 1220 aperire
3376 1150 3453 1205 ei.

1842 1230 1950 1294 Qui
1978 1231 2292 1300 pugnando
2317 1231 2606 1285 civitatem
2638 1233 2983 1299 introivit,et
3015 1234 3216 1290 ductus
3254 1236 3453 1292 furore

1840 1318 2131 1372 interfecit
2158 1322 2215 1372 et
2243 1318 2474 1385 Gothos,
2505 1323 2562 1373 et
2584 1336 2792 1375 omnes
2821 1321 2967 1375 cives
3019 1321 3450 1394 Neapolitanos,

1843 1406 1924 1459 ita
1950 1410 2010 1459 ut
2033 1406 2170 1459 nulli
2197 1406 2375 1473 sexui,
2404 1408 2488 1459 vel
2523 1408 2675 1461 aetati
2708 1412 3110 1479 parceret,nec
3135 1412 3450 1466 sacerdoti-

1842 1494 1967 1559 bus,
1999 1494 2289 1547 autservis
2315 1496 2529 1559 Dei,vel
2552 1496 3120 1552 sanctimonialibus.
3162 1499 3452 1570 Factaque

1842 1581 2095 1635 maxime
2118 1582 2267 1635 bello
2311 1587 2512 1636 contra
2550 1584 3101 1655 Vuitigis,ingressus
3132 1590 3217 1641 est
3246 1589 3452 1641 urbem

1844 1669 2085 1723 Romam
2109 1670 2295 1723 -’r.ldus
2306 1671 2608 1725 Decembr.
2629 1676 2687 1726 et
2703 1673 2991 1728 civitatem
3009 1675 3456 1731 munivit.Nocte

1843 1756 1985 1828 ipsa,
2014 1774 2128 1827 qua
2172 1757 2428 1812 introivit
2456 1759 2679 1825 urbem,
2710 1760 2763 1814 hi
2820 1762 2915 1832 qui
2947 1763 3197 1817 erantin
3228 1763 3457 1817 civitate

1841 1845 1926 1898 vel
1956 1844 2827 1915 foris,fugeruntRavennam,et
2847 1866 3051 1904 omnes
3069 1855 3265 1921 portas
3280 1850 3454 1905 dimi?

1845 1935 2044 1987 serunt
2061 1935 2466 2003 apertas.Tunc
2489 1935 2763 2005 colligens
2789 1937 3029 2008 Vuitigis
3059 1955 3157 1992 rex
3189 1938 3452 1993 multitu-

1846 2020 2041 2074 dinem
2060 2020 2338 2075 exercitus
2353 2022 2668 2077 Gothorum
2687 2040 2977 2095 regressus
2989 2030 3196 2082 contra
3207 2025 3456 2080 Romam

1847 2112 1897 2164 9.
1930 2109 2169 2175 Kalend,
2200 2110 2341 2164 Mart
2385 2115 2442 2165 et
2470 2111 2589 2164 ﬁxit
2615 2117 2801 2167 castra
2830 2115 2903 2168 ad
2931 2117 3176 2187 pontem
3203 2112 3456 2171 Milvium

1848 2201 1905 2251 et
1936 2213 2050 2251 uno
2082 2214 2236 2252 anno
2256 2198 2333 2253 ita
2355 2200 2582 2253 obsessa
2606 2203 2689 2253 est
2711 2201 2907 2256 civitas
2937 2205 3293 2267 Romana,ut
3318 2206 3460 2260 nulli

1848 2289 1996 2340 esset
2020 2285 2257 2340 facultas
2282 2287 2547 2354 exeundi,
2577 2290 2660 2343 vel
2689 2289 3054 2347 introeundi.
3090 2293 3244 2346 Intra
3273 2291 3463 2350 civita-

1849 2377 1966 2428 tem
1983 2377 2177 2428 autem
2192 2376 2424 2445 grandis
2442 2376 2623 2430 fames
2640 2382 2851 2441 erat,ut
2866 2397 3031 2453 aqua
3043 2382 3466 2442 venundaretur

1848 2462 2055 2533 pretio,
2091 2463 2196 2517 nisi
2227 2465 2625 2537 Nympharum
2656 2468 3002 2533 [remedium]
3038 2472 3311 2531 rechedus
3340 2480 3471 2536 sub-

1846 2552 2112 2606 venisset.
2148 2553 2361 2623 Pugnaa
2418 2558 2613 2608 autem
2663 2557 2939 2614 maximae
2966 2567 3158 2633 erant,
3192 2566 3467 2628 Belesario

1848 2640 2194 2694 defendente
2215 2642 2504 2696 Romanos
2526 2642 2924 2702 velcivitatem
2952 2668 2967 2704 :
2995 2668 3170 2722 quam
3199 2658 3474 2719 etlibera-

1845 2728 1980 2782 vita
2027 2728 2248 2823 Gothis;
2274 2747 2418 2801 quos
2452 2731 2827 2823 postmodum
2854 2821 2861 2823 _
2888 2736 3238 2802 Ravennam
3268 2748 3469 2823 fugere

1846 2814 2321 2906 compulit.Tuiic
2352 2821 2476 2871 erat
2509 2817 2743 2886 Vigilius
2800 2821 3101 2884 Diaconus
3155 2814 3463 2906 apocrisia-

1844 2903 1961 2957 rius
1991 2903 2048 2956 in
2081 2902 2601 2975 Constantinopoli,
2635 2905 2731 2975 qui
2762 2907 2988 2965 sciebat
3038 2902 3301 2978 dolerem
3355 2931 3469 2984 Au-

1844 2991 1990 3063 gusti
2010 3006 2112 3062 pro
2132 2992 2481 3047 Anathemio
2502 2992 2957 3068 Patriarcha,qui
2974 3000 3264 3072 depositus
3276 3013 3471 3074 fuerat

1846 3096 1880 3133 a
1902 3078 2260 3133 sanctissime
2277 3082 2526 3152 Agapito
2555 3082 2729 3152 Papa,
2763 3100 2831 3137 eo
2856 3088 3015 3156 quod
3045 3091 3351 3154 hazrcticus
3376 3121 3467 3159 re-

1846 3171 2044 3239 pertus
2069 3171 2236 3233 esset,
2270 3171 2389 3223 etin
2413 3171 2604 3225 locum
2636 3171 2757 3241 ejus
2789 3172 3029 3231 Maenam
3072 3197 3301 3240 servum
3353 3192 3462 3247 De:

1846 3254 2249 3310 constituisset.
2286 3256 2536 3313 Consilio
2571 3259 2817 3331 denique
2832 3262 3019 3333 Vigilii
3041 3267 3462 3334 misitRomam

1846 3345 2115 3415 epistolas
2148 3344 2386 3402 Silverio
2424 3348 2615 3418 Papae,
2650 3365 2864 3420 rogans
2894 3356 2952 3406 et
2982 3353 3289 3414 obsecrans
3317 3379 3329 3415 :
3360 3370 3462 3420 aut

1846 3433 1917 3486 ad
1944 3449 2066 3500 nos,
2103 3450 2175 3488 ne
2198 3434 2488 3507 pigriteris
2516 3437 2709 3492 venire
2738 3456 2751 3493 :
2800 3444 2899 3495 aut
2920 3445 3074 3496 certe
3106 3461 3311 3503 revoca
3339 3453 3459 3508 An-

1846 3521 2127 3575 themium
2158 3523 2217 3576 in
2246 3524 2438 3580 locum
2452 3543 2639 3580 suum.
2663 3526 3050 3591 Quaslitteras
3068 3532 3205 3589 dum
3229 3537 3461 3608 legisset

1847 3611 1906 3663 B.
1951 3610 2239 3677 Silverius,
2273 3613 2579 3685 ingemuit,
2624 3620 2682 3670 et
2712 3616 2885 3672 dixit:
2911 3618 3073 3673 Modo
3135 3623 3273 3693 scio,
3303 3630 3459 3699 quod

1849 3700 1967 3753 haec
1984 3716 2154 3753 causa
2184 3701 2363 3755 finem
2396 3702 2524 3755 vitae
2558 3720 2703 3759 mea:
2749 3706 3005 3760 adduxit.
3042 3708 3337 3769 Fiduciam
3369 3720 3458 3772 ta-

1847 3805 1981 3842 men
2014 3788 2234 3842 habeus
2255 3790 2312 3843 in
2329 3790 2580 3845 Domino
2597 3793 2887 3865 rescripsit
2912 3797 3461 3867 Augustm.Domina

1845 3879 2119 3948 Augusta,
2156 3893 2265 3948 ego
2293 3895 2418 3932 rem
2443 3878 2613 3934 istam
2641 3898 2940 3953 nunquam
2969 3883 3224 3942 facturus
3248 3907 3370 3958 ero,
3398 3897 3460 3947 ut

1847 3981 2113 4020 revocem
2136 3966 2437 4021 hominem
2458 3968 2878 4033 bmreticumﬁn
2895 3990 2996 4027 sua
3024 3977 3282 4046 nequitia
3298 3980 3461 4036 dam-

1848 4055 2231 4109 natum.Tunc
2251 4056 2553 4128 indignata
2568 4060 2822 4129 Augusta
2840 4061 2994 4116 misit
3013 4063 3086 4117 ad
3106 4065 3455 4125 Belesarium

1842 4146 2052 4215 jubens
2066 4160 2168 4215 per
2196 4145 2461 4215 Vigilium
2483 4145 2952 4205 diaconem.Vide
2972 4151 3190 4223 aliquas
3215 4159 3459 4214 occasio-

1849 4249 1949 4286 nes
1979 4231 2036 4285 in
2091 4231 2393 4286 Silverium
2420 4235 2667 4304 Papam,
2701 4240 2757 4290 et
2779 4238 3005 4310 depone
3034 4239 3198 4298 illum
3223 4246 3294 4301 ab
3324 4248 3456 4319 Epi-

1848 4325 2102 4392 scopatu,
2137 4328 2235 4376 aut
2264 4325 2418 4377 certe
2440 4324 2684 4379 festinus
2711 4328 3038 4384 transmitte
3065 4347 3199 4389 eum
3246 4335 3319 4390 ad
3352 4354 3456 4393 nos

1848 4410 1986 4507 Ecce
2014 4408 2090 4461 ibi
2126 4408 2303 4507 habes
2328 4410 3099 4507 Vigilium-archidiaconem,
3128 4426 3184 4477 et
3227 4426 3452 4495 apocri-

1845 4500 2081 4550 siarium
2118 4502 2378 4551 nostrum
2421 4500 2807 4570 carissimum,
2838 4506 2935 4575 qui
2966 4509 3131 4563 nobis
3171 4512 3453 4583 pollicitus

1846 4587 1931 4676 est
1959 4600 2226 4676 revocare
2276 4587 2654 4642 Anthemium
2711 4593 3120 4658 patriarcham.
3178 4599 3453 4676 Suscepta

1836 4671 2095 4742 jnssione
2123 4672 2437 4727 Bclesarius
2484 4674 2623 4728 dixit
2658 4693 2671 4731 :
2698 4679 2816 4749 Ego
2845 4682 3079 4753 quidem
3128 4671 3450 4757 jussionem

1845 4759 2015 4851 facio,
2044 4760 2143 4851 sed
2193 4759 2285 4813 ille
2311 4761 2407 4851 qui
2454 4761 2695 4817 interest
2724 4766 2783 4820 in
2816 4785 2955 4823 nece
2986 4770 3207 4828 Silverii
3264 4779 3429 4851 Papae

1851 4849 1860 4858 .
2003 4821 2010 4826 ,
2327 4821 2350 4857 τ
2819 4821 2823 4822 ν
2988 4821 3207 4828 ν----ν-·-
3264 4821 3453 4851 ιυιιυυν

1848 4864 1966 4918 ipse
1989 4847 2197 4901 reddat
2246 4851 2535 4903 rationem
2569 4851 2641 4904 de
2684 4853 2849 4909 factis
2899 4858 3013 4912 suis
3034 4861 3283 4920 Domino
3312 4868 3451 4924 Jusu

1850 4936 2167 4991 Christo.Et
2193 4938 2730 5019 urgentejussione,
2757 4943 3019 5002 exierunt
3061 4950 3297 5020 quidam
3329 4956 3451 5011 falsi

1848 5023 2144 5094 testes,qui
2176 5024 2442 5078 dixerunt
2476 5042 2488 5079 :
2517 5026 2779 5089 Quadam
2818 5032 3455 5097 viceimenimusSilve-

1848 5113 1998 5166 rium
2023 5113 2238 5182 Papam
2257 5112 2468 5183 scripta
2484 5114 2814 5173 mittent-em
2839 5121 2911 5175 ad
2924 5138 3119 5194 regem
3136 5128 3450 5185 Gothorum

1848 5200 1904 5255 iu
1938 5201 2142 5272 quibus
2177 5200 2601 5256 continebatur.
2642 5205 2774 5260 Veni
2801 5208 2873 5263 ad
2920 5216 3171 5282 portam,
3205 5234 3331 5289 qua:
3349 5236 3452 5291 ap-

1848 5291 2092 5361 pellatur
2155 5288 2416 5344 Asinaria
2456 5291 2621 5360 juxta
2672 5294 2986 5368 Lateranis,
3039 5306 3096 5355 et
3162 5288 3452 5363 civitatein

1846 5378 2012 5432 trado
2046 5394 2109 5431 ac
2138 5379 2485 5432 Bclesarium
2515 5382 3010 5450 patritium.Quod
3032 5391 3270 5448 audiens
3293 5397 3448 5449 Bele-

1845 5466 2025 5520 sarius
2056 5482 2171 5518 non
2198 5466 2459 5534 credidit,
2483 5468 2664 5523 sciens
2696 5474 2849 5542 quod
2872 5491 2973 5545 per
3015 5477 3289 5536 invidiam
3326 5484 3448 5538 haec

1842 5554 2193 5620 dicerentur,
2220 5552 2331 5607 Sed
2382 5554 2518 5609 dum
2555 5559 2714 5612 multi
2753 5560 2807 5615 in
2833 5564 3035 5619 eadem
3090 5572 3448 5626 accusatione
