3940 6166
497 360 596 425 tibi

1524 352 1584 416 S.
1616 355 1912 416 ABBONIS
1950 352 2240 417 ABRATIS
2276 352 2770 419 FLORIACENSIS

3687 362 3780 425 352

499 503 575 544 ne
600 482 994 560 persisterent,
1024 478 1241 549 timuit,
1275 475 1529 553 fecitque
1576 479 1880 537 Silverium
1927 478 2002 536 ad
2046 495 2107 535 se
2130 488 2183 547 Α
2206 480 2477 549 Romam,
2508 478 2729 537 invenit.
2758 497 2891 537 eum
2921 477 2981 538 in
3009 478 3258 539 Ecclesia
3277 478 3337 538 S.
3360 478 3575 539 Ceciliae
3598 483 3788 542 10.x:-

500 576 695 632 venire
714 575 772 629 in
795 571 1075 645 palatium
1108 569 1316 636 Pincis,
1350 573 1409 624 et
1436 569 1578 624 foris
1598 570 1835 624 retineri
1866 585 2107 623 omnem

501 667 742 721 clerum.
772 663 1031 734 Cumque
1056 660 1347 732 ingressus
1393 662 1540 713 esset
1564 675 1697 713 cum
1730 659 1851 713 solo
1880 657 2109 730 Vigilio,

495 754 792 810 Antonioa
820 750 1072 823 patritia,
1099 753 1159 803 ut
1177 748 1409 820 jacebat
1440 748 1497 801 in
1529 748 1701 812 lecto,
1756 747 1954 801 videns
1981 764 2110 801 eum

497 844 670 901 dixit:
692 841 791 896 Dic
807 841 1053 895 Domine
1066 836 1319 892 Silvestri
1334 835 1652 908 Papa,quid
1670 834 1911 890 fecimus
1924 835 2029 890 tibi
2054 839 2113 890 et

496 930 793 998 Romanis,
828 933 890 983 ut
920 932 983 983 tu
1013 927 1185 982 velles
1204 942 1308 981 nos
1339 924 1398 979 in
1414 940 1622 979 manus
1648 923 1971 979 Gothorum
1999 928 2112 979 tra-

495 1023 679 1081 dere?
715 1021 914 1076 Adhuc
940 1035 1010 1075 ea
1034 1018 1330 1089 loquente,
1364 1014 1654 1085 ingressus
1682 1015 1933 1069 Joannes
1965 1013 2109 1068 Sub-

497 1113 775 1167 diaconus
804 1105 1169 1180 regionarius
1198 1105 1404 1176 primae
1430 1102 1579 1157 sedis
1616 1103 1747 1157 tulit
1777 1104 2016 1173 pallium
2039 1102 2110 1157 de

497 1202 645 1256 collo
669 1200 812 1271 ejus,
840 1201 899 1252 et
929 1193 1089 1250 duxit.
1117 1193 1175 1247 in
1207 1192 1556 1258 cubiculum,
1590 1191 1689 1246 ubi
1730 1192 2107 1262 exspoliatum

498 1306 632 1344 eum
664 1286 853 1341 induit
881 1286 1038 1339 veste
1070 1279 1430 1335 monachica.
1463 1279 1647 1343 Quem
1677 1280 1857 1335 Xistus
1877 1280 2109 1335 subdia-

498 1394 677 1433 conus
706 1372 960 1446 regionis
990 1373 1160 1425 sextas
1192 1369 1393 1423 videns
1421 1369 1795 1435 monachum,
1850 1385 2110 1440 egressus

499 1468 655 1522 foras
687 1461 979 1518 nunciavit
1008 1460 1079 1514 ab
1107 1458 1347 1521 clerum,
1382 1456 1578 1510 dicens
1611 1473 1624 1511 :
1662 1456 1805 1520 Quia
1858 1458 2111 1512 domnus

504 1555 660 1625 Papa
681 1550 973 1622 depositus
1004 1550 1108 1613 est,
1144 1550 1201 1600 et
1228 1545 1412 1599 factus
1464 1549 1550 1598 est
1609 1545 1941 1600 monachus.
2002 1544 2109 1609 Qui

499 1641 822 1705 audientes,
871 1638 1147 1709 fugerunt
1176 1651 1399 1689 omnes.
1436 1633 1694 1703 Suscepit
1721 1636 1915 1688 autem
1974 1651 2108 1689 eum

500 1728 737 1801 Vigilius
752 1723 1260 1781 archidiaconusin
1286 1738 1388 1776 sua
1408 1721 1571 1792 quasi
1617 1721 1814 1789 fide,et
1863 1722 2020 1776 misit
2049 1721 2108 1776 in

2208 570 2361 625 tend.
2393 570 2661 627 Decemb.
2693 574 2817 625 erat
2841 571 2997 627 enim
3029 572 3149 627 dies
3168 571 3377 627 natalis
3401 572 3538 643 ejus.
3562 572 3662 638 Qui
3681 591 3787 629 mu-

2210 676 2351 714 nera
2366 660 2661 732 erogando
2676 660 2748 715 ad
2768 662 3044 733 populum
3063 665 3325 734 repertus
3337 665 3441 729 est,
3461 666 3517 717 et
3529 662 3790 734 depositus

2210 748 2283 803 ad
2306 748 2597 819 Tyberim,
2640 749 2957 822 missusque
3012 751 3071 804 in
3100 751 3330 818 navim;
3376 767 3547 822 quem
3577 752 3726 822 plebs
3742 755 3792 807 et.

2210 838 2455 909 populus
2476 838 2843 908 sequebatur,
2877 839 3206 905 clamando,
3225 843 3289 893 ut
3311 838 3627 893 orationem
3652 839 3716 894 ab
3731 856 3790 894 eo

2210 926 2517 997 acciperet.
2554 927 2621 980 Et
2650 927 2785 981 data
2837 926 3121 988 oratione,
3163 927 3306 982 dixit
3336 926 3527 982 omnis
3555 928 3791 1000 populus,

2208 1016 2413 1069 Amen.
2450 1015 2518 1070 Et
2548 1018 2710 1070 mota
2740 1018 2824 1069 est
2848 1014 3025 1069 navis.
3071 1015 3347 1069 Videntes
3378 1014 3634 1081 Romani,
3659 1016 3793 1086 quod

2210 1106 2372 1159 mota
2396 1107 2481 1158 est
2501 1103 2683 1166 navis,
2707 1103 2764 1157 in
2796 1120 2910 1174 qua
2929 1103 3163 1158 sedebat
3194 1102 3455 1174 Vigilius,
3480 1106 3610 1158 tunc
3635 1120 3797 1176 popu-

2209 1192 2297 1247 lus
2326 1191 2499 1263 coepit
2527 1195 2657 1263 post
2682 1208 2814 1247 eum
2835 1191 3057 1262 jactare
3075 1192 3317 1264 lapides,
3345 1192 3541 1253 fustes,
3564 1192 3791 1258 cacabos,

2211 1284 2269 1334 et
2298 1280 2488 1334 dicere
2518 1296 2531 1334 :
2567 1280 2767 1334 Fames
2798 1282 2896 1333 tua
2926 1284 3140 1347 tecum,
3162 1279 3488 1334 mortalitas
3502 1282 3793 1338 tuatecum.

2210 1371 2362 1424 male
2384 1369 2564 1423 fecisti
2596 1386 2729 1423 cum
2762 1369 3055 1436 Romanis,
3080 1371 3233 1424 male
3252 1368 3615 1423 inveniasubi
3638 1368 3791 1422 vadis.

2210 1458 2277 1512 Et
2303 1457 2540 1530 quidem
2574 1460 2861 1511 amatores
2890 1456 3011 1527 ejus
3037 1457 3213 1512 secuti
3244 1460 3377 1511 sunt
3398 1472 3529 1511 eum
3558 1456 3623 1511 de
3640 1456 3797 1510 Eccle-

2210 1546 2314 1601 sia.
2349 1546 2455 1611 Qui
2506 1545 2799 1617 ingressus
2856 1545 3109 1600 Siciliam
3167 1546 3227 1600 in
3274 1545 3499 1600 civitate
3538 1545 3796 1600 Catinensi

2212 1634 2524 1706 permissus
2544 1638 2629 1689 est
2645 1635 2832 1689 facere
2853 1635 3286 1689 ordinationem
3315 1651 3420 1705 per
3442 1650 3685 1689 mensem
3705 1635 3798 1688 De-

2211 1723 2401 1777 cemb.
2434 1723 2796 1795 presbyteros
2827 1726 2884 1778 et
2908 1722 3200 1778 diaconos.
3241 1724 3319 1777 Ex
3350 1722 3551 1794 quibus
3576 1726 3798 1777 retrans-

501 1817 732 1873 exilium
758 1816 815 1869 in
839 1816 1145 1879 Ponzas,ac
1159 1810 1496 1865 sustentavit
1528 1826 1661 1864 eum
1688 1826 1837 1881 pane
1871 1810 2108 1865 tribula-
2134 1804 2185 1863 Β
2212 1810 2972 1884 misitRomamAmpliatum
2986 1813 3389 1883 presbyterum
3403 1810 3793 1865 vicedominum

504 1905 679 1961 tionis
731 1908 789 1958 et
818 1918 968 1974 aqua
996 1899 1299 1971 angustiae.
1353 1897 1459 1962 Qui
1489 1897 1763 1952 deficiens
1819 1898 2113 1953 confessor

498 1997 760 2051 mortuus
791 1994 895 2056 est,
917 1993 975 2044 et
1002 1989 1257 2061 sepultus
1280 1988 1337 2041 in
1368 1986 1581 2041 eodem
1601 1988 1726 2041 loco
1772 1987 2111 2042 t2.Ka1end.

495 2083 605 2139 Jul.
628 2080 822 2152 ibique
854 2079 1145 2133 salvantur
1176 2074 1417 2132 infirmi.
1452 2075 1518 2128 Et
1549 2073 1785 2129 cessavit
1810 2074 2115 2146 Episcopa-

499 2175 591 2227 tus
615 2169 735 2225 dies
766 2173 818 2226 5.

1255 2252 1381 2305 LXI.

570 2343 1094 2411 Vicimusmatione
1123 2342 1512 2406 Romanus,ex
1540 2342 1706 2411 patre
1727 2340 1949 2393 Joanne
1968 2338 2115 2395 Con-

501 2438 645 2498 sule,
677 2433 823 2489 sedit
851 2430 1023 2486 annis
1057 2433 1141 2484 l7.
1172 2427 1465 2483 mensibus
1486 2430 1537 2481 6.
1574 2427 1775 2481 diebus
1798 2428 2115 2483 26.Eodem

506 2530 772 2595 tempore
801 2519 1118 2575 Belesarius
1146 2516 1439 2573 commisit
1466 2516 1682 2570 bellum
1712 2520 1913 2571 contra
1942 2517 2117 2570 Vuiti—

504 2630 643 2687 gem
669 2626 867 2682 regem
882 2609 1401 2677 Gothorum,quem
1417 2604 1741 2674 fugientem
1765 2609 1936 2659 noctu
1960 2605 2109 2659 inse-

504 2706 669 2759 cutus
699 2703 784 2755 est
806 2700 1056 2754 Joannes
1084 2694 1351 2766 Magister
1371 2693 1739 2759 milituln,cui
1766 2710 2114 2766 cognomen-

507 2797 629 2847 tum
654 2785 1153 2859 Sanguinarius,et
1176 2783 1362 2837 tenuit
1377 2799 1533 2849 eum,
1553 2782 1903 2855 adduxitque
1918 2783 1990 2837 ad
2014 2785 2112 2838 Be-

510 2878 811 2942 lesarium,
837 2874 931 2947 qui
967 2871 1230 2945 perduxit
1243 2887 1373 2924 eum
1390 2871 1492 2924 sub
1514 2876 1875 2925 sacramento
1894 2873 2113 2926 salvum

508 2967 583 3024 ad
634 2966 1053 3035 Imperatorem
1089 2959 1473 3013 Justinianum
1516 2958 2099 3032 Constantinopolim.

508 3055 694 3120 Quem
743 3053 1066 3122 Imperator
1092 3045 1541 3118 fecit‘patritium
1564 3050 1621 3101 et
1649 3046 1922 3101 comitem
1955 3050 2114 3101 trans

414 3154 417 3157 ’
504 3144 775 3214 misitque
796 3141 961 3211 juxta
1017 3137 1163 3190 ﬁnes
1192 3138 1518 3202 Persarum,
1551 3134 1648 3187 ubi
1674 3133 1851 3187 vitam
1911 3135 2111 3189 ﬁnivit.

507 3230 764 3287 Beleario
786 3243 919 3280 vero
951 3241 1123 3295 egere
1155 3222 1367 3293 gratias
1392 3224 1712 3293 Imperator
1733 3225 1789 3275 et
1836 3224 2109 3294 Augusta,

510 3324 569 3377 et
600 3318 952 3375 remiserunt
974 3330 1107 3369 eum
1129 3313 1185 3366 in
1199 3312 1474 3378 Africam,
1504 3328 1631 3382 qua:
1656 3310 1890 3365 redacta
1911 3313 2112 3367 estsub

510 3407 827 3481 republica,
859 3405 1162 3459 interfecto
1183 3402 1285 3455 sub
1316 3401 1448 3455 dolo
1476 3400 1630 3471 pacis
1656 3400 1959 3473 [Gundaro]
1982 3401 2113 3455 Vui-

509 3497 728 3555 marith
757 3511 894 3565 rege
943 3491 1361 3549 Vandolorum,
1425 3489 1547 3552 Quo
1579 3492 1845 3557 tempore
1894 3490 2118 3560 scripsit

507 3585 810 3641 Tbeodora
834 3583 1089 3649 Augusta
1115 3578 1187 3631 ad
1208 3575 1473 3647 Vigilium
1497 3578 1708 3645 Papam
1728 3592 1739 3629 :
1759 3577 1897 3631 Veni
1930 3578 2117 3644 adim-

511 3677 604 3749 ple
640 3670 828 3734 nobis,
862 3684 990 3739 quae
1007 3682 1191 3737 prona
1219 3665 1510 3718 voluntate
1526 3664 1838 3733 promisisti
1861 3665 1933 3719 de
1956 3669 2117 3737 patre

512 3766 711 3819 nostro
732 3756 1068 3819 Anthemio,
1101 3758 1159 3807 et
1185 3769 1385 3806 revoca
1414 3769 1546 3806 eum
1569 3753 1625 3805 in
1651 3754 1902 3807 officium
1927 3772 2115 3809 suum.

511 3852 599 3907 Ad
621 3852 741 3903 haec
772 3844 1061 3916 rescripsit
1088 3842 1323 3913 Vigilius
1346 3859 1357 3895 :
1377 3842 1536 3896 Absit
1554 3843 1660 3895 hoc
1682 3860 1715 3896 a
1742 3860 1855 3908 me,
1873 3844 2119 3898 Domina

510 3940 784 4009 Augusta.
819 3934 983 3988 Prius
1007 3934 1227 3986 locutus
1273 3948 1399 3984 sum
1441 3932 1591 3983 male
1646 3935 1701 3983 et
1760 3931 2115 4001 insipienter,

514 4028 691 4084 modo
718 4028 912 4079 autem
945 4022 1102 4075 nullo
1131 4018 1305 4073 modo
1334 4018 1431 4071 tibi
1466 4017 1819 4085 conentiam,
1853 4023 1915 4073 ut
1960 4036 2119 4074 revo-

511 4133 639 4173 cem
654 4112 954 4169 hominem
969 4107 1305 4163 haereticum
1321 4108 1378 4158 et
1391 4106 1961 4161 anathematizatum.
1994 4108 2116 4171 Quo

510 4206 557 4261 si
582 4204 856 4274 indignus
868 4198 1108 4253 vicarius
1128 4210 1256 4248 sum
1277 4193 1343 4246 Β.
1368 4192 1519 4246 Petri
1538 4195 2117 4266 Apostoli,quomodo

2212 1917 2400 1965 suum,
2432 1903 2491 1953 et
2519 1900 2884 1954 Valentinum
2908 1900 3251 1972 Episcopum
3277 1900 3353 1955 ad
3384 1900 3443 1956 S.
3463 1900 3728 1965 Rufinam,
3746 1901 3795 1952 et

2216 1988 2546 2043 Secundum
2578 1988 2650 2042 ad
2699 1988 3141 2043 custodiendum
3176 1988 3495 2054 Lateranis,
3538 1992 3592 2041 ct
3614 1987 3793 2058 guber-

2219 2076 2477 2130 nandum
2503 2076 2742 2130 clerum.
2761 2075 2866 2139 Qui
2886 2076 3229 2131 valefaciens
3255 2075 3524 2131 omnibus
3543 2074 3795 2147 ingressus

2218 2168 2304 2218 est
2335 2164 2892 2235 Constantinopolim
2920 2165 2978 2218 in
3008 2163 3214 2235 Vigilia
3247 2164 3480 2220 Domini
3507 2163 3672 2218 nostri
3687 2164 3794 2216 Jesc

2221 2252 2450 2307 Christi.
2486 2252 2669 2316 Quem
2720 2252 2918 2307 obvius
2958 2255 3287 2325 Imperator
3316 2254 3596 2308 osculatus
3618 2254 3711 2315 est,
3751 2252 3796 2303 et

2218 2342 2390 2414 coepit
2417 2342 2576 2408 flere,
2602 2358 2665 2395 ac
2699 2341 2859 2413 plebs
2888 2340 2989 2396 illa
3019 2342 3306 2413 psallebat
3331 2344 3464 2396 ante
3487 2357 3616 2395 eum
3645 2352 3793 2410 usque

2171 2487 2175 2490 ,
2218 2430 2290 2485 ad
2324 2429 2627 2484 Ecclesiam
2662 2429 2719 2483 S.
2766 2428 3015 2500 Sophim.
3071 2428 3214 2485 Ecce
3260 2430 3488 2485 advenit
3533 2429 3797 2483 dominator

2213 2518 2497 2584 Dominus,
2532 2522 2641 2571 etc.
2667 2520 2775 2573 Per
2804 2517 3101 2572 biennium
3130 2518 3292 2573 enim
3315 2518 3545 2573 fuerant
3562 2515 3777 2571 intentio

2218 2625 2319 2662 nes
2333 2607 2403 2661 de
2422 2606 2736 2661 Anthemio
2752 2606 3099 2678 patriarcha,
3117 2606 3494 2661 ostendentes
3505 2604 3793 2660 cautionem

2217 2713 2423 2750 manus
2452 2695 2596 2765 ejus,
2619 2696 2732 2766 qua
2756 2695 3100 2765 promiserat
3120 2711 3257 2749 eum
3278 2694 3612 2749 revocarein
3634 2694 3791 2746 locum

2214 2801 2403 2840 suum.
2438 2783 2550 2838 Sed
2580 2782 2815 2855 Vigilius
2852 2782 3037 2853 magis
3066 2783 3407 2837 desiderans
3434 2782 3597 2848 mori,
3646 2796 3789 2853 quam

2213 2872 2424 2939 vivere,
2459 2872 2785 2926 nullatenus
2811 2871 2988 2926 voluit
3013 2870 3094 2925 eis
3114 2871 3471 2937 consentire,
3498 2875 3553 2925 et
3580 2868 3793 2924 dixit:Ut

2214 2961 2400 3028 video,
2434 2978 2549 3015 non
2575 2977 2668 3015 me
2701 2960 2963 3015 fecerunt
2985 2959 3182 3015 venire
3207 2960 3283 3015 ad
3312 2977 3372 3015 se
3400 2957 3728 3014 Justinianus
3748 2958 3794 3009 et

2209 3050 2533 3117 Theodore,
2564 3049 2664 3103 sed
2694 3048 3081 3103 Diocletianus
3108 3052 3168 3103 et
3186 3047 3532 3103 Eleutheria.
3558 3044 3721 3101 Facite
3743 3044 3792 3097 ut

2212 3137 2397 3203 vultis,
2432 3137 2611 3209 digna
2640 3136 2797 3191 enim
2813 3137 2973 3190 factis
2990 3136 3407 3209 recipio.’l‘unc
3430 3134 3792 3205 deditalapam

2214 3235 2272 3289 in
2304 3225 2510 3279 faciem
2544 3225 2667 3295 ejus
2714 3224 2972 3296 quidam,
3006 3224 3201 3278 dicens
3239 3241 3251 3278 :
3288 3223 3603 3287 Homicida,
3643 3219 3792 3275 nescis

2213 3314 2415 3384 quibus
2440 3312 2729 3385 loqueris?
2757 3312 2960 3380 nescis,
2993 3311 3126 3384 quia
3147 3311 3455 3367 Silverium
3492 3313 3690 3381 Papam
3716 3323 3791 3362 oc-

2215 3401 2431 3456 cidisti?
2457 3406 2516 3455 et
2546 3400 2726 3454 filium
2759 3401 3017 3454 mulleris
3034 3399 3219 3453 viduae
3254 3400 3501 3455 calcibus
3518 3402 3572 3453 et
3587 3395 3794 3451 fustibus

2215 3490 2580 3544 interfecisti?
2602 3491 2759 3543 Tunc
2791 3487 3015 3557 fugiens
3036 3487 3096 3541 in
3117 3488 3417 3542 basilicam
3439 3483 3793 3557 S.Eupliemize

2217 3578 2404 3632 tenuit
2434 3580 2765 3632 columnam
2800 3576 3013 3630 altaris.
3035 3575 3139 3639 Qui
3163 3579 3384 3630 tractus
3405 3577 3476 3630 ab
3515 3592 3599 3640 ea,
3623 3576 3673 3626 et
3695 3570 3790 3639 eje-

2218 3671 2341 3720 ctus
2366 3666 2503 3720 foris
2532 3664 2861 3734 Ecclesiam,
2883 3664 3145 3718 fecerunt
3178 3665 3335 3719 mitti
3366 3665 3563 3719 funem
3592 3661 3643 3715 iu
3671 3658 3791 3713 collo

2219 3755 2362 3824 ejus,
2396 3760 2453 3808 et
2491 3758 2785 3807 traxerunt
2812 3770 2943 3807 eum
2973 3770 3076 3824 per
3124 3756 3312 3807 totam
3340 3752 3616 3807 civitatem
3645 3760 3792 3817 usque

2219 3843 2291 3897 ad
2325 3858 2644 3914 vesperum.
2676 3842 2833 3895 Tunc
2864 3841 3068 3896 missus
3111 3844 3197 3895 est
3244 3842 3303 3896 in
3338 3839 3665 3902 custodiam,
3712 3831 3790 3887 ubi

2218 3931 2507 3985 dabantur
2561 3931 2611 3984 ei
2644 3930 2867 3985 modice
2898 3930 3064 4001 panis
3093 3932 3154 3983 et
3181 3946 3355 4002 aqua.
3392 3929 3580 3984 Clerus
3626 3925 3789 3978 autem

2219 4020 2534 4086 Romanus,
2568 4018 2665 4091 qui
2703 4036 2835 4073 cum
2865 4034 2933 4073 eo
2971 4021 3115 4085 erat,
3149 4017 3363 4075 missus
3382 4021 3468 4073 est
3494 4016 3550 4071 in
3591 4010 3789 4068 exilium

2218 4124 2321 4179 per
2344 4108 2564 4162 diversa
2596 4108 2831 4161 metalla
2860 4105 3187 4161 incidenda.
3204 4106 3365 4161 Tunc
3389 4102 3551 4160 Gothi
3575 4115 3691 4156 cum
3706 4110 3788 4149 suo

2217 4212 2355 4266 rege
2369 4196 2624 4261 Bandua,
2639 4196 2823 4268 quiTo
2832 4194 2932 4249 tila
2945 4194 3406 4269 nuncupabatur,
3422 4186 3788 4247 descendentes

512 4268 751 4349 fuerunvt
779 4292 1170 4344 antecessores
1202 4281 1315 4334 mei
1351 4282 1718 4350 SanctiSSimi,
1752 4284 2025 4355 Agapitus
2064 4288 2121 4339 et
2220 4285 2465 4339 Romam
2493 4285 2845 4339 obsederunt
2874 4301 3024 4350 eam,
3059 4287 3116 4338 et
3133 4268 3286 4339 facta
3303 4286 3388 4339 est
3414 4282 3592 4337 fames
3618 4268 3788 4330 incivi-

513 4380 807 4444 Silverius,
834 4376 931 4448 qui
958 4388 1090 4427 eum
1114 4369 1460 4424 damnavere
1483 4370 1509 4423 ’ἶ
1528 4371 1682 4424 Tunc
1724 4372 1967 4426 Romani
1988 4389 2119 4444 sug-
2142 4378 2194 4437 D
2220 4378 2335 4428 tate
2362 4376 2641 4442 Romana,
2663 4377 2722 4427 ut
2744 4374 2917 4428 etiam
2941 4377 3108 4427 natos
3123 4388 3257 4427 suos
3277 4373 3487 4427 vellent
3500 4363 3784 4423 comedere.

513 4470 839 4545 gesserunt,
874 4461 1030 4534 quod
1058 4458 1299 4513 consilio
1343 4458 1533 4528 Vigilii
1587 4459 1877 4529 depositus
1927 4461 2124 4515 fuisset

513 4558 806 4622 Silverius,
841 4549 1209 4612 mandantes,
1241 4547 1375 4617 quia
1389 4547 1541 4600 male
1560 4547 1825 4617 agitcum
1851 4550 2123 4604 Romanis

512 4646 689 4703 servis
743 4642 877 4707 tuis,
909 4643 967 4693 et
1015 4651 1148 4691 cum
1180 4634 1302 4705 ipsa
1332 4634 1496 4705 plebe
1530 4639 1628 4689 tua
1664 4652 1675 4689 :
1708 4636 1785 4691 sic
1838 4638 1993 4692 enim
2037 4642 2124 4693 est

515 4736 783 4799 furiosus,
808 4734 869 4785 ut
898 4728 1063 4783 daret
1098 4725 1325 4795 alapam
1358 4724 1583 4778 notario
1610 4741 1733 4791 suo,
1762 4726 1858 4798 qui
1886 4743 2017 4782 mox
2037 4743 2126 4782 ca-

516 4828 661 4882 dens
686 4822 760 4877 ad
800 4817 975 4890 pedes
1004 4816 1128 4885 ejus
1151 4812 1446 4885 expiravit.
1499 4813 1643 4867 Item
1675 4814 1833 4868 dedit
1888 4820 2121 4888 neptem

514 4927 680 4969 suam
697 4906 961 4979 Vigiliam
975 4902 1239 4958 Astherio
1261 4900 1489 4957 Consuli
1508 4900 1625 4956 filio
1650 4902 1906 4956 mulieris
1916 4904 2121 4972 vidum,

515 5015 692 5072 quem
722 4996 859 5051 fecit
880 4991 1067 5048 teneri
1099 4994 1288 5057 nocte,
1322 4993 1381 5044 et
1408 4989 1633 5044 tamdiu
1652 4989 1816 5057 ca'di,
1846 4992 2123 5062 quamdiu

513 5088 693 5143 vitam
724 5082 1067 5146 ﬂniret.Quo
1085 5080 1563 5149 audito,Augusta
1580 5078 1734 5132 misit
1747 5080 2120 5134 Anthemium

516 5177 855 5233 Scribonem
883 5188 1017 5226 cum
1046 5169 1256 5223 virtute
1281 5167 1573 5238 majoriad
1604 5168 1871 5235 Romam,
1898 5169 2117 5225 dicens:

519 5268 762 5338 Excepto
807 5262 864 5316 in
892 5259 1127 5315 basilica
1172 5257 1229 5311 8.
1266 5256 1437 5323 Petri,
1470 5272 1659 5327 parce,
1721 5260 2017 5325 caeterum,
2075 5260 2117 5313 si

517 5356 576 5411 in
604 5347 1103 5412 Lateranis,autin
1138 5344 1373 5417 palatio,
1404 5344 1574 5398 autin
1590 5344 1845 5416 qualibet
1876 5347 2121 5402 Ecclesia

514 5442 801 5500 inveneris
817 5435 1189 5509 Vigilium,im
1197 5433 1448 5505 positum
1464 5450 1595 5487 mox
1615 5434 1742 5488 navi
1748 5435 1969 5507 perduc
1985 5454 2119 5492 eum

515 5534 588 5589 ad
611 5549 733 5587 nos.
759 5528 924 5594 Quod
958 5526 1061 5580 nisi
1084 5522 1305 5590 feceris,
1339 5539 1442 5592 per
1469 5522 1755 5577 viventem
1808 5524 1864 5577 in
1911 5527 2118 5580 smcula

513 5618 789 5679 excoriari
812 5622 867 5672 te
896 5614 1125 5671 faciam.
1164 5611 1267 5677 Qui
1289 5611 1628 5666 Anthemius
1651 5612 1849 5667 Scribe
1879 5614 2113 5669 veniens

2222 4462 2483 4527 Quadam
2529 4462 2723 4534 itaque
2776 4462 2868 4517 die
2897 4460 3131 4516 intravit
3178 4478 3278 4515 rex
3332 4461 3569 4515 Romam
3597 4451 3787 4525 aperta

2223 4554 2280 4607 S.
2316 4552 2496 4618 Pauli,
2530 4550 2843 4606 indictione
2878 4554 2942 4606 13
2973 4555 3030 4605 et
3056 4549 3338 4605 habitavit
3373 4565 3502 4603 cum
3528 4537 3783 4599 Romanis.

2224 4641 2381 4712 quasi
2415 4644 2581 4712 pater
2601 4656 2731 4694 cum
2763 4639 2910 4694 filiis.
2946 4637 3192 4703 Quidam
3215 4655 3349 4694 vero
3372 4638 3441 4692 de
3459 4627 3786 4690 Senatoribus

2223 4730 2513 4801 fugientes
2542 4728 2784 4800 ingrcssi
2811 4732 2944 4783 sunt
2969 4724 3544 4799 ConstantinOpolim,
3567 4723 3620 4775 et
3646 4728 3783 4771 vene-

2223 4822 2360 4872 runt
2376 4819 2449 4872 ad
2465 4820 2881 4889 Imperatorem
2934 4815 3131 4870 afﬂicti
3151 4819 3209 4869 et
3235 4812 3490 4870 desolati.
3516 4809 3654 4873 Quos
3669 4818 3783 4859 con-

2222 4907 2434 4961 solatus
2455 4910 2540 4960 est
2564 4908 2904 4976 Imperator,
2921 4907 2978 4959 et
2989 4904 3145 4958 misit
3159 4904 3461 4959 Narsetum
3490 4894 3783 4954 Eunuchum

2223 4998 2281 5049 et
2309 4994 2720 5049 cubicularium
2746 5011 2914 5048 suum
2959 4993 3017 5047 in
3050 4992 3295 5047 Italiam.
3329 4991 3426 5045 Cui
3456 4989 3582 5043 data
3620 4992 3783 5053 pugnil

2222 5100 2353 5138 cum
2384 5083 2577 5138 Gothis
2608 5082 2842 5137 donavit
2890 5083 3036 5136 Deos
3066 5080 3384 5146 victoriam,
3415 5080 3471 5132 et
3499 5074 3690 5131 occisus
3714 5066 3784 5119 est

2221 5189 2318 5226 rex
2347 5177 2403 5227 et
2434 5170 2742 5226 multitudo
2765 5171 3079 5225 Gothorum
3112 5168 3412 5223 interfecta
3430 5151 3781 5220 est.Tuncad-

2223 5264 2427 5315 unatus
2457 5262 2640 5314 clerus
2694 5258 2916 5330 rogavit
2945 5258 3260 5321 Narsetem,
3295 5259 3353 5310 ut
3383 5270 3492 5309 una
3534 5263 3650 5304 cum
3679 5241 3780 5330 ej“?

2218 5349 2587 5421 suggestione
2614 5328 2847 5419 rogaret
2880 5344 3223 5417 Principem,
3242 5348 3304 5399 ut
3327 5344 3370 5398 si
3398 5341 3573 5397 adhuc
3601 5328 3776 5421 viveret

2218 5416 2452 5509 Vigilius
2482 5439 2656 5508 Papa,
2688 5416 2787 5491 aut
2811 5416 3154 5505 Presbyteri,
3179 5450 3277 5488 seu
3309 5427 3547 5494 diaconi,
3572 5422 3646 5477 vel
3682 5416 3773 5509 cle-

2218 5543 2335 5593 rus,
2360 5525 2454 5597 qui
2487 5542 2616 5579 cum
2648 5525 2852 5578 eodem
2899 5523 3086 5577 fuerat
3114 5521 3173 5575 in
3202 5519 3426 5577 exilium
3461 5508 3770 5597 deportatusr

2218 5616 2619 5671 reverterctur.
2642 5612 2913 5686 Suscepta
2937 5611 3216 5669 relatione
3248 5604 3501 5671 Narsetis,
3521 5600 3599 5655 vel
3614 5592 3767 5651 cuncti
