3862 6172
161 402 247 465 $53

1168 396 1594 460 EXCERPTUM
1635 402 1725 459 DE
1764 390 1999 460 GESTIS
2030 396 2201 461 ΗΘΜ.
2244 396 2446 461 pom.

3368 407 3479 469 534

164 527 281 583 cleri
307 523 557 581 Romani
589 525 751 580 laetus
782 523 1016 580 effectus
1041 528 1126 580 cst
1156 527 1479 597 Imperator
1524 527 1581 580 et
1631 541 1757 580 om—
1776 527 1831 587 Α
1859 526 2249 581 sanctissimus
2283 526 2518 600 quidem
2557 525 2807 581 Joannes
2836 525 3115 583 habitavit
3140 529 3323 587 multo
3341 535 3486 589 tem-

166 632 246 671 nes
283 614 483 686 inclyti
512 615 654 687 ejus,
684 630 751 669 eo
784 615 941 686 quod
998 614 1259 687 requiem
1318 614 1568 669 dedisset
1614 615 1761 669 Deus
1861 631 2002 686 pore
2036 615 2095 669 in
2124 615 2407 670 cimiterio
2444 615 2789 669 Sanctorum
2817 615 3059 671 Tiburtii
3090 619 3147 673 et
3170 618 3481 677 Valeriani.

164 704 443 761 Romanis.
478 704 601 758 Mox
633 702 810 767 misit,
841 718 946 774 per
975 702 1197 757 diversa
1227 703 1373 769 loca,
1405 702 1504 757 ubi
1533 702 1764 756 fuerant
1864 704 2067 758 Narses
2085 721 2216 759 vero
2245 705 2491 759 Romam
2523 702 2812 775 ingressus
2858 708 2990 777 post
3037 707 3290 763 multum
3334 712 3486 765 tem-

165 791 465 848 inexilium
515 790 821 862 deportati,
879 790 939 845 in
997 792 1181 863 Gypso
1242 794 1299 845 et
1330 793 1677 858 Proconeso,
1709 793 1767 846 et

165 880 314 953 jussit
341 883 481 935 ante
510 897 569 934 se
592 880 787 934 venire
816 881 1157 952 Imperator,
1194 879 1390 934 dicens
1418 879 1498 933 eis
1536 895 1549 933 :
1589 877 1766 932 Vultis

166 969 401 1041 recipere
429 968 719 1039 Vigilium,
753 972 815 1023 ut
844 969 953 1023 fuit
976 969 1131 1039 Papa
1160 972 1364 1037 vester,
1393 985 1467 1024 an
1495 967 1772 1022 archidia-

171 1074 364 1113 conum
395 1060 649 1111 vestrum
678 1056 998 1127 Pelagium,
1030 1060 1089 1112 et
1122 1074 1330 1112 manus
1368 1073 1500 1111 mea
1539 1056 1649 1111 erit
1676 1072 1770 1111 vo-

166 1146 389 1202 biscum.
425 1144 869 1217 Responderunt
892 1162 1096 1201 omnes
1128 1163 1141 1201 :
1176 1146 1427 1215 Imperet
1473 1146 1620 1200 DEUS
1646 1144 1768 1217 pie-

166 1236 252 1290 tati
279 1238 412 1300 tuze,
440 1236 505 1288 ut
529 1232 791 1287 restituat
820 1234 989 1289 nobis
1021 1234 1194 1290 modo
1219 1234 1575 1305 Vigilium,et
1591 1249 1771 1306 quan-

168 1324 228 1379 do
254 1321 498 1377 voluerit
524 1338 658 1376 eum
683 1322 832 1377 Deus
862 1323 1107 1378 transire
1138 1323 1207 1378 de
1230 1324 1340 1377 hoc
1370 1323 1599 1390 saeculo,
1633 1326 1769 1376 tunc

165 1428 282 1467 cum
309 1413 503 1464 vestra
552 1410 942 1481 praeceptione
1006 1411 1254 1466 donetur
1292 1410 1458 1465 nobis
1504 1409 1770 1481 Pelagius

167 1504 348 1555 noster
395 1498 851 1554 archidiaconus.
902 1500 1055 1554 'I‘unc
1113 1499 1332 1554 dimisit
1379 1516 1586 1555 omnes
1636 1516 1769 1555 cum

166 1588 377 1661 Vigilio,
409 1591 470 1642 et
498 1591 778 1642 venerunt
818 1586 1072 1643 Siciliam
1120 1588 1180 1643 in
1211 1588 1497 1643 civitatem
1528 1589 1767 1660 Syracu-

167 1676 253 1745 sis,
276 1676 371 1731 ubi
398 1676 651 1731 afﬂictus
693 1676 892 1730 calculi
922 1677 1121 1731 dolore
1168 1681 1432 1732 mortuus
1461 1680 1563 1732 est.
1598 1676 1770 1748 Cujus

166 1782 356 1837 Carpus
384 1766 733 1820 translatum
766 1767 848 1819 est
879 1767 1146 1833 Romam,
1180 1769 1239 1820 et
1276 1766 1529 1837 sepultus
1571 1769 1659 1820 est
1698 1765 1771 1820 ad

168 1855 215 1910 S.
240 1854 595 1920 Marcellum,
626 1853 715 1908 via
747 1853 986 1909 Salaria.
1016 1855 1085 1909 Et
1123 1854 1360 1909 cessavit
1404 1854 1771 1927 EpiscOpatus

168 1959 381 1998 menses
400 1946 434 1998 3
462 1945 522 1997 et
549 1941 669 1997 dies
694 1945 746 1996 5.

656 2044 661 2047 λ
906 2031 1041 2086 LXII

226 2122 522 2186 PELAGIUS,
550 2118 786 2175 natione
813 2121 1131 2187 Romanus,
1161 2134 1228 2173 ex
1248 2120 1412 2192 patre
1427 2119 1650 2176 Joanne
1679 2117 1771 2174 Vi-

167 2208 407 2274 cariano,
432 2208 583 2263 sedit
609 2208 777 2264 annis
827 2211 883 2263 11
934 2207 1227 2263 mensibus
1292 2212 1376 2277 10,
1436 2207 1638 2263 diebus
1685 2210 1770 2264 18.

170 2297 363 2365 Quem,
387 2297 528 2351 dum
543 2314 660 2353 non
689 2300 880 2352 essent
899 2296 1181 2369 Episcopi,
1207 2296 1304 2369 qui
1344 2314 1478 2351 eum
1534 2296 1775 2352 ‘ordina-

166 2390 305 2453 rent,
331 2402 402 2440 eo
432 2385 591 2458 quod
620 2385 929 2441 multitudo
969 2385 1369 2457 religiosorum
1401 2385 1771 2458 sapientium,

169 2477 217 2528 et
242 2474 535 2529 nobilium
557 2475 907 2529 subduxerat
924 2491 983 2528 se
1005 2490 1039 2528 a
1058 2474 1471 2529 communione
1502 2475 1646 2546 ejus,
1690 2473 1774 2529 di-

166 2579 310 2630 cens,
336 2562 479 2635 quia
506 2562 564 2615 in
598 2556 785 2617 marte
814 2561 1004 2633 Vigilii
1032 2563 1200 2633 Papae
1245 2579 1303 2616 se
1343 2561 1679 2629 immiscuit,
1713 2563 1779 2615 ut

168 2651 332 2705 tantis
366 2650 555 2723 pmnis
587 2649 964 2722 afﬂigeretur,
1018 2650 1433 2705 ordinaverunt
1478 2651 1590 2705 duo
1646 2649 1776 2722 Epi-

166 2738 340 2811 scopi,
366 2739 621 2793 Joannes
650 2738 719 2793 de
740 2738 993 2806 Perusia,
1022 2741 1080 2792 et
1109 2740 1298 2793 Bonus
1340 2738 1408 2793 de
1445 2738 1776 2806 Ferentino,

165 2830 218 2880 et
242 2826 508 2882 Andreas
535 2827 833 2899 presbyter
858 2826 927 2882 de
959 2827 1169 2882 Hostia.
1203 2828 1347 2882 Nam
1378 2843 1494 2881 non
1547 2829 1670 2882 erat
1719 2827 1779 2881 in

166 2915 308 2971 clero
365 2916 457 2970 vel
491 2915 875 2982 monasteriis,
910 2915 1006 2987 qui
1036 2918 1227 2987 posset
1253 2916 1599 2987 promoveri.
1625 2916 1782 2971 Tunc

168 3002 370 3060 Narses
397 3006 455 3058 et
485 3003 751 3074 Pelagius
800 3005 955 3075 Papa
985 3005 1224 3059 consilio
1262 3004 1403 3058 inito
1434 3008 1662 3076 sumpta
1691 3004 1787 3075 Lig

168 3093 317 3147 tania
351 3109 391 3146 a
419 3092 480 3147 S.
514 3091 817 3147 Pancratio
843 3109 974 3146 cum
1016 3092 1245 3164 hymnis
1274 3096 1331 3147 et
1357 3093 1592 3148 canticis
1618 3092 1783 3165 spiri-

166 3181 417 3235 tualibus
437 3183 724 3235 venerunt
781 3180 854 3234 ad
910 3180 968 3236 S.
1028 3183 1264 3235 Petrum
1300 3182 1657 3253 Apostolum,
1690 3180 1787 3236 ubi

166 3266 312 3323 idem
344 3270 509 3340 Papa
535 3272 745 3322 tenens
769 3268 1077 3340 Evangelia
1098 3272 1155 3323 et
1173 3285 1400 3323 crucem
1435 3268 1665 3324 Domini
1695 3286 1787 3325 su-

156 3352 265 3427 ’pcr
294 3360 482 3429 caput
510 3373 678 3411 suum
703 3357 763 3411 in
792 3357 1105 3412 ambonem
1128 3357 1405 3426 ascendit,
1433 3361 1489 3411 et
1518 3357 1792 3412 satisfecit

168 3448 412 3518 populo,
445 3445 585 3516 quia
611 3446 836 3500 nullum
860 3446 1085 3500 malum
1118 3445 1433 3518 peregisset
1471 3449 1674 3501 contra
1696 3445 1791 3501 Vi-

1867 792 2024 863 poris
2049 795 2310 847 mortuus
2359 795 2462 848 est.
2497 792 2900 848 Sauctissimus
2945 810 3178 867 quoque
3231 796 3486 854 Joannes

1868 883 1927 934 et
1953 881 2073 953 ipse
2105 884 2369 936 mortuus
2406 883 2661 954 sepultus
2701 885 2786 937 est
2832 882 2893 937 in
2930 883 3163 939 basilica
3218 886 3278 942 B.
3331 888 3487 943 Petri

1869 970 2140 1041 Apostoli.
2171 970 2239 1024 Et
2269 970 2503 1026 cessavit
2527 970 2896 1044 Episcopatus
2926 972 3221 1030 mensibus
3256 977 3340 1031 10.
3371 975 3488 1039 ἀίετ-

1869 1058 1974 1113 bus
2005 1061 2061 1120 3.

2581 1131 2760 1190 LXIV.

1946 1218 2298 1287 BENEDICI'US,
2318 1218 2553 1275 natione
2576 1221 2964 1292 Romanus,de
2981 1226 3144 1295 patre
3163 1224 3483 1296 Bonifacio,

1869 1306 2018 1360 sedit
2049 1306 2217 1361 annis
2245 1309 2298 1363 4.
2325 1324 2527 1363 mense
2552 1313 2600 1364 1.
2636 1308 2835 1365 diebus
2857 1316 2946 1368 29.
2979 1312 3197 1369 Eodem
3218 1317 3484 1388 tempore

1869 1409 2013 1465 gens
2043 1396 2555 1467 Langobardorum
2584 1397 2789 1453 invasit
2820 1416 3057 1457 omnem
3112 1401 3360 1472 Italiam,
3406 1402 3483 1459 si-

1871 1484 2106 1555 mulque
2165 1487 2222 1538 et
2250 1485 2435 1540 fames
2466 1486 2648 1542 nimia
2677 1489 2842 1557 adeo,
2874 1492 2938 1544 ut
2969 1491 3144 1546 etiam
3174 1492 3484 1549 multitudo

1869 1576 2187 1628 castrorum
2207 1590 2265 1628 se
2290 1575 2545 1631 traderet
2574 1576 2987 1649 Langobardis,
3045 1584 3107 1635 ut
3157 1584 3486 1656 temperare

1870 1666 2105 1734 possent
2132 1663 2204 1717 ab
2226 1663 2424 1735 inepia
2451 1664 2639 1720 famis.
2659 1669 2722 1721 In
2743 1667 2862 1722 istis
2885 1669 3079 1742 itaque
3113 1670 3407 1726 laboribus
3430 1673 3489 1727 et

1870 1750 2275 1806 afﬂictionibus
2328 1752 2546 1824 positus
2577 1756 2968 1812 sanctissimus
3011 1760 3166 1831 Papa
3222 1763 3487 1817 mortuus

1870 1842 1977 1902 est,
2008 1842 2066 1894 et
2090 1841 2343 1912 sepultus
2365 1840 2423 1895 in
2455 1843 2516 1896 Β.
2548 1843 2702 1898 Petri
2743 1846 2998 1916 Apostoli
3047 1846 3284 1903 basilica
3306 1847 3367 1903 in
3398 1865 3486 1905 se-

1800 1912 1851 1971 B
1869 1928 2207 1983 cretario.Et
2220 1928 2452 1984 cessavit
2462 1912 2833 2005 Epise0patds
2852 1950 3083 1990 menses
3104 1937 3155 1991 3.
3172 1936 3293 1991 dies
3326 1940 3412 1995 10.

2595 2020 2746 2075 LXV.

1945 2105 2235 2175 PELAGIUS,
2266 2106 2504 2163 natione
2548 2108 2861 2179 Romanus,
2891 2111 2963 2166 de
2996 2113 3159 2184 patre
3193 2112 3485 2186 Unigildo,

1874 2192 2021 2248 sedit
2049 2194 2216 2249 annis
2246 2198 2330 2251 10.
2366 2212 2552 2251 mens.
2600 2200 2653 2253 2.
2688 2197 2840 2255 dieb.
2892 2203 2977 2256 10.
3030 2200 3129 2255 Hic
3186 2201 3490 2259 ordinatur

1874 2282 2089 2355 absque
2114 2282 2372 2354 jussione
2403 2284 2706 2358 Principis,
2726 2302 2793 2342 eo
2816 2287 2972 2361 quod
2995 2288 3326 2345 obsiderent
3352 2288 3488 2345 civi-

1874 2375 2053 2427 tatem
2072 2373 2395 2428 Romanam
2427 2374 2813 2447 Langobardi,
2870 2377 2967 2450 qui
3026 2378 3250 2434 Italiam
3307 2381 3493 2436 multa

1875 2462 2187 2517 vastatione
2210 2463 2580 2521 infestabant.
2614 2465 2786 2537 Cujus
2797 2467 3345 2539 temporibustantm
3364 2471 3492 2543 plu-

1876 2550 1980 2605 viae
2008 2551 2262 2618 fuerunt,
2295 2553 2358 2605 ut
2386 2568 2590 2607 omnes
2619 2552 2897 2623 dicerent,
2930 2555 3066 2628 quia
3097 2572 3262 2629 aqua:
3294 2557 3494 2613 diluvii

1877 2640 2497 2711 superinundaverunt,
2516 2645 2574 2696 et
2591 2642 2720 2697 talis
2735 2643 2927 2699 clades
2948 2644 3077 2713 fuit,
3094 2647 3491 2719 qualemasse-

1879 2730 2005 2784 culu
2034 2730 2224 2783 nullus
2249 2729 2516 2785 meminit
2546 2731 2739 2787 fuisse.
2772 2734 2871 2788 Hic
2896 2738 3158 2790 mortuus
3185 2740 3290 2809 est,
3322 2740 3381 2792 et
3403 2753 3493 2794 se-

1879 2819 2071 2891 pultus
2092 2818 2165 2872 ad
2185 2819 2243 2873 Β.
2267 2821 2503 2874 Petrum
2526 2822 2886 2892 Apostolum.
2915 2824 2983 2879 Et
3005 2825 3242 2881 cessavit
3256 2826 3490 2899 Episco-

1881 2911 2046 2980 patus
2075 2924 2303 2963 menses
2333 2912 2384 2965 3.
2417 2909 2538 2964 dies
2552 2913 2642 2966 25.

2602 2999 2777 3054 LXVI.

1953 3087 2289 3157 Caesonius,
2317 3087 2551 3142 natione
2582 3089 2896 3158 Romanus,
2921 3105 2987 3144 ex
3017 3094 3181 3164 patre
3193 3090 3511 3162 Gordiano,

1887 3177 2034 3232 sedit
2061 3176 2228 3231 annis
2257 3180 2341 3233 13.
2367 3193 2554 3244 mens.
2585 3183 2638 3235 6.
2663 3179 2864 3234 diebus
2900 3183 2983 3236 10.
3011 3181 3110 3235 Hic
3129 3182 3504 3254 exposuitho-

1890 3266 2078 3320 milias
2118 3266 2581 3338 Evangeliorum,
2610 3270 2669 3322 et
2696 3269 2879 3323 multa
2913 3268 3046 3340 alia,
3083 3286 3211 3342 quae
3263 3286 3505 3326 enume-

1888 3370 2021 3410 rare
2050 3370 2167 3409 non
2204 3370 2527 3426 possumus,
2560 3355 2885 3429 adjecitque
2945 3357 3007 3411 in
3073 3372 3316 3414 canone.
3380 3358 3510 3416 Dte:

1892 3451 2094 3498 nostros
2117 3444 2173 3496 in
2203 3449 2297 3497 tua
2318 3459 2453 3515 pace
2481 3444 2718 3516 dispone,
2746 3449 2852 3500 etc.
2875 3444 3021 3501 Misit
3042 3445 3218 3503 etiam
3233 3446 3511 3520 praedica-

154 3530 697 3605 ‘gilium,petiitque
727 3533 1081 3600 confirmari,
1108 3536 1173 3588 ut
1209 3533 1254 3587 si
1286 3534 1413 3606 quis
1468 3534 1563 3589 ille
1604 3536 1690 3589 est
1731 3533 1793 3589 in
1824 3541 1871 3600 ο
1893 3546 2047 3600 tores
2082 3532 2155 3587 ad
2186 3534 2424 3603 gentem
2450 3534 2805 3604 Anglorum,
2835 3534 2931 3607 qui
2969 3551 3068 3590 eos
3112 3538 3515 3593 converterent

170 3628 375 3677 sancta.
427 3621 682 3676 Ecclesia
720 3623 792 3677 ab
820 3621 1061 3677 Ostiario
1088 3638 1269 3695 usque
1293 3622 1366 3677 ad
1392 3623 1637 3695 gradum
1666 3622 1795 3695 Epi-

167 3712 343 3783 scopi,
383 3727 581 3782 neque
604 3725 707 3782 per
737 3726 956 3780 aurem,
1012 3728 1199 3789 neque
1238 3727 1343 3782 per
1395 3712 1617 3784 aliquas
1663 3729 1795 3785 pro-

170 3798 484 3854 missiones
511 3799 795 3870 proﬁciat,
828 3799 964 3872 quia
988 3798 1382 3854 Simoniacum
1411 3802 1513 3855 est.
1544 3801 1798 3856 Mortuus

168 3890 248 3941 est
275 3891 488 3942 autem
516 3890 576 3941 et
603 3886 855 3959 sepultus
886 3887 947 3941 in
978 3887 1212 3942 basilica
1241 3888 1299 3942 Β.
1334 3887 1487 3942 Petri
1516 3887 1793 3961 Apostoli.

168 3973 233 4027 Et
259 3975 514 4031 cessavit
542 3974 913 4048 Episcopatus
951 3991 1182 4030 menses
1217 3979 1269 4043 2,
1300 3975 1421 4031 dies
1455 3979 1544 4032 25.

907 4064 1083 4120 LXIII.

233 4153 515 4219 Josms,
543 4171 610 4211 ex
636 4156 800 4227 patre
829 4153 1128 4209 Anastasio
1166 4152 1392 4223 illustri,
1433 4153 1581 4209 sedit
1627 4154 1797 4209 annis

171 4244 252 4300 12.
293 4244 608 4300 mensibus
648 4246 733 4297 11.
767 4241 919 4297 dieb.
949 4243 1037 4299 26.
1072 4243 1150 4297 Eo
1182 4245 1445 4314 tempore
1493 4243 1685 4297 Heruli
1735 4243 1795 4298 iu

166 4329 481 4390 Tharsiam
509 4334 819 4400 venerunt,
842 4330 1025 4386 levato
1058 4348 1228 4404 super
1244 4348 1303 4385 se
1334 4348 1471 4404 rege
1494 4330 1792 4400 Sindaldo,

170 4421 224 4475 et
244 4423 614 4494 premebant
641 4419 1165 4475 cunctamltaliam.
1191 4420 1403 4475 Contra
1428 4437 1570 4493 quos
1593 4421 1798 4476 Narses

168 4526 669 4581 egressus,regem
689 4525 891 4564 eorum
910 4507 1283 4576 iuterfecit,et
1295 4525 1533 4564 omnem
1560 4512 1797 4580 gentem

1896 3621 1969 3676 ad
2026 3619 2338 3677 Dominum
2387 3621 2557 3677 Jasun
2613 3621 2923 3679 Christum.
2976 3625 3227 3679 Domum
3283 3641 3514 3698 quoque

1897 3725 2060 3764 suam
2084 3709 2504 3764 monasterium
2528 3710 2960 3775 constituit.Qui
2979 3717 3242 3768 mortuus
3259 3714 3517 3786 sepultus

1900 3801 1984 3853 est
2010 3797 2081 3852 ad
2112 3798 2172 3852 Β.
2206 3799 2441 3852 Petrum
2473 3799 2809 3870 Apostolum
2848 3803 2983 3855 ante
3008 3800 3392 3856 Secretarium
3423 3802 3516 3857 die

1902 3889 1987 3942 12.
2005 3885 2222 3941 mensis
2253 3884 2459 3942 Martii.
2489 3886 2558 3940 Et
2572 3886 2810 3941 cessavit
2824 3888 3190 3961 Episcopatus
3211 3905 3440 3946 menses
3458 3893 3512 3945 5.

1898 3974 2018 4030 dies
2044 3978 2128 4031 19.

2613 4063 2813 4119 LXVII.

1968 4154 2330 4222 SABINIANUS,
2360 4150 2596 4207 natione
2616 4152 2844 4207 Tuscus.
2879 4151 2949 4207 de
2974 4151 3199 4209 civitate
3228 4154 3413 4225 Blera,
3446 4168 3516 4212 ex

1895 4246 2060 4316 patre
2085 4244 2264 4310 Bono,
2286 4240 2434 4296 sedit
2459 4256 2682 4295 annum
2708 4245 2756 4296 1.
2788 4256 3017 4296 menses
3046 4245 3098 4297 5.
3141 4241 3262 4298 dies
3291 4248 3344 4300 9.
3389 4243 3515 4309 Quo

1897 4336 2161 4404 tempore
2185 4330 2295 4384 fuit
2316 4330 2499 4384 fames
2516 4329 2705 4401 gravis
2742 4329 2803 4383 in
2828 4329 3054 4385 civitate
3088 4331 3373 4388 Romana.
3403 4333 3513 4398 Qui

1896 4419 2046 4475 facta
2070 4434 2210 4490 pace
2240 4435 2372 4473 cum
2404 4421 2577 4489 gente
2607 4417 3123 4489 Langobardorum
3135 4418 3307 4491 jussit
3325 4420 3513 4493 aperi-

1896 4508 1946 4563 ri
1974 4508 2183 4562 horrea
2210 4506 2473 4561 Ecclesiae
2520 4510 2578 4561 et
2622 4505 2940 4561 venundari
2965 4507 3261 4564 frumenta
3284 4526 3389 4582 pro
3420 4525 3517 4566 so-

165 4597 529 4671 subjugavit.
565 4595 783 4651 Deinde
796 4593 1160 4652 similimodo
1175 4596 1497 4668 Immingus
1527 4600 1585 4651 et
1610 4596 1798 4652 Bucel-
1822 4614 1871 4673 Ι)
1896 4595 2011 4651 lido
2045 4611 2159 4649 uno
2191 4594 2418 4649 modios
2449 4595 2534 4649 30.
2579 4593 2677 4648 Hic
2706 4593 2766 4648 in
2806 4594 3053 4650 Ecclesia
3083 4597 3143 4652 Β.
3168 4597 3324 4652 Petri
3362 4598 3515 4672 Δρο-

166 4684 330 4741 lenus
362 4688 547 4741 duces
575 4684 929 4740 Francorum
956 4686 1304 4758 premebant
1324 4685 1679 4755 Italiam,sed
1697 4703 1797 4741 au-

165 4772 410 4832 xiliante
446 4774 723 4844 Domino,
756 4776 813 4828 et
844 4773 948 4846 ipsi
986 4791 1021 4829 a
1050 4775 1280 4829 Narsete
1325 4773 1611 4830 interfecti
1640 4778 1791 4832 sunt.

166 4861 438 4938 Cumque
474 4863 575 4919 tali
627 4865 835 4918 eventu
883 4862 1161 4934 gauderet
1188 4865 1309 4918 tota
1336 4861 1517 4931 Italia,
1549 4862 1795 4919 Romani

167 4950 385 5010 invidia
444 4946 601 5007 ducti
632 4952 1043 5024 suggesserunt
1099 4949 1419 5006 Iustiniano
1454 4954 1513 5006 et
1559 4951 1795 5008 Sufﬁnae

173 5040 607 5115 [Saphiaz],quia
620 5038 897 5095 Romanis
917 5038 1105 5111 magis
1126 5038 1607 5112 expetieratGotis
1621 5040 1793 5095 servi-

170 5145 228 5185 re
258 5147 452 5206 quam
483 5129 710 5197 Graecis,
759 5127 857 5182 ubi
915 5127 1119 5182 Narses
1165 5127 1469 5183 Eunuchus
1524 5126 1791 5201 imperat.

172 5219 335 5283 Quod
352 5220 570 5274 Narses
592 5216 830 5273 audiens
859 5216 1130 5289 deRoma
1144 5214 1300 5270 venit
1315 5215 1716 5289 Campaniam,
1741 5221 1798 5273 et

172 5305 520 5383 indignatus
549 5306 774 5379 scripsit
799 5304 959 5378 genti
988 5304 1527 5377 Langobardorum,
1555 5308 1619 5360 ut
1648 5306 1798 5362 veni-

172 5401 323 5463 rent,
345 5402 411 5453 et
422 5395 789 5470 possiderent
804 5394 1193 5459 Italiam.Qute
1206 5391 1425 5463 omnia,
1459 5394 1799 5466 utcognovit

171 5485 434 5543 Joannes
479 5487 653 5558 Papa,
685 5485 924 5541 festinus
948 5483 1102 5539 venit
1126 5481 1445 5556 Neapolim,
1470 5486 1527 5538 et
1551 5484 1802 5539 obtinuit

173 5576 582 5641 aNarsete,ut
598 5577 978 5630 reverteretur
992 5574 1275 5629 Romam:
1309 5571 1407 5645 qui
1448 5572 1647 5628 relicta
1687 5576 1797 5629 Ita-

174 5665 272 5733 lia,
302 5682 419 5739 pro
455 5680 573 5735 qua
599 5664 761 5718 valde
801 5664 1179 5730 laboraverat,
1238 5660 1799 5736 Constantinopolim

178 5755 373 5814 redire
406 5752 765 5808 decreverat.
787 5753 1023 5826 Utrique
1059 5766 1201 5825 ergo
1256 5750 1469 5809 reversi
1520 5755 1675 5811 sunt.
1733 5754 1804 5810 Et

446 5851 691 5931 Panos.
725 5849 986 5927 CXXXIX,

1897 4683 2026 4738 stoli
2051 4680 2365 4736 luminaria
2391 4679 2631 4736 addidit.
2675 4680 2781 4745 Qui
2812 4683 3067 4754 sepultus
3093 4686 3180 4738 est
3218 4683 3280 4739 in
3321 4685 3513 4740 Eccle-

1897 4771 1980 4826 sia
2008 4771 2069 4825 Β.
2112 4768 2266 4823 Petri
2291 4768 2565 4840 Apostoli.
2598 4769 2899 4841 Depositus
2923 4773 3119 4825 autem
3160 4774 3246 4826 est
3279 4772 3385 4827 sub
3420 4771 3513 4828 die

1896 4863 1985 4916 22.
2010 4874 2197 4913 mens.
2226 4856 2498 4911 Februar.
2537 4857 2607 4912 Et
2630 4856 2868 4912 cessavit
2902 4856 3273 4932 Episcopatus
3298 4860 3511 4917 mensi-

1894 4946 2001 5003 bus
2029 4949 2115 5002 IO.
2145 4943 2300 5002 dieb.
2335 4946 2424 4999 26.

2581 5032 2805 5089 LXVIII.

1964 5125 2313 5191 Bomracws,
2353 5119 2589 5177 natione
2620 5122 2935 5193 Romanus,
2970 5140 3037 5180 ex
3076 5126 3239 5198 patre
3263 5123 3508 5193 Joanne,

1896 5213 2043 5269 sedit
2063 5212 2358 5267 mensibus
2372 5213 2424 5266 8.
2449 5208 2651 5266 diebus
2669 5213 2756 5266 22.
2788 5211 2887 5266 Hic
2916 5212 3166 5268 obtinuit
3190 5213 3341 5285 apud
3360 5214 3509 5269 Pho-

1896 5306 2083 5359 catem
2102 5300 2455 5372 Principem,
2484 5302 2547 5354 ut
2571 5299 2734 5354 sedes
2752 5301 3081 5372 Apostolica
3103 5302 3160 5356 Β.
3186 5300 3339 5357 Petri
3363 5304 3513 5375 Apo-

1898 5392 2026 5447 stoli
2066 5393 2237 5463 caput
2263 5393 2413 5445 esset
2442 5386 2710 5444 omnium
2741 5389 3144 5458 Ecclesiarum,
3185 5390 3323 5464 quia
3348 5391 3511 5446 sedes

1902 5479 2539 5552 Constantinopolitana
2564 5479 2817 5551 primam
2848 5495 2906 5533 se
2938 5478 3202 5535 omnium
3239 5478 3512 5535 Ecclesia-

1898 5586 2028 5626 rum
2038 5567 2839 5624 scribebat.Constituitetiam
2860 5566 3158 5641 Synodum
3181 5568 3240 5623 in
3268 5567 3517 5624 Ecclesia

1898 5662 1961 5717 B.
2001 5659 2157 5715 Petri
2183 5657 2467 5733 Apostoli,
2495 5656 2554 5711 in
2581 5673 2696 5730 qua
2720 5656 3269 5731 sederuntEpiscopi
3286 5660 3372 5713 72.
3389 5672 3518 5730 pre-

1902 5748 2116 5824 sbyteri
2152 5750 2245 5810 30.
2273 5744 2501 5803 diaconi
2528 5748 2583 5802 3.
2605 5747 2662 5802 et
2685 5745 2872 5800 clerus
2895 5745 3109 5815 omnis,
3137 5746 3245 5803 sub
3275 5745 3517 5803 anathe-

3094 5845 3169 5901 18
