3862 6172
408 342 513 406 555
1458 342 1515 399 S.
1548 336 1849 399 ABBONIS
1876 334 2164 397 ABBATIS
2196 330 2689 399 FLORIACENSIS
3562 346 3651 409 3'36

407 470 583 534 mate,
611 468 671 519 ut
688 466 876 519 nullus
893 463 1177 521 Pontiﬁce
1191 462 1411 517 vivente
1426 462 1769 535 EpiscOpum
1782 459 2021 515 civitatis
2044 463 2099 521 Α
2834 460 3026 517 LXXII.

406 571 466 609 se
486 556 795 626 praesumat
829 554 1039 616 dicere,
1093 555 1192 606 aut
1223 554 1413 624 partes
1466 549 1573 605 sibi
1628 550 1698 604 de
1738 548 2019 605 electione
2193 548 2496 618 Hoxomus,
2525 548 2758 606 natione
2788 550 3133 624 Campanus,
3164 568 3228 607 ex
3251 552 3403 610 Patre
3426 557 3658 617 Petronio

405 643 614 708 facere,
668 640 775 695 nisi
825 642 993 696 tertio
1026 641 1116 695 die
1151 639 1523 712 depositionis
1572 640 1713 710 ejus,
1770 642 2018 709 tuncque
2120 638 2384 706 Consule,
2408 640 2556 694 sedit
2585 641 2754 695 annis
2809 645 2892 697 l2.
2928 641 3218 697 mensibus
3264 646 3344 699 11.
3373 644 3550 700 diebus
3595 653 3665 705 17.

407 731 659 785 adunato
687 730 838 784 clero
866 734 923 784 et
951 730 1081 783 ﬁliis
1113 728 1373 783 Ecclesia:
1397 727 1595 781 electio
1628 728 1747 795 fiat,
1772 730 2016 797 etquem
2120 727 2218 780 Hic
2250 717 2566 795 constituit,
2600 732 2658 783 et
2678 729 2931 783 decrevit
2950 730 3009 784 in
3033 729 3293 798 Ecclesia,
3310 734 3367 786 ut
3393 734 3533 788 omni
3551 735 3667 789 heb-

408 819 534 891 quis
558 818 822 885 voluerit,
845 819 1079 873 habebit
1101 818 1206 872 sibi
1234 816 1527 871 licentiam
1551 815 1798 887 eligendi
1831 830 2015 868 sacer-
2120 814 2370 870 domada
2400 816 2694 872 Sabbatho
2726 818 2820 873 die
2850 821 3014 873 exeat
3046 818 3278 875 Letania
3306 837 3338 875 a
3384 819 3435 876 S.
3483 823 3673 893 Apolli-

407 907 626 963 dotem.
656 907 967 961 Defunctus
993 910 1189 961 autem
1226 906 1480 978 sepultus
1523 908 1606 959 est
1655 904 1712 957 in
1768 902 2019 957 Ecclesia
2120 902 2244 957 nari
2277 904 2351 958 ad
2381 905 2438 959 Β.
2475 907 2711 960 Petrum
2737 907 3098 977 Apostolum,
3149 911 3356 962 etcum
3396 909 3602 980 hymnis
3628 913 3676 964 et

406 993 467 1047 B.
500 993 652 1047 Petri
680 994 937 1064 Apostoli
973 994 1065 1048 die
1096 998 1179 1049 l2.
1214 1000 1405 1049 m‘ens.
1443 991 1717 1045 Novemb.
1748 992 1815 1045 Et
1834 1006 2015 1044 cessa-
2118 991 2354 1046 canticis
2383 993 2572 1048 omnis
2612 996 2858 1067 populus
2906 995 2958 1050 ei
3010 1012 3306 1051 occurrere
3355 996 3562 1052 debeat.
3590 996 3679 1062 Qui

405 1082 485 1137 vit
508 1082 875 1155 Episcopatus
900 1099 1086 1137 mens.
1110 1086 1193 1137 10.
1228 1082 1349 1135 dies
1368 1082 1420 1134 6.
2116 1082 2370 1152 sepultus
2390 1085 2475 1137 est
2500 1083 2595 1137 ubi
2616 1083 2916 1156 supra,sub
2938 1084 3029 1140 die
3055 1088 3109 1141 4.
3142 1085 3269 1141 ldus
3298 1085 3483 1141 Octob.
3504 1086 3562 1141 Et
3585 1100 3681 1140 ces-

1132 1171 1306 1225 LXIX.
2120 1168 2264 1223 savit
2354 1170 2724 1243 Episcopatus
2810 1190 2964 1229 anno
3034 1177 3086 1230 1.
3151 1190 3333 1229 mens.
3395 1179 3448 1230 7.
3509 1172 3681 1229 diebus

479 1256 829 1331 BQNIFACIUS,
861 1259 1097 1317 natione
1134 1260 1368 1325 Marsus,
1402 1257 1471 1311 de
1502 1255 1727 1312 civitate
1772 1254 2016 1320 Valeria,
2122 1261 2212 1315 18.

407 1367 475 1405 ex
502 1355 663 1423 patre
688 1353 912 1408 Joanne
963 1350 1209 1413 medico,
1263 1347 1408 1401 sedit
1454 1346 1622 1401 annis
1650 1348 1703 1400 6.
1746 1362 1931 1400 mens.
1964 1347 2016 1398 8.
2820 1350 3040 1408 LXXIII,

407 1440 607 1494 diebus
642 1444 725 1497 13,
757 1441 932 1512 Hujus
964 1437 1321 1510 temporibus
1349 1436 1553 1510 fames,
1584 1433 1931 1506 pestilentia,
1965 1434 2023 1487 et
2193 1436 2518 1506 Szvgnmus,
2556 1438 2793 1494 natione
2826 1440 3137 1509 Romanus,
3184 1456 3253 1496 ex
3295 1442 3453 1511 patre
3479 1437 3688 1506 Abicno,

407 1527 816 1584 inundationes
837 1544 1117 1600 aquarum
1140 1524 1489 1597 gravissima:
1511 1524 1761 1578 fuerunt.
1789 1522 1895 1586 Qui
1922 1538 2020 1593 pe-
2121 1525 2268 1580 sedit
2287 1527 2582 1582 mensibus
2612 1532 2664 1584 2.
2695 1528 2895 1583 diebus
2916 1532 2967 1584 4.
2998 1529 3175 1600 Hujus
3200 1527 3560 1600 temporibus,
3581 1542 3692 1581 cum

407 1617 499 1670 tiit
525 1634 558 1671 a
583 1619 829 1673 Phocate
855 1617 1114 1690 principe
1156 1617 1459 1687 templum,
1501 1613 1650 1684 quod
1692 1611 2020 1684 appellaba-
2120 1615 2351 1669 tantum
2375 1619 2521 1670 esset
2551 1617 2784 1683 electus,
2806 1618 3069 1673 nondum
3102 1621 3294 1673 autem
3314 1615 3695 1681 ordinatus,de-

407 1709 504 1761 tur
531 1708 850 1775 Pantheon,
880 1707 937 1761 in
974 1722 1087 1779 quo
1127 1705 1263 1759 fecit
1292 1703 1598 1757 Ecclesiam
1632 1703 1836 1768 beatas,
1871 1717 2020 1755 sem-
2054 1778 2079 1779 ά
2122 1706 2405 1758 vastatum
2436 1709 2522 1760 est
2546 1705 2914 1777 Episcopium
2958 1707 3343 1762 Lateranense
3398 1722 3432 1760 a
3467 1702 3695 1760 Mauritio

405 1812 624 1868 perque
679 1796 927 1869 Virginis
980 1778 1188 1851 Maria},
1241 1793 1348 1857 Qui
1399 1792 1699 1847 defunctus
1761 1790 1853 1845 die
1928 1793 2018 1845 25.
2050 1778 2795 1861 Bchartulario,etHisatio
2826 1795 3058 1867 patritio
3107 1795 3360 1850 Exarcho
3409 1792 3592 1859 Italiae,
3619 1791 3700 1863 qui

406 1885 621 1940 mensis
638 1885 786 1954 Maii,
816 1886 1067 1957 sepultus
1098 1886 1184 1939 est
1214 1883 1286 1937 ad
1308 1883 1544 1937 beatum
1562 1880 1900 1953 Apostolum
1915 1881 2019 1934 Pe-
2119 1882 2387 1937 adversus
2404 1882 2712 1938 Ecclesiam
2734 1884 2834 1939 DEI
2859 1884 3003 1939 inito
3029 1884 3267 1940 consilio
3305 1881 3701 1938 concitaverunt

404 1976 584 2031 trum.
2118 1970 2432 2025 exercitum
2499 1972 2850 2040 Romanum,
2911 1972 3169 2029 dicentes
3214 1989 3229 2027 :
3283 1971 3431 2036 Quid
3476 1970 3702 2042 prodest,

1143 2063 1295 2118 LXX.
1884 2088 1889 2101 -
2119 2059 2275 2130 quod
2297 2062 2473 2114 tantae
2498 2060 2756 2132 pecunia:
2787 2064 3158 2133 congregatas
3190 2060 3307 2115 sint
3331 2060 3391 2115 in
3431 2056 3699 2130 Episcopio

473 2155 803 2217 DEUSDEDIT,
836 2152 1074 2209 natione
1105 2152 1421 2221 Romanus,
1453 2166 1519 2205 ex
1540 2152 1702 2222 patre
1724 2148 2016 2220 Stephano
2118 2148 2487 2204 Lateranensi
2546 2151 2618 2205 ab
2677 2149 2929 2206 Honorio
2985 2152 3162 2220 Papa,
3197 2151 3257 2204 et
3285 2147 3562 2205 militibus
3581 2145 3705 2222 nihi,

402 2242 774 2309 subdiacono,
817 2241 965 2296 sedit
991 2240 1160 2294 annis
1191 2245 1242 2296 3.
1272 2239 1472 2294 diebus
1508 2242 1595 2292 23.
1652 2237 1752 2291 Hic
1798 2237 2016 2290 clerum
2116 2238 2321 2292 exinde
2350 2238 2704 2306 subvenitur,
2731 2239 2965 2311 quando
2998 2242 3054 2295 et
3098 2256 3263 2311 roga:
3323 2241 3540 2303 vestrae,
3587 2246 3707 2308 quas

398 2331 649 2387 multum
682 2329 897 2384 dilexit.
936 2328 1273 2383 Sacerdotes
1302 2331 1361 2381 et
1390 2328 1607 2381 clerum
1639 2325 1711 2379 ad
1751 2325 1877 2379 loca
1905 2323 2017 2396 pri—
2114 2327 2372 2381 Domnus
2402 2329 2720 2398 Imperator
2756 2328 2915 2382 vobis
2948 2344 3051 2399 per
3098 2327 3255 2383 vices
3304 2324 3614 2391 mandavit,
3643 2319 3709 2377 ibi

396 2418 549 2473 stina
578 2418 878 2473 revocavit.
904 2418 1075 2488 Cujus
1102 2415 1462 2488 temporibus
1493 2413 1725 2468 veniens
1755 2414 2015 2467 Eleuthe-
2112 2417 2247 2467 sunt
2289 2431 2323 2468 a
2347 2419 2543 2470 sancto
2588 2415 2709 2470 viro
2755 2413 3117 2472 reconditae?
3145 2415 3249 2470 His
3292 2413 3504 2470 auditis
3532 2425 3712 2467 omnes

396 2505 517 2560 rius
545 2505 809 2579 patritius
836 2508 893 2559 et
921 2503 1300 2558 cubicularius
1329 2504 1618 2567 Ravenna,
1652 2500 1856 2555 occidit
1886 2516 2009 2554 om-
2111 2502 2317 2556 armati
2346 2520 2379 2557 a
2414 2520 2593 2575 puero
2627 2522 2804 2577 usque
2834 2505 2907 2560 ad
2932 2521 3134 2560 senem
3166 2505 3466 2559 venerunt
3495 2500 3565 2557 ad
3582 2514 3714 2571 pre:-

398 2611 522 2661 nes,
555 2594 653 2666 qui
685 2594 743 2648 in
768 2610 973 2648 necem
992 2592 1229 2647 Joannis
1261 2591 1520 2658 Exarchi,
1561 2594 1617 2645 et
1635 2590 1845 2661 judicis
1879 2589 2008 2644 Rei-
2111 2590 2326 2645 dictam
2348 2592 2678 2661 Ecclesiam,
2710 2610 2884 2665 quam
2913 2598 3110 2648 tamen
3136 2591 3475 2664 irrumpere
3506 2605 3616 2644 non
3632 2602 3717 2659 po-

393 2682 533 2756 pub.
585 2683 835 2737 fuerant.
870 2683 1127 2753 Cumque
1175 2682 1466 2752 susceptus
1517 2682 1664 2733 esset
1706 2677 1925 2750 optime
1974 2694 2007 2732 a
2108 2681 2362 2748 tuerunt,
2416 2680 2817 2736 resistentibus
2865 2681 2973 2749 his,
3025 2680 3125 2753 qui
3191 2698 3330 2735 cum
3381 2675 3718 2734 sanctissimo

392 2772 749 2826 sanctissimo
790 2774 939 2826 Deus
969 2770 1126 2824 dedit
1161 2772 1335 2842 Papa,
1394 2785 1656 2841 egressus
1713 2767 1782 2822 de
1823 2769 2008 2822 Roma
2107 2766 2382 2822 Severino
2414 2768 2675 2824 aderant.
2724 2769 2886 2824 Unde
2915 2769 3239 2836 Mauritius,
3300 2767 3461 2841 quod
3521 2764 3570 2820 vi
3615 2779 3717 2819 non

388 2862 548 2916 venit
572 2862 891 2934 Neapolim,
925 2878 1052 2933 quas
1082 2860 1389 2914 tenebatur
1417 2876 1452 2914 a
1486 2860 1707 2913 Joanne
1751 2857 2003 2913 Consino
2103 2855 2317 2927 potuit,
2350 2856 2484 2913 dolo
2514 2857 2651 2913 fecit
2688 2858 2979 2929 ingressus
3002 2857 3355 2913 vestiarium
3389 2856 3721 2912 Lateranen-

387 2952 637 3004 antarta.
674 2949 886 3004 Contra
910 2965 1084 3020 quem
1130 2947 1443 3020 pugnando
1502 2946 1790 3000 interfecit
1841 2962 2001 3000 eum-
2104 2941 2180 2996 sis
2198 2943 2503 3017 Episcopii,
2535 2949 2594 2999 et
2617 2945 2885 3017 sigillavit
2938 2944 3140 3001 omnia
3206 2962 3345 3018 quas
3386 2940 3728 3000 Christiano-

382 3038 515 3093 dem
549 3042 884 3111 tyrannum,
933 3038 1227 3110 ingressus
1280 3036 1599 3109 Neapolim,
1651 3038 1710 3089 et
1751 3051 1882 3090 cum
1932 3050 2067 3118 eoa
2096 3048 2234 3086 rum
2282 3031 2464 3103 pietas
2507 3049 2613 3104 pro
2643 3034 3051 3107 redemptione
3108 3034 3465 3090 animarum
3511 3042 3729 3087 suarum

381 3128 524 3182 alios
552 3128 998 3199 multoszsicque
1047 3143 1304 3181 reversus
1362 3130 1446 3180 est
1492 3127 1848 3191 Ravennam,
1904 3122 2002 3178 ubi
2034 3116 2066 3118 ’⁷
2102 3123 2301 3175 sancto
2334 3122 2502 3176 Petro
2534 3122 2872 3195 reliquerat.
2912 3123 3178 3195 Misitque
3222 3121 3608 3196 postmodum
3641 3116 3733 3170 Ra-

383 3215 517 3270 data
544 3215 821 3270 militibus
843 3232 985 3286 roga
1008 3214 1159 3268 facta
1189 3217 1274 3267 est
1300 3231 1409 3285 pax
1425 3229 1640 3284 magna
1663 3212 1723 3266 in
1748 3215 1865 3266 tota
1894 3213 2002 3265 Ita-
2103 3224 2354 3262 vennam
2383 3209 2652 3282 epistolas
2683 3210 2757 3265 ad
2795 3210 3075 3265 Hisatium
3098 3210 3446 3283 patritium,
3465 3207 3565 3283 qui
3589 3204 3728 3261 illico

380 3304 479 3377 Iia.
508 3305 607 3359 Hic
633 3305 928 3359 constituit
954 3303 1266 3358 secundam
1293 3303 1521 3357 Missam
1550 3301 1677 3356 ﬁeri
1722 3301 1781 3355 in
1826 3301 2000 3355 clero.
2105 3296 2354 3352 Romam
2384 3298 2620 3354 veniens
2658 3316 2863 3355 omnes
2888 3300 3170 3372 primates
3204 3300 3486 3356 Ecclesia:
3515 3297 3575 3352 in
3600 3293 3734 3349 exsi-

385 3394 510 3459 Quo
536 3397 798 3466 tempore
827 3392 1010 3447 factus
1039 3394 1126 3446 est
1154 3394 1523 3446 terraemotus
1556 3406 1804 3461 magnus
1837 3405 2004 3443 men-
2105 3385 2249 3440 lium
2310 3386 2604 3457 deportari
2651 3387 2841 3460 jussit,
2869 3405 2943 3443 ne
3001 3390 3158 3444 esset
3210 3388 3317 3461 qui
3359 3384 3734 3461 impediretur

384 3499 445 3538 se
475 3484 751 3552 Augusto,
791 3480 1102 3535 indictione
1133 3482 1186 3534 6.
1213 3481 1346 3534 Post
1375 3480 1497 3533 haec
1522 3482 1717 3533 secuta
1765 3480 1859 3532 est
1891 3478 2005 3533 cla-
2107 3473 2222 3529 suis
2250 3475 2515 3547 negotiis.
2538 3475 2757 3532 Deinde
2787 3480 2918 3547 post
2962 3477 3083 3534 dies
3128 3477 3486 3551 aliquantus
3528 3474 3738 3546 ingres-

386 3568 487 3625 des
515 3568 838 3624 scabierum
864 3568 922 3623 in
952 3568 1187 3641 pepulo,
1217 3567 1299 3621 ita
1336 3570 1399 3621 ut
1449 3568 1638 3622 nullus
1690 3570 1857 3635 esset,
1908 3566 2007 3639 qui
2108 3580 2201 3617 sus
2232 3564 2615 3620 Lateranense
2642 3565 3009 3638 Episcopium
3037 3582 3145 3640 per
3173 3567 3307 3622 dies
3347 3568 3406 3621 8.
3451 3560 3739 3636 depraeda-

384 3659 582 3731 posset
611 3660 906 3711 mortuum
945 3672 1114 3711 suum
1157 3656 1592 3727 recOgnoscere.
1646 3655 1753 3721 Qui
1801 3655 2009 3710 defun-
2108 3653 2200 3706 tus
2225 3655 2311 3707 est
2340 3653 2527 3723 illud,,
2554 3657 2899 3727 partemque
2948 3653 3289 3711 maximam
3340 3653 3561 3711 direxit
3615 3651 3747 3707 Con-

387 3749 511 3801 ctus
536 3745 639 3800 sub
667 3744 821 3800 diem
861 3748 913 3802 8.
947 3744 1161 3799 mensis
1208 3744 1483 3801 Novemb.
1530 3746 1787 3816 sepultus
1816 3747 1902 3801 est
1936 3744 2010 3800 ad
2111 3740 2547 3813 stantinopolim
2575 3742 2833 3799 Heraclio
2875 3744 3253 3816 Imperatori,
3310 3746 3376 3799 et
3412 3745 3496 3798 sic
3524 3739 3745 3797 ordina-

388 3834 452 3889 B.
510 3835 748 3889 Petrum
819 3834 1177 3907 Apostolum.
1259 3832 1359 3887 Hic
1425 3832 1641 3888 dimisit
1689 3850 1794 3906 pro
1844 3834 2008 3889 obse-
2110 3832 2204 3884 tus
2231 3832 2317 3884 est
2335 3830 2723 3886 sanctissimus
2753 3831 3082 3888 Severinus.
3125 3832 3244 3896 Qui
3282 3832 3477 3889 etiam
3507 3830 3753 3905 sepultus

391 3922 527 3996 quio
591 3940 694 3978 suo
749 3921 822 3977 ad
869 3939 1109 3977 omnem
1158 3922 1378 3976 clerum
1426 3938 1632 3993 regam
1684 3940 1863 3978 unam
1920 3922 2010 3977 in-
2108 3920 2193 3973 est
2220 3917 2296 3973 ad
2324 3917 2561 3973 beatum
2588 3920 2826 3974 Petrum
2845 3921 3199 3994 Apostolum
3230 3920 3349 3977 sub
3383 3922 3483 3977 die
3527 3922 3584 3976 4.
3615 3918 3751 3973 Non.

388 4014 639 4084 tegram.
671 4012 738 4066 Et
762 4011 997 4067 cessavit
1036 4010 1410 4084 Episcopatus
1454 4027 1656 4066 mense
1713 4015 1763 4066 1.
1813 4010 2011 4066 diebus
2110 4007 2348 4079 August.
2378 4007 2447 4062 Et
2471 4007 2709 4064 cessavit
2730 4008 3103 4083 Episcopatus
3148 4026 3411 4067 menses
3457 4013 3516 4067 4.
3570 4007 3759 4065 diebus

396 4105 483 4159 16.

2113 4099 2204 4153 29.

1113 4170 1289 4225 LXXI.
2814 4169 3028 4227 LXXIV.

465 4260 815 4327 Bommcms,
846 4257 1084 4314 natione
1116 4258 1464 4330 Campanus,
1495 4258 1565 4314 de
1614 4259 1843 4316 civitate
1872 4261 2015 4317 Nea-
2184 4254 2444 4326 JOANNES,
2476 4256 2712 4313 natione
2762 4259 3048 4328 Dalmata,
3103 4276 3179 4315 ex
3237 4263 3427 4335 patre
3481 4254 3762 4318 Venantio

395 4350 536 4423 poli,
559 4366 625 4405 ex
650 4352 812 4422 patre
827 4346 1230 4415 Joanne,sedit
1247 4346 1417 4400 annis
1431 4349 1481 4401 5.
1507 4347 1607 4402 Hic
1635 4349 2018 4415 constituit,ut
2037 4343 2084 4404 ι)
2116 4344 2489 4415 Scholastico,
2522 4347 2670 4403 sedit
2700 4364 2856 4404 anno
2886 4351 2936 4404 l.
2970 4348 3284 4407 mensibus
3326 4356 3388 4409 9.
3445 4350 3656 4408 diebus
3686 4348 3767 4404 I9.

397 4440 815 4493 testamentum
834 4436 1020 4489 valeat
1048 4434 1365 4488 secundum
1372 4435 1695 4506 jussionem
1710 4437 2013 4510 Principis,
2115 4433 2213 4489 Hic
2248 4434 2405 4490 misit
2430 4437 2639 4491 multas
2668 4436 2940 4509 pecunias
2976 4454 3082 4509 per
3112 4454 3383 4496 omnem
3415 4436 3770 4496 Dalmatiam

403 4530 461 4583 et
487 4530 552 4582 ut
599 4526 788 4581 nullus
834 4524 1095 4577 trahatur
1146 4522 1216 4577 de
1265 4524 1535 4591 Ecclesia,
1570 4542 1676 4580 nec
1706 4529 2017 4597 praesumat
2117 4540 2217 4578 seu
2234 4523 2501 4579 Histriam
2522 4542 2627 4597 per
2643 4525 3068 4581 sanctissimum
3092 4530 3152 4582 et
3179 4526 3777 4586 ﬁdelissimumblar-

403 4615 700 4687 acolythus
734 4611 1007 4683 reliquias
1036 4610 1383 4666 Sanctorum
1435 4612 1750 4685 Martyrum
1807 4615 2015 4683 levare,
2116 4612 2306 4667 tinum
2336 4612 2617 4668 Abbatem
2633 4614 3383 4686 propterredemptionem
3410 4617 3778 4692 captivorum

402 4703 512 4759 nisi
540 4703 861 4776 presbyter,
916 4702 972 4753 et
1014 4701 1074 4753 ut
1126 4697 1187 4753 in
1246 4699 1543 4755 Lateranis
1573 4703 1869 4774 acolythus
1898 4720 2018 4758 non
2120 4699 2217 4773 qui
2249 4716 2283 4755 a
2306 4700 2574 4772 gentibus
2599 4701 2915 4774 depraedati
2942 4702 3203 4759 fuerant.
3253 4704 3676 4779 Sepultusque
3703 4702 3785 4757 est

403 4793 656 4865 baptizet
680 4807 811 4846 cum
849 4790 1113 4861 diacono,
1178 4792 1278 4848 sed
1321 4791 1659 4847 subdiaconi
1713 4796 2020 4864 sequentes
2121 4789 2195 4844 ad
2216 4790 2275 4845 Β.
2318 4790 2555 4845 Petrum
2599 4792 2940 4861 Apostolum
2984 4792 3090 4847 sub
3129 4792 3237 4848 die
3304 4795 3402 4851 Id.
3454 4793 3669 4851 Octob.
3722 4790 3786 4857 Et

404 4880 625 4935 Eodem
654 4883 917 4951 tempore
955 4883 1089 4934 ante
1115 4880 1268 4935 diem
1296 4879 1678 4936 ordinationis
1702 4880 1824 4951 ejus
1855 4882 2019 4936 Eleu-
2121 4878 2359 4934 cessavit
2384 4879 2757 4952 Episcopatus
2787 4896 2986 4935 mense
3022 4884 3070 4937 1.
3097 4879 3271 4941 dieb.
3316 4886 3421 4942 10.

404 4967 622 5022 therius
650 4968 916 5039 patritius
963 4972 1022 5023 et
1077 4970 1364 5025 Exarchus
1430 4971 1658 5024 antarta
1715 4969 2023 5042 assumpsit
2829 4967 3019 5025 LXXV.

403 5072 674 5129 regnum.
705 5055 811 5121 Qui
842 5054 1077 5111 veniens
1118 5058 1191 5112 ad
1239 5057 1527 5112 civitatein
1579 5057 1925 5124 Romanam,
1962 5057 2020 5110 in
2188 5056 2535 5125 Turononus,
2567 5056 2805 5114 natione
2835 5057 3084 5127 Graecus,
3133 5074 3213 5113 ex
3265 5065 3458 5134 patre
3482 5059 3795 5118 Theodoro

404 5143 789 5218 castro,quod
810 5143 1035 5213 dicitur,
1072 5145 1356 5214 Luciolus,
1406 5162 1441 5200 a
1472 5144 1751 5199 militibus
1800 5146 2019 5199 Raven-
2121 5145 2401 5218 Episcopo
2443 5145 2513 5200 de
2544 5145 2771 5201 civitate
2803 5145 3234 5220 Hierosolyma,
3297 5151 3473 5206 sedit
3525 5150 3703 5208 annis
3744 5149 3797 5205 6.

403 5234 633 5289 natibus
663 5233 996 5288 interfectus
1022 5238 1126 5302 est,
1154 5238 1212 5290 et
1240 5238 1411 5307 caput
1442 5235 1564 5305 ejus
1586 5234 1842 5288 delatum
1871 5234 2018 5288 Con-
2121 5234 2418 5288 mensibus
2447 5237 2499 5288 5.
2523 5234 2725 5290 diebus
2748 5238 2833 5293 18.
2866 5235 3466 5309 Hujustemporibus
3500 5235 3801 5296 Mauritius

400 5322 836 5395 stantinopolim
863 5322 935 5376 ad
971 5323 1296 5394 piissimum
1326 5323 1673 5395 Principem.
1705 5322 2019 5377 Defunctus
2120 5321 2530 5390 Chartularius,
2555 5340 2658 5396 per
2676 5340 2849 5396 quem
2866 5324 3119 5380 Hisacius
3149 5329 3374 5384 multa
3398 5332 3573 5386 mala
3595 5344 3805 5403 opera-

400 5412 596 5465 autem
634 5409 996 5464 beatissimus
1022 5412 1347 5466 Bonifacius
1396 5411 1647 5480 sepultus
1706 5413 1796 5465 est
1834 5410 1908 5465 ad
1951 5411 2016 5468 Β.
2119 5413 2207 5466 tus
2238 5417 2343 5480 est,
2375 5412 2694 5483 conjuravit
2715 5421 2918 5470 contra
2937 5414 3223 5470 eumdem
3240 5417 3570 5476 Hisatiurn
3592 5419 3805 5491 adjun-

395 5500 633 5556 Petrum
663 5498 1003 5571 Apostolum
1030 5499 1123 5555 die
1153 5504 1241 5558 25.
1275 5498 1491 5556 mensis
1542 5498 1741 5556 Octob.
1782 5500 1851 5554 Et
1897 5515 2015 5555 ces-
2120 5500 2224 5554 etis
2252 5500 2359 5556 sibi
2397 5501 2687 5572 omnibus,
2715 5502 2811 5575 qui
2841 5503 2901 5558 in
2924 5503 3165 5560 circuitu
3200 5506 3494 5566 civitatis
3514 5512 3811 5567 Romanas

402 5589 527 5645 avit
552 5588 927 5661 Episcopatus
952 5588 1071 5643 dies
1108 5593 1194 5644 13.
2124 5606 2228 5663 per
2256 5593 2441 5647 castra
2469 5595 2764 5648 morantes
2793 5594 3102 5650 Ecclesium
3134 5593 3261 5652 Dm
3296 5598 3807 5670 devastaverant.
