3862 6172
387 406 492 471 350

394 533 517 586 lnm
546 529 650 584 sub
689 525 780 582 die
816 527 870 580 4.
903 523 1092 579 Nonas
1119 516 1250 578 Jun.
1279 521 1348 578 Et
1375 522 1612 578 cessavit
1629 522 1997 595 Episcopatus
2019 527 2075 586 Α

393 634 598 675 mense
631 621 680 670 1.
719 614 920 669 diebus
949 613 1043 686 28:

1065 718 1334 775 LXXVIII.

461 832 810 897 VITALIANUS,
857 825 1092 881 natione
1165 823 1492 895 Segnensis,
1560 840 1627 878 ex
1705 823 1999 897 provincia

391 918 739 992 Campaniaz,
802 933 869 970 ex
922 913 1454 994 patre.Anastasio,
1513 912 1660 966 sedit
1712 913 1877 967 annis
1911 916 1993 967 14.

387 1009 685 1065 mensibus
713 1011 764 1062 6.
799 1004 896 1058 Hic
919 1002 1124 1058 direxit
1151 1002 1514 1072 responsales
1557 1017 1688 1055 suos
1726 1018 1856 1055 cum
1888 1001 2003 1072 Sy—

388 1098 598 1153 nodica
617 1097 781 1167 juxta
826 1090 1306 1147 consuetudinem
1340 1089 1399 1143 in
1450 1088 1671 1159 regiam
1701 1089 1903 1143 urbem
1933 1088 2005 1142 ad

387 1184 674 1258 piissimos
702 1181 1017 1251 Principes,
1047 1177 1378 1248 signiﬁcans
1400 1176 1583 1230 desua
1615 1175 2001 1230 ordinatione.

387 1273 559 1344 Cujus
616 1269 972 1342 temporibus
1028 1267 1182 1320 venit
1249 1265 1657 1320 Constantinus
1711 1266 1995 1334 Augustus

385 1364 655 1427 Romam,
680 1359 974 1428 susceptus
1006 1355 1076 1408 ab
1104 1355 1312 1408 eodem
1352 1353 1623 1423 Papa,cui
1656 1356 1712 1406 et
1738 1351 2008 1418 occurrit,

389 1448 707 1505 indictione
741 1449 916 1510 sexta,
950 1443 1148 1515 quinto
1185 1441 1454 1496 milliario
1480 1442 1551 1495 ab
1582 1440 2011 1511 urbc.Cumque

387 1556 494 1612 per
527 1535 834 1592 duodecim
867 1533 989 1587 dies
1039 1531 1098 1585 in
1121 1530 1346 1584 civitate
1386 1530 1651 1584 Romana
1681 1529 2011 1583 demoratus

392 1647 497 1703 per
520 1628 741 1682 diversa
760 1626 884 1679 loca
897 1622 1146 1696 plurima
1168 1621 1321 1675 dona
1337 1618 1860 1686 obtulisset,omnia
1882 1635 2009 1689 qua:

391 1719 559 1773 erant
587 1715 646 1769 in
680 1729 793 1766 aere
825 1711 897 1765 ad
924 1713 1196 1765 ornatum
1225 1708 1469 1762 civitatis
1497 1706 1781 1777 deposuit.
1809 1705 1921 1760 Sed
1952 1709 2011 1760 et

399 1803 712 1860 Ecclesiam
744 1801 801 1856 S.
827 1801 1017 1854 Manna
1039 1798 1111 1852 ad
1156 1798 1427 1867 Martyres
1466 1794 1672 1866 tegulis
1700 1793 1862 1848 aereis
1893 1793 2011 1848 dis—

393 1891 713 1963 cooperuit,
764 1893 822 1943 et
881 1903 1013 1941 cum
1074 1885 1196 1939 aliis
1235 1885 1406 1940 rebus
1437 1885 1497 1937 in
1527 1883 1751 1954 regiam
1804 1883 2008 1936 urbem

394 1981 626 2038 direxit.
660 1981 935 2033 Reversus
967 1977 1162 2029 autem
1187 1973 1441 2028 Siciliam
1475 1972 1750 2027 habitavit
1767 1971 2008 2042 Syracu-

393 2071 487 2138 sis,
520 2068 618 2123 ubi
642 2068 782 2121 tales
811 2063 1153 2120 afﬂictiones
1171 2063 1382 2134 p0pulo
1403 2059 1830 2132 provinciarum
1852 2059 2011 2113 Cala-

393 2155 791 2222 briae,Siciliaa,
826 2152 1052 2220 Africae,
1084 2153 1170 2205 vel
1211 2150 1490 2205 Sardiniae
1539 2165 1644 2221 per
1670 2149 2006 2220 diagrapha,

395 2265 495 2303 seu
521 2245 709 2316 capita
737 2245 911 2314 atque
963 2239 1381 2295 nauticationes
1410 2237 1710 2309 imposuit,
1751 2238 1947 2309 quales
1976 2252 2011 2290 a

398 2336 604 2392 szeculo
662 2347 962 2402 nunquam
997 2330 1231 2383 fuerant
1279 2326 1510 2394 auditae,
1567 2325 1834 2380 auferens
1879 2341 2011 2378 vasa

403 2441 586 2493 sacra,
622 2422 710 2476 vel
741 2418 956 2475 cimilia
985 2419 1313 2472 sanctarum
1337 2417 1435 2469 Dm
1466 2413 1867 2468 Ecclesiarum.
1903 2410 2011 2477 Qui

394 2510 770 2586 postmodum
801 2511 864 2562 15
889 2506 980 2560 die
1003 2504 1217 2560 mensis
1247 2501 1899 2574 Julii,perindictionem
1921 2507 2005 2559 I2.

396 2601 656 2676 proditus
702 2598 764 2652 in
811 2597 1019 2651 balneo
1074 2593 1289 2648 occisus
1355 2596 1458 2647 est.
1512 2591 1718 2647 Secuta
1767 2595 1852 2646 est
1892 2595 2008 2647 sta-

395 2691 502 2745 tim
533 2704 690 2743 mors
740 2682 1082 2740 sanctissimi
1138 2680 1420 2748 Vitaliani,
1482 2679 1580 2752 qui
1633 2681 1885 2751 sepultus
1923 2683 2009 2735 est

398 2779 472 2834 ad
516 2779 574 2833 S.
626 2777 861 2831 Petrum
920 2772 1260 2843 Apostolum
1323 2771 1425 2825 sub
1485 2769 1577 2824 die
1651 2771 1704 2824 6.
1763 2769 2004 2824 Kalend.

392 2867 668 2924 Februar.
727 2864 796 2918 Et
855 2861 1094 2917 cessavit
1163 2859 1532 2932 Episcopatus
1599 2857 1894 2913 mensibus
1949 2861 2003 2914 2.

392 2957 595 3012 diebus
629 2957 714 3010 13.

439 3065 451 3075 ·
1098 3037 1313 3096 LXXIX.

462 3153 808 3216 Ansoonus,
855 3145 1094 3202 natione
1125 3145 1440 3209 Romanus,
1483 3158 1551 3196 ex
1572 3139 1890 3208 monachis,
1937 3156 2004 3195 ex
2032 3132 2079 3193 C

391 3244 556 3315 patre
585 3238 842 3303 Joviano,
871 3235 1020 3290 sedit
1057 3231 1222 3287 annis
1249 3233 1301 3285 4.
1338 3230 1586 3287 mensib.
1641 3234 1694 3286 2.
1725 3228 1924 3283 diebus
1946 3232 1999 3283 5.

391 3329 581 3399 Hujus
612 3324 964 3396 temporibus
981 3318 1406 3389 Mezentius,qui
1434 3320 1560 3371 erat
1587 3316 1647 3371 in
1670 3316 2002 3372 Siciliacum

393 3413 644 3470 exercitu
697 3409 974 3466 Orientali
1031 3409 1262 3479 arrepto
1312 3422 1495 3476 regno
1535 3404 1902 3472 intarzizavit,
1946 3408 2004 3460 et

393 3502 673 3558 exercitus
713 3498 889 3553 Italia
925 3513 1029 3568 per
1085 3495 1308 3550 diversa
1336 3493 1506 3564 fugit,
1549 3509 1843 3564 quousque
1885 3495 2001 3548 Ι)εο

397 3590 708 3646 auxiliante
759 3586 916 3641 idem
970 3585 1352 3654 interemptus
1408 3584 1512 3650 est,
1558 3574 1620 3635 et
1671 3585 1841 3654 caput
1883 3582 2004 3653 ejus

395 3679 620 3734 intarta
661 3674 1224 3744 Constantinopolim
1260 3671 1626 3743 perductum.
1683 3673 1818 3726 Post
1845 3672 2004 3742 cujus

389 3770 644 3824 mortem
675 3764 977 3822 Sarraceni
1001 3762 1255 3818 Siciliam
1296 3760 1693 3829 obtinuerunt,
1725 3764 1783 3815 et
1809 3759 2004 3816 multis

394 3855 611 3925 occisis,
641 3852 886 3927 populus
907 3853 968 3906 in
997 3849 1314 3917 montanis,
1357 3866 1455 3904 seu
1487 3849 1547 3903 in
1577 3849 1775 3904 castris
1800 3850 2005 3904 confu-

393 3945 557 4019 gium
589 3943 747 4000 fecit.
779 3943 864 3998 Illi
896 3957 1029 3996 vero
1085 3937 1296 3994 reversi
1353 3937 1760 3992 Alexandriam
1809 3954 2003 4013 secum

391 4036 848 4110 asportaverunt,
874 4048 1002 4104 quae
1031 4047 1064 4085 a
1083 4029 1309 4084 civitate
1329 4028 1593 4082 Romana
1613 4027 1745 4082 illuc
1774 4028 2002 4101 navigio

393 4124 627 4180 fuerant
655 4123 863 4177 delata.
893 4118 1207 4175 Praedictus
1233 4132 1467 4189 quoque
1497 4117 1891 4172 sanctissimus
1921 4117 2004 4172 vir

396 4213 604 4267 casalia
622 4208 984 4282 conquisivit,
1016 4209 1073 4261 et
1093 4205 1152 4263 in
1181 4206 1297 4260 vita
1319 4222 1423 4260 sua
1468 4206 1752 4260 Abbatem
1779 4209 1838 4261 et
1863 4223 2002 4261 con-

392 4300 794 4372 gregationem
814 4297 1033 4351 ibidem
1048 4294 1356 4350 constituit.
1384 4295 1516 4349 Post
1527 4295 1611 4365 cuj
1624 4312 1685 4349 us
1698 4295 2003 4350 transitum

394 4391 570 4443 tantae
593 4387 799 4458 pluviae
825 4389 882 4440 et
904 4384 1160 4475 tonitrua
1179 4383 1434 4475 fuerunt,
1458 4383 1650 4475 qualia
1677 4385 1836 4475 nulla
1865 4388 2003 4440 tetas
2026 4413 2080 4475 Ι)

394 4476 758 4533 meminit.Et
784 4475 891 4530 nisi
915 4490 1020 4545 per
1051 4472 1334 4538 Letanias,
1351 4489 1477 4543 quze
1493 4473 1747 4544 quotidie
1765 4475 2001 4538 ﬁebant,

395 4565 674 4621 Dominus
697 4562 1040 4636 propitiatus
1067 4561 1504 4628 esset,homines
1525 4563 1583 4614 et
1594 4577 1803 4632 pecora
1822 4558 2000 4618 inter-

390 4653 564 4711 irent.
591 4651 1042 4708 Renascentibus
1068 4665 1296 4721 quoque
1315 4649 1701 4720 leguminibus
1732 4652 1921 4707 denuo
1941 4651 1999 4706 in

391 4743 609 4815 campis
625 4744 862 4815 propter
890 4736 1330 4810 nimiaspluvias
1352 4737 1430 4792 nil
1459 4737 1679 4793 triturae
1701 4739 1759 4792 in
1789 4740 2001 4795 horrea

391 4831 709 4887 recondere
741 4829 1027 4885 valebant.
1053 4827 1318 4898 Sepultus
1333 4830 1527 4882 autem
1543 4827 2002 4884 estbeatissimus

391 4920 715 4976 Adeodatus
743 4919 817 4974 ad
867 4918 925 4975 S.
957 4919 1191 4974 Petrum
1238 4917 1576 4988 Apostolum
1643 4918 1744 4972 sub
1799 4917 1890 4972 die
1947 4923 1999 4976 6.

389 5010 518 5066 Idus
556 4997 676 5064 'Jul.
733 5009 800 5063 Et
851 5006 1088 5064 cessavit
1145 5005 1516 5080 Episcopatus
1583 5005 1880 5062 mensibus
1943 5009 1998 5064 4.

387 5098 589 5156 diebus
625 5101 708 5154 15.

1101 5202 1290 5257 LXXX.

453 5312 662 5380 Domus,
693 5310 928 5367 natione
956 5310 1272 5376 Romanus,
1304 5324 1372 5362 ex
1402 5308 1568 5379 patre
1599 5306 1880 5377 Mauritio,
1911 5323 2002 5363 se-

387 5401 471 5458 dit
497 5417 650 5456 anno
680 5399 1050 5456 Lmensibus
1073 5401 1124 5452 6.
1159 5396 1356 5451 diebus
1399 5398 1484 5449 10.
1517 5394 1615 5449 Hic
1657 5397 1912 5468 repperit
1943 5397 1999 5453 in

381 5491 519 5547 urbe
532 5489 802 5556 Roma,in
820 5505 874 5542 m
885 5485 1175 5542 onasterio
1189 5484 1344 5556 quod
1357 5484 1682 5554 appellatur
1700 5485 1999 5555 Boeziana,

375 5577 822 5634 Nestorianistas
853 5575 1170 5630 monachos
1198 5573 1388 5646 Syros,
1413 5589 1558 5645 quos
1576 5590 1680 5645 per
1710 5577 2006 5630 monaste-

377 5666 463 5721 ria
511 5666 734 5721 diversa
786 5662 994 5732 divisit,
1027 5666 1086 5718 et
1110 5663 1326 5719 ibidem
1355 5663 1676 5720 monachos
1712 5663 2006 5721 Romanos

1427 396 1498 458 'S.
1538 393 1828 460 A'BBONIS
1867 393 2152 460 ABBKTIS
2192 394 2693 461 FLORIACENCIS

2098 523 2362 580 instituit.
2397 525 2570 596 Cujus
2595 523 2956 597 temporibus
2979 522 3219 581 Ecclesia
3240 521 3517 599 Ravennae,
3537 548 3644 604 qua:

2098 630 2156 668 se
2186 613 2259 669 ad
2280 614 2526 670 Ecclesia
2564 616 2829 669 Romana
2850 619 3250 686 segregaverat
3276 632 3430 672 causa
3449 623 3650 675 autoce-

2099 702 2307 773 phalite
2324 702 2513 757 denuo
2529 719 2586 757 se
2601 702 2861 774 pristinae
2886 702 3339 775 sediApostolicae
3349 706 3649 778 subjugavit.

2105 790 2204 860 Cuj
2216 792 2543 846 usEcclesiae
2567 793 3029 864 prmsul,nomine
3059 793 3417 862 Reparatus,e
3429 795 3653 866 vestigio,

2102 883 2164 933 ut
2186 882 2299 935 Ι)Εο
2343 881 2757 952 placuit,vitam
2790 881 2992 936 ﬁnivit.
3035 882 3132 936 Hic
3161 882 3294 937 dum
3316 887 3451 938 esset
3474 885 3654 938 electus

2103 971 2362 1040 Augusto
2394 986 2616 1036 mense,
2649 971 2816 1025 stella
2853 987 2886 1025 a
2917 973 3083 1042 parte
3109 971 3350 1026 Orientis
3377 972 3615 1043 apparuit
3635 988 3663 1027 a

2105 1057 2238 1127 galli
2278 1061 2449 1112 cantu
2475 1075 2652 1130 usque
2685 1075 2858 1113 mane
2885 1075 2989 1130 per
3036 1062 3152 1114 tres
3207 1076 3442 1126 menses,
3489 1063 3541 1114 et
3565 1060 3666 1130 ejus

2108 1145 2257 1200 radii
2289 1148 2459 1200 coelos
2495 1147 3044 1218 penetrabant.Quae
3070 1151 3200 1219 post
3226 1147 3571 1218 semetipsam
3593 1163 3670 1202 re-

2108 1250 2273 1288 versa
2307 1234 2604 1306 disparuit,
2633 1238 2692 1290 et
2722 1253 2754 1290 a
2781 1238 2946 1307 parte
2991 1236 3230 1291 orientis
3272 1236 3510 1290 maxima
3540 1251 3673 1290 mors

2113 1322 2419 1376 hominum
2447 1323 2747 1378 subsecuta
2777 1323 2958 1378 affuit.
3005 1324 3270 1396 Sepultus
3299 1326 3485 1378 autem
3520 1325 3596 1378 est
3615 1323 3678 1377 ad

2115 1411 2174 1465 Β.
2210 1413 2446 1466 Petrum
2491 1413 2833 1482 Apostolum
2884 1412 2987 1466 sub
3019 1412 3112 1467 die
3156 1415 3208 1467 3.
3251 1413 3382 1467 Idus
3419 1412 3584 1484 April.
3621 1411 3679 1465 Et

2112 1499 2346 1554 cessavit
2375 1499 2745 1572 Episcopatus
2767 1501 3013 1556 mensib.
3037 1505 3090 1558 2.
3125 1501 3280 1560 dieb.
3316 1504 3398 1556 15.

2769 1661 2772 1663 _
2820 1589 3031 1644 LXXXI.

2180 1675 2424 1743 AGA'I’HO,
2451 1675 2687 1731 natione
2718 1676 2956 1748 Siculus,
2991 1676 3141 1732 sedit
3157 1676 3324 1732 annis
3349 1678 3402 1731 2.
3425 1673 3687 1730 mensibus

2109 1763 2371 1818 6.diebus
2400 1766 2452 1818 3.
2474 1764 2648 1835 Hujus
2675 1766 3034 1837 temporibus
3059 1766 3396 1821 Theodorus
3418 1763 3688 1835 Archiepi—

2039 1852 2091 1912 B
2110 1865 2312 1922 sc0pus
2333 1853 2617 1906 Ravenna:
2667 1853 3041 1926 semetipsum
3069 1853 3193 1909 sedi
3223 1853 3553 1925 Apostolicaa
3579 1855 3689 1923 post

2108 1941 2425 1995 multorum
2443 1959 2730 1996 annorum
2751 1943 3033 1998 curricula
3044 1942 3436 2016 praesentavit.
3464 1939 3694 2012 Suscepit

2109 2031 2303 2083 autem
2330 2029 2575 2085 divalem
2597 2031 2920 2102 jussionem
2960 2031 3358 2103 piissimorum
3388 2030 3692 2101 Principum

2111 2115 2489 2186 Constantini,
2521 2119 2764 2174 Heraclii
2806 2123 2864 2174 et
2905 2120 3136 2192 Tyberii
3163 2122 3556 2192 Augustorum
3608 2133 3698 2188 per

2109 2205 2491 2278 Epiphanium
2514 2208 2831 2280 gloriosum
2854 2225 2889 2264 a
2914 2209 3313 2282 secretis,qua:
3335 2208 3508 2263 missa
3533 2207 3699 2261 fuerat

2106 2294 2513 2366 praedecessori
2543 2313 2644 2352 suo
2674 2298 2838 2352 Dono
2865 2299 3055 2369 Papae,
3081 2299 3425 2367 exhortans,
3445 2299 3504 2351 ut
3521 2294 3703 2351 debeat

2108 2383 2432 2439 sacerdotes
2443 2383 2745 2440 velmissos
2764 2402 2895 2440 suos
2917 2386 3170 2458 dirigere
3185 2387 3248 2441 in
3277 2385 3503 2458 regiam
3519 2384 3702 2439 urbem

2109 2488 2214 2543 pro
2246 2473 2598 2528 adunatione
2625 2479 2951 2530 sanctarum
2982 2476 3084 2530 Dm
3116 2475 3531 2532 Ecelesiarum.
3560 2469 3707 2537 Quod

2107 2563 2297 2618 facere
2327 2579 2446 2618 non
2476 2563 2776 2631 distulit,et
2805 2565 3114 2636 Episcopos
3141 2581 3212 2620 ac
3232 2564 3614 2636 presbyteros,
3634 2557 3707 2613 vel

2106 2651 2406 2721 religiosos
2435 2654 2753 2707 monachos
2779 2653 2910 2708 illuc
2951 2657 3324 2726 quantocyus
3347 2650 3572 2708 direxit.
3602 2646 3709 2712 Οιιο

2105 2741 2373 2810 tempore
2404 2739 2563 2794 Luna
2613 2741 2864 2813 eclypsin
2913 2741 3175 2811 pertulit.
3230 2743 3299 2796 18
3355 2740 3451 2795 die
3519 2734 3711 2793 mensis

2104 2827 2276 2894 Junii,
2311 2827 2628 2882 indictione
2674 2832 2726 2884 8.
2763 2828 2948 2892 Quam
2999 2829 3339 2885 mortalitas
3399 2823 3716 2901 gravissima

2106 2931 2210 2986 per
2237 2917 2353 2968 tres
2373 2919 2677 2988 sequentes
2707 2933 2937 2971 menses
2974 2917 3293 2972 subsecuta
3323 2917 3482 2972 intus
3512 2918 3567 2970 et
3593 2911 3718 2967 foris

2105 3003 2320 3058 Urbem
2351 3003 2480 3058 talis
2536 3003 2886 3076 depopulata
2928 3009 3034 3072 est,
3093 3005 3290 3078 qualis
3350 3020 3462 3060 nec
3491 3001 3719 3059 aliorum

2106 3090 2452 3146 Pontificum
2487 3091 2849 3164 temporibus
2877 3092 3050 3148 fuisse
3080 3086 3720 3162 memoratur.lngressi

2103 3178 2352 3250 denique
2382 3178 2556 3250 legati
2587 3179 2930 3250 Apostolicaa
2955 3180 3120 3236 Sedis
3140 3182 3385 3253 regiam
3406 3179 3614 3235 urbem
3641 3174 3722 3232 die

2105 3269 2171 3321 10
2197 3267 2410 3322 mensis
2456 3267 2733 3325 Novemb.
2791 3268 3107 3325 indictione
3140 3274 3200 3326 9.
3256 3270 3518 3325 Domino
3561 3263 3728 3322 comi-

2101 3358 2263 3411 tante
2284 3359 2418 3410 sunt
2445 3356 2690 3426 suscepti
2713 3357 2771 3411 in
2804 3359 3034 3413 oraculo
3065 3358 3308 3414 B.Petri
3330 3357 3728 3431 Apostolorum

2103 3443 2386 3514 Principis
2432 3443 2589 3499 intra
2608 3445 2910 3517 palatium,
2944 3446 3336 3519 porrigentes
3366 3447 3422 3503 ei
3450 3451 3511 3502 et
3537 3443 3732 3516 scripta

2102 3532 2415 3587 Pontiﬁcis.
2450 3532 2603 3597 Quos
2647 3534 2786 3589 dum
2837 3534 3207 3607 suscepisset,
3253 3533 3650 3596 commonuit,
3677 3531 3733 3584 ut

2103 3621 2467 3676 remittentes
2497 3622 2843 3678 assertiones
2862 3623 3335 3696 philosophicas,
3371 3642 3497 3680 non
3528 3624 3732 3687 furore,

2103 3709 2202 3763 sed
2228 3709 2466 3782 paciﬁca
2487 3710 2856 3782 dispositione
2872 3728 3079 3783 puram
3099 3716 3465 3768 sanctorum
3486 3715 3732 3774 Patrum,

2105 3797 2633 3871 scripturarumque
2645 3801 3084 3873 comprobatam
3102 3802 3304 3858 fidem
3318 3799 3738 3875 perSynodalia

2105 3887 2336 3942 decreta
2361 3888 2774 3957 satisfacerent,
2807 3893 2865 3944 et
2892 3889 3157 3945 inducias
3189 3892 3273 3956 ad
3301 3889 3736 3947 retractandum

2104 3975 2285 4045 dedit,
2317 3977 2576 4033 tribuens
2609 3977 2691 4033 eis
2718 3978 2937 4047 omnia,
2971 3995 3100 4051 quae
3123 3980 3210 4036 ad
3242 3981 3737 4038 sustentationem

2105 4065 2467 4121 sufﬁciebant
2489 4066 2547 4121 in
2570 4067 2766 4134 domo,
2783 4084 2909 4140 quae
2941 4069 3290 4141 appellatur
3313 4071 3601 4126 Placidia.
3637 4069 3740 4123 Do-

2105 4153 2319 4210 minica
2347 4155 2540 4227 itaque
2571 4155 2665 4210 die
2689 4155 2936 4212 evocatis
2957 4156 3029 4211 ad
3051 4155 3355 4216 Sanctam
3378 4159 3486 4218 Dei
3508 4155 3745 4216 Genitri.

2104 4259 2230 4298 cem
2249 4243 2321 4298 ad
2347 4244 2940 4299 Blachernasintanta
2961 4245 3462 4318 honorificentia,
3489 4253 3554 4304 ut
3579 4247 3743 4303 etiam

2105 4331 2185 4386 eis
2209 4331 2269 4385 in
2299 4331 2513 4402 palatio
2541 4332 2792 4387 caballos
2832 4349 2963 4388 cum
2993 4334 3296 4408 obsequio
3327 4335 3745 4412 dirigeret.Die

2105 4435 2334 4492 quoque
2357 4421 2669 4476 22.mensis
2695 4421 2969 4477 Novemb.
2995 4421 3054 4477 in
3082 4423 3371 4495 basilica,
3416 4445 3552 4500 quae
3596 4424 3748 4482 Trul-

2103 4510 2189 4563 lus
2212 4509 2664 4581 appellatur,sub
2683 4511 3032 4581 regalicultu
3050 4515 3287 4570 resedit
3309 4517 3673 4591 Imperator,
3703 4515 3755 4568 et

2104 4613 2236 4652 cum
2263 4613 2330 4652 eo
2374 4598 2650 4669 Georgius
2669 4599 2995 4670 patriarcha
3022 4599 3751 4678 Constantinopolitanus,

2103 4689 2161 4741 et
2178 4684 2455 4741 Macarius
2465 4686 2875 4754 Antiochenus,
2895 4687 3176 4760 missique
3216 4692 3391 4749 sedis
3412 4692 3757 4767 Apostolicaa

2103 4793 2233 4832 cum
2257 4774 2544 4847 Episcopis
2590 4775 2965 4831 Orientalium
2995 4777 3295 4848 partium,
3343 4801 3609 4839 numero
3641 4787 3753 4839 150.

2102 4867 2237 4921 Post
2253 4865 2375 4919 haec
2400 4864 2840 4920 intromiserunt
2893 4865 3091 4933 libros,
3125 4871 3193 4922 et
3235 4873 3454 4930 tomos
3485 4872 3758 4940 diversos,

2105 4957 2164 5009 et
2191 4953 2471 5026 Synodos,
2503 4969 2643 5025 quas
2672 4955 3021 5010 falsaverunt
3049 4955 3338 5015 haretici
3371 4963 3760 5026 aestimantes,

2104 5060 2222 5100 non
2248 5045 2486 5114 propter
2511 5041 2834 5110 veritatem,
2868 5044 2968 5099 sed
3004 5061 3108 5116 per
3149 5049 3575 5107 mendacium
3601 5067 3765 5124 supe-

2103 5147 2253 5199 rare,
2285 5131 2382 5204 qui
2410 5148 2528 5187 non
2543 5132 2705 5201 duas,
2728 5132 2828 5188 sed
2846 5149 3022 5189 unam
3051 5134 3453 5195 voluntatem
3479 5145 3542 5196 et
3569 5156 3768 5214 opera-

2100 5219 2322 5276 tionem
2342 5220 2612 5276 dicebant
2639 5221 2700 5276 in
2740 5221 2962 5277 Christo
2992 5239 3006 5291 ;
3035 5223 3204 5296 quod
3239 5241 3468 5284 coram
3498 5228 3769 5302 Principe

2101 5311 2161 5363 et
2184 5308 2417 5380 Synodo
2449 5309 2671 5364 claruit.
2713 5309 2932 5365 Deinde
2981 5313 3280 5383 praecepit
3312 5316 3459 5388 pius
3491 5319 3772 5389 Princeps

2102 5395 2374 5451 missosin
2395 5397 2627 5468 Synodo
2656 5397 2908 5453 residere
2930 5403 3385 5471 praesentantes
3401 5405 3616 5463 locum
3643 5421 3772 5462 san-

2103 5485 2338 5540 ctissimi
2365 5487 2680 5558 Agathonis
2711 5488 2899 5560 Papa.
2958 5486 3183 5552 Quibus
3251 5491 3502 5550 dictum
3565 5500 3675 5563 est,
3717 5497 3778 5549 ut

2105 5590 2309 5630 omnes
2335 5574 2534 5642 libros,
2567 5591 2710 5647 quos
2747 5575 2960 5631 scirent
2992 5576 3063 5634 ad
3095 5592 3366 5635 causam
3419 5583 3573 5640 ﬁdei
3594 5582 3780 5658 perti-

2107 5679 2245 5719 nere
2271 5679 2468 5720 coram
2499 5664 2734 5738 Synodo
2763 5665 3263 5738 deferrent,quod
3292 5674 3363 5726 et
3381 5671 3627 5732 factum
3659 5678 3770 5748 est,
