3862 6172
231 387 322 446 BM

1261 382 1672 446 EXCERP’I‘UM
1703 378 1792 442 DE
1836 381 2068 444 CESTIS
2128 379 2299 446 ROM.
2322 380 2520 444 PONT.

3451 387 3556 446 562

231 512 298 568 Et
325 511 531 569 vocato
562 509 805 585 Georgio
847 508 1110 581 diacono,
1140 512 1196 567 et
1224 513 1626 585 cartophylace
1659 513 1844 568 Eccle-
1866 515 1923 576 Α
1944 513 2102 585 prius
2129 513 2429 568 decretum
2461 510 2732 584 generale
2763 507 3210 566 introducatura
3232 505 3394 582 regia
3413 509 3557 566 urbe

230 601 322 659 site
377 601 1032 675 Constantinopolitante
1081 605 1434 674 przeceptnm
1505 605 1590 657 est
1660 602 1732 668 ei,
1783 605 1846 656 ut

226 692 384 763 juxta
415 708 620 746 eorum
672 691 938 747 notitiam
968 690 1189 746 codices
1231 708 1297 746 ex
1343 691 1689 746 bibliotheca
1741 691 1845 744 Ec-

232 781 410 836 clesiae
463 781 536 834 ad
587 781 844 835 medium
894 780 1336 836 deducerentur.
1388 782 1448 835 In
1507 781 1712 853 quibus
1755 795 1842 832 re-

232 871 460 940 pertum
516 873 602 924 est
660 869 802 924 duas
859 872 1114 935 naturas,
1196 869 1449 941 duasque
1524 870 1846 923 voluntates

229 960 313 1012 vel
343 958 712 1028 operationes
761 975 882 1014 esse
936 958 995 1012 in
1043 957 1286 1013 Christo.
1347 959 1672 1030 Contraque
1706 974 1846 1012 con-

230 1046 403 1102 fessus
456 1046 775 1101 Macharius
838 1046 1109 1101 inventus
1175 1050 1262 1100 est
1334 1048 1602 1101 mendax.
1689 1048 1844 1100 Tunc

230 1134 520 1189 interdixit
567 1135 753 1207 pietas
809 1135 1135 1206 Augustalis
1180 1136 1425 1206 Georgio
1478 1135 1840 1201 Patriarchw,

229 1227 287 1278 ut
331 1223 579 1278 minime
627 1223 687 1276 in
742 1223 987 1277 Ecclesia
1035 1241 1138 1279 sua
1197 1225 1508 1296 susciperet
1568 1224 1843 1278 eumdem

227 1310 532 1366 Macarium
564 1311 799 1383 ejusque
856 1328 1146 1384 sequaces.
1212 1312 1450 1379 Deinde,
1501 1315 1563 1366 ut
1591 1311 1844 1366 veritatis

228 1399 422 1453 lumen
475 1404 800 1471 appareret,
842 1399 1172 1454 intromissa
1199 1405 1331 1455 sunt
1367 1417 1562 1454 coram
1612 1400 1842 1471 Synodo

228 1487 643 1542 venerabilium
666 1490 898 1542 Patrum
923 1487 1073 1542 dicta
1097 1488 1337 1542 Joannis
1361 1488 1843 1558 Constantinopo-

229 1575 408 1639 litani,
444 1575 658 1646 Cyrilli,
689 1577 1004 1642 Athanasii,
1039 1575 1250 1643 Basilii,
1303 1576 1561 1647 Gregorii
1618 1575 1846 1629 Nazian-

229 1663 366 1731 zeni,
395 1663 675 1734 Dionysii,
697 1664 913 1732 Hilarii,
936 1664 1245 1731 Ambrosii,
1279 1663 1604 1735 Augustini,
1628 1667 1685 1717 et
1702 1665 1842 1717 Leo-

230 1751 311 1806 nis
331 1751 477 1806 duas
501 1755 755 1819 naturas,
787 1752 927 1806 duas
948 1753 1269 1806 voluntates
1298 1753 1380 1806 vel
1403 1751 1842 1822 operationesin

1943 602 2260 657 secundum
2292 601 2591 673 antiquam
2631 599 3133 657 consuetudinem.
3176 598 3442 672 Sepultus
3471 602 3558 653 est

1945 695 2141 746 autem
2173 693 2398 746 sanctus
2427 691 2652 762 Agatho
2681 689 2753 743 ad
2785 690 2843 746 Β.
2884 692 3121 743 Petrum
3151 689 3490 760 Apostolum
3523 691 3556 744 4

1943 779 2074 833 ldus
2092 781 2324 834 Ianuar.
2360 780 2425 832 Et
2455 778 2691 834 cessavit
2720 762 3091 852 Episdopatus
3117 793 3270 832 anno
3297 781 3346 832 1.
3397 793 3556 833 men~

1945 867 2098 924 sibus
2130 874 2182 926 7.
2215 867 2414 922 diebus

2629 1010 2867 1064 LXXXII.

2018 1136 2128 1191 Lno
2148 1133 2368 1206 junior,
2403 1133 2638 1189 natione
2661 1132 2903 1199 Siculus,
2953 1133 3024 1188 de
3050 1135 3213 1205 patre
3239 1134 3436 1195 Paulo,
3468 1147 3558 1187 se-

1946 1223 2030 1279 dit
2044 1223 2335 1278 mensibus
2359 1224 2441 1278 10.
2462 1223 2664 1278 diebus
2686 1227 2769 1277 l7.
2791 1223 2890 1276 Hic
2908 1222 3011 1276 fuit
3031 1221 3555 1294 eloquentissimus,

1944 1311 2003 1366 in
2033 1312 2236 1366 divinis
2268 1311 2580 1384 Scriptnris
2620 1310 2972 1365 sufficienter
3027 1310 3338 1377 institutus,
3372 1327 3561 1382 grmca

1944 1400 2238 1472 latinaque
2269 1399 2467 1471 lingua
2488 1399 2764 1464 eruditus,
2795 1399 3085 1453 cantilena
3139 1415 3203 1452 ac
3235 1399 3561 1469 psalmodia

1944 1490 2284 1561 praecipuus,
2307 1493 2365 1543 et
2392 1490 2447 1543 in
2490 1505 2690 1543 earum
2731 1488 2988 1542 sensibus
3010 1487 3377 1542 subtilissima
3407 1504 3562 1542 exer-

1943 1577 2214 1632 citatione
2247 1578 2498 1633 limatus.
2549 1577 2648 1631 Hic
2673 1576 2983 1648 suscipiens
3005 1579 3262 1630 sanctam
3294 1581 3346 1632 6.
3379 1577 3560 1647 Syno-

1946 1667 2106 1732 dum,
2141 1684 2269 1738 qua:
2299 1666 2354 1720 in
2387 1665 2547 1736 regia
2590 1667 2727 1720 urbe
2779 1669 2905 1720 acta
2936 1665 3125 1718 fuerat
3157 1667 3260 1720 sub
3289 1665 3564 1720 Constan-

1944 1755 2065 1809 tino
2094 1755 2361 1826 Principe
2384 1772 2416 1808 a
2439 1755 2660 1809 duobus
2687 1753 3050 1819 Patriarchis,
3075 1753 3562 1825 Constantinopo-

231 1841 450 1896 Christo
486 1842 744 1896 dicentes
794 1842 868 1896 ad
912 1841 1365 1895 satisfactionem
1412 1841 1708 1913 Principis,
1759 1828 2122 1898 velBlitano
2184 1847 2242 1897 et
2292 1842 2650 1897 Antiocheno
2688 1846 2860 1914 atque
2911 1847 3010 1897 150
3060 1843 3371 1914 Episcopis,
3433 1858 3564 1897 eam

228 1929 465 2001 Synodi.
500 1929 776 2002 Sequenti
809 1930 900 1984 die
936 1931 1151 1985 relecta
1180 1933 1264 1984 est
1291 1929 1576 2000 Synodica
1607 1929 1844 1983 sanctis-

226 2017 352 2072 simi
392 2019 716 2088 Agathonis
764 2020 956 2090 Papae,
1004 2033 1178 2090 quam
1231 2017 1534 2072 Catholicis
1583 2017 1846 2072 Patribus

226 2107 667 2178 comprobatam
689 2107 1144 2178 subscripserant
1163 2106 1556 2161 Occidentales
1588 2105 1846 2178 Episcopi

230 2199 344 2253 l20.
378 2196 514 2249 Post
530 2196 653 2250 haec
675 2195 882 2250 hortati
918 2198 1051 2249 sunt
1078 2195 1386 2250 Macarium
1408 2212 1631 2262 omnes,
1681 2197 1743 2248 ut
1775 2195 1845 2248 de

226 2284 522 2339 voluntate
544 2285 629 2338 vel
645 2283 982 2356 operatione
1009 2283 1214 2337 Christi
1233 2300 1396 2338 suam
1417 2284 1701 2355 proferret
1721 2299 1846 2336 sen-

225 2372 491 2426 tentiam.
528 2371 634 2436 Qui
657 2388 789 2426 cum
821 2388 1008 2443 neque
1032 2389 1232 2439 unam,
1263 2388 1449 2444 neque
1475 2372 1614 2426 duas
1639 2373 1846 2426 volun-

233 2461 402 2526 tates,
432 2461 524 2514 vel
555 2459 920 2531 operationes
981 2459 1172 2514 dicere
1211 2461 1397 2527 vellet,
1439 2459 1845 2514 Serenissimus

222 2547 501 2620 Princeps
532 2551 761 2602 tomum
807 2547 981 2619 ipsius
1030 2547 1256 2603 Macarii
1315 2548 1573 2619 protulit,
1621 2548 1680 2602 in
1730 2565 1842 2620 quo

223 2635 584 2706 apertissime
610 2651 782 2690 unam
807 2636 1163 2690 voluntatem
1183 2635 1239 2690 in
1260 2635 1506 2690 Domino
1525 2636 1844 2690 afﬁrmave-

221 2727 331 2789 rat,
363 2726 420 2777 et
451 2740 631 2778 manu
687 2739 789 2778 sua
817 2723 1228 2795 subscripserat
1285 2741 1416 2778 cum
1455 2724 1755 2778 Theodoro
1787 2725 1844 2777 et

223 2811 471 2882 Georgio
497 2811 860 2869 Patriarchis.
887 2811 1000 2866 Sed
1024 2812 1296 2883 Georgius
1339 2811 1727 2867 sanctissimus
1743 2813 1843 2864 Pa-

223 2899 482 2955 triarcha
507 2899 592 2954 sui
614 2900 826 2956 erroris
873 2900 1160 2972 paenituit,
1196 2903 1253 2954 et
1291 2900 1372 2956 ita
1397 2902 1631 2956 credere
1663 2917 1745 2968 se,
1786 2902 1844 2954 et

222 2989 540 3060 praedicare
571 2989 856 3060 professus
885 2992 990 3055 est,
1021 2990 1166 3042 sicut
1184 2989 1346 3044 sedes
1374 2989 1700 3062 Apostolica
1733 2993 1843 3043 tra-

1946 1931 2358 1986 studiosissime
2425 1932 2496 1985 de
2558 1948 2748 2004 graeco
2806 1931 2865 1985 in
2950 1933 3196 1986 latinum
3248 1931 3563 1986 transtulit.

1947 2020 2053 2084 Qui
2084 2021 2262 2075 etiam
2311 2020 2602 2074 damnatis
2645 2020 2768 2074 aliis
2812 2021 3096 2075 haereticis
3143 2022 3287 2076 duos
3334 2023 3563 2074 tantum

1945 2109 2206 2175 absolvit,
2260 2109 2319 2163 id
2386 2112 2491 2175 est,
2572 2109 2937 2163 Anastasium
3009 2110 3433 2179 presbyterum,
3508 2110 3567 2161 et

1946 2197 2294 2252 Leontinum
2327 2197 2637 2252 diaconum
2687 2197 2747 2251 in
2785 2198 2877 2252 die
2925 2201 3124 2252 sancto
3174 2196 3563 2267 Theophanias

1945 2289 2300 2356 exponentes
2372 2302 2476 2356 per
2553 2286 2790 2358 prOpria
2863 2286 3075 2357 scripta
3146 2286 3320 2339 fidem
3375 2302 3560 2354 suam,

1937 2373 2102 2444 juxta
2152 2373 2308 2446 quod
2353 2377 2549 2428 sancta
2592 2373 2854 2443 Synodus
2909 2372 3334 2428 determinavit.
3378 2372 3557 2442 Hujus

1945 2462 2305 2533 temporibus
2359 2464 2732 2534 percurrente
2773 2461 2944 2515 divali
3000 2461 3254 2533 jussione
3317 2459 3556 2534 piissimi

1945 2550 2224 2622 Principis
2252 2551 2515 2606 restituta
2545 2554 2630 2604 est
2665 2550 2913 2605 Ecclesia
2943 2549 3291 2604 Ravennatis
3334 2550 3436 2603 sub
3468 2566 3564 2604 or-

1943 2637 2240 2693 dinatione
2269 2639 2610 2709 Apostolicoe
2651 2640 2823 2705 sedis,
2877 2643 2940 2692 ut
2968 2638 3236 2692 defuncto
3266 2637 3562 2710 Archiepi-

1942 2743 2114 2797 scopo
2143 2728 2356 2780 electus
2386 2727 2458 2781 ad
2489 2728 2779 2782 civitatem
2813 2729 3136 2781 Romanam
3185 2726 3377 2780 veniat
3407 2726 3562 2780 ordi-

1942 2815 2190 2881 nandus,
2224 2818 2281 2869 et
2311 2816 2627 2881 constituit,
2661 2816 2800 2887 quid
2823 2817 3040 2870 solvere
3074 2815 3282 2869 debeat
3321 2831 3424 2886 pro
3457 2831 3561 2869 usu

1941 2903 2121 2976 pallii,
2153 2906 2250 2957 aut
2278 2904 2511 2958 diversis
2535 2904 2799 2959 Ecclesia:
2821 2903 3042 2958 ofﬁciis.
3070 2903 3183 2958 Sed
3205 2906 3262 2957 et
3285 2921 3357 2957 ne
3381 2902 3561 2957 Mauri

1943 2993 2237 3063 quondam
2272 2992 2532 3064 Episcopi
2577 2992 2956 3046 anniversitas
3002 2995 3099 3046 aut
3137 2991 3376 3060 Agenda
3413 2991 3561 3044 cele-

222 3077 322 3131 dit.
387 3077 552 3132 Unde
605 3093 737 3132 cum
793 3077 918 3133 aliis
971 3078 1276 3132 Catholicis
1343 3070 2160 3149 anathematizavithretur,
2195 3097 2301 3135 nec
2333 3097 2450 3135 non
2481 3085 2679 3152 typum
2734 3079 3166 3149 autocephaliaz,
3224 3094 3398 3150 quem
3453 3075 3560 3132 sibi

221 3182 428 3221 omnes
460 3167 781 3234 haereticos,
834 3169 892 3221 et
946 3167 1134 3239 ipsum
1188 3167 1514 3235 Macarium,
1539 3171 1844 3239 postquam

235 3273 375 3311 nssu
401 3255 618 3326 Synodi
641 3259 698 3310 et
726 3255 1008 3328 Principis
1054 3257 1104 3310 ei
1140 3257 1396 3311 ablatum
1420 3261 1504 3310 est
1522 3256 1777 3311 orarium
1810 3273 1844 3310 a

222 3343 432 3399 Basilio
453 3344 712 3400 Cretensi
739 3345 1039 3418 Episcopo,
1065 3349 1121 3399 et
1137 3345 1684 3399 anathematizatum
1704 3344 1844 3398 foris

221 3432 525 3504 Synodnm
556 3433 728 3488 simul
751 3451 879 3488 cum
907 3451 1010 3488 suo
1044 3435 1250 3488 throno
1265 3434 1579 3505 projecere.
1605 3433 1842 3504 Stepha-

219 3539 364 3578 num
387 3526 584 3578 autem
603 3522 945 3594 discipulum
973 3525 1094 3595 ejus
1124 3523 1436 3577 cervicibus
1457 3540 1490 3576 a
1517 3523 1574 3577 S.
1605 3523 1838 3593 Synodo

217 3611 471 3666 Romani
503 3611 691 3666 clerici
728 3614 1087 3684 expulerunt.
1111 3612 1328 3666 Eadem
1342 3613 1488 3666 hora
1513 3614 1689 3666 tanta:
1710 3612 1839 3665 telae

217 3717 607 3756 arauearuum
629 3700 956 3772 nigerrimae
975 3701 1034 3754 in
1059 3699 1248 3754 medio
1267 3700 1462 3772 populi
1484 3700 1838 3767 ceciderunt,

219 3791 276 3842 ut
306 3805 526 3844 omnes
556 3789 928 3856 mirarentur,
961 3805 1025 3843 ac
1055 3788 1135 3842 ita
1159 3788 1422 3843 sordibus
1440 3789 1734 3843 hmreseon
1752 3805 1841 3842 ex-

214 3879 394 3950 pulsis
417 3878 581 3934 unita
603 3881 690 3932 est
709 3882 910 3933 sancta
942 3879 1040 3933 DEI
1077 3877 1341 3932 Ecclesia.
1374 3878 1440 3932 In
1490 3879 1680 3932 locum
1705 3893 1839 3932 vero

213 3967 442 4023 Macarii
472 3967 775 4022 ordinatus
808 3970 894 4021 est
921 3966 1322 4037 Theophanius
1339 3967 1528 4021 Abbas
1550 3967 1844 4020 monaste-

214 4056 280 4112 rii
308 4058 542 4130 Pagias,
571 4057 776 4111 insula:
800 4055 1128 4122 Siciliensis,
1153 4057 1398 4110 etfactns
1420 4059 1506 4111 est
1520 4055 1845 4128 patriarcha

215 4147 603 4202 Antiochenaa
658 4144 943 4199 Ecclesiae.
1012 4145 1287 4200 Macarius
1316 4162 1544 4217 quoque
1571 4161 1702 4199 cum
1730 4144 1844 4199 suis

215 4235 580 4290 amatoribus
639 4233 885 4288 directus
916 4237 1002 4288 est
1046 4234 1107 4288 in
1159 4233 1393 4288 exilium
1435 4235 1509 4289 ad
1553 4233 1841 4288 civitatem

215 4323 570 4391 Romanam,
607 4323 1024 4395 decretumque
1066 4326 1171 4390 est,
1209 4326 1270 4376 ut
1301 4324 1576 4378 tollantur
1604 4322 1844 4378 nomina

216 4412 692 4468 Patriarcharum
752 4412 822 4466 de
863 4412 1149 4483 dyptichis
1202 4413 1604 4479 Ecclesiarum,
1649 4413 1735 4466 vel
1775 4412 1844 4465 de

211 4500 476 4572 picturis,
504 4505 603 4556 aut
634 4500 875 4566 foribus,
894 4500 994 4554 ubi
1017 4517 1138 4555 esse
1166 4503 1457 4572 poterant,
1487 4499 1546 4554 id
1566 4503 1670 4567 est,
1691 4499 1842 4571 Cyri,

215 4588 432 4662 Sergii,
467 4589 671 4662 Pyrrhi
699 4592 756 4643 et
789 4588 971 4656 Pauli,
1005 4604 1111 4643 nec
1138 4606 1254 4644 non
1289 4593 1346 4643 et
1374 4587 1548 4656 Petri,
1579 4604 1684 4659 per
1702 4605 1845 4660 quos

215 4696 384 4736 error
419 4681 524 4734 iste
552 4679 954 4752 pullulaverat.
992 4677 1270 4733 Catholici
1300 4694 1433 4733 vero
1456 4677 1652 4750 populi
1683 4680 1845 4734 tanta

211 4767 318 4824 fuit
354 4769 576 4842 gratia,
609 4768 686 4822 nd
716 4767 790 4821 ad
821 4766 1084 4821 laetitiam
1114 4766 1295 4821 sancti
1330 4765 1585 4833 Concilii,
1609 4767 1842 4838 quodin

211 4858 371 4928 regia
402 4857 547 4912 urbe
575 4859 720 4924 erat,
765 4857 1021 4910 Joannes
1050 4853 1378 4910 Portnensis
1407 4854 1840 4928 Episcopus,qui

213 4961 359 5001 unus
389 4947 745 5017 Legatorum
797 4946 944 5011 erat,
1002 4943 1438 4998 Dominicorum
1486 4943 1576 4998 die
1625 4947 1838 4999 octavas

211 5035 445 5090 Pascha:
476 5035 537 5088 in
589 5032 837 5088 Ecclesia
874 5035 934 5090 S.
997 5031 1225 5102 Sophia:
1257 5048 1454 5086 coram
1491 5032 1750 5105 Principe
1782 5037 1840 5088 et

211 5123 556 5178 Patriarcha
568 5121 1022 5194 pnblicasMissas
1044 5120 1221 5176 latine
1243 5121 1580 5189 celebraret,
1607 5126 1664 5177 et
1695 5139 1834 5177 una-

209 5212 456 5266 nimiter
483 5227 688 5266 omnes
721 5211 917 5265 laudes
938 5214 996 5266 et
1024 5209 1290 5264 victorias
1312 5209 1703 5282 piissimorum
1725 5213 1852 5274 lm-,

211 5304 555 5372 peratorum
587 5299 1005 5354 adclamarent.
1064 5299 1324 5370 Suscepit
1382 5299 1557 5354 etiam
1589 5300 1836 5354 divalem

207 5389 532 5459 jussiouem
555 5388 868 5443 secundum
890 5405 1051 5443 suam
1068 5387 1540 5460 postulationem,
1563 5406 1674 5461 qua
1688 5390 1836 5444 rele-

214 5480 342 5531 vata
367 5482 463 5532 est
486 5477 795 5549 quantitas,
825 5495 951 5549 qua:
977 5477 1146 5533 solita
1175 5481 1300 5532 erat
1321 5477 1445 5532 dari
1467 5494 1570 5548 pro
1604 5477 1834 5532 ordina-

216 5566 373 5620 tione
401 5565 716 5632 Pontiﬁcis,
744 5566 821 5620 sic
849 5570 1067 5633 tamen,
1091 5566 1211 5619 utsi
1233 5566 1540 5637 contigerit
1564 5569 1693 5636 post
1713 5567 1836 5638 ejus

244 5655 537 5710 ransitum
553 5653 894 5708 electionem
923 5655 1068 5724 ﬁeri,
1083 5671 1200 5710 non
1216 5654 1424 5710 debeat
1435 5654 1715 5724 ordinari,
1731 5654 1836 5709 nisi

1944 3170 2263 3225 elicuerant
2285 3169 2357 3223 ad
2374 3169 2732 3240 amputanda
2759 3168 3027 3222 scandala
3043 3167 3191 3221 sedis
3222 3165 3562 3237 Apostolicas

1943 3259 2339 3314 restituerunt.
2389 3257 2658 3327 Ejusdem
2710 3273 2938 3328 quoque
2993 3254 3350 3326 temporibus
3401 3255 3564 3308 Luna

1943 3348 2195 3419 eclypsin
2223 3346 2459 3417 pertulit
2490 3346 2582 3400 die
2617 3351 2700 3403 15.
2736 3345 2952 3400 mensis
2981 3344 3210 3416 Aprilis,
3241 3342 3560 3398 indictione

1947 3440 2032 3491 11.
2065 3438 2199 3490 Post
2224 3451 2448 3490 cumam
2473 3435 2703 3489 Domini
2722 3437 2890 3489 nocte
2919 3449 3087 3506 paene
3103 3435 3226 3486 tota
3257 3431 3314 3486 in
3331 3430 3560 3502 sangui-

1941 3543 2078 3580 nem
2123 3541 2302 3580 versa.
2338 3523 2444 3588 Qui
2471 3524 2649 3578 etiam
2691 3525 2945 3595 sepultus
2993 3526 3080 3576 est
3109 3522 3182 3576 ad
3214 3523 3272 3575 Β.
3322 3523 3558 3576 Petrum

1941 3616 2298 3688 Apostolum,
2319 3614 2422 3668 sub
2445 3614 2537 3668 die
2559 3619 2610 3668 5.
2645 3616 2830 3668 Nonas
2857 3613 3052 3668 Julias.
3086 3613 3154 3666 Et
3171 3611 3411 3666 cessavit
3428 3610 3560 3684 Epi-

1939 3707 2176 3776 copatus
2206 3721 2434 3758 menses
2463 3707 2548 3758 11.
2585 3703 2706 3756 dies
2739 3707 2827 3757 '22.

2616 3843 2875 3898 LXXXIII.

2014 3969 2380 4034 BBNEDICTUS,
2428 3965 2630 4038 junior
2681 3967 2919 4021 natione
2994 3967 3309 4036 Romanus,

1941 4058 2185 4123 Joanne,
2211 4055 2360 4110 sedit
2374 4071 2600 4110 menses
2623 4058 2707 4110 10.
2733 4055 2854 4110 dies
2878 4059 2961 4111 12
2990 4055 3090 4109 llic
3109 4072 3142 4109 a
3161 4053 3368 4125 puerili
3386 4057 3555 4110 aetate

1941 4149 2002 4202 in
2032 4147 2326 4219 scripturis
2351 4149 2409 4201 et
2456 4144 2744 4199 cantilena
2772 4144 3130 4200 doctissimus
3160 4149 3218 4200 et
3246 4143 3555 4216 benignus,

1943 4236 2188 4308 suscepit
2205 4235 2414 4290 divales
2431 4233 2718 4306 jussiones
2741 4233 3101 4288 Constantini
3121 4232 3321 4305 magni
3344 4232 3559 4287 Princi-

1943 4325 2029 4397 pis
2058 4325 2132 4379 ad
2155 4323 2545 4378 venerabilem
2571 4323 2790 4376 clerum
2823 4324 2876 4376 et
2905 4323 3206 4394 populum,
3236 4325 3408 4394 atque
3438 4321 3559 4376 feli-

1944 4415 2237 4469 cissimum
2270 4413 2583 4468 exercitum
2635 4413 2911 4466 Romanae
2961 4410 3222 4478 civitatis,
3282 4427 3387 4481 per
3417 4427 3558 4482 quas

1945 4502 2244 4570 concessit,
2277 4505 2337 4555 ut
2367 4500 2464 4572 qui
2493 4501 2705 4555 electus
2732 4499 2904 4554 fuerit
2948 4499 3006 4553 in
3056 4500 3203 4554 Sede
3232 4499 3560 4572 Apostolica

1946 4610 1976 4647 e
1998 4591 2236 4662 vestigio
2257 4591 2472 4662 absque
2495 4589 2764 4643 tarditate
2783 4588 3090 4661 Episcopus
3113 4587 3432 4642 ordinetur.
3449 4587 3556 4642 Hic

1944 4697 2060 4736 una
2075 4696 2205 4736 cum
2229 4680 2381 4733 clero
2404 4683 2462 4733 et
2485 4677 2735 4732 exercitu
2755 4678 3002 4750 suscepit
3020 4678 3302 4732 mallones
3322 4676 3560 4749 capillo-

1943 4787 2072 4824 rum
2087 4767 2536 4823 DominiJustini
2550 4770 2607 4821 et
2619 4764 3558 4822 Heracliiﬁliorumclementissimi

1943 4857 2242 4929 Principis.
2272 4857 2393 4921 Quo
2423 4860 2685 4928 tempore
2715 4856 2981 4928 apparuit
3001 4857 3164 4910 stella
3183 4857 3357 4909 noctu
3387 4853 3559 4909 veluti

1942 4949 2079 5003 luna
2108 4947 2211 5000 sub
2247 4945 2398 4999 nube
2429 4945 2581 5000 inter
2612 4946 2867 4998 natalem
2914 4943 3145 4998 Domini
3178 4949 3237 4998 et
3259 4943 3559 5014 Theopha-

1941 5036 2130 5094 niam.
2155 5037 2299 5089 Item
2330 5051 2510 5107 prope
2541 5033 2757 5088 exitum
2799 5033 3013 5087 mensis
3056 5031 3346 5087 Februarii
3377 5031 3436 5086 in
3467 5030 3561 5085 die

1939 5127 2015 5180 ab
2044 5141 2246 5180 occasu
2275 5124 2411 5178 exiit
2441 5125 2602 5178 stella
2633 5123 2901 5190 meridie,
2927 5125 2984 5176 et
3015 5121 3072 5175 in
3101 5124 3292 5192 partes
3314 5119 3560 5174 Orientis

1939 5214 2268 5268 declinavit.
2297 5215 2429 5268 Post
2453 5213 2561 5267 hoc
2578 5228 2749 5267 mons
2769 5211 2992 5277 Bebius,
3011 5210 3106 5282 qui
3127 5213 3214 5264 est
3230 5209 3287 5262 in
3311 5209 3561 5280 Campa-

1937 5303 2053 5370 nia,
2072 5318 2270 5356 mense
2289 5301 2488 5356 Martio
2502 5317 2607 5372 per
2625 5301 2780 5355 diem
2797 5299 3134 5366 eructuavit,
3150 5296 3421 5352 etomnia
3436 5298 3562 5352 loca

1937 5391 2385 5463 circumquaque
2412 5407 2530 5462 prae
2575 5393 2807 5462 pulvere
2839 5388 3222 5445 exterminata
3263 5389 3414 5441 sunt.
3448 5385 3558 5450 Qui

1937 5498 1967 5535 e
1998 5480 2234 5551 vestigio
2267 5480 2600 5535 infirmitate
2633 5481 2900 5533 detentus
2943 5477 3244 5531 defunctus
3274 5476 3358 5528 est
3382 5489 3446 5526 ac
3475 5488 3560 5525 se-

1939 5569 2131 5641 pultus
2155 5568 2226 5622 ad
2250 5568 2306 5626 S.
2330 5570 2562 5622 Petrum
2589 5568 2923 5639 Apostolum
2942 5566 3046 5619 sub
3069 5565 3160 5619 die
3179 5566 3226 5620 8.
3256 5562 3384 5616 Idus
3402 5559 3555 5614 Maii.

1939 5659 2008 5713 Et
2051 5657 2290 5712 cessavit
2315 5657 2685 5730 Episcopatus
2712 5671 2939 5710 menses
2967 5659 3019 5710 εὶ.
3055 5653 3192 5708 dies.
3229 5654 3311 5704 15.

3391 3968 3556 4037 patre
