3940 6166
380 356 486 422 503
1430 354 1492 416 S.
1529 355 1828 417 ABBONIS
1866 354 2156 415 ABBATIS
2195 355 2702 418 FLORIACENSiS
2780 353 2787 359 ’
3578 364 3669 424 δα.

1060 475 1321 534 LXXXIV.
2022 483 2081 545 Α
2105 466 2376 536 diaconus
2386 478 2586 536 videns
2599 477 2870 537 eumdem
2882 476 3483 555 inﬁrmari,cnpiditate
3492 479 3672 542 ductim

450 566 719 637 JOANNES,
748 565 985 623 natione
1012 566 1207 639 Syrus,
1243 567 1315 622 de
1342 566 1641 640 provincia
1662 566 2001 635 Antiochia,
2108 586 2313 624 aurum
2337 570 2556 625 solvere
2577 569 2783 637 noluit,
2805 569 2904 625 sed
2915 569 3137 643 scripsit
3154 571 3430 626 Ravenna
3449 572 3672 629 moranti

383 659 549 730 patre
579 654 864 723 Quiriaco,
896 655 1044 712 sedit
1073 672 1231 711 anno
1268 660 1315 711 l.
1366 655 1563 712 diebus
1614 661 1667 712 9.
1703 655 1811 710 Hic
1843 656 2005 710 valde
2106 658 2314 712 Joanni
2342 658 2596 729 glorioso
2625 674 2773 713 novo
2806 659 3051 713 exarcho
3083 659 3418 730 promittens
3453 660 3610 730 dona,
3634 661 3675 717 si

379 750 666 814 strenuus,
699 748 870 818 atque
909 743 1150 800 scientia
1181 744 1481 813 praditus,
1535 760 1665 800 cum
1699 747 1846 799 esset
1876 743 2006 799 Dia-
2110 745 2359 801 factione
2391 747 2542 801 illius
2573 746 2694 817 ipse
2716 747 2789 802 ad
2813 747 3181 802 Pontiﬁcium
3212 747 3679 819 eligeretur.Quod

382 859 562 900 conus
588 843 792 897 missus
813 858 846 897 a
872 846 1084 897 sancta
1116 843 1418 899 memoria:
1450 844 1754 915 Agathone
1776 843 2009 917 Papain
2113 836 2389 889 exarchus
2422 835 2667 890 Romam
2699 834 2934 889 mittens
2962 835 3084 890 ﬁeri
3117 836 3315 892 voluit.
3341 836 3584 907 Sepultus
3608 840 3682 892 est

384 931 609 1004 regiam
625 931 827 986 urbem
848 947 982 986 cum
1004 931 1130 985 aliis
1143 932 1559 999 sacerdotibus,
1576 931 2013 1004 reprasentavit
2113 927 2309 979 autem
2336 923 2701 978 beatissimus
2718 923 2979 979 Pontifex
3022 924 3095 979 ad
3133 925 3195 979 Β.
3224 925 3449 979 Petrum
3471 927 3683 995 Aposto-

389 1021 584 1077 locum
607 1018 950 1091 Apostolica
984 1018 1147 1074 Sedis
1165 1019 1226 1074 in
1243 1024 1443 1075 sancta
1456 1025 1613 1075 sexta
1629 1020 1883 1093 Synodo.
1906 1020 2013 1085 Qui
2114 1012 2258 1079 lum,
2290 1012 2393 1066 sub
2425 1012 2518 1067 die
2548 1015 2637 1067 “2’2-
2664 1012 2876 1066 menSiS
2906 1012 3205 1085 Septemb.
3238 1013 3307 1067 Et
3325 1012 3547 1068 cessavit
3570 1011 3681 1087 Epi-

384 1107 711 1182 impetratis
735 1108 1235 1163 aclementissimo
1257 1107 1523 1181 Principe
1542 1108 1654 1176 his,
1681 1125 1784 1181 pro
1808 1109 2014 1181 quibus
2117 1103 2380 1172 scopolus
2410 1116 2638 1156 menses
2667 1104 2722 1156 2.
2758 1100 2878 1155 dies
2905 1104 2993 1156 23.

382 1197 533 1255 ierat
560 1213 818 1252 reversus
850 1199 958 1262 est,
993 1199 1052 1251 et
1080 1196 1138 1250 in
1172 1197 1421 1251 Ecclesia
1465 1201 1553 1251 est
1607 1198 1823 1252 electus
1862 1197 2012 1252 Con-
2804 1189 3056 1247 LXXXVI.

380 1284 760 1344 stantiniana.
793 1284 916 1349 Quo
945 1286 1209 1357 tempore
1222 1285 1507 1355 regnabat
1525 1285 1876 1340 Justinianus
1897 1289 2015 1341 Au-

387 1376 587 1448 gustus
616 1372 888 1428 defuncto
926 1375 1089 1444 patre
1121 1372 1179 1427 in
1228 1372 1397 1428 initio
1449 1375 1663 1428 mensis
1716 1374 1989 1446 Septemb

386 1454 705 1518 indictione
738 1464 824 1516 14.
854 1463 913 1516 et
959 1459 1153 1515 statim
1211 1462 1521 1516 auxiliante
1574 1464 1690 1517 Deo
1721 1462 2015 1518 constituit

384 1565 591 1622 pacem
620 1565 752 1604 cum
803 1552 977 1620 gente
1027 1548 1482 1605 Sarracenorum
1533 1550 1814 1605 decennio
1858 1554 2015 1606 terra
2115 1546 2327 1597 sancta
2367 1542 2667 1599 memoria
2696 1543 2990 1598 Adeodato
3022 1543 3298 1598 Pontiﬁce
3321 1543 3379 1598 in
3428 1544 3568 1598 clero
3594 1544 3697 1597 Ro-

387 1637 672 1711 marique.
705 1637 820 1693 Sed
847 1640 906 1692 et
925 1637 1222 1710 provincia
1244 1638 1450 1694 Africa
1473 1639 1787 1712 subjugata
1804 1643 1890 1694 est
1908 1641 2014 1695 Ro-
2114 1648 2305 1686 mana
2325 1632 2584 1687 Ecclesia
2605 1637 3055 1687 connumeratus
3071 1635 3178 1689 est.
3199 1633 3267 1687 Et
3287 1632 3418 1705 quia
3444 1630 3697 1686 studiosus

387 1742 566 1782 mano
600 1725 872 1799 Imperio,
902 1742 966 1781 ac
993 1729 1334 1784 restaurata.
1382 1727 1479 1780 Hic
1533 1731 1663 1798 post
1694 1729 2012 1783 multorum
2117 1722 2260 1789 erat,
2299 1724 2356 1775 ϐι
2377 1736 2553 1791 capax
2576 1720 2634 1775 in
2654 1720 2844 1775 οῘἨΟίο
2860 1720 3186 1787 cantilenae.
3213 1720 3389 1790 Priori
3413 1720 3696 1776 cantorum

387 1830 678 1871 annorum
710 1813 993 1869 curricula
1014 1815 1361 1887 Episcopum
1387 1816 1705 1871 Turritana
1729 1816 2011 1884 Ecclesia,
2038 1803 2092 1866 Β
2117 1823 2222 1880 pro
2256 1808 2520 1864 doctrina
2549 1813 2635 1863 est
2666 1808 2925 1875 traditus,
2977 1809 3385 1881 acolythusque
3415 1808 3583 1863 factus
3606 1823 3695 1879 per

388 1919 564 1976 quem
597 1904 719 1958 sine
763 1904 1107 1960 auctoritate
1167 1904 1412 1959 Romani
1461 1905 1753 1960 Pontificis
1797 1906 2016 1960 fecerat
2117 1897 2387 1952 ordinem
2440 1898 2698 1952 ascendit
2740 1913 2918 1969 usque
2963 1897 3037 1952 ad
3087 1898 3560 1969 PI‘BSbytel‘atumi
3598 1912 3694 1967 quo

388 1993 685 2050 Citonatus
702 1993 1177 2066 Archiepiscopus
1209 1993 1571 2049 Caralitanus
1592 1995 1697 2049 sub
1729 1994 2013 2049 ditionem
2115 1990 2479 2041 consecratus
2527 1989 2611 2040 est
2659 2002 2694 2041 a
2722 1987 2910 2040 Leone
2939 1986 3218 2055 Pontiﬁce
3254 1986 3313 2041 in
3340 1986 3498 2041 titulo
3522 1984 3577 2040 S.
3605 1986 3696 2039 Su-

386 2082 648 2156 ejusdem
669 2082 931 2139 Ecclesia
948 2082 1370 2155 redintegravit
1407 2085 1578 2156 atque
1609 2083 1877 2137 firmavit.
1903 2082 2006 2148 Qui

2114 2090 2331 2130 sanna.
2355 2074 2611 2147 Cumque
2626 2075 2894 2131 defuncto
2911 2078 3123 2130 sancta
3143 2074 3441 2130 memoria
3463 2074 3695 2140 Conone,

386 2170 776 2227 sanctissimus
796 2171 890 2228 vir
910 2170 1135 2227 diutina
1158 2173 1423 2228 detentus
1440 2172 1779 2227 infirmitate
1805 2172 2009 2225 defun-
2114 2165 2177 2216 ut
2201 2163 2326 2218 fieri
2353 2164 2515 2229 solet,
2550 2164 2745 2235 populi
2791 2163 3036 2217 Romani
3082 2179 3221 2235 pars
3273 2161 3608 2229 consentiret
3648 2162 3697 2216 in

386 2263 687 2315 ctua'estac
700 2261 954 2332 sepultus
966 2262 1039 2316 ad
1056 2262 1111 2316 Β,
1130 2264 1363 2316 Petrum
1380 2261 1739 2332 Apostolum,
1759 2261 2011 2316 secunda
2113 2252 2398 2307 electione
2450 2252 2733 2307 Theodori
2788 2251 3291 2323 archipresbyteri,
3336 2270 3467 2326 pars
3515 2252 3571 2306 in
3596 2252 3699 2306 ele-

384 2346 482 2405 die
504 2346 718 2404 mensis
742 2350 1002 2421 Augusti.
1024 2351 1094 2404 Et
1112 2349 1350 2406 cessavit
1378 2349 1750 2422 Episcopatus
1779 2365 2010 2406 menses
2109 2340 2301 2396 οῑίοῑιθ
2321 2340 2605 2396 Ρᾶεοὶιθιὶίε
2618 2339 3027 2407 θΓαῙιίάίᾶοοηίν
3042 2344 3354 2413 etutraque
3366 2357 3493 2413 Pars
3510 2340 3697 2395 imma-

384 2435 424 2492 12
446 2435 578 2492 dies
612 2439 700 2494 18.
2110 2428 2262 2487 niter
2290 2429 2349 2485 in
2377 2429 2556 2502 ceptis
2579 2429 2940 2501 perduraret,
2993 2428 3273 2499 primates
3323 2428 3592 2502 judicum,
3644 2430 3695 2482 et

2188 1276 2444 1345 δείξεως,
2474 1278 2712 1333 natione
2739 1278 2935 1349 Syrus,
2957 1277 3262 1333 Antiochia
3286 1276 3515 1349 regione
3531 1280 3687 1346 ortus,

2117 1364 2187 1420 de
2206 1368 2369 1436 patre
2396 1365 2622 1421 Tiberio
2639 1365 2698 1420 in
2722 1367 3009 1422 Panormo
3036 1366 3267 1433 Sicilia,
3290 1365 3433 1421 sedit
3445 1365 3599 1420 annis
3615 1369 3692 1421 l3.

2116 1454 2410 1509 mensibus
2446 1458 2499 1511 8.
2527 1454 2726 1509 diebus
2757 1458 2844 1510 23.
2899 1455 2998 1509 Hic
3055 1456 3304 1510 Romam
3360 1453 3578 1509 veniens
3603 1454 3692 1509 sub

1066 2579 1301 2634 LXXXV.

462 2703 674 2772 CONON,
704 2702 987 2759 oriundus
1017 2705 1179 2775 patre
1224 2702 1522 2770 Traceseo,
1549 2701 1823 2767 educatus
1853 2704 2006 2776 apud

395 2792 674 2861 Siciliam,
695 2792 1066 2864 postmodum
1087 2792 1330 2846 Romam
1352 2791 1510 2845 venit
1530 2791 1719 2846 eidem
1744 2793 2003 2849 Ecclesia

390 2880 761 2947 militaturus,
785 2883 957 2953 atque
978 2881 1051 2936 ad
1068 2879 1407 2953 presbyterii
1432 2880 1718 2935 honorem
1739 2881 1999 2950 devenit;

378 2970 533 3027 sedit
561 2969 860 3026 mensibus
895 2973 979 3028 ll.
1007 2972 1070 3024 In
1122 2969 1284 3041 cujus
1324 2969 1663 3025 electionem
1715 2972 2006 3026 consensit

378 3062 567 3118 clerus
596 3062 657 3116 et
673 3059 935 3130 populus,
961 3059 1103 3113 dum
1121 3075 1238 3114 non
1262 3058 1511 3113 minima
1533 3059 1828 3115 contentio
1851 3060 2005 3116 facta

384 3152 552 3217 esset,
581 3164 652 3204 eo
682 3148 840 3220 quod
864 3148 1047 3202 clerus
1064 3147 1123 3201 in
1145 3149 1383 3201 Petrum
1406 3147 2003 3220 Archipresbyteruin,

376 3241 445 3294 let
469 3236 750 3294 exercitus
768 3235 829 3291 in
855 3237 1198 3307 sequentem
1223 3235 1346 3307 ejus
1374 3234 1742 3291 Theodorum
1771 3237 2006 3310 presby-

384 3329 579 3383 terum
593 3322 953 3379 intendebat.
971 3322 1231 3395 Cumque
1245 3323 1427 3377 clerus
1446 3324 1581 3376 ante
1592 3322 1746 3377 fores
1758 3324 2009 3381 basilica

378 3410 883 3471 Constantiniana
912 3410 1249 3465 observaret
1265 3410 1552 3465 custodias
1573 3413 1632 3465 et
1654 3411 1932 3467 exercitus
1947 3413 2007 3470 in

382 3499 621 3560 baSilica
668 3499 731 3554 Β.
784 3497 1065 3569 Stephani
1096 3496 1561 3570 protomartyris,
1592 3500 1765 3570 atque
1802 3503 2010 3556 neutra

378 3605 520 3663 pars
549 3586 716 3644 alteri
739 3586 990 3653 cederet,
1015 3585 1342 3641 sacerdotes
1357 3588 1416 3640 et
1439 3586 1625 3641 clerus
1654 3586 2010 3644 unanimiter

383 3675 777 3749 ingredientes
832 3673 1198 3747 Episcopium
1252 3674 1658 3744 Lateranense,
1709 3677 2010 3749 elegerunt

381 3764 776 3838 supradictum
805 3762 1169 3829 Pontiﬁcem,
1197 3762 1259 3817 in
1290 3776 1403 3835 quo
1431 3780 1564 3819 vere
1586 3769 1713 3821 erat
1746 3770 2007 3836 aspectus

384 3852 698 3926 angelicus,
730 3852 1064 3907 veneranda
1095 3850 1355 3919 canities,
1384 3868 1576 3908 sermo
1608 3870 1791 3909 verus.
1837 3854 2005 3919 Quod

381 3942 583 3997 videns
601 3940 882 3996 exercitus
907 3943 1039 4015 post
1063 3941 1391 4012 aliquantos
1414 3940 1534 3995 dies
1547 3942 1723 3996 flexus
1739 3959 1869 3997 cum
1886 3945 2001 3998 cle-

382 4030 518 4086 ricis
533 4029 890 4101 subscripsit,
915 4032 993 4098 et,
1024 4033 1086 4085 ut
1111 4045 1238 4084 mos
1259 4031 1363 4096 est,
1392 4030 1612 4101 legatos
1633 4031 1705 4085 ad
1728 4032 2003 4086 excellen-

384 4119 1049 4176 tissimum'l‘heodorum
1064 4119 1375 4174 exarchum
1399 4118 1624 4174 direxit.
1648 4119 1745 4173 Hic
1756 4121 2004 4191 suscepit

380 4208 637 4265 divalem
653 4208 970 4279 jussionem
1022 4207 1326 4263 Iustiniani
1351 4206 1652 4280 Principis,
1694 4225 1808 4281 qua
1835 4210 2006 4281 signi-

380 4297 521 4353 ficat
548 4300 677 4352 acta
706 4299 877 4352 sexta
911 4297 1129 4369 Synodi
1161 4299 1315 4369 apud
1366 4314 1426 4352 se
1476 4298 1712 4366 habere,
1745 4316 1873 4372 qua
1898 4299 2007 4373 pia

2110 2515 2389 2572 exercitus
2421 2517 2698 2573 Romana
2728 2515 2970 2583 militia,
3020 2516 3107 2571 vel
3137 2516 3277 2572 cleri
3307 2515 3551 2587 plurima
3578 2530 3692 2586 pars

2109 2605 2183 2665 ad
2212 2622 2439 2660 sacrum
2462 2605 2741 2677 palatium
2779 2608 3180 2677 perrexerunt,
3214 2610 3273 2661 et
3311 2606 3451 2661 inito
3479 2603 3694 2660 consilio

2104 2695 2519 2759 tractaverunt,
2544 2692 2791 2764 qualiter
2806 2693 3212 2748 altercantium
3234 2693 3516 2766 sopiretur
3530 2693 3698 2747 inten-

2108 2780 2211 2848 tio,
2243 2782 2436 2853 sicque
2490 2782 2605 2836 Βεο
2657 2784 2949 2836 annuente
2994 2781 3052 2835 in
3106 2798 3421 2853 personam
3463 2779 3695 2854 praedicti

2106 2869 2292 2941 Sergii
2310 2872 2686 2925 devenerunt.
2718 2870 2901 2934 Quem
2923 2869 2993 2924 de
3011 2871 3206 2926 medio
3235 2871 3431 2943 populi
3453 2870 3696 2925 tollentes

2105 2959 2167 3014 in
2196 2961 2493 3015 oraculum
2525 2960 2569 3014 B
2621 2960 2850 3014 Casarii
2896 2958 3165 3031 martyris
3219 2959 3425 3015 Christi
3456 2959 3603 3031 quod
3626 2958 3699 3012 est

2108 3048 2262 3103 intra
2294 3048 2594 3120 palatium,
2627 3048 3091 3116 introduxerunt,
3123 3052 3183 3103 et
3210 3049 3418 3104 exinde
3454 3048 3525 3103 ad
3553 3048 3699 3102 Late-

2108 3153 2355 3193 ranense
2383 3136 2747 3210 Episcopium
2779 3154 2909 3192 cum
2934 3137 3177 3192 laudum
3204 3135 3700 3193 adclamationibus

2110 3226 2490 3284 deduxerunt.
2521 3226 2645 3291 Quo
2666 3225 2947 3297 palatium
2974 3226 3235 3297 ingresso
3266 3244 3414 3281 unus
3442 3244 3474 3281 e
3498 3225 3701 3281 duobus

2111 3315 2326 3384 electis,
2342 3315 2402 3370 id
2430 3318 2535 3381 est,
2557 3315 2891 3370 Theodorus
2909 3315 3374 3387 archipresbyter
3391 3315 3537 3370 illico
3558 3312 3701 3386 quie-

2110 3404 2210 3473 vit,
2243 3420 2308 3460 ac
2336 3421 2396 3459 se
2421 3403 2783 3459 humiliando
2816 3404 3083 3458 salutavit
3109 3406 3169 3459 et
3188 3406 3473 3461 osculatus
3492 3406 3586 3459 est.
3607 3403 3700 3458 Pav

2111 3493 2317 3548 sehalis
2346 3509 2480 3549 vero
2511 3493 2669 3548 nullo
2697 3492 2872 3548 modo
2902 3492 3171 3564 primitus
3201 3493 3503 3566 acquievit,
3520 3505 3700 3547 verum

2108 3581 2350 3637 tandem
2361 3580 2673 3653 aliquando
2691 3580 2975 3635 salutavit.
2992 3581 3104 3637 Sed
3115 3582 3377 3639 clanculo
3392 3585 3581 3637 tamen
3594 3593 3698 3634 non

2110 3670 2373 3724 cessabat
2422 3671 2759 3725 Ravennam
2815 3669 3070 3737 mittere,
3116 3671 3471 3742 persuadens
3510 3663 3701 3725 Joanni

2106 3757 2344 3813 Patritio
2375 3760 2434 3813 et
2463 3758 2708 3812 exarcho
2738 3759 2986 3814 Romam
3008 3758 3223 3817 venire.
3250 3759 3569 3825 Quiamore
3590 3769 3704 3828 pro-

2107 3847 2291 3901 missa
2322 3847 2582 3919 pecunia
2613 3845 2874 3915 veniens,
2901 3847 3042 3902 dum
3073 3864 3282 3905 omnes
3332 3848 3391 3903 in
3415 3858 3701 3919 personam

2105 3934 2261 4007 Segii
2281 3934 2621 3990 sanctissimi
2640 3935 2951 3990 invenisset
2968 3937 3347 4005 consensisse,
3381 3933 3626 3992 Paschali
3650 3930 3703 3987 id

2103 4026 2339 4096 quidem
2368 4023 2671 4096 sulfragari
2716 4042 2834 4079 non
2884 4024 3078 4092 valuit,
3118 4029 3176 4080 et
3205 4026 3337 4082 ideo
3368 4023 3616 4081 Ecclesia
3643 4021 3698 4074 Β.

2104 4112 2257 4168 Petri
2270 4112 2638 4184 Apostolisuo
2655 4113 2941 4185 stipendio
2958 4114 3241 4170 damnum
3258 4115 3470 4181 intulit,
3486 4112 3621 4168 adeo
3647 4110 3700 4163 ut

2108 4206 2340 4257 centum
2371 4200 2546 4255 libras
2574 4201 2699 4256 auri
2726 4220 2760 4257 a
2817 4201 3091 4275 pradicto
3131 4204 3410 4260 Pontiﬁce
3441 4202 3695 4275 exigeret,

2110 4307 2251 4361 quas
2268 4289 2572 4361 praedictus
2592 4291 2963 4356 miserrimus
3017 4292 3467 4349 Arehidiaconus
3497 4285 3699 4363 promi-

391 4384 697 4442 memoria
727 4385 980 4441 domnus
1028 4386 1442 4441 Constantinus
1483 4387 1713 4458 genitor
1743 4388 1865 4458 ejus
1893 4390 2009 4443 Deo
2031 4375 2085 4436 D
2110 4379 2293 4435 sisset.
2324 4379 2429 4444 Olli
2452 4382 2580 4450 post
2599 4380 2848 4434 multum
2873 4383 3097 4451 tempus
3119 4385 3361 4452 propter
3376 4376 3695 4436 incantatio-

384 4472 1124 4543 auxiliantefeceratﬂqjus
1136 4475 1494 4548 temporibus
1503 4475 2014 4548 pietaslmperialis

389 4561 664 4619 relevavit
688 4561 801 4617 duo
831 4566 1078 4617 centena
1114 4578 1386 4628 annona,
1410 4580 1553 4634 quas
1590 4565 1796 4620 Brutiis
1816 4569 1874 4620 et
1899 4567 2013 4621 Lu-

384 4649 571 4707 cania
590 4665 784 4705 annue
802 4649 1225 4722 persolvebant.
1243 4651 1340 4705 Hic
1354 4651 1505 4705 ultra
1529 4653 2011 4709 consuetudinem

391 4740 608 4813 absque
636 4754 919 4795 consensu
939 4738 1077 4794 cleri
1106 4738 1555 4794 Constantinum
1585 4740 1892 4796 diaconum
1916 4744 2012 4822 Ec-

387 4827 575 4883 clesia
601 4829 976 4899 Syracusana
1005 4828 1313 4882 Rectorem
1331 4827 1393 4881 in
1423 4827 1774 4900 patrimonio
1803 4830 2007 4886 Silicia

382 4915 708 4983 constituit,
741 4915 1045 4971 hominem
1097 4916 1289 4971 ferum
1332 4920 1391 4970 et
1422 4916 1887 4986 tergiversutumg
1919 4919 2010 4973 cui

388 5003 675 5077 mappulis
703 5004 779 5059 ad
804 5004 1266 5060 caballicandum
1290 5004 1371 5058 uti
1387 5003 1686 5058 licentiam
1708 5007 2005 5061 concessit.

389 5092 552 5149 Unde
578 5096 710 5166 post
737 5093 1048 5148 discessum
1082 5092 1374 5147 Pontificis
1416 5091 1620 5147 seditio
1673 5109 1845 5164 super
1873 5110 2008 5149 eum

384 5184 517 5238 orta
535 5181 796 5238 acivibus
813 5183 886 5238 ob
901 5180 1237 5253 patrimonii
1262 5181 1407 5249 lites,
1426 5197 1460 5234 a
1480 5179 1675 5251 judice
1701 5182 2009 5252 provincia

384 5272 493 5328 sub
540 5274 700 5327 arcta
747 5272 1007 5328 custodia
1050 5274 1138 5326 est
1174 5275 1449 5339 retrusus,
1490 5286 1592 5343 pro
1643 5287 1711 5325 eo
1764 5272 1919 5343 quod
1949 5273 2009 5329 in

380 5359 774 5432 dissensionej
784 5360 1017 5416 udicum
1034 5359 1718 5432 inveniebatur.Cumque
1730 5360 2013 5416 sanctissi-

376 5467 517 5506 mus
543 5449 807 5505 Pontifex
838 5449 1060 5505 diutina
1084 5449 1421 5504 inﬁrmitate
1454 5449 1719 5503 detentus
1750 5447 2005 5518 obiisset,

384 5537 607 5595 dimisit
638 5539 799 5594 omni
830 5539 983 5594 clero
1034 5542 1091 5593 et
1145 5537 1511 5594 monasteriis
1543 5539 1722 5592 multa
1752 5537 1812 5593 in
1842 5555 2007 5594 auro-

385 5627 531 5685 sicut
560 5644 874 5701 praeessor
904 5626 1025 5700 ejus
1058 5626 1395 5684 Benedictus
1423 5628 1599 5700 Papa.
1629 5626 1800 5699 Cujus
1823 5627 2005 5692 archi,

2114 4486 2214 4523 nes
2235 4473 2293 4523 et
2316 4468 2532 4522 loculos
2555 4468 2754 4540 [lucos]
2785 4484 2929 4539 quos
2953 4469 3200 4540 colebat,
3224 4471 3312 4524 vel
3345 4473 3544 4534 sortes,
3571 4479 3699 4538 quas

2112 4557 2398 4611 tractabat
2411 4555 2665 4629 privatus
2682 4557 2741 4612 in
2766 4556 3117 4613 monasterio
3139 4559 3476 4626 retruditur,
3504 4571 3565 4610 ac
3583 4553 3699 4625 post

2113 4645 2579 4718 quinquennium
2610 4662 2728 4716 pra
2764 4644 2950 4700 cordis
2989 4646 3201 4702 duritia
3238 4646 3599 4720 impanitens
3624 4642 3700 4695 est

2112 4736 2431 4791 defunctus.
2463 4733 2722 4806 Denique
2760 4734 2928 4805 hujus
2958 4734 3142 4807 Sergii
3163 4736 3520 4809 temporibus
3543 4727 3697 4788 Justi-

2111 4826 2317 4881 nianus
2341 4827 2663 4895 Imperator
2705 4824 2827 4879 fleri
2878 4824 3195 4880 Concilium
3232 4826 3401 4897 jussit
3445 4825 3502 4880 in
3551 4818 3699 4892 regis

2110 4914 2274 4981 urbe,
2302 4913 2360 4967 in
2392 4930 2507 4985 qua
2535 4916 2593 4968 et
2612 4913 2786 4984 legati
2817 4913 2978 4968 Sedis
3006 4915 3347 4985 Apostolica
3377 4909 3695 4986 quibusdam

2109 5003 2370 5075 capitulis
2392 5005 2551 5056 extra
2580 5005 2772 5056 cetum
2813 5001 3031 5064 [ritum]
3061 5003 3508 5059 Ecclesiasticum
3547 4994 3697 5053 editis

2110 5091 2333 5165 decepti
2348 5091 2825 5162 subscripserunt,
2849 5095 2907 5146 et
2926 5092 3185 5147 Romano
3205 5091 3487 5157 Pontifici,
3513 5087 3694 5158 utpote

2110 5180 2282 5251 capiti
2302 5179 2667 5234 sacerdotum
2681 5179 2968 5248 omnium,
2984 5184 3045 5235 ut
3064 5180 3461 5242 subscriberet,
3486 5176 3697 5232 direxea

2109 5272 2262 5325 runt.
2283 5270 2494 5323 Verum
2516 5268 2879 5324 beatissimus
2902 5269 3167 5325 Pontifex
3196 5271 3424 5341 penitus
3454 5282 3565 5322 non
3610 5276 3692 5317 ac-

2109 5358 2344 5432 quievit,
2376 5374 2480 5412 nec
2502 5357 2735 5412 eosdem
2766 5360 2958 5412 tomos
3003 5358 3312 5429 suscipere,
3362 5358 3457 5411 aut
3478 5346 3692 5409 lectioni

2112 5447 2366 5519 pandere
2393 5462 2589 5517 passus
2617 5445 2743 5512 fuit,
2775 5446 2873 5500 sed
2906 5450 2965 5501 ut
2985 5446 3263 5502 invalidos
3291 5443 3503 5517 respuit
3530 5444 3687 5510 atque

2108 5535 2339 5607 abjecit,
2365 5535 2584 5607 eligens
2614 5537 2748 5590 ante
2771 5524 2942 5603 mori,
2970 5552 3148 5608 quam
3168 5535 3479 5591 novitatem
3498 5524 3689 5586 errori-

2104 5624 2210 5681 bus
2235 5622 2578 5681 consentire.
2614 5623 2773 5679 Unde
2804 5623 3139 5695 indignatus
3175 5623 3489 5696 Imperator
3536 5612 3687 5685 Magi-
