3940 6166
252 412 347 474 665

1266 394 1680 458 EXCERP'I‘UM
1716 394 1808 454 DE
1848 390 2086 453 GESTIS
2123 392 2291 454 ROM.
2329 392 2531 454 PONT.

3476 401 3581 461 566

252 534 512 594 strianum
526 523 970 593 Romammisit,
984 523 1085 600 qui
1104 524 1393 581 Joannem
1407 524 1524 579 Deo
1537 521 1849 579 amabilem
1874 518 1931 583 Α
1960 537 2113 588 cum,
2146 520 2241 594 qui
2264 522 2507 576 Horreas
2537 518 2765 590 dicitur,
2791 519 3078 577 fossatum
3105 519 3329 595 ﬁgeret,
3362 522 3583 579 nullus-

252 627 606 683 Portuensem
630 617 1001 690 Episcopum,
1043 631 1143 669 seu
1186 613 1542 668 Bonifacium
1590 610 1853 666 consilia-

248 713 380 771 rium
420 707 647 765 Domini
682 707 853 777 Papae
878 704 939 759 in
966 702 1194 775 regiam
1235 701 1577 755 transferret
1625 701 1850 754 urbem.

247 800 446 859 Deinde
470 794 810 852 Zachariam
840 789 1373 866 protospatharium
1418 805 1587 844 suum
1627 787 1851 854 direxit,

242 890 431 965 jnbens
459 886 616 941 idem
659 883 854 939 facere
903 881 975 936 de
1024 883 1289 934 Romano
1333 878 1630 933 Pontifice.
1674 877 1854 931 Porro

244 973 619 1035 misericordia
647 973 752 1027 Ds:
778 970 1096 1026 excitatum
1124 971 1209 1023 est
1231 983 1332 1021 cor
1367 965 1713 1021 Ravennatis
1740 964 1851 1019 mi-

244 1068 380 1133 litim,
410 1066 662 1120 Ducatus
700 1060 882 1116 etiam
909 1056 1355 1129 Pentapolitani,
1386 1055 1484 1129 qui
1510 1056 1621 1109 hoc
1663 1052 1854 1126 prohi-

242 1157 469 1214 buerunt
494 1150 649 1219 fieri,
698 1147 953 1221 ingressi
1004 1163 1110 1219 per
1156 1149 1383 1217 portam
1431 1145 1491 1198 Β.
1526 1142 1678 1198 Petri
1718 1157 1850 1197 cum

240 1243 397 1301 armis
461 1246 522 1297 et
581 1240 758 1295 turba
801 1235 1205 1293 Lateranensis
1256 1232 1536 1304 Episcopii
1594 1232 1850 1286 volentes

237 1333 405 1388 videre
446 1328 823 1394 Pontificem,
876 1341 1051 1398 quem
1110 1324 1399 1378 sublatum
1460 1319 1693 1390 navigio
1745 1336 1850 1389 per

237 1425 445 1477 noctem
474 1419 644 1474 fama
670 1415 1027 1486 vulgaverat.
1071 1413 1339 1483 Egressus
1357 1408 1540 1481 igitur
1568 1407 1850 1462 sanctissi-

236 1528 347 1567 mus
374 1508 614 1579 Sergius
645 1503 917 1561 Pontifex
945 1501 1170 1557 obviam
1203 1500 1483 1554 militibus
1512 1500 1646 1551 ante
1696 1497 1849 1551 fores

233 1600 481 1666 basilicae,
517 1612 654 1669 quae
691 1593 905 1648 dicitur
935 1589 1145 1646 Domni
1176 1586 1459 1643 Theodori
1492 1589 1660 1657 Papae
1690 1584 1847 1638 suavi

232 1705 487 1761 responso
521 1699 737 1742 eorum
766 1680 956 1736 linivit
999 1679 1193 1745 corda,
1249 1680 1305 1731 et
1344 1675 1701 1745 Zachariam,
1750 1673 1848 1745 qui

233 1795 338 1835 sese
365 1778 468 1833 sub
492 1778 651 1831 lecto
676 1774 803 1845 ejus
826 1768 1229 1833 absconderat,
1254 1767 1322 1821 de
1352 1764 1623 1819 manibus
1645 1778 1848 1816 eorum

234 1866 441 1939 eripuit,
464 1864 609 1938 quia
634 1877 778 1918 eum
812 1874 947 1913 cum
972 1856 1199 1928 injuriis
1225 1858 1282 1909 et
1298 1850 1667 1908 contumeliis
1684 1867 1718 1904 a
1737 1851 1848 1905 Ro-

234 1972 388 2011 mana
414 1956 563 2010 urbe
595 1950 894 2023 expellere
924 1946 1211 2000 volebant.
1247 1942 1367 2007 Quo
1396 1941 1457 1995 in
1482 1943 1769 2010 tempore,
1801 1938 1850 1993 is

234 2044 314 2117 qui
342 2060 472 2099 eum
503 2041 776 2103 miserat,
812 2037 933 2091 DEO
964 2032 1337 2098 retribuente,
1378 2045 1563 2100 regno
1596 2027 1849 2097 privatus

232 2116 303 2187 est
328 2134 381 2187 et
410 2127 681 2185 Ecclesiae
714 2128 901 2180 status
934 2120 1155 2177 Christo
1187 2118 1429 2190 praesule
1457 2119 1711 2170 servatus
1745 2116 1848 2169 est.

234 2220 495 2276 Caeterum
548 2217 761 2272 beatus
811 2211 901 2266 vir
951 2210 1010 2263 in
1045 2206 1289 2263 sacrario
1323 2207 1381 2262 S.
1416 2203 1569 2260 Petri
1596 2202 1851 2274 Apostoli

232 2320 441 2382 Capsam
455 2308 819 2378 argenteam
841 2300 902 2355 in
918 2298 1130 2369 angulo
1147 2292 1853 2363 obscurissimojacentem

232 2381 450 2464 invenit,
482 2395 578 2451 cui
605 2391 877 2465 sigillum
924 2388 1269 2459 impressum
1301 2382 1554 2448 abstulit,
1586 2381 1851 2435 locellum

234 2486 455 2558 aperuit,
487 2484 556 2538 in
588 2498 707 2556 quo
741 2476 994 2534 interius
1020 2473 1412 2549 plumbazium
1451 2467 1851 2558 [plumacium]

233 2557 291 2629 ex
314 2573 640 2630 holoserico
667 2565 1127 2641 superpositum,
1156 2563 1313 2636 quod
1342 2558 1690 2616 staurarium
1713 2557 1853 2613 dici-

232 2665 317 2718 tur
346 2660 589 2728 invenit,
623 2673 820 2730 eoque
851 2654 1047 2709 ablato
1074 2651 1315 2707 inferius
1356 2663 1587 2703 crucem
1623 2645 1857 2701 diversis

236 2767 295 2806 ac
336 2748 607 2824 pretiosis
657 2744 961 2817 lapidibus
1006 2743 1270 2796 ornatam
1325 2734 1589 2808 inspexit.
1631 2736 1710 2824 De
1742 2750 1856 2805 qua

239 2823 492 2897 detractis
523 2840 778 2911 quatuor
810 2830 1039 2906 petalis,
1072 2830 1131 2884 in
1176 2828 1337 2902 quib.
1371 2840 1620 2898 gemmae
1648 2823 1853 2877 clausae

233 2931 385 2985 erant
401 2928 568 2983 mirae
592 2916 1405 2996 magnitudinis,ineffabilem
1422 2912 1754 2986 portionem
1770 2927 1853 2965 sa~

233 3017 414 3073 Iutaris
431 3015 580 3089 ligni
606 3010 936 3069 Dominica':
958 3007 1138 3062 crucis
1158 3003 1438 3078 repperit,
1472 3000 1625 3089 quod
1639 3015 1743 3071 pro
1770 3014 1854 3089 sa-

1956 626 2067 682 que
2090 612 2255 680 esset,
2279 611 2375 684 qui
2397 611 2448 665 ei
2469 610 2731 665 resistere
2752 615 2965 684 posset,
2984 611 3294 684 praedictus
3316 613 3581 671 Pontifex

1954 699 2140 754 missis
2168 700 2558 755 sacerdotibus
2598 717 2731 755 cum
2761 700 3111 772 Apostolicis
3154 700 3409 756 donariis
3454 705 3585 758 uni-

1953 804 2146 843 versos
2198 789 2448 860 captivos
2505 790 2574 844 de
2633 806 2833 844 eorum
2885 789 3163 844 manibus
3212 790 3481 859 redemit,
3525 796 3584 849 et

1953 876 2117 931 illum
2171 893 2299 931 cum
2356 894 2455 932 suo
2504 879 2668 932 hoste
2715 878 2789 932 ad
2828 878 3070 950 propria
3110 878 3390 950 repedare
3420 880 3579 942 fecit.

1951 967 2088 1020 Post
2114 966 2273 1037 cujus
2300 967 2522 1021 obitum
2549 966 2784 1021 cessavit
2812 967 3192 1039 Episcopatus
3226 984 3490 1026 mensem
3525 975 3576 1028 1.

1953 1053 2079 1109 dies
2107 1056 2192 1113 18.

2604 1161 2916 1218 LXXXVIII.

2021 1270 2285 1336 Joannes,
2306 1268 2543 1323 natione
2564 1269 2807 1334 Graecus,
2828 1273 2995 1342 patre
3021 1272 3284 1334 Platone,
3309 1272 3457 1328 sedit
3476 1292 3575 1331 an-

1949 1359 2038 1414 nis
2069 1363 2122 1417 2.
2156 1358 2401 1413 mensib.
2435 1364 2487 1413 '7.
2522 1358 2671 1412 dieb.
2710 1362 2793 1413 17.
2819 1362 2906 1413 vir
2936 1360 3384 1425 eruditissimus,
3410 1366 3467 1417 et
3486 1364 3570 1418 fa-

1950 1448 2171 1502 cundus
2200 1447 2550 1519 eloquentia.
2584 1448 2758 1519 Hujus
2778 1448 3092 1520 temporib.
3120 1450 3437 1522 Aripertus,
3468 1468 3569 1507 rex

1952 1537 2488 1607 Langobardorum,
2541 1536 2918 1593 donationem
2956 1539 3303 1611 patrimonii
3334 1541 3568 1611 Alpium

1953 1625 2268 1680 Cottiarum
2286 1625 2341 1678 in
2358 1625 2557 1679 litteris
2579 1626 2765 1680 aureis
2777 1628 3053 1696 exaravit,
3067 1629 3265 1700 acjuri
3290 1630 3568 1684 Romanas

1950 1714 2217 1768 Ecclesiae
2232 1713 2591 1781 reformavit,
2615 1732 2742 1786 quas
2765 1731 2867 1785 per
2888 1716 3067 1786 longa
3090 1720 3355 1787 tempora
3375 1717 3448 1771 ab
3470 1733 3566 1771 ea-

1879 1835 1932 1894 B
1952 1802 2584 1871 demLangobardorum
2600 1807 2773 1873 gente
2789 1803 3387 1859 detinebantur.Tunc
3399 1805 3565 1859 etiam

1950 1890 2304 1945 Justinianus
2333 1892 2653 1960 Imperator
2682 1908 2717 1945 a
2745 1893 3007 1962 partibus
3028 1894 3278 1948 Gazarim
3308 1911 3414 1965 per
3442 1895 3569 1948 loca

1953 1978 2234 2049 Bulgarim
2255 1996 2388 2033 cum
2412 1980 2671 2034 Trebello
2697 1997 2873 2051 usque
2892 1981 2963 2034 ad
2990 1982 3217 2051 regiam
3241 1983 3445 2036 urbem
3468 1998 3565 2034 ve-

1953 2067 2121 2122 niens
2150 2084 2399 2137 regnum
2430 2068 2751 2139 proprium,
2784 2068 2938 2122 unde
2969 2070 3186 2139 ejectus
3228 2070 3437 2138 fuerat,
3466 2068 3566 2123 ad-

1954 2157 2119 2225 eptus
2150 2157 2252 2209 est.
2289 2155 2541 2209 Leonem
2572 2171 2801 2227 quoque
2833 2157 2891 2209 et
2916 2156 3236 2223 Tiberium,
3262 2156 3359 2229 qui
3374 2158 3569 2212 locum

1953 2244 2077 2315 ejus
2115 2247 2544 2315 usurpaverant,
2578 2242 2753 2313 cepit,
2781 2245 2840 2297 et
2867 2241 2925 2296 in
2958 2244 3153 2299 medio
3187 2245 3333 2300 Circi
3371 2260 3571 2300 coram

1954 2332 2115 2386 omni
2136 2333 2349 2403 populo
2366 2332 2621 2403 jugulari
2643 2331 2795 2386 fecit.
2821 2333 2999 2386 Porro
3022 2336 3216 2388 tomos
3238 2350 3380 2405 quos
3399 2336 3574 2387 antea

1953 2420 2058 2475 sub
2072 2420 2299 2475 Domuo
2324 2420 2526 2490 Sergio
2540 2420 2880 2491 Apostolicae
2902 2422 3205 2476 memoria:
3223 2423 3465 2476 Romam
3488 2421 3573 2475 di-

1953 2512 2201 2576 rexerat,
2230 2511 2289 2564 in
2313 2510 2520 2582 quibus
2540 2508 2762 2563 diversa
2792 2509 3042 2580 capitula
3070 2510 3348 2565 Romanas
3379 2511 3570 2565 Eccle-

1954 2598 2053 2653 siae
2086 2599 2378 2653 contraria
2395 2600 2646 2665 inerant,
2669 2615 2772 2669 per
2788 2598 2930 2652 duos
2948 2599 3420 2671 Metropolitanos
3438 2599 3573 2671 Epi-

1954 2702 2156 2757 scopos
2185 2686 2524 2753 transmisit,
2553 2687 2825 2757 adjurans
2857 2690 2918 2740 ut
2941 2687 3284 2758 Apostolicze
3308 2688 3573 2744 Ecclesiae

1956 2773 2277 2830 Concilium
2304 2778 2670 2846 aggregaret,
2694 2778 2752 2829 et
2771 2792 2897 2846 qua:
2930 2777 3123 2829 evulsa
3140 2778 3332 2829 essent
3348 2776 3570 2831 stabili-

1953 2865 2060 2927 ret,
2091 2879 2219 2934 qua:
2248 2879 2381 2917 vero
2431 2862 2671 2916 adversa
2695 2862 2996 2917 renuendo
3026 2865 3295 2918 cassaret.
3330 2863 3444 2919 Sed
3473 2864 3571 2919 hic

1951 2951 2212 3007 humana
2232 2952 2543 3024 fragilitate
2566 2950 2808 3006 timidus
2836 2951 2941 3005 hos
2962 2967 3333 3023 nequaquam
3366 2968 3568 3008 emen-

1952 3040 2094 3095 dans
2109 3040 2361 3113 Principi
2374 3039 2778 3107 retransmisit,
2794 3042 3101 3112 postquam
3125 3054 3244 3094 non
3267 3038 3364 3093 diu
3387 3040 3447 3095 in
3461 3042 3570 3096 hac

232 3105 340 3202 ιιιιιξ
350 3098 872 3202 Διιξξωεεηίὲεοθτίεε
891 3097 965 3196 αἲξ
995 3086 1850 3202 οιξιῖιὶ,ξ),ίῖῐξυῖξζῗῗῗῗξξῗηοηῗῗ
1885 3121 1931 3184 c
1952 3086 3447 3200 ξῆἷιξέιῖᾶιῖἑὲζιὲζὲέῖέὲὶὶἑὲοῗιὶζέιζῇῌὲίῖιῖζρέἷεῐᾶ
3461 3086 3564 3202 Si:

234 3192 585 3251 exaltationis
615 3190 678 3247 S.
716 3186 905 3243 crucis
947 3185 1009 3239 in
1057 3183 1294 3239 basilica
1340 3177 1671 3243 Salvatoris,
1721 3193 1849 3248 quas

234 3283 538 3355 appellatur
562 3273 1072 3342 Constantiniana,
1102 3268 1348 3328 osculari
1378 3284 1443 3322 ac
1487 3264 1719 3320 adorari
1758 3265 1847 3319 in-

234 3354 414 3427 stituit.
443 3370 546 3425 Hic
582 3369 718 3442 post
747 3364 955 3431 multa,
988 3378 1115 3435 quae
1159 3361 1221 3415 in
1266 3354 1530 3413 Ecclesiis
1560 3355 1660 3409 DEI
1690 3354 1845 3423 fecit,

232 3460 532 3528 renovavit,
567 3474 678 3513 seu
723 3452 989 3519 contulit,
1024 3455 1086 3507 ut
1111 3454 1376 3521 tempore
1408 3442 1704 3500 fractionis
1732 3444 1844 3499 Do-

234 3549 363 3604 mini
388 3546 676 3621 corporis,
697 3547 902 3615 Agnus
922 3542 1044 3609 DEI,
1058 3540 1157 3612 qui
1186 3539 1343 3594 tollis
1363 3534 1599 3608 peccata
1618 3532 1845 3621 mundi,

234 3641 353 3707 etc.,
382 3654 417 3693 a
444 3637 604 3692 clero
637 3636 697 3689 et
725 3631 943 3705 populo
970 3630 1307 3684 decantetur
1324 3622 1591 3680 instituit.
1617 3620 1843 3676 Consti-

233 3724 330 3780 tuit
348 3726 545 3793 etiam,
560 3725 629 3777 ut
649 3719 868 3777 scilicet
888 3718 1086 3774 diebus
1101 3710 1570 3771 adnunciationis
1587 3710 1843 3780 Domini,

235 3813 615 3881 dormitionis,
648 3812 709 3866 et
736 3806 1048 3863 nativitatis
1068 3809 1277 3862 sancta:
1299 3804 1402 3858 DEI
1426 3798 1847 3857 GenitricisMa-

233 3902 324 3958 riae
362 3919 427 3958 ac
478 3902 541 3957 S.
572 3896 870 3956 Simeonis
894 3894 1050 3969 quod
1079 3890 1399 3966 hypapanti
1429 3886 1610 3945 Graeci
1654 3888 1846 3959 appel-

234 3988 357 4046 lant.
388 3988 634 4045 Letania
665 3988 835 4042 exeat
860 4000 895 4039 a
922 3986 1119 4038 sancto
1148 3982 1406 4036 Adriano
1447 3981 1506 4033 et
1537 3976 1610 4031 ad
1640 3975 1698 4030 S.
1729 3976 1842 4031 Ma-

235 4077 365 4133 riam
389 4078 639 4151 populus
666 4076 949 4130 occurrat.
975 4071 1242 4144 Sepultus
1260 4074 1357 4127 .est
1382 4070 1580 4123 autem
1600 4063 1693 4119 hic
1713 4064 1846 4120 bea-

235 4167 414 4222 tusvir
458 4166 520 4221 in
574 4163 834 4220 basilica.
868 4162 930 4216 Β.
987 4161 1141 4216 Petri
1171 4158 1427 4233 Apostoli
1460 4158 1513 4211 6.
1542 4154 1671 4209 Idus
1700 4153 1843 4225 Sep-

235 4256 399 4311 temb.
431 4253 762 4311 indictione
810 4252 895 4306 14.
941 4249 1170 4305 Tiberio
1201 4250 1478 4321 Augusto.
1511 4246 1581 4300 Et
1609 4243 1845 4299 cessavit

236 4342 595 4419 Episcopatus
627 4357 831 4397 mense
866 4343 910 4395 1.
945 4339 1098 4395 dieb.
1132 4341 1223 4395 '20.

887 4479 1176 4534 LXXXVII.

296 4610 552 4676 Joannes,
569 4604 810 4662 natione
827 4603 1071 4670 Graecus,
1095 4601 1241 4657 sedit
1266 4601 1433 4656 annis
1458 4604 1509 4657 3.
1544 4599 1834 4656 mensibus

235 4696 488 4754 2.diebus
522 4700 609 4752 I2.
632 4694 810 4766 Hujus
830 4691 1187 4764 temporibus
1205 4690 1362 4744 venit
1378 4689 1833 4761 Theophylactus

237 4785 600 4841 cubicularius
630 4781 903 4838 Patritius
933 4784 991 4835 et
1018 4780 1304 4834 Exarchus
1346 4778 1522 4833 Italim
1570 4777 1640 4832 de
1669 4782 1832 4848 parte

235 4868 424 4928 Sicilia
454 4874 516 4927 in
544 4872 754 4926 urbem
785 4870 1049 4924 Romam.
1080 4867 1188 4932 Qui
1217 4868 1412 4922 volens
1442 4865 1688 4938 propriis
1707 4867 1834 4921 sub-

236 4962 439 5015 stantiis
459 4960 761 5016 denudare
782 4958 1065 5031 quosdam
1092 4956 1448 5011 habitatores
1470 4955 1653 5021 Urbis,
1677 4971 1832 5009 com-

236 5050 397 5104 movit
425 5050 730 5105 adversum
764 5063 823 5102 se
854 5045 1248 5117 gravissimam
1268 5044 1827 5115 seditionem,quam

237 5135 482 5194 Pontifex
510 5135 751 5193 monitis
777 5134 1120 5190 salutaribus
1147 5132 1384 5199 sedavit,
1427 5132 1525 5204 qui
1553 5149 1674 5187 sese
1705 5149 1829 5186 me-

238 5224 382 5280 dium
402 5227 546 5282 dans
576 5228 774 5299 portas
796 5223 1040 5278 civitatis
1071 5221 1289 5289 clausit,
1321 5225 1379 5277 et
1408 5221 1732 5276 sacerdotes
1758 5221 1831 5277 ad

236 5310 515 5383 fossatum,
548 5315 607 5370 in
640 5329 755 5387 quo
807 5329 920 5367 una
958 5313 1369 5379 convenerant,
1402 5309 1577 5365 misit.
1611 5309 1830 5365 Deinde

239 5415 378 5470 vero,
403 5403 540 5458 dum
570 5402 818 5459 Gisulfus
838 5401 950 5455 dux
971 5400 1161 5472 gentis
1192 5399 1708 5470 Langobardorum
1736 5399 1835 5453 Be-

241 5492 453 5546 neventi
484 5508 615 5546 cum
648 5490 808 5546 omni
840 5506 943 5545 sua
980 5489 1191 5545 virtute
1229 5488 1469 5555 veniret,
1497 5488 1555 5543 in
1587 5488 1837 5560 Campa-

243 5578 387 5634 niam
438 5580 706 5636 incendia
736 5584 791 5636 et
834 5578 1218 5652 praedationes
1265 5580 1472 5633 multas
1520 5582 1831 5646 exerceret,

245 5668 614 5743 captivosque,
650 5686 767 5725 non
799 5685 1009 5741 paucos
1033 5668 1294 5741 cepisset,
1342 5674 1401 5723 et
1444 5685 1621 5741 usque
1649 5669 1719 5725 ad
1750 5669 1835 5724 lo-

1949 3218 2065 3271 tres
2095 3232 2245 3272 suos.
2272 3218 2342 3272 Et
2369 3214 2609 3272 cessavit
2637 3214 3010 3288 Episcopatus
3039 3214 3336 3271 mensibus
3366 3219 3421 3273 3.

2620 3357 2879 3413 LXXXIX.

2019 3465 2317 3533 SISINNIUS,
2340 3463 2579 3519 natione
2600 3463 2796 3536 Syrus,
2811 3466 2973 3536 patre
3002 3463 3248 3531 Joanne,
3274 3464 3425 3521 sedit
3445 3466 3567 3523 dies

1946 3558 2035 3612 20.
2061 3553 2169 3618 Qui
2192 3553 2277 3608 vir
2297 3552 2607 3627 podagrico
2643 3570 2707 3608 ac
2734 3551 3054 3625 chiragrico
3086 3552 3333 3609 humore
3356 3553 3438 3610 ita
3466 3556 3562 3611 de-

1946 3642 2240 3699 tinebatur
2277 3641 2562 3710 astrictus,
2586 3645 2648 3696 ut
2666 3642 2773 3698 sibi
2797 3640 3048 3715 prepriis
3081 3641 3350 3698 manibus
3369 3643 3563 3699 cibum

1946 3731 2214 3789 exhibere
2234 3747 2352 3786 non
2376 3731 2611 3789 valeret.
2638 3733 2798 3787 Unde
2820 3728 3128 3803 repentina
3145 3732 3336 3786 morte
3355 3733 3561 3788 defun-

1945 3824 2068 3877 ctus
2087 3825 2191 3878 est.
2206 3821 2275 3875 Et
2295 3818 2530 3875 cessavit
2547 3819 2917 3893 Episcopatus
2949 3834 3214 3874 mensem
3238 3823 3289 3876 1.
3316 3820 3437 3877 dies
3467 3823 3557 3879 28.

2705 3962 2791 4015 XC

2016 4070 2442 4136 Coxsrmrmus,
2469 4067 2705 4123 natione
2728 4067 2922 4139 Syrus,
2951 4065 3115 4136 patre
3139 4066 3384 4136 Joanne,
3406 4068 3559 4123 sedit

1942 4160 2111 4215 annis
2132 4166 2183 4215 7.
2216 4158 2414 4214 diebus
2443 4158 2525 4211 16.
2559 4155 2896 4211 mitissimus
2914 4152 3099 4211 valde.
3131 4153 3301 4226 Cujus
3327 4159 3553 4228 tempo-

1940 4249 2099 4303 ribus
2119 4247 2179 4301 in
2204 4247 2343 4301 urbe
2356 4247 2542 4300 Roma
2558 4246 2710 4300 facta
2723 4247 2807 4298 est
2826 4244 3010 4298 fames
3029 4258 3243 4315 magna
3254 4259 3359 4315 per
3370 4259 3554 4299 annos

1940 4340 2077 4405 tres,
2110 4353 2282 4409 quam
2325 4337 2519 4390 secuta
2544 4338 2630 4390 est
2659 4337 2823 4389 tanta
2854 4334 3108 4401 ubertas,
3141 4335 3205 4387 ut
3242 4331 3553 4387 fertilitatis

1939 4425 2105 4497 copia
2135 4423 2451 4479 sterilitatis
2478 4423 2738 4495 in0piam
2768 4421 3044 4477 oblivioni
3073 4421 3400 4479 mandaret.
3453 4421 3553 4476 Hic

1859 4482 1913 4541 D
1938 4482 2223 4568 ordinavit
2241 4512 2483 4568 Felicem
2506 4482 3016 4583 Archiepiscopum
3034 4509 3551 4581 Ravennatem,qui

1936 4602 2252 4657 secundum
2283 4601 2541 4674 priorum
2570 4617 2807 4656 suorum
2834 4598 3318 4655 consuetudinem
3367 4597 3552 4653 noluit

1933 4691 2123 4746 facere
2145 4691 2462 4757 cautiones,
2490 4690 2589 4745 sed
2611 4706 2715 4762 per
2740 4689 3065 4761 potentiam
3091 4688 3351 4761 judicum
3374 4704 3551 4758 expo-

1934 4781 2062 4848 suit,
2091 4783 2152 4835 ut
2180 4779 2379 4835 voluit.
2411 4779 2775 4851 Quapropter
2804 4778 3041 4831 mittens
3060 4775 3409 4831 Justinianus
3429 4776 3550 4828 Im-

1931 4873 2166 4941 perator
2180 4869 2551 4923 Theodorum
2577 4867 2881 4921 Patritium
2908 4870 2965 4920 et
2988 4866 3242 4936 primum
3264 4863 3548 4919 exercitus

1931 4959 2131 5012 insulae
2164 4958 2369 5012 Sicilire
2395 4973 2527 5011 cum
2568 4957 2744 5011 classe
2770 4958 3106 5010 Ravennam
3142 4954 3314 5025 cepit,
3338 4953 3547 5027 praefa-

1930 5050 2055 5101 tum
2086 5046 2591 5118 Arcbicpiscopum
2620 5049 2994 5117 arrogantem
3026 5044 3085 5098 in
3116 5044 3245 5098 navi
3289 5043 3543 5099 vinctum

1929 5136 2137 5203 tenuit,
2164 5135 2384 5189 lumine
2412 5136 2710 5189 oculorum
2740 5134 3003 5206 privavit,
3030 5133 3090 5189 in
3120 5133 3355 5187 exilium
3383 5134 3544 5185 trans

1930 5225 2179 5278 Pontum
2208 5224 2459 5291 misit,et
2489 5239 2693 5277 omnes
2712 5224 2977 5289 rebelles,
3002 5238 3144 5294 quos
3164 5221 3242 5275 ibi
3265 5219 3539 5291 repperit,

1931 5312 2309 5385 compedibus
2328 5310 2575 5375 strinxit,
2594 5311 2815 5366 divitias
2838 5327 3037 5365 eorum
3056 5310 3308 5377 abstulit,
3323 5309 3512 5364 etCon
3527 5338 3541 5347 -

1932 5401 2373 5473 stantinopolim
2406 5400 2585 5455 misit.
2607 5401 2762 5456 Tunc
2788 5401 2965 5455 etiam
2985 5415 3145 5454 sacra
3170 5397 3540 5471 Imperatoris

1928 5492 2116 5563 jussus
2145 5494 2231 5546 est
2274 5491 2547 5563 praefatus
2582 5489 2992 5545 Constantinus
3021 5488 3286 5543 Pontifex
3315 5486 3538 5557 regiam

1934 5580 2243 5635 ascendere
2270 5581 2494 5648 urbem,
2514 5578 2667 5651 quod
2687 5581 2744 5633 et
2768 5577 2903 5631 fecit
2930 5576 3022 5632 die
3051 5580 3101 5631 5.
3137 5575 3349 5630 mensis
3372 5574 3538 5628 Octo-

1934 5668 2051 5723 bris
2097 5668 2410 5724 indictione
2442 5671 2495 5723 9.
2546 5667 2733 5723 Secuti
2766 5669 2957 5721 autem
2999 5667 3133 5718 sunt
3162 5679 3292 5717 eum
3322 5661 3497 5715 Niceti
