3862 6172
392 335 497 399 56‘?

1452 330 1513 393 S.
1551 329 1846 391 ABBONIS
1882 327 2170 389 ABBATIS
2209 328 2699 393 FLORIACENSIS
3570 346 3656 406 568

402 461 714 537 Episcopus
757 459 829 518 de
877 458 1046 533 Sylva
1089 455 1367 526 Candida,
1401 455 1677 531 Georgius
1706 455 2010 529 Episcopus
2031 461 2087 521 Α
2110 471 2256 510 num
2296 455 2511 528 Papam
2551 454 2823 529 pertinet.
2866 452 3124 529 Denique
3150 450 3378 530 populus
3407 454 3663 523 Romanus

396 550 747 618 Portuensis,
792 547 1136 616 Michaelius,
1185 546 1412 614 Paulus,
1464 546 1741 617 Georgius
1782 545 2012 617 presby-

395 641 529 708 teri,
576 639 883 710 Gregorius
927 637 1222 704 diaconus,
1258 634 1534 707 Georgius
1567 633 2007 699 secundicerius,

366 708 645 786 “Joannes
673 708 1045 783 defensorum
1088 725 1331 797 primus,
1382 724 1617 779 Cosmas
1662 722 2007 790 sacellarius,

398 816 687 874 Sisinnius
733 816 1154 882 nomenclator,
1184 812 1417 885 Sergius
1442 811 1796 880 scriniarius,
1829 814 2010 867 Doro-

394 906 562 964 theus
586 908 644 962 et
668 903 924 960 Julianus
951 902 1310 970 subdiaconi,
1344 905 1402 957 et
1444 902 1516 957 de
1544 901 1782 974 reliquis
1811 900 2012 971 gradi-

393 995 502 1051 bus
520 992 783 1051 Ecclesiae
799 992 991 1049 clerici
1011 991 1199 1064 pauci.
1223 989 1471 1045 Veniens
1491 989 1670 1061 igitur
1686 989 2010 1060 Neapolim,

393 1083 514 1140 illic
536 1083 796 1156 repperit
838 1097 972 1137 eum
1015 1082 1265 1136 Joannes
1309 1077 1576 1151 patritius
1618 1081 1676 1132 et
1727 1078 2011 1132 Exarchus

394 1174 787 1246 cognomento
816 1170 1150 1242 Rizocopus,
1183 1168 1279 1240 qui
1302 1169 1500 1224 Romae
1529 1167 1747 1239 positus
1771 1166 2013 1221 decolla-

390 1261 475 1318 vit
502 1262 764 1334 Sajulum
785 1259 1117 1326 diaconum,
1150 1259 1386 1312 Petrum
1416 1256 1721 1323 arcarium,
1742 1255 2010 1326 Sergium

394 1351 671 1408 abbatem
695 1352 753 1405 et
782 1349 1052 1421 Sergium
1085 1346 1503 1413 ordinatorem,
1547 1347 1859 1416 postquam
1902 1346 2009 1398 Ra-

2110 545 2306 600 statuit
2360 561 2731 618 nequaquam
2780 545 3038 602 haeretici
3082 547 3433 618 Imperatoris
3458 568 3662 623 nomen,

2111 637 2211 689 aut
2234 633 2295 689 in
2317 634 2551 702 chartis,
2584 638 2684 690 aut
2713 634 2772 689 in
2796 634 2997 706 figuris
3016 636 3257 691 solidum
3287 638 3564 711 suscipere,
3576 660 3663 697 nec

2112 721 2265 778 inter
2293 721 2590 779 Missarum
2623 724 2907 780 solemnia
2952 726 3541 784 commemorationem
3565 731 3667 801 ejus

2112 812 2322 868 facere.
2353 812 2606 884 Contigit
2634 817 2850 881 autem,
2891 817 2954 868 ut
2991 816 3185 869 Petrus
3213 816 3435 887 quidam
3460 835 3552 890 pro
3573 821 3666 876 Du-

2113 902 2249 955 catu
2278 902 2554 957 Romanis
2575 902 2738 956 urbis
2752 903 3088 957 Ravennam
3121 903 3401 976 dirigeret,
3415 909 3466 960 et
3484 923 3668 963 nomen

2110 988 2363 1044 haeretici
2383 990 2754 1061 Imperatoris
2783 990 2844 1045 in
2865 1007 2967 1046 sua
2984 991 3347 1062 promotione
3361 997 3665 1063 annotasset;

2113 1082 2467 1150 quapropter
2493 1079 2645 1133 hunc
2671 1080 2890 1134 Ducem
2939 1081 3182 1152 populus
3208 1082 3486 1136 Romanus
3525 1082 3670 1139 susci-

2111 1183 2249 1238 pere
2284 1166 2490 1234 noluit,
2523 1169 2580 1221 et
2603 1166 3015 1240 Christophoro
3044 1169 3196 1223 Duce
3226 1168 3364 1224 adeo
3392 1169 3584 1225 bellum
3609 1171 3672 1227 ci-

2114 1253 2222 1309 vile
2271 1259 2535 1310 exortum
2579 1258 2683 1323 est,
2744 1258 2806 1310 ul.
2844 1255 2906 1310 in
2954 1255 3044 1310 via
3092 1272 3253 1311 sacra
3279 1260 3408 1311 ante
3435 1258 3673 1330 palatium

2118 1359 2239 1398 sese
2291 1343 2750 1411 committerent,
2800 1347 2858 1398 et
2906 1344 3199 1417 utriusque
3254 1344 3420 1417 partis
3466 1347 3675 1417 amplius

394 1457 647 1496 vennam
673 1456 932 1495 reversus
965 1435 1302 1508 turpissima
1330 1437 1518 1489 morte
1560 1433 1720 1489 obiit.
1751 1434 2011 1505 Denique
2114 1448 2290 1504 quam
2322 1436 2410 1501 30,
2441 1433 2521 1487 ita
2550 1434 2986 1505 ﬂagellarentur
3014 1436 3079 1486 ut
3098 1433 3399 1489 interirent
3428 1450 3440 1489 :
3469 1452 3562 1489 nec
3575 1452 3672 1491 ces-

394 1546 625 1585 summo
640 1526 902 1584 Pontiﬁci
926 1542 1057 1582 cum
1072 1525 1185 1580 suis
1200 1523 1458 1580 Siciliam
1470 1522 2010 1595 pergentiTheodo-
2114 1523 2302 1575 satum
2331 1524 2435 1588 est,
2468 1521 2651 1576 donec
2674 1521 2938 1576 Pontifex
2964 1521 3224 1576 mitteret
3247 1523 3547 1578 sacerdotes
3569 1540 3677 1577 cum

395 1634 492 1673 rus
509 1616 776 1691 patritius
791 1618 849 1671 et
864 1614 1134 1686 stratigos
1149 1614 1430 1684 languore
1453 1612 1720 1666 detentus
1742 1608 2009 1677 occurrit,
2114 1609 2437 1681 Evangeliis
2469 1612 2527 1665 et
2548 1610 2830 1678 crucibus,
2862 1609 2960 1682 qui
2984 1610 3133 1666 hanc
3163 1610 3591 1666 commotionem
3611 1627 3679 1668 se-

396 1721 571 1778 quem
591 1720 724 1759 cum
749 1702 1121 1759 veneratione
1136 1717 1353 1771 magna
1379 1698 1692 1769 suscipiens
1722 1697 2012 1753 medelam
2040 1771 2084 1778 _
2115 1699 2339 1754 darent.
2372 1700 2496 1754 Non
2526 1702 2656 1770 post
2686 1700 2897 1755 multos
2923 1700 3031 1755 hus
3061 1700 3183 1755 dies
3228 1700 3380 1756 venit
3418 1700 3629 1756 nuntius
3653 1717 3681 1755 a

394 1771 637 1866 adeptus
666 1795 752 1848 est
781 1793 1050 1859 celerem,
1082 1790 1575 1860 transfretansque
1601 1804 1703 1859 per
1728 1786 2015 1858 Rhegium
2038 1771 2090 1830 Β
2117 1787 2331 1855 Sicilia,
2356 1788 2456 1860 qui
2488 1788 2820 1860 Philippum
2849 1789 3191 1845 hmreticum
3215 1806 3250 1845 a
3277 1789 3564 1861 principali
3579 1805 3681 1845 ver-

394 1885 454 1940 et
479 1883 795 1939 Cortonam
812 1879 1158 1952 Callipolim,
1177 1878 1276 1934 ubi
1295 1880 1558 1933 mortuus
1578 1879 1663 1931 est
1676 1876 1870 1931 Niceta
1886 1875 2014 1947 Epi-
2113 1876 2225 1932 tice
2252 1876 2556 1949 depulsum
2586 1876 2995 1941 innotesceret,
3021 1894 3088 1934 ac
3137 1877 3495 1933 Anastasium
3519 1877 3681 1933 ortho-

393 1988 621 2046 scopus,
655 1974 714 2027 et
743 1969 1023 2043 Hydrunti
1066 1984 1251 2024 moras
1280 1967 1498 2023 faciens
1527 1983 1595 2022 eo
1626 1966 1781 2038 quod
1809 1966 2015 2037 hyems
2117 1966 2334 2021 doxum
2386 1967 2722 2038 Augustalia
2777 1969 3004 2039 sceptra
3060 1967 3368 2041 suscepisse
3409 1966 3681 2021 nuntiaret.

396 2063 567 2130 esset,
584 2059 696 2117 illic
716 2059 964 2132 suscepit
982 2058 1237 2130 sigillum
1257 2056 1561 2129 Imperiale
1584 2071 1688 2127 per
1715 2054 2012 2126 Theopha-
2118 2054 2303 2119 Quem
2334 2055 2520 2111 sancti
2553 2055 2696 2109 sexti
2733 2054 2975 2110 Concilii
3023 2055 3432 2123 confessorem,
3476 2057 3530 2108 et
3563 2069 3684 2109 verte

398 2150 566 2207 nium
592 2149 1011 2223 regionarium,
1037 2164 1150 2220 quo
1187 2145 1614 2211 continebatur,
1634 2146 1696 2199 ut
1714 2142 1794 2197 ita
1814 2158 2016 2197 omnes
2118 2143 2254 2199 ﬁdei
2300 2143 2738 2215 praedicatorem
2770 2144 3150 2200 Scholasticus
3198 2143 3576 2209 cubicularius,
3601 2160 3683 2215 pa-

391 2238 616 2310 judices
637 2236 995 2309 susciperent
1012 2233 1379 2301 Pontiﬁcem,
1405 2231 1526 2287 acsi
1552 2232 1740 2302 ipsum
1764 2232 2017 2302 Impera-
2120 2232 2310 2287 tritius
2340 2237 2398 2287 et
2422 2233 2708 2288 Exarchus
2736 2234 2985 2288 Romam
3039 2232 3277 2288 veniens
3319 2233 3571 2288 omnibus
3611 2231 3688 2285 de-

396 2325 770 2382 torem.lnde
789 2324 1002 2396 egressi
1018 2339 1121 2395 per
1146 2322 1395 2376 insulam
1424 2320 1638 2375 Cheam
1669 2319 2023 2374 devenerunt
2121 2321 2377 2377 claravit.
2442 2321 2728 2377 Caeterum
2772 2325 2904 2394 post
2951 2322 3103 2377 tanti
3160 2321 3449 2379 Pontiﬁcis
3500 2319 3687 2377 obitum

401 2415 478 2470 ad
505 2414 820 2487 septimum
852 2411 1186 2467 milliarium
1226 2410 1401 2481 regiae
1433 2408 1607 2475 urbis,
1652 2407 1751 2463 ubi
1796 2408 2021 2463 obviam
2123 2410 2359 2467 cessavit
2387 2412 2760 2485 Episcopatus
2781 2412 2901 2468 dies
2926 2415 3017 2468 40.

403 2519 669 2576 egressus
689 2504 776 2558 est
787 2500 1049 2557 Tiberius
1068 2501 1393 2571 Imperator
1411 2497 1560 2553 ﬁlius
1570 2494 1879 2552 Iustiniani
1907 2498 2019 2550 Au-

403 2591 577 2664 gusti,
592 2594 651 2648 et
672 2590 850 2663 Cyrus
866 2588 1198 2645 Patriarcha
1228 2603 1361 2642 cum
1390 2588 1543 2642 clero
1575 2590 1631 2641 et
1648 2586 1849 2659 populi
1873 2585 2024 2639 mul-
2194 2589 2527 2657 GBEGORIUS,
2568 2588 2803 2644 natione
2830 2592 3146 2659 Romanus,
3171 2606 3238 2645 ex
3267 2592 3427 2662 patre
3445 2586 3689 2653 Marcello,

405 2679 676 2749 titudine,
710 2695 916 2735 omnes
947 2679 1207 2733 laetantes
1236 2679 1294 2732 et
1321 2675 1472 2731 diem
1501 2676 1711 2731 festum
1763 2677 2019 2747 agentes.
2124 2676 2273 2731 sedit
2302 2677 2469 2732 annis
2520 2681 2605 2733 15.
2653 2678 2901 2733 mensib.
2932 2680 2983 2733 8.
3018 2678 3223 2734 diebus
3246 2682 3336 2736 24.
3368 2678 3486 2732 Fuit
3528 2678 3691 2731 autem

412 2767 617 2824 Sellari
647 2784 879 2841 quoque
911 2765 1197 2840 imperiali
1220 2782 1351 2820 usus
1377 2765 1734 2838 Apostolicus
1760 2762 2024 2819 Pontifex
2121 2765 2487 2836 temporibus
2511 2765 3153 2834 Anastasii,Theodosii,
3176 2766 3381 2822 Leonis
3401 2768 3559 2837 atque
3571 2763 3692 2817 Cou-

408 2856 705 2930 ingressus
735 2859 822 2912 est
849 2855 1162 2921 civitatem,
1191 2870 1322 2909 cum
1348 2854 1719 2923 camellauco,
1736 2856 1796 2909 ut
1824 2852 2024 2908 solitus
2124 2852 2363 2909 stantini
2381 2855 3057 2927 Augustorum,nutritus
3075 2856 3136 2910 in
3160 2872 3336 2928 parva
3354 2857 3515 2910 aetate
3535 2852 3585 2906 in
3610 2866 3694 2922 pa-

413 2948 502 3002 est
519 2947 719 3002 Romae
739 2946 1074 3018 procedere.
1092 2942 1256 3008 Quod
1282 2943 1521 2998 audiens
1535 2942 1885 2998 Justinianus
1911 2944 2022 2995 Im-
2122 2940 2395 2998 triarchio
2417 2944 2520 2998 sub
2544 2947 2755 2998 sanctae
2778 2943 3077 2998 memoriae
3088 2944 3319 2999 Domno
3338 2946 3486 3014 Papa
3501 2939 3691 3012 Sergio,

412 3036 649 3107 perator
665 3033 875 3107 gaudio
897 3033 1149 3106 repletus
1177 3049 1212 3087 a
1235 3032 1424 3088 Nicaea
1452 3031 1730 3103 Bithyniae
1754 3029 1909 3085 misit
1936 3045 2025 3083 sa-
2053 3056 2102 3116 ο
2127 3032 2300 3103 atque
2331 3030 2668 3088 Sacellarius
2694 3031 2877 3087 factus
2901 3031 3271 3088 Bibliotheca:
3299 3031 3380 3087 illi
3408 3046 3536 3086 cura
3564 3043 3693 3083 com-

417 3138 577 3178 cram
599 3122 917 3194 gratiarum
937 3122 1161 3177 actione
1174 3122 1431 3193 plenam,
1445 3124 1646 3192 petens
1668 3123 1728 3174 ut
1753 3121 1807 3174 ei
1828 3117 2028 3172 Ponti—
2129 3119 2302 3174 missa
2323 3123 2427 3177 est.
2451 3120 2670 3176 Deinde
2692 3121 2764 3176 ad
2781 3121 3126 3178 Diaconatus
3151 3121 3418 3177 ordinem
3436 3119 3694 3192 promotus

416 3209 510 3267 fex
542 3213 868 3266 occurreret
892 3210 1258 3277 Nicomediae,
1282 3212 1340 3264 et
1368 3208 1489 3281 ipse
1509 3209 1782 3263 venireta
1811 3207 2026 3274 Nicaea;
2130 3227 2262 3266 cum
2291 3212 2488 3266 sancto
2519 3209 2795 3266 Pontiﬁce
2827 3209 3207 3265 Constantino
3239 3209 3313 3264 ad
3347 3208 3558 3281 regiam
3592 3220 3698 3277 pro-

419 3300 575 3372 quod
594 3301 654 3355 et
671 3294 890 3356 factum
907 3301 1013 3355 est.
1032 3298 1340 3355 Prostravit
1359 3302 1554 3353 autem
1586 3314 1645 3352 se
1669 3293 2028 3352 Christianis-
2130 3299 2314 3355 fectus
2342 3302 2427 3354 est
2439 3299 2672 3367 Urbem,
2688 3314 2753 3353 ac
2768 3297 3131 3353 alustiniano
3150 3297 3414 3370 Principe
3433 3292 3700 3371 superqui-

418 3387 597 3443 simus
616 3390 922 3463 Augustus,
944 3390 1002 3443 et
1024 3388 1285 3443 osculans
1302 3387 1477 3458 pedes
1496 3384 1788 3440 Pontificis
1810 3384 1870 3438 in
1903 3400 2027 3437 am-
2129 3388 2372 3445 busdam
2385 3387 2646 3460 capitulis
2658 3386 2878 3458 optima
2889 3386 3267 3458 responsione
3278 3399 3699 3457 unamquamque

417 3476 619 3548 plexus
645 3480 878 3533 mutuos
913 3478 1176 3545 ruerunt,
1209 3491 1273 3529 ac
1304 3474 1673 3529 deindecum
1717 3472 1839 3544 ipso
1868 3473 2029 3526 tanta
2128 3476 2401 3549 persolvit
2431 3475 2830 3548 quaestionem.
2873 3477 3008 3530 Erat
3034 3475 3195 3530 enim
3245 3476 3331 3530 vir
3359 3478 3550 3536 castus,
3578 3474 3628 3527 et
3653 3470 3699 3524 in

417 3565 623 3622 laetitia
661 3565 851 3622 Missas
889 3565 981 3619 die
1008 3562 1307 3619 Dominico
1339 3561 1681 3635 Imperatori
1728 3561 1883 3629 fecit,
1917 3577 2031 3633 qua
2134 3563 2340 3619 divinis
2370 3562 2680 3636 Scripturis
2710 3563 2986 3631 eruditus,
3011 3564 3083 3619 ad
3114 3579 3292 3636 quem
3310 3565 3549 3620 Joannes
3579 3559 3704 3614 Cou-

2857 2500 2988 2557 XCI.

2136 3653 2681 3725 stantinopolitanus
2743 3654 2979 3708 antistes
3028 3652 3380 3724 Synodicam
3432 3649 3593 3715 misit,
3631 3644 3701 3702 cui

2134 3739 2291 3796 idem
2325 3742 2587 3798 Pontifex
2611 3741 2962 3813 subscripsit.
3005 3740 3103 3796 Hic
3133 3741 3290 3798 inter
3312 3739 3553 3813 plurima
3577 3738 3704 3792 bona

2134 3846 2260 3902 quae
2292 3830 2446 3899 fecit,
2468 3831 2524 3886 in
2554 3829 2863 3887 Germania
2886 3845 2990 3902 per
3010 3829 3372 3886 Bonifacium
3399 3827 3703 3901 Episcopum

2133 3920 2377 3976 verbum
2402 3919 2598 3975 salutis
2629 3918 2978 3992 praedicavit,
3003 3921 3060 3974 et
3090 3921 3331 3991 gentem
3356 3918 3508 3973 illam
3536 3912 3704 3970 seden-

2132 4012 2253 4063 tem
2283 4009 2342 4064 in
2374 4008 2626 4065 tenebris
2656 4006 3075 4064 doctrinalucis
3104 4008 3179 4063 ad
3192 4007 3477 4064 Christum
3498 4014 3702 4060 conver-

423 3654 866 3711 communicans
877 3654 949 3708 ab
965 3653 1086 3725 ejus
1098 3651 1368 3707 manibus
1381 3651 1653 3723 Princeps
1672 3667 1777 3724 pro
1795 3650 1908 3705 suis
1935 3650 2031 3704 de-

419 3742 572 3798 lictis
602 3744 666 3798 ut
690 3742 1095 3814 deprecaretur
1123 3739 1394 3809 obtinuit,
1425 3739 1617 3813 sicque
1640 3741 1840 3797 omnia
1866 3739 2035 3813 privi-

421 3831 577 3903 legia
591 3848 708 3887 suae
734 3829 998 3886 Ecclesiae
1024 3830 1340 3886 renovavit.
1364 3831 1610 3885 Romam
1641 3829 1818 3901 igitur
1841 3846 2031 3885 rever-

421 3921 551 3973 tens
575 3935 611 3974 a
647 3918 981 3975 Nicomedia
1008 3918 1232 3974 civitate
1262 3921 1392 3991 post
1419 3919 1684 3974 crebram
1715 3918 2031 3990 navigatio-

423 4007 825 4075 nem,Domino
838 4008 1172 4082 sospitatem
1184 4006 1788 4064 tribuenteincolumis
1797 4010 2032 4080 portum

423 4094 634 4168 Cajetae
651 4096 861 4172 attigit,
895 4099 992 4155 ubi
1022 4097 1341 4153 maximam
1371 4096 1803 4152 multitudinem
1832 4096 2032 4169 populi
2131 4097 2219 4154 tit.
2249 4097 2372 4163 Quo
2402 4102 2667 4170 tempore
2693 4096 3078 4169 Luitprandus
3109 4095 3611 4170 Longobardorum
3624 4103 3704 4144 rex

420 4184 667 4242 Romani
714 4187 990 4261 repperit,
1022 4203 1087 4243 ac
1115 4189 1203 4243 24.
1244 4186 1335 4243 die
1376 4184 1591 4242 mensis
1634 4186 1831 4242 Octob.
1883 4184 2031 4241 indi-
2131 4175 3704 4259 donationemPairimoniiAlpiumCotiarum,quamAri-

417 4271 609 4330 ctione
634 4279 719 4333 I0.
734 4277 1284 4350 Romamingressus
1303 4278 1406 4333 est.
1427 4277 1562 4331 Post
1581 4292 1810 4331 menses
1830 4277 2028 4329 autem
2125 4280 2322 4350 pertus
2345 4293 2442 4331 rex
2470 4276 2705 4344 fecerat,
2726 4274 3124 4331 admonitione
3144 4275 3294 4331 tanti
3322 4274 3428 4330 viri
3443 4270 3695 4328 redditam

418 4366 534 4420 tres
562 4365 823 4439 lugubris
850 4364 1090 4421 nuntius
1132 4364 1464 4437 supervenit
1504 4364 1720 4420 dicens.
1751 4364 2026 4419 Justinia-
2050 4396 2104 4456 D
2125 4366 2506 4423 confirmavit.
2529 4365 2773 4438 Signum
2795 4382 3027 4438 quoque
3048 4364 3106 4420 in
3125 4365 3508 4421 Lunafactum
3521 4363 3597 4416 est
3613 4370 3698 4430 per

414 4469 560 4509 num
586 4454 989 4522 orthodoxum,
1012 4455 1386 4521 trucidatum,
1420 4457 1478 4509 et
1503 4453 1887 4525 Philippicum
1908 4453 2024 4508 hm-
2051 4453 2088 4456 ”
2125 4454 2504 4511 indictionem
2539 4458 2624 4522 14,
2656 4471 2785 4527 quae
2836 4454 2956 4509 visa
2984 4458 3069 4509 est
3097 4453 3319 4510 cruoris
3354 4454 3521 4526 plena
3549 4458 3697 4518 usque

412 4540 659 4599 reticum
691 4543 764 4599 ad
788 4542 1100 4616 imperium
1129 4545 1486 4615 promotum,
1513 4542 1673 4614 cujus
1716 4545 1774 4597 et
1801 4558 2026 4597 sacram
2126 4544 2199 4601 ad
2218 4543 2475 4600 mediam
2499 4547 2753 4601 noctem.
2771 4544 3005 4599 Theudo
3025 4543 3204 4600 etiam
3218 4543 3331 4598 dux
3343 4540 3525 4614 gentis
3537 4536 3700 4606 Bajoa-

414 4648 548 4689 cum
577 4631 735 4705 pravi
766 4632 1058 4705 dogmatis
1104 4632 1443 4693 exaratione,
1467 4632 1736 4704 suscepit,
1765 4631 1866 4687 sed
1893 4648 2026 4687 cum

410 4721 753 4795 Apostolicaa
778 4722 942 4780 Sedis
967 4721 1222 4779 Concilio
1253 4722 1488 4794 respuit.
1517 4723 1735 4778 Eodem
1761 4726 2024 4795 tempore

410 4810 567 4867 Felix
595 4811 1072 4885 Archiepiscopus
1100 4813 1388 4867 Ravenna:
1420 4812 1491 4867 ab
1541 4811 1708 4866 exilio
1735 4812 2022 4880 reductus,

407 4898 752 4973 paenitentia
772 4904 983 4970 motus,
1016 4904 1073 4956 et
1110 4901 1245 4956 licet
1275 4902 1572 4955 oculorum
1600 4900 1821 4956 lumine
1840 4900 2026 4973 priva-

406 4991 519 5057 tus,
535 4991 735 5044 tamen
752 4990 825 5045 ad
841 4989 1139 5063 praprium
1162 4989 1621 5045 rediitthronum
1634 4993 1692 5044 et
1706 4990 1838 5045 fidei
1852 5007 2024 5064 expo-

403 5077 641 5135 sitiones
661 5078 952 5134 confessus
962 5078 1781 5151 reconciliationispromeruit
1801 5079 2023 5135 absolu-

401 5166 805 5224 tionem.’l‘unc
818 5168 993 5224 etiam
1008 5168 1122 5224 duo
1135 5168 1566 5241 regesSaxonia:
1580 5170 2022 5239 amoreAposto-

399 5257 590 5313 lorum
603 5257 850 5312 Romam
869 5256 1163 5313 venientes
1181 5257 1286 5312 sub
1307 5256 1607 5312 velocitate
1635 5273 1795 5311 suam
1813 5256 2015 5327 vitam,

401 5348 462 5402 ut
474 5345 1245 5418 optabant,ﬂnierunt.Venit
1265 5348 1459 5401 autem
1475 5348 1531 5399 et
1545 5345 1882 5400 Benedictus
1894 5346 2011 5401 Me-

396 5434 744 5499 diolanensis
762 5435 1234 5509 Arcbiepiscopus
1264 5435 1542 5490 orationis
1566 5437 1787 5501 voto,et
1825 5451 1926 5490 suo
1951 5453 2010 5492 se

394 5525 656 5582 Pontifici
676 5525 1391 5599 praesentavit,postposita
1404 5524 1781 5581 altercatione
1796 5540 1900 5596 pro
1916 5526 2012 5581 Ec-

390 5614 879 5685 clesiaTicineusi,
895 5615 1057 5687 Cujus
1069 5615 1306 5672 antistes
1319 5605 1743 5679 consecrandus
1755 5614 1829 5677 ad
1841 5615 2009 5671 Dom-

2123 4633 2347 4690 riorum
2377 4633 2451 4689 ad
2476 4634 2535 4689 B.
2552 4633 2706 4688 Petri
2725 4633 2987 4705 Apostoli
3011 4631 3218 4688 limina
3240 4632 3459 4705 primus
3478 4629 3543 4684 de
3554 4623 3700 4699 genite

2125 4723 2332 4779 eadem
2365 4722 2634 4790 occurrit,
2670 4722 2948 4777 orationis
2977 4725 3130 4777 voto.
3178 4722 3249 4777 Et
3277 4724 3406 4796 post
3434 4720 3548 4774 ham
3574 4717 3698 4770 Ana-

2125 4812 2327 4868 stasius
2374 4815 2696 4886 Imperator
2750 4812 2993 4867 classem
3047 4810 3285 4866 navium
3343 4804 3694 4886 praeparatam

2121 4885 2485 4958 Alexandriae
2517 4900 2723 4956 direxit
2756 4903 2960 4956 contra
3000 4902 3322 4973 Agareuos,
3353 4897 3448 4971 qui
3474 4894 3543 4950 ad
3568 4885 3700 4947 aliud

2121 4992 2266 5046 versi
2282 4990 2586 5046 consilium
2610 4990 2682 5046 ab
2710 4988 2919 5045 itinere
2940 4989 3133 5045 medio
3155 4989 3228 5045 ab
3253 4988 3473 5060 regiam
3485 4973 3696 5053 regressi

2124 5080 2326 5135 urbem
2339 5122 2352 5148 ,
2372 5079 2756 5135 Theodosium
2775 5079 3161 5134 orthodoxum
3179 5079 3583 5150 Imperatorem
3603 5066 3698 5122 ele-

2121 5171 2350 5241 gerunt,
2368 5171 2539 5240 atque
2570 5171 2835 5223 coactum
2858 5167 2918 5221 in
2936 5167 3081 5223 solio
3099 5166 3329 5238 imperii
3355 5163 3696 5220 conﬁrmave—

2119 5262 2273 5313 runt.
2308 5255 2637 5313 Anastasius
2663 5255 2857 5329 itaque
2887 5272 3019 5312 cum
3051 5256 3286 5323 civibus,
3305 5254 3391 5309 vel
3410 5249 3597 5325 quibus
3612 5257 3693 5316 po-

2117 5346 2228 5402 tuit
2255 5347 2326 5402 de
2360 5345 2612 5401 exercitu
2638 5345 2887 5400 Nicaeam
2914 5344 3205 5400 civitatem
3224 5340 3559 5406 munivit,ac
3578 5345 3690 5388 cum

2114 5438 2312 5505 classe,
2342 5436 2401 5490 in
2434 5452 2549 5509 qua
2573 5434 2924 5490 Theodosius
2953 5434 3162 5502 fuerat,
3193 5427 3568 5494 dimicavit,et
3589 5422 3691 5477 fere

2111 5528 2336 5597 septem
2367 5524 2550 5579 millia
2575 5523 2851 5579 exercitus
2874 5526 3009 5580 sdnt
3027 5523 3395 5592 interempta.
3427 5515 3531 5572 Sed
3561 5514 3689 5567 Ana-

2114 5614 2271 5671 stasii
2303 5616 2573 5688 superata
2591 5615 2757 5685 parte
2772 5613 2895 5686 ipse
2914 5613 3152 5671 verbum
3180 5604 3531 5683 impunitatis
3542 5612 3685 5671 expe-
