3940 6166
183 399 268 457 869

1034 390 1408 450 PREFATIO
1446 391 1793 453 COMMENT.
1831 392 1903 449 IN
1941 392 2217 453 GYCLUM
2251 395 2569 457 VICTORII.

3376 391 3482 451 870

182 514 512 589 tiit,datoque
552 511 660 570 sibi
712 516 1083 570 sacramento
1116 515 1356 573 clericus
1384 515 1567 572 factus
1587 518 1759 589 atque
1780 516 1836 578 A
1878 514 2032 572 dicto
2064 516 2325 575 Pontiﬂci
2371 520 2565 577 missa.
2598 519 2677 577 Ex
2729 515 2960 576 Francis
2999 529 3138 573 vero
3169 511 3328 572 mille
3351 516 3484 572 tan-

181 608 440 682 presbyter
463 609 546 660 est
568 606 1322 662 consecratus.Theodosius
1344 623 1479 662 vero
1498 605 1760 679 protinus

182 697 351 754 urbem
372 694 592 766 regiam
623 694 939 767 ingressus,
971 712 1102 766 quae
1125 712 1159 749 a
1190 694 1506 767 Philippica
1539 695 1762 765 dejecta

179 786 371 840 fuerant
398 783 453 837 in
484 782 799 853 pristinum
827 782 1009 837 erexit
1034 786 1251 837 statum
1270 788 1328 839 et
1343 782 1606 839 Ecclesiae
1626 783 1762 837 satis

179 872 358 945 profuit
388 870 617 926 fervore
653 888 771 926 sua:
798 871 957 926 ﬁdei.
1004 872 1164 927 Tunc
1205 872 1405 927 fluvius
1433 872 1651 927 Tiberis
1678 873 1763 926 al-

178 977 314 1016 veum
339 976 496 1014 suum
519 975 810 1031 egressus,
840 961 992 1013 ultra
1007 960 1250 1014 modum
1270 960 1568 1028 intumuit,
1591 960 1671 1015 ita
1700 964 1764 1014 ut

175 1048 223 1105 in
244 1049 320 1103 via
331 1049 460 1103 Lata
479 1048 557 1102 ad
585 1064 768 1102 unam
783 1050 842 1102 et
855 1047 1031 1103 semis
1044 1051 1320 1102 staturam
1339 1066 1489 1120 aqua
1501 1049 1759 1120 ejusdem

184 1136 398 1194 ﬂuminis
423 1136 976 1207 excrevisset,atque
1003 1153 1038 1191 a
1062 1138 1229 1207 porta
1251 1138 1310 1192 B.
1338 1136 1489 1191 Petri
1504 1135 1761 1208 Apostoli

183 1242 326 1296 usque
354 1225 421 1280 ad
446 1228 698 1297 pontem
744 1224 1000 1279 Milvium
1060 1242 1223 1297 aqum
1252 1242 1310 1280 se
1341 1224 1760 1281 distenderent.

176 1314 301 1370 Unde
326 1314 600 1369 Romanis
623 1313 922 1369 tribulatio
950 1314 1206 1369 maxima
1233 1312 1763 1385 imminebat,quod

176 1419 330 1458 serere
358 1420 469 1459 non
494 1407 818 1475 poterant:
845 1407 903 1457 et
929 1403 1141 1458 idcirco
1163 1421 1197 1458 a
1231 1404 1448 1459 domno
1472 1405 1630 1475 Papa
1658 1402 1760 1456 Le-

175 1490 311 1546 tania:
338 1493 540 1547 crebro
575 1492 822 1547 ﬁebant.
855 1492 1119 1547 Tandem
1175 1495 1372 1547 octava
1400 1491 1493 1546 die
1518 1506 1765 1545 cessave-

173 1584 278 1635 runt
298 1583 459 1653 atque
483 1584 576 1636 15.
603 1580 954 1635 indictione.
976 1580 1300 1635 Cumanum
1315 1581 1489 1636 etiam
1511 1582 1764 1634 castrum

1862 607 1991 660 tum
2046 610 2104 662 et
2150 608 2570 682 quinquaginta
2630 611 2689 665 in
2747 610 2957 666 eodem
3034 605 3187 662 bello
3249 604 3487 661 fuerunt

1862 694 2079 749 mortui
2110 712 2214 751 :ex
2245 698 2449 769 quibus
2502 698 2633 754 ideo
2685 699 2877 771 plures
2920 712 3045 751 non
3111 692 3480 758 interierunt,

1862 782 2002 852 quia
2032 800 2187 839 anno
2217 787 2515 858 praemisso
2560 786 2716 842 idem
2747 788 2866 842 Dux
2916 784 3082 839 Eudo
3136 781 3197 836 in
3250 780 3487 836 benedi-

1860 871 2119 927 ctionem
2153 876 2267 927 tres
2288 874 2558 947 spongias
2586 892 2622 929 a
2648 874 2923 947 praedicto
2947 870 3232 927 Pontifice
3248 885 3483 940 accepe-

1861 963 1973 1027 rat,
2002 976 2066 1016 ex
2087 961 2294 1033 quibus
2315 962 2373 1016 in
2404 964 2570 1029 hora,
2588 980 2703 1035 qua
2727 964 2946 1018 bellum
2965 957 3349 1016 commissum
3375 960 3484 1026 est,

1862 1048 2198 1121 quicunque
2230 1051 2304 1105 ad
2330 1052 2679 1106 sumendum
2710 1051 3004 1106 modicam
3037 1050 3341 1103 nactusest
3355 1063 3485 1120 par-

1860 1135 2122 1207 ticulam,
2141 1156 2246 1193 nec
2269 1142 2614 1208 vulneratus,
2637 1156 2740 1194 nec
2753 1141 3020 1194 mortuus
3032 1136 3483 1207 est.Eodemque

1860 1226 2128 1298 tempore
2142 1226 2533 1301 inCampanize
2546 1229 2799 1301 partibus
2814 1229 3189 1284 combustum
3203 1224 3480 1292 triticum,

1860 1315 2289 1384 hordeum,sive
2304 1317 2785 1389 legumina,quasi
2799 1316 2992 1389 pluvia
3004 1315 3064 1370 in
3082 1317 3212 1370 loco
3226 1313 3480 1386 quodam

1864 1420 1895 1457 e
1924 1405 2067 1461 coelo
2113 1407 2288 1462 missa
2314 1410 2465 1462 sunt.
2518 1406 2616 1461 Hic
2646 1406 2909 1461 Pontifex
2937 1404 3210 1471 instituit,
3236 1407 3300 1458 ut
3322 1401 3481 1475 quod

1864 1509 1984 1547 non
2007 1495 2285 1566 agebatur
2324 1493 2814 1565 Quadragesimali
2860 1497 3130 1565 tempore
3174 1492 3235 1547 in
3276 1489 3481 1563 quinta

1865 1579 2012 1636 feria
2041 1583 2354 1653 jejunium,
2384 1586 2555 1655 atque
2605 1583 2899 1638 Missarum
2943 1583 3249 1637 celebritas
3290 1578 3476 1633 fieret.

174 1667 267 1739 ipso
292 1667 473 1723 fuerat
506 1673 789 1741 tempore
824 1686 859 1723 a
884 1670 1283 1741 Langobardis
1310 1670 1467 1741 pacis
1487 1670 1620 1724 dolo
1643 1684 1769 1739 per-
1867 1670 1981 1724 Illis
2011 1669 2231 1726 interea
2280 1672 2478 1726 diebus
2506 1672 2740 1727 biennio
2765 1668 3295 1741 Constantinopolis
3320 1670 3407 1723 est
3441 1682 3478 1722 a

174 1772 353 1812 vasum.
385 1756 556 1821 Quod
581 1774 718 1811 cum
755 1759 1018 1813 Domnus
1037 1759 1195 1829 Papa
1218 1774 1322 1811 nec
1347 1757 1632 1829 precibus,
1660 1772 1765 1810 nec
1787 1797 1838 1855 B
1867 1758 2199 1813 Sarracenis
2230 1759 2478 1822 obsessa,
2517 1759 2616 1813 sed
2634 1760 2749 1813 Ι)εο
2768 1759 2848 1814 eis
2878 1758 3193 1825 contrario,
3219 1755 3476 1812 maxima

174 1845 417 1901 munerib.
446 1850 650 1920 posset
675 1846 965 1920 recipere,
994 1846 1209 1902 moenia
1239 1846 1410 1919 ipsius
1439 1844 1761 1900 castrinoc-

174 1936 308 1989 turno
333 1934 563 1991 silentio
595 1939 738 1991 sunt
763 1935 1275 2006 ingressiJoannes
1304 1938 1424 1991 Dux
1442 1933 1763 2005 Neapolita-

172 2038 255 2075 nus
271 2039 387 2078 cum
416 2025 731 2080 Theodino
777 2024 1148 2080 Subdiacono
1198 2027 1255 2079 et
1291 2026 1555 2090 Hectore,
1587 2025 1760 2095 atque

172 2113 399 2180 exemita,
431 2118 490 2168 et
522 2113 955 2185 Langobardos
989 2129 1155 2185 pcene
1188 2115 1473 2168 trecentos
1502 2129 1636 2167 cum
1669 2127 1762 2167 eo-

172 2216 270 2254 rum
292 2201 570 2257 Castaldio
592 2202 1048 2264 interfecerunt,
1076 2204 1133 2255 et
1148 2205 1342 2273 captos
1360 2204 1600 2256 caeteros
1618 2202 1760 2256 Nea-

171 2289 316 2359 polim
344 2291 770 2363 perduxerunt.
807 2289 903 2344 Sic
953 2293 1204 2344 castrum
1245 2291 1609 2361 receperunt.
1649 2290 1760 2344 Pro

171 2380 296 2448 cujus
322 2380 734 2452 redemptione
767 2378 1162 2434 sanctissimus
1176 2381 1348 2449 Papa,
1377 2379 1523 2433 sicut
1543 2378 1760 2449 promi-

170 2473 306 2535 serat,
332 2468 485 2524 dedit
517 2468 645 2524 auri
666 2469 855 2523 libras
875 2467 1260 2539 septuaginta.
1280 2469 1434 2522 Tunc
1460 2466 1637 2522 etiam
1660 2484 1759 2522 ne-

169 2555 312 2611 fanda
331 2557 793 2613 Sarracenorum
826 2572 992 2626 gens,
1023 2572 1151 2611 cum
1198 2557 1326 2627 jam
1360 2554 1760 2628 Hispaniarum

172 2645 486 2715 provinciam
536 2662 641 2718 per
692 2646 907 2700 decem
938 2644 1213 2700 tenuisset
1246 2662 1430 2700 annos
1458 2661 1760 2716 pervasam

169 2733 435 2790 undecimo
456 2735 793 2791 conabatur
808 2733 1150 2788 Rhodanum
1164 2733 1404 2789 ﬂuvium
1430 2732 1761 2801 transire,et

169 2820 429 2878 Franciam
459 2839 777 2895 occupare,
823 2821 924 2876 ubi
977 2822 1132 2877 Eudo
1160 2825 1429 2894 praeerat.
1464 2820 1569 2885 Qui
1611 2821 1762 2875 facta

168 2908 479 2967 Francorum
500 2910 773 2985 generali
806 2908 1128 2966 monitione
1152 2912 1502 2966 Sarracenos
1532 2909 1756 2965 circun-

170 2996 284 3052 dans
305 2999 620 3068 interemit,
670 3004 851 3071 atque
897 3015 966 3053 ex
1026 2998 1107 3054 eis
1156 3001 1419 3053 trecenta
1463 2998 1762 3069 sexaginta

169 3086 389 3160 quinque
418 3089 606 3145 millia
637 3104 760 3143 uno
792 3090 928 3142 sunt
949 3086 1040 3141 die
1062 3087 1386 3154 interfecta,
1410 3089 1473 3141 ut
1500 3085 1759 3155 ejusdem

1864 1846 1979 1901 illic
2017 1850 2180 1917 parte
2210 1863 2413 1901 eorum
2443 1847 2598 1901 fame
2624 1864 2687 1901 ac
2722 1848 2871 1902 bello
2902 1846 3257 1919 interempta
3282 1845 3473 1898 Leone

1863 1934 2135 2006 Principe
2166 1939 2479 2003 annuente,
2531 1934 2752 1990 confusi
2801 1937 3181 2002 recesserunt,
3236 1934 3379 1987 Nam
3413 1932 3473 1986 et

1864 2022 2123 2093 ejusdem
2155 2024 2393 2079 civitatis
2423 2024 2626 2080 diversi
2647 2041 2812 2080 sexus
2836 2026 2895 2079 et
2922 2023 3107 2079 aetatis
3123 2022 3470 2094 populorum

1860 2114 2120 2167 trecenta
2148 2112 2331 2168 ferme
2346 2113 2527 2167 millia
2544 2114 2879 2168 necessitate
2893 2110 3237 2184 pestilentiae
3255 2108 3470 2164 dictum

1862 2202 1948 2255 est
1976 2200 2147 2255 fuisse
2168 2203 2404 2255 vastata.
2426 2202 2503 2256 Eo
2523 2218 2751 2274 quoque
2764 2204 3027 2272 tempore
3038 2198 3299 2254 moribus
3313 2198 3469 2251 certe

1860 2288 2107 2343 honesta
2136 2291 2193 2342 et
2214 2289 2451 2344 nomine
2464 2289 2755 2345 Pontificis
2766 2290 2952 2344 mater
2972 2288 3044 2343 ab
3071 2288 3180 2342 hac
3202 2286 3315 2341 vita
3334 2284 3469 2341 sub-

1862 2381 2044 2434 tracta
2072 2382 2175 2433 est.
2202 2381 2337 2434 Post
2374 2380 2533 2450 cujus
2558 2379 2783 2434 obitum
2814 2379 3055 2434 domum
3082 2376 3382 2451 propriam
3408 2373 3470 2430 in

1860 2467 2084 2522 honore
2114 2472 2325 2523 sanctae
2354 2467 2561 2524 Christi
2599 2467 2869 2540 martyris
2912 2468 3153 2539 Agathaa
3202 2464 3412 2521 additis
3435 2480 3471 2518 a

1862 2555 2245 2613 fundamento
2287 2556 2593 2614 casnaculis
2619 2557 2705 2611 vel
2733 2573 2860 2629 quia
2899 2554 3254 2611 monasterio
3304 2556 3472 2609 erant
3549 2615 3563 2623 ν

1861 2644 2182 2699 necessaria
2203 2647 2625 2701 monachorum
2645 2662 2710 2700 ex
2739 2662 2884 2700 novo
2917 2642 3256 2710 construxit,
3277 2642 3468 2698 dando
3510 2690 3520 2702 .

1860 2732 1940 2787 illi
1971 2732 2188 2803 prtedia
2218 2736 2438 2789 urbana
2454 2734 2541 2787 vel
2564 2734 2793 2788 rustica.
2815 2733 2927 2789 Sed
2958 2735 3017 2787 et
3044 2736 3297 2788 castrum
3329 2732 3469 2786 Nar-

1863 2822 1974 2877 niae
2004 2838 2038 2876 a
2064 2822 2468 2894 Longobardis
2500 2837 2805 2892 pervasum
2856 2824 3059 2887 est,'ac
3088 2822 3218 2892 post
3246 2819 3468 2891 aliquot

1860 2908 2003 2979 dies,
2036 2910 2271 2965 Basilius
2318 2912 2460 2977 Dux,
2492 2909 2772 2963 Jordanes
2814 2908 3183 2972 Cartularius,
3215 2908 3471 2962 Joannes

1861 2997 2258 3053 Subdiaconus
2315 3000 2705 3070 cognomento
2738 2995 2951 3052 Lurion
2998 2994 3303 3050 consilium
3322 2994 3468 3049 inie-

1859 3090 2014 3151 runt,
2056 3088 2119 3141 ut
2149 3088 2477 3143 Pontificem
2499 3085 2912 3141 interﬁcerent.
2942 3082 3465 3148 Quibusassensum

171 3148 384 3232 findonis
410 3178 779 3234 Francorum
830 3175 999 3231 Ducis
1050 3175 1309 3231 continet
1339 3148 1583 3248 epistoia
1610 3191 1759 3246 pras-
1785 3148 1832 3207 Ο
1859 3148 2109 3247 praebuit
2133 3176 2427 3244 Martinus,
2461 3173 2780 3246 Imperialis
2809 3171 3126 3244 Spatarius.

172 3310 323 3370 Cetera
374 3317 771 3372 desiderantur.
820 3312 954 3381 Qum
993 3331 1112 3369 vero
1158 3315 1221 3369 in
1252 3331 1351 3371 ms.
1406 3313 1617 3385 codrab
1664 3312 1768 3367 alio
1820 3315 2067 3385 quopiam
2110 3314 2173 3367 de
2220 3315 2417 3383 viginti
2468 3311 2671 3385 duobus
2722 3309 3069 3385 sequentibus
3118 3308 3472 3385 pontiﬁcibus

222 3386 458 3442 Romanis
487 3388 797 3442 brevissime
837 3386 1067 3456 subjecta
1113 3393 1267 3441 erant
1295 3386 1410 3439 luce
1444 3384 1665 3457 indigna
1708 3380 2045 3455 putam'inus,
2096 3392 2209 3439 tum
2248 3380 2388 3457 quod
2428 3400 2492 3438 ex
2538 3383 2670 3437 libro
2698 3383 2762 3439 de
2786 3380 3065 3457 Romanis
3100 3380 3465 3457 pontiﬁcibus,

224 3461 304 3531 qui
325 3459 645 3531 Anastasio
678 3450 1086 3513 Bibliothecario
1118 3457 1404 3523 tribuitur,
1459 3456 1543 3511 uti
1557 3450 1840 3527 superiora
1878 3458 2085 3525 omnia,
2117 3450 2362 3529 excerpta
2389 3473 2496 3511 non
2520 3465 2705 3524 essent,
2756 3463 2878 3513 tunc
2907 3452 3048 3529 quod
3070 3450 3267 3507 mutila
3300 3458 3467 3508 essent

221 3537 263 3582 et
278 3530 426 3601 plena
455 3530 696 3587 lacunis.

174 3718 3078 3758 W

1194 3893 1714 4058 sanari
1801 3954 2420 4061 annoms

1492 4244 2094 4334 PRZEFATIO

493 4509 1503 4617 COMMENTARII
1570 4505 1710 4612 IN
1781 4507 2350 4615 CYCLUM
2418 4504 3082 4613 VICTORII.

1188 4723 1380 4795 (Dom.
1403 4722 1682 4788 Manrana,
1723 4720 1875 4777 Thes.
1903 4720 2131 4790 Anecd.,
2164 4722 2204 4788 Ι,
2242 4719 2389 4793 118.)

228 5121 494 5185 Calculum
526 5127 761 5186 Victorii
790 5127 929 5184 dum
972 5128 1265 5201 quondam
1312 5124 1605 5193 fratribus,
1636 5124 1735 5199 qui
1828 5122 2493 5197 junxerunt,utquodam
2512 5121 3443 5180 elucubrationiscommentimodo

96 5216 107 5225 '
175 5223 317 5269 manu
343 5216 519 5272 sancti
545 5216 814 5275 desiderii
859 5216 1161 5289 pulsabant
1209 5215 1416 5271 intima
1470 5212 1586 5271 mei
1633 5230 1733 5286 pe-

175 5301 437 5375 ctoris,pro
460 5306 698 5362 modulo
727 5322 871 5360 mea:
892 5305 1187 5377 parvitatis
1204 5305 1583 5371 traderem,et
1594 5319 1736 5377 pra:-

174 5388 371 5445 cordiali
400 5408 597 5449 amore
623 5394 703 5448 eis
733 5393 1025 5448 devinctus
1049 5409 1181 5447 vera
1193 5392 1525 5447 obedientia
1542 5392 1738 5446 deser-

173 5472 339 5544 Virem,
368 5481 604 5537 summis
634 5498 833 5537 eorum
866 5481 1127 5554 precibus
1153 5485 1400 5549 coactus,
1435 5479 1734 5553 negotium

174 5563 244 5617 cui
275 5567 407 5623 vires
449 5571 533 5625 vix
592 5570 876 5626 sufficiunt
909 5571 1236 5644 aggredior,
1269 5575 1327 5626 et
1355 5589 1483 5644 quae
1530 5570 1733 5625 verbo-

176 5652 311 5710 lenus
329 5657 654 5731 simpliciter
674 5659 1383 5734 proscquchar,charitatis
1399 5662 1638 5717 obtentu
1656 5659 1737 5716 in-

1834 5213 2062 5287 paginis
2089 5213 2373 5281 inderem,
2392 5228 2457 5268 ac
2470 5211 2707 5284 adjectis
2728 5212 2986 5286 pluribus
3011 5210 3442 5280 sententiis,ali-

1835 5319 1951 5374 quo
1982 5303 2158 5359 modo
2184 5302 2427 5358 lucidius
2442 5302 2825 5358 enuclearem.
2845 5302 3066 5376 Quippe
3080 5316 3213 5358 cum
3236 5301 3444 5358 desunt

1834 5408 2018 5460 voces,
2042 5391 2337 5447 interdum
2358 5392 2537 5464 signis
2567 5408 2769 5447 vocum
2802 5392 3089 5449 memoria
3108 5392 3321 5449 amissa
3348 5408 3440 5447 re-

1836 5480 2399 5555 cipitur,blandaque
2425 5482 2837 5538 modulationis
2856 5482 3001 5537 serie
3015 5481 3257 5554 quaside
3279 5481 3439 5553 gravi

1835 5586 2042 5625 somno
2074 5570 2367 5643 evigilans,
2403 5572 2559 5643 quod
2588 5571 2875 5627 desiderat
2912 5570 3253 5642 assequitur,
3284 5585 3350 5624 ac
3377 5567 3435 5624 in

1836 5660 1952 5716 alta
1973 5660 2452 5717 menteiteratum
2468 5660 2673 5733 saepius
2698 5659 2942 5720 ﬁrmiter
2965 5656 3436 5715 stabilitur.Undo
