3862 6172
531 357 635 417 ΒἹὸ

1558 352 1617 416 S.
1660 352 1954 416 ABBONIS
1993 350 2278 414 ABBATIS
2330 348 2825 410 FLORIACENSIS

3662 362 3744 426 ιτα

535 478 676 536 dum
706 477 767 536 in
800 493 869 536 eo
900 477 1034 537 sunt
1078 475 1279 555 viginti
1312 482 1440 540 octo
1492 480 1635 556 cycli
1664 482 2140 539 decennovenna-
2163 481 2219 541 A
2255 480 2523 536 sanctum
2554 470 2855 553 contingat
2899 476 3181 555 praedictis
3219 478 3480 554 Kalendis,
3528 484 3668 544 tertio
3709 490 3755 546 in

534 569 635 637 les,
667 569 782 625 sive
814 570 1065 639 lunares,
1097 571 1213 628 sint
1242 572 1420 629 etiam
1455 573 1515 629 in
1564 573 1687 647 ipso
1723 574 1922 629 decem
1953 575 2011 628 et
2036 587 2142 626 no-

531 673 661 713 vem
693 659 833 730 cycli
861 662 1094 717 solares.
1134 661 1391 727 Quorum
1417 663 1618 719 solaris
1644 680 1799 729 nono
1838 679 1992 718 anno
2039 679 2139 717 ειη-

532 762 609 802 no
648 746 735 801 sui
766 749 907 820 cycli
930 750 1105 805 etiam
1135 749 1196 805 in
1220 750 1311 808 his
1342 751 1569 807 circulis
1617 751 1871 824 Dionysii
1917 749 2138 822 incipit,

522 834 598 891 .et'
619 834 678 889 in
706 839 901 892 octavo
937 838 1166 895 desinit.
1200 841 1731 896 Decennovennalis
1776 855 1910 894 vero
1958 838 2144 893 mani-

530 922 707 979 festus
738 925 803 979 in
834 925 971 999 ipsis
997 930 1181 984 totam
1205 930 1360 984 lunas
1380 930 1669 985 rationem
1690 928 1859 999 regit.
1885 927 2141 999 Quapro-

532 1015 661 1084 pter
691 1013 881 1069 decies
912 1016 1107 1070 novies
1134 1016 1338 1088 viginti
1366 1021 1514 1085 octo,
1539 1035 1638 1074 seu
1666 1017 1835 1073 vicies
1854 1016 2141 1072 octiesno-

529 1100 854 1157 vemdecim
887 1104 1271 1177 multiplicati,
1295 1106 1356 1160 in
1378 1106 1729 1179 quingentos
1755 1105 1991 1177 triginta
2003 1105 2145 1159 duos

531 1194 753 1246 certum
783 1196 869 1247 est
896 1195 1097 1266 procul
1137 1195 1310 1251 dubio
1366 1196 1664 1251 exundari.
1721 1196 1844 1260 Quo
1900 1210 2143 1250 numero

532 1293 827 1336 annorum
858 1282 1180 1350 conficitur,
1215 1287 1277 1338 ut
1323 1284 1539 1339 dictum
1598 1288 1702 1352 est,
1739 1300 1988 1355 magnus
2041 1299 2143 1339 an-

531 1383 659 1435 nus,
693 1367 790 1440 qui
818 1369 1101 1441 paschalis
1131 1371 1354 1426 dicitur.
1381 1373 1524 1426 Nam
1546 1374 1605 1426 et
1632 1371 1693 1427 in
1720 1372 1953 1439 epactis,
1998 1374 2055 1426 et
2081 1370 2141 1425 in

530 1457 1028 1526 concurrentibus,
1063 1458 1178 1514 sive
1208 1460 1378 1531 cyclis
1409 1460 1929 1527 decennovennali,
1950 1460 2037 1514 vel
2056 1459 2138 1513 lu-

531 1543 681 1611 nari,
716 1561 944 1602 necnon
974 1546 1224 1602 termino
1259 1548 1510 1621 paschali
1565 1565 1629 1603 ac
1676 1547 1978 1603 Dominica
2034 1549 2138 1602 Pa-

535 1632 684 1686 scha:
711 1648 843 1688 cum
873 1635 1010 1689 luna
1042 1635 1216 1707 ipsius
1253 1636 1389 1705 diei,
1435 1636 1619 1709 qualis
1647 1636 1757 1691 fuit
1801 1636 2140 1709 quingente-

533 1721 712 1778 simus
738 1724 1067 1797 trigesimus
1092 1726 1375 1782 secundus
1426 1726 1739 1781 Dominicae
1794 1725 2139 1781 incarnatio-

2244 570 2364 624 toto
2404 586 2563 625 anno
2596 586 2813 641 magno
2835 568 3080 625 inveniri
3108 570 3330 643 poterit;
3357 571 3413 628 in
3434 573 3608 642 tribus,
3644 576 3757 636 scili-

2243 661 2351 725 cet,
2413 661 2641 714 tantum
2678 658 3271 715 decennovennalibus
3318 660 3484 732 cyclis,
3523 662 3573 717 id
3601 667 3683 731 est,
3706 669 3747 733 4,

2241 750 2310 803 22
2341 750 2399 802 et
2428 753 2515 804 27.
2546 747 2660 803 Sed
2691 747 2830 803 dum
2858 748 3189 803 Benedictus
3232 750 3404 816 Pater,
3444 753 3555 823 post
3579 768 3751 809 annum

2239 837 2474 892 Domini
2503 840 2628 906 529,
2674 835 2891 892 Cassini
2941 836 3225 892 miraculis
3254 836 3430 893 vivens
3484 840 3750 911 coruscavit,

2244 929 2468 982 constat
2496 926 2652 999 quod
2680 928 2787 981 nec
2817 928 2906 992 22,
2947 941 3054 980 nec
3096 930 3181 993 27,
3220 925 3350 998 cycli
3376 941 3437 981 ex
3458 926 3554 982 hoc
3578 929 3749 984 mundo

2245 1015 2501 1071 decessit.
2532 1015 2639 1079 Qui
2667 1032 2806 1070 vero
2833 1014 2962 1069 vita:
2993 1015 3114 1086 ejus
3137 1013 3405 1069 mirabilis
3426 1015 3611 1069 relator
3645 1031 3756 1088 papa

2244 1103 2551 1174 Gregorius
2583 1121 2737 1159 anno
2769 1105 2842 1160 ab
2869 1103 3262 1158 incarnatione
3288 1102 3500 1158 Domini
3534 1106 3618 1159 605
3636 1103 3758 1169 obiit,

2246 1195 2467 1247 certum
2497 1196 2583 1248 est
2622 1194 2778 1265 quod
2826 1210 2931 1247 nec
2960 1196 3163 1265 quarto
3213 1191 3347 1265 cycli
3388 1208 3450 1246 ex
3496 1191 3639 1261 hujus
3668 1191 3761 1246 vita:

2245 1282 2521 1337 aerumnis
2542 1282 2799 1337 moriens
2829 1281 3073 1337 transiit.
3098 1279 3311 1353 Quippe
3368 1280 3480 1351 ejus
3535 1282 3761 1334 monaste-

2243 1369 2395 1425 rium
2453 1387 2487 1424 a
2545 1370 2942 1443 Longobardis
2990 1386 3058 1425 eo
3108 1371 3331 1424 mortuo
3351 1369 3463 1440 jam
3483 1366 3642 1421 fuerat
3670 1382 3765 1438 per-

2242 1475 2462 1516 vasum.
2496 1459 2683 1525 Quare
2736 1458 2844 1515 nisi
2877 1476 3108 1515 summa
3153 1456 3291 1512 fides
3336 1459 3599 1529 gestorum
3639 1456 3764 1519 esset,

2241 1547 2572 1619 praelibatus
2598 1550 2789 1620 cyclus
2815 1549 2884 1603 de
2914 1544 3483 1620 utriusque,Domini,
3504 1542 3696 1609 scilicet,
3721 1558 3768 1596 ac

2242 1636 2409 1704 servi,
2441 1637 2686 1692 transitu
2708 1636 3062 1692 calumniam
3084 1636 3394 1690 induceret.
3412 1632 3525 1698 Qua
3540 1629 3767 1686 calumnia

2239 1725 2518 1797 impulsus
2547 1726 2829 1782 discutere
2858 1726 3001 1798 coepi
3033 1725 3174 1797 quid
3226 1724 3433 1779 faceret
3457 1718 3772 1777 controversia

534 1810 624 1866 nis
654 1794 860 1882 annus,
895 1813 1024 1869 talis
1050 1814 1160 1869 erit
1195 1815 1533 1870 millesimus
1562 1815 1948 1887 sexagesimus
1968 1832 2138 1888 quar-
2164 1794 2212 1853 Β
2240 1813 2594 1884 hujusmodi,
2627 1818 2684 1869 et
2711 1814 2967 1887 primum
2998 1813 3069 1868 de
3098 1812 3269 1868 annis
3296 1809 3513 1867 Domini
3550 1807 3611 1862 ad
3648 1807 3770 1861 chro-

534 1903 626 1955 tus
658 1917 671 1955 :
706 1901 1004 1974 qualisque
1032 1903 1141 1958 fuit
1181 1902 1356 1975 ipsius
1404 1903 1686 1959 incarnati
1728 1903 1897 1959 Verbi
1954 1921 2140 1959 annus

533 1988 775 2061 primus,
801 1991 948 2064 etab
969 2008 1037 2048 eo
1060 1991 1558 2064 quingentesimus
1577 1993 1898 2048 tricesimus
1918 1993 2137 2062 tertius,

532 2076 663 2132 talis
688 2078 989 2135 eritetiam
1020 2080 1364 2136 millesimus
1385 2083 1832 2137 sexcentesimus
1884 2082 2141 2137 decimus

532 2166 853 2238 quintus,et
874 2168 1144 2241 deinceps
1164 2170 1290 2242 pari
1314 2170 1517 2226 ordine
1536 2188 1716 2243 usque
1747 2170 1823 2225 ad
1839 2170 2017 2224 ﬁnem
2044 2170 2141 2224 tri-

530 2255 665 2326 plici
711 2273 1002 2313 annorum
1030 2259 1262 2313 Domini
1300 2259 1447 2314 serie
1476 2259 1690 2332 ubique
1719 2261 1871 2315 hanc
1899 2276 2140 2316 concor-

532 2342 689 2399 diam
714 2349 999 2414 servante,
1030 2363 1276 2419 quarum
1321 2348 1513 2421 prima
1549 2348 1792 2405 omnino
1839 2349 2137 2421 praeteriit,

531 2433 804 2497 secunda,
838 2450 903 2489 ac
934 2435 981 2489 si
1003 2436 1283 2491 secundus
1312 2453 1503 2492 annus
1528 2454 1796 2509 magnus,
1823 2439 2009 2493 adhuc
2036 2439 2141 2493 im-

532 2519 755 2590 minet;
794 2522 865 2578 de
896 2524 1066 2579 tertia
1106 2529 1391 2598 quantum
1423 2526 1681 2582 futurum
1726 2527 1799 2582 sit
1828 2528 2031 2600 (quam
2062 2530 2142 2583 ta-

533 2625 672 2665 men
693 2610 946 2684 adhibui)
975 2612 1037 2667 in
1064 2613 1155 2668 his
1172 2614 1416 2683 circulis,
1449 2616 1596 2671 Deus
1615 2615 1768 2671 solus
1788 2616 1963 2671 novit.
1996 2617 2141 2672 Cum

533 2698 658 2754 haec
686 2699 767 2754 ita
794 2699 929 2769 sint,
962 2702 1240 2774 qumritur
1270 2703 1341 2758 de
1369 2720 1523 2759 anno
1572 2704 1887 2759 Dominicae
1924 2705 2137 2778 passio-

539 2787 649 2855 nis,
670 2788 791 2860 qui,
818 2806 853 2844 a
873 2790 1174 2847 Nativitate
1192 2791 1515 2848 tricesimus
1540 2796 1794 2865 quartus,
1820 2794 2138 2850 terminum

536 2877 788 2947 Paschae,
833 2879 1120 2936 decimam
1183 2884 1448 2954 quartam
1496 2883 1710 2938 scilicet
1754 2884 1955 2938 lunam
2001 2884 2140 2959 (qua

534 2966 683 3022 Deus
713 2967 787 3023 ad
812 2967 1241 3025 immolandum
1257 2971 1548 3046 traditur),
1578 2973 1715 3029 facit
1747 2991 1982 3030 occurre
2034 2991 2138 3048 per

2243 1902 2506 1959 nieorum
2540 1904 2691 1958 dicta
2722 1920 2817 1958 me
2846 1902 3089 1960 contuli.
3127 1900 3355 1956 Eusebii
3391 1897 3619 1954 maxime
3639 1894 3773 1951 Casa-

2242 1990 2471 2059 riensis,
2503 1995 2561 2046 et
2590 1990 2925 2063 Hieronymi
2958 1990 3169 2046 divinas
3198 1987 3342 2059 legis
3391 1982 3693 2056 interpretis,
3730 1982 3774 2034 ut

2242 2083 2384 2152 quot
2412 2080 2552 2136 anni
2585 2083 2775 2136 essent
2795 2081 2866 2135 ab
2891 2079 3297 2134 incarnatione
3322 2073 3516 2131 Christi
3540 2087 3689 2144 usque
3722 2067 3775 2122 ad

2241 2169 2549 2242 imperium
2588 2168 2923 2225 Diocletiani
2955 2165 3526 2240 comprehenderem,
3562 2157 3776 2234 quoniam

2246 2258 2385 2313 inde
2409 2276 2589 2331 usque
2618 2259 2692 2314 ad
2715 2258 2973 2331 primum
3023 2274 3247 2313 annum
3282 2254 3557 2328 cyclorum
3584 2242 3778 2317 Dionysii

2240 2364 2470 2404 CCXLVIII
2504 2347 3036 2420 deprehendissem.
3078 2348 3308 2401 lnstans
3337 2358 3472 2415 ergo
3500 2338 3696 2403 diutius,
3729 2333 3781 2387 ab

2239 2436 2409 2491 unius
2456 2435 2747 2491 nativitate
2798 2452 2977 2507 usque
3034 2434 3108 2490 ad
3170 2431 3404 2489 alterius
3446 2425 3783 2502 principatum.

2242 2525 2496 2599 comperi
2519 2524 2765 2597 spatium
2797 2540 3056 2580 CCLXXXVI
3095 2538 3411 2589 annorum,
3440 2519 3522 2575 vel
3548 2525 3785 2573 cauum.

2241 2615 2518 2687 quoniam
2583 2614 2836 2670 Christus
2898 2614 3066 2668 natus
3124 2615 3212 2667 est
3241 2609 3410 2666 tertio
3474 2620 3613 2662 anno
3670 2611 3786 2694 CXCIX

2243 2686 2615 2776 Olympiadis,
2678 2706 2735 2759 et
2763 2701 3154 2757 Diocletianus
3203 2697 3514 2773 imperium
3560 2686 3792 2761 usurpati!

2240 2795 2493 2849 secundo
2554 2810 2708 2848 anno
2786 2790 3197 2847 ducentesima:
3261 2784 3614 2859 sexagesima)
3660 2778 3790 2873 sexta

2238 2899 2435 2938 rursus
2457 2880 2829 2954 Olympiadis.
2863 2880 3005 2936 Cum
3036 2896 3180 2951 ergo
3228 2873 3585 2950 Olympiades
3613 2882 3716 2924 Lm
3750 2878 3794 2916 In

2238 2972 2432 3028 medio
2464 2969 2824 3035 transierint,
2883 2987 2950 3026 ex
2988 2969 3200 3042 quibus
3254 2979 3513 3023 ccuxxw
3559 2960 3701 3022 fiunt,
3745 2966 3793 3042 et

532 3060 943 3114 concurrentes
970 3061 1028 3113 et
1056 3061 1351 3131 regulares
1370 3036 1630 3131 ejusdem
1660 3063 1851 3132 lineae,
1882 3064 2016 3119 licet
2034 3036 2137 3118 ca-
2169 3084 2216 3145 C
2240 3062 2458 3117 duabus
2485 3060 2757 3117 extremis
2784 3036 3217 3150 Olympiadibus
3246 3058 3384 3124 duo,
3426 3053 3538 3150 sive

531 3144 744 3201 tholica
772 3146 913 3202 fides
949 3147 1179 3216 habeat,
1209 3152 1338 3222 post
1365 3154 1659 3222 peractam
1711 3170 1936 3207 coenam
1977 3152 2139 3207 ferias
2179 3141 2215 3145 ν
2238 3151 2611 3223 colliguntur.
2636 3149 2926 3221 Assumpti
2955 3165 3088 3203 vero
3120 3148 3185 3203 in
3215 3163 3425 3213 unum,
3480 3141 3549 3198 ab
3585 3141 3793 3193 incarna-

532 3234 750 3308 quintte
782 3236 1081 3306 traditum,
1114 3240 1173 3293 et
1203 3237 1429 3293 decima
1446 3238 1651 3312 quinta
1676 3243 1816 3296 luna
1839 3241 1997 3297 feriae
2014 3258 2137 3297 sex-

530 3325 604 3379 ta)
632 3323 985 3381 crucifixum.
1010 3327 1073 3381 In
1095 3326 1255 3397 cujus
1285 3328 1618 3399 quaestionis
1653 3329 1998 3385 obscuritate
2026 3331 2137 3385 Do-

532 3410 728 3466 minus
758 3413 911 3468 Beda
927 3414 1242 3485 plurimum
1273 3416 1621 3487 observatus,
1673 3416 1816 3472 nihil
1863 3418 2004 3473 lucis
2042 3418 2135 3477 in-

531 3498 699 3567 fudit,
732 3499 841 3555 nisi
872 3503 1100 3558 tantum
1123 3504 1279 3576 quod
1302 3505 1747 3571 Evangeliorum
1768 3505 1944 3561 fidem
1967 3507 2135 3580 hujus

528 3587 631 3643 viri
658 3590 981 3646 auctoritati
1011 3592 1283 3663 praetulit,
1325 3592 1423 3665 qui
1475 3594 1709 3649 beatum
1756 3595 2136 3668 TheOphilum

531 3677 964 3750 quodammodo
992 3679 1214 3737 videtur
1264 3685 1507 3750 secutus,
1565 3684 1663 3756 qui
1710 3683 1792 3740 ait
1824 3684 2138 3741 Dominum

532 3766 839 3824 undecimo
884 3769 1273 3826 Kalendarum
1321 3772 1603 3845 Aprilium
1662 3774 1959 3843 traditum,
2008 3774 2142 3830 licet

532 3854 718 3914 unum
740 3858 975 3930 adjiciat
991 3859 1297 3932 praedictus
1317 3860 1423 3930 vir,
1465 3865 1524 3918 et
1564 3863 1903 3920 duodecimo
1927 3863 2137 3920 Kalen-

530 3947 739 4004 darum
762 3949 1069 4021 Aprilium,
1102 3953 1161 4006 et
1188 3951 1475 4008 decimam
1495 3956 1762 4025 quartam
1782 3955 1980 4010 lunam
2001 3957 2138 4010 tunc

535 4035 710 4094 fuisse
739 4038 956 4095 scribit.
998 4038 1105 4105 Qui
1135 4040 1316 4096 etiam
1347 4041 1407 4096 in
1435 4058 1504 4097 eo
1536 4042 1609 4098 ab
1652 4042 1920 4098 omnibus
1959 4044 2136 4099 eccle-

531 4124 771 4183 siasticis
801 4127 1131 4185 doctoribus
1171 4128 1475 4203 discrepat,
1503 4131 1659 4204 quod
1692 4130 2006 4186 Dominum
2039 4131 2136 4187 de-

530 4214 685 4271 cima
718 4232 875 4271 nona
901 4218 1041 4273 luna
1060 4218 1395 4275 crucifixum
1408 4219 1941 4276 demonstrat.Nam
1957 4220 2140 4278 Theo-

530 4305 743 4377 philus,
761 4306 910 4361 sicut
925 4311 984 4362 et
1003 4308 1123 4377 alii,
1158 4308 1380 4365 decima
1411 4310 1616 4384 quinta
1635 4312 1774 4368 luna
1802 4311 2134 4368 crucifixum

533 4372 907 4464 astruit,dum
932 4372 1130 4453 octavo
1144 4400 1386 4456 Kalend.
1416 4372 1597 4471 April.
1615 4401 1794 4457 refert
1808 4418 1941 4457 eum
1955 4418 2137 4456 resur-
2155 4372 2209 4432 D

530 4483 742 4541 rexisse
763 4502 797 4541 a
825 4486 1088 4556 mortuis,
1116 4493 1247 4562 post
1276 4491 1461 4547 multa
1485 4507 1614 4563 qua:
1643 4493 1987 4546 tractaverat
2001 4508 2133 4548 cum

528 4574 645 4631 suis
674 4575 1028 4649 coepiscopis
1058 4578 1129 4634 de
1160 4578 1385 4649 origine
1415 4579 1637 4636 mundi.
1659 4580 1836 4653 Igitur
1853 4580 1999 4636 tanti
2030 4581 2133 4637 viri

528 4666 638 4722 hoc
658 4683 841 4722 unum
855 4671 1154 4739 peccatum
1174 4667 1256 4724 ita
1275 4668 1638 4724 indulserunt
1648 4668 1883 4742 posteri,
1916 4673 1979 4725 ut
1997 4688 2131 4726 eum

529 4758 849 4830 sequantur
877 4756 938 4811 in
980 4756 1250 4812 omnibus
1298 4757 1579 4813 Ecclesiis.
1627 4759 1741 4814 Sed
1784 4758 1928 4815 mihi
1978 4759 2135 4815 aliud

533 4845 958 4919 occurrit,quod
977 4862 1097 4901 non
1110 4845 1293 4902 debeo
1315 4845 1594 4903 oblivioni
1607 4848 1853 4904 tradere.
1867 4850 2035 4904 Anno
2060 4848 2134 4904 ab

530 4933 933 4990 incarnatione
953 4935 1188 4990 Domini
1209 4939 1334 5005 529,
1352 4935 1680 5010 imperante
1698 4937 1920 4992 Iustino
1952 4936 2136 5009 impe-

528 5023 1138 5091 ratore,sanctissimus
1162 5025 1585 5081 monachorum
1597 5027 1767 5081 Pater
1780 5024 2135 5094 Benedictus,

528 5113 591 5170 in
609 5112 772 5169 lialia
786 5112 1088 5170 virtutibus
1106 5114 1331 5183 claruit,
1365 5117 1428 5170 ut
1457 5116 1698 5169 testatur
1717 5113 1908 5169 Victor
1919 5115 2136 5187 Capua-

530 5201 726 5258 nensis
747 5200 1171 5276 episcopus,seu
1190 5205 1396 5259 Paulus
1413 5202 1787 5259 Cassiniensis
1797 5202 2133 5270 monachus,

526 5292 810 5366 hujusque
824 5292 1084 5365 Dionysii
1104 5293 1552 5368 contemporalis
1576 5291 1819 5360 exstitit;
1843 5291 1962 5364 qui,
1987 5291 2138 5348 vide-

531 5380 1029 5448 licet,Benedictus
1056 5383 1244 5449 Pater,
1279 5383 1531 5438 Sabbato
1573 5384 1771 5436 sancto
1809 5381 2038 5436 Pascha:
2069 5397 2137 5437 ex

525 5470 634 5526 hac
652 5469 769 5525 vita
785 5470 863 5526 mi
871 5469 1834 5543 gravithalend.Aprilium,sicut
1846 5470 2056 5545 legitur
2072 5469 2133 5525 in

524 5558 701 5630 gestis
719 5559 1096 5615 veracissimis
1108 5561 1224 5630 (56)
1237 5559 1580 5633 .Requisitus
1596 5558 1723 5614 talis
1733 5574 1919 5613 annus
1940 5559 2000 5615 in
2012 5559 2119 5615 cir-

521 5648 663 5705 culis
683 5648 891 5720 saapius
903 5648 1246 5705 nominandi
1276 5647 1552 5719 Dionysii,
1586 5647 1644 5702 in
1664 5663 1778 5721 quo
1804 5646 2121 5705 Sabbatum

2246 3240 2403 3296 tione
2433 3239 2665 3296 Domini
2691 3256 2893 3295 omnes
2912 3237 3132 3309 pariter
3157 3253 3345 3310 usque
3374 3234 3447 3290 ad
3482 3230 3708 3315 primum

2239 3331 2463 3385 clerum
2487 3328 2769 3401 Dionysii,
2810 3327 2909 3401 qui
2932 3327 3172 3382 fuerunt
3212 3329 3352 3381 ante
3370 3324 3459 3378 vel
3494 3320 3614 3394 post
3634 3312 3798 3388 princi-

2236 3421 2437 3492 patum
2468 3416 2824 3484 Diocletiani,
2872 3416 3023 3471 ﬁunt
3059 3414 3290 3470 collecti
3346 3410 3595 3483 undique
3629 3410 3800 3461 υωιν,

2236 3509 2323 3563 vel
2354 3505 2542 3579 magis
2567 3522 2763 3561 nxxxv.
2804 3505 2932 3560 Haec
2988 3503 3186 3559 dicens
3235 3519 3359 3560 non
3402 3493 3802 3585 prejudico,.nt_3.°

2239 3578 2747 3652 damnolaliorum
2771 3592 3106 3660 sententias,
3153 3592 3262 3648 sed
3311 3608 3383 3647 ex
3437 3578 3807 3643 authenticisli-

2237 3685 2356 3741 bris
2387 3684 2544 3757 quod
2563 3700 2764 3739 verum
2816 3686 2903 3739 est
2948 3681 3331 3755 investigans,
3378 3678 3471 3735 cui
3498 3667 3806 3765 juxtaiidtfm

2240 3773 2435 3831 Niceni
2455 3771 2681 3828 concilii
2712 3788 2902 3828 assero
2942 3771 3098 3844 quod
3146 3771 3350 3826 nullus
3396 3783 3578 3825 annus
3622 3759 3810 3828 alicuius

2238 3861 2381 3935 cycli
2413 3859 2933 3917 decennovennalis
2977 3857 3305 3940 Dominicaa
3354 3853 3600 3930 passioui
3637 3866 3721 3940 ac_
3744 3859 3810 3940 τεξ-

2241 3949 2585 4007 surrectioni
2615 3948 2911 4022 competit,
2951 3939 3060 4003 nisi
3124 3948 3418 4004 tredecim
3468 3944 3673 4000 habens
3697 3935 3811 4029 deci-

2238 4056 2399 4095 mam
2426 4042 2693 4112 quartam
2738 4038 2938 4093 lunam
2998 4039 3200 4092 octavo
3270 4035 3658 4091 Kalendarum
3694 4030 3815 4095 Apr!-

2236 4128 2403 4185 lium.
2430 4129 2627 4183 Annus
2652 4143 2882 4202 quoque
2909 4125 3038 4181 talis
3065 4125 3259 4199 qualis
3290 4122 3591 4199 quaeritur,

2238 4219 2350 4275 situ
2380 4218 2564 4275 Patris
2592 4215 2905 4284 Benedicti,
2948 4232 3258 4289 nunquam
3299 4213 3515 4280 evenit,
3555 4207 3654 4267 nisi
3704 4203 3816 4258 deci-

2237 4325 2336 4364 mo
2366 4310 2521 4364 sexto
2571 4322 2728 4362 anno
2759 4305 3019 4377 ejusdem
3065 4305 3211 4376 cycli
3252 4305 3517 4361 habente
3578 4294 3815 4388 decima!

2237 4400 2505 4470 quartam
2562 4397 2788 4463 lunam,
2850 4394 3200 4451 duodecimo
3252 4392 3647 4450 Kalendarum
3695 4386 3820 4479 Apri-

2235 4487 2400 4541 lium.
2434 4487 2505 4542 Ut
2532 4501 2665 4540 vero
2691 4485 2787 4541 ille
2810 4484 3096 4540 terminus
3138 4483 3309 4539 feriae
3371 4481 3591 4557 quintae
3636 4475 3817 4531 contin-

2235 4578 2353 4648 gat,
2417 4576 2829 4630 concurrentes
2889 4572 3146 4646 quinque
3205 4571 3586 4645 regularibus
3641 4564 3819 4635 septem

2233 4667 2482 4733 coeunt;
2523 4666 2581 4719 et
2609 4667 2673 4719 ut
2709 4662 2815 4719 iste
2857 4662 3110 4720 Sabbato
3171 4665 3384 4718 sancto
3435 4656 3674 4724 eveniat,
3717 4662 3821 4705 oon-

2235 4757 2531 4811 currentes
2551 4754 2667 4808 tres
2696 4769 2830 4808 cum
2877 4751 3247 4824 regularibus
3289 4754 3548 4824 quatuor
3592 4740 3821 4824 produnt

2234 4842 2608 4900 Transierunt
2632 4845 2827 4897 autem
2880 4858 2914 4897 a
2966 4840 3237 4913 passione
3302 4838 3545 4896 Domini
3589 4846 3747 4907 usque
3771 4823 3825 4926 aii

2236 4933 2548 4991 transitum
2586 4930 2767 4988 sancti
2819 4931 3003 4986 Patris
3056 4929 3365 4987 Benedicti
3410 4942 3678 4986 ccccxcvn
3699 4933 3827 4977 anni.

2238 5023 2456 5090 Quibus
2484 5020 2668 5077 divisis
2698 5037 2802 5093 per
2822 5018 3089 5092 triginta,
3121 5021 3179 5076 et
3206 5018 3485 5092 triginta,
3515 5019 3574 5071 et
3588 5007 3829 5069 tricesima

2236 5115 2398 5186 parte
2430 5110 2744 5183 geminata,
2779 5107 2852 5164 ad
2867 5106 3137 5163 notitiam
3166 5107 3340 5163 venit
3351 5107 3511 5181 quod
3523 5105 3722 5180 praeter
3744 5102 3832 5152 ter-

2237 5201 2384 5257 tium
2402 5201 2591 5255 nullus
2610 5214 2957 5254 concurrens
2968 5213 3090 5253 esse
3109 5196 3339 5271 poterit
3363 5212 3526 5252 anno
3545 5201 3791 5249 ccccxcm
3806 5196 3835 5234 ι

2239 5289 2504 5363 passione
2530 5286 2783 5345 Domini.
2812 5288 2998 5354 Quam
3012 5286 3316 5344 divisionis
3339 5277 3726 5359 regulam,qui
3742 5275 3836 5363 pls-

2239 5362 2370 5434 nius
2386 5395 2552 5435 nosse
2565 5377 2870 5446 desiderat,
2900 5392 2966 5432 Lv
2980 5375 3306 5450 capitulum
3339 5373 3581 5433 Domini
3612 5368 3761 5426 Beda:
3780 5362 3836 5421 de.

2239 5468 2425 5523 reditu
2447 5465 2917 5523 concurrentium
2931 5464 3275 5538 legat,quod
3295 5464 3471 5522 idem
3494 5463 3719 5519 sanctus
3735 5468 3836 5529 pre-

2221 5560 2417 5631 sbyter
2428 5556 2484 5611 in
2498 5556 2837 5612 circulorum
2848 5571 3076 5611 suorum
3089 5553 3389 5627 adjection
3398 5571 3431 5609 e
3445 5551 3646 5608 debuit
3657 5547 3836 5602 dverte.

2225 5667 2289 5706 re
2304 5648 2457 5704 unde
2470 5644 2991 5718 potuissetalterius
3004 5644 3441 5716 negligentiam
3456 5637 3836 5704 cavere.0uam

597 5732 714 5805 (56)
745 5730 899 5789 Obiit
928 5748 1023 5788 an.
1054 5735 1178 5800 543,
1213 5733 1275 5786 ut
1304 5730 1416 5786 Leo
1448 5728 1722 5786 Ostiensis
1747 5727 1971 5799 asserit,
2002 5730 2159 5803 cyclo
2191 5730 2324 5788 solis
2352 5734 2443 5799 20,
2475 5732 2533 5785 2i
2571 5728 2757 5792 Mart,
2792 5727 2850 5783 in
2877 5726 3137 5783 sabbato.
