3862 6172
151 385 224 449 sm
1326 368 1426 438 bs
1456 363 1676 435 CYCLO
1714 363 2074 434 Passum.
3271 374 3383 439 7518

154 518 192 569 et
214 511 248 566 si
270 507 446 580 tetigit,
473 495 798 562 solvendam
834 499 1248 576 posterioribus
1278 501 1670 574 relinquit,qui
1693 505 1747 564 Α
1776 517 1956 572 usque
1991 504 2151 567 1595,
2181 501 2429 555 circulos
2460 496 2997 556 decenno'vennales
3035 518 3252 571 Lxxxiv,
3285 519 3385 558 seu

150 601 206 656 nil
236 597 400 654 calculi
424 611 548 650 eum
568 597 774 666 putant
805 595 1007 662 latere,
1041 595 1099 648 et
1128 593 1202 648 ob
1232 593 1342 647 hoc
1392 591 1538 646 tanti
1587 592 1675 644 fa-
1777 589 1843 660 (si
1868 589 2069 658 mavis,
2103 593 2160 643 et
2191 590 2345 660 quod
2374 589 2529 644 idem
2559 590 2669 668 est)
2691 606 2856 645 xxvm
2888 595 2978 644 ter
3007 591 3382 663 germinatos,

149 690 265 743 ciunt
287 687 391 756 ejus
415 685 801 738 auctoritatem
834 685 922 737 tot
951 682 1277 736 labentibus
1332 681 1498 735 annis
1545 695 1672 732 ser-
1775 678 1872 748 qui
1895 678 2112 750 partim
2134 680 2463 749 temporum
2503 679 2716 750 injuria
2755 682 2812 733 et
2840 679 3257 751 descriptorum
3294 679 3383 734 in-

143 779 302 841 vatam,
331 776 386 827 ut
411 772 494 826 vix
533 771 743 842 corrigi
793 770 972 843 possit
997 770 1254 842 pluribus
1278 767 1672 824 obnitentibus
1773 765 1936 820 scitia
1975 766 2272 837 depravati
2331 770 2486 833 sunt,
2523 767 2735 838 partim
2782 768 2959 822 etiam
3013 768 3381 835 interierunt,

145 863 292 918 causis.
342 861 442 914 Nos
468 861 663 914 tamen
704 859 975 914 omnibus
1026 857 1114 912 his
1166 874 1333 912 xxvm
1380 856 1670 911 decenno-
1773 871 1873 910 eos
1917 858 2199 926 quantum
2255 855 2551 927 potuimus
2611 856 2747 910 alibi
2800 855 3182 927 reposuimus,
3247 856 3386 912 alibi

147 948 411 1006 vennalibus
435 948 602 1019 cyclis
632 948 775 1002 duos
818 947 1186 1017 subjecimus,
1237 950 1300 1001 ut
1347 945 1502 1017 quod
1537 945 1672 1000 Dio-
1770 943 2206 998 emendavimus
2284 947 2346 998 ut
2400 947 2591 999 essent
2645 944 3049 1017 integriusque
3105 945 3178 1000 ad
3224 949 3380 1001 1595.

149 1039 319 1110 nysium
340 1036 515 1091 facere
545 1036 807 1090 debuisse
838 1035 1106 1102 diximus,
1141 1035 1261 1104 ejus
1282 1033 1514 1089 lectoris
1543 1033 1668 1088 dili-
1769 1032 2060 1087 Posterior
2131 1035 2270 1088 aetas
2360 1032 2456 1087 ubi
2551 1032 2760 1088 horum
2842 1050 3132 1089 annorum
3210 1035 3384 1090 fuerit

142 1128 301 1200 gentize
327 1124 770 1182 manifestemus.
806 1125 900 1179 His
927 1125 1085 1179 enim
1117 1123 1408 1196 inspectis,
1436 1124 1506 1178 de
1533 1123 1668 1178 reli-
1766 1121 2054 1176 terminus
2152 1121 2386 1192 adjiciet
2473 1121 2655 1193 plura.
2753 1122 3064 1178 Sciendum
3179 1126 3380 1178 tamen

142 1218 232 1288 quis
263 1217 546 1288 pertotum
574 1231 794 1268 annum
825 1230 1109 1286 magnum
1164 1213 1380 1284 peritus
1429 1213 1669 1268 calcula-
1773 1214 1860 1265 est
1915 1226 2082 1281 posse
2136 1210 2242 1264 hos
2295 1227 2489 1264 Lxxxiv
2549 1211 2787 1266 circulos
2843 1212 3028 1283 redigi
3089 1213 3147 1268 in
3214 1229 3383 1268 xxvm

141 1309 205 1359 tor
241 1321 338 1359 non
367 1303 660 1371 dubitavit,
706 1303 751 1357 si
790 1306 985 1358 tamen
1016 1303 1220 1358 saltem
1255 1301 1517 1356 dubitare
1544 1302 1670 1372 pla-
1774 1314 2024 1370 quorum
2042 1298 2281 1370 quisque
2308 1299 2557 1353 circulus
2587 1303 2850 1354 constare
2871 1300 3080 1372 triplici
3105 1302 3250 1357 serie
3273 1319 3378 1358 an-

137 1392 600 1447 cuerit.Sciendum
623 1391 870 1463 denique
891 1392 1050 1463 quod
1075 1391 1134 1445 in
1167 1391 1257 1445 his
1282 1390 1507 1445 circulis
1535 1390 1671 1445 Diu-
1774 1403 2007 1454 norum,
2030 1403 2166 1442 nam
2194 1404 2356 1442 nxxxi
2399 1404 2629 1460 quoque
2675 1405 2829 1444 anno
2884 1389 3131 1445 redeunt
3178 1392 3377 1447 omnia

139 1480 259 1552 nysii,
287 1480 409 1534 anni
436 1479 666 1535 Domini
693 1497 794 1534 sua
821 1479 968 1535 serie
986 1479 1294 1552 prodeunt,
1325 1482 1386 1533 et
1413 1495 1482 1532 xv
1505 1478 1673 1533 annis
1774 1476 2000 1530 eadem.
2037 1477 2272 1531 Constat
2292 1477 2445 1531 enim
2474 1494 2720 1548 magnus
2735 1478 2978 1533 circulus
3007 1479 3252 1534 totidem
3278 1497 3379 1536 an-

141 1567 339 1635 evolutis,
363 1567 674 1623 indictione
701 1568 964 1635 redeunt,
998 1583 1104 1622 nec
1136 1567 1209 1622 ad
1241 1567 1420 1622 solem
1461 1583 1566 1622 nec
1599 1569 1674 1622 ad
1774 1565 1884 1632 nis,
1922 1565 2128 1637 quibus
2153 1566 2382 1634 exactis,
2410 1570 2648 1638 propter
2696 1567 2829 1622 solis
2861 1571 2917 1622 et
2943 1569 3094 1623 lunae
3125 1585 3378 1638 cursum,

139 1657 286 1711 lunam
305 1656 672 1730 pertinentes,
701 1659 757 1710 et
776 1655 1010 1721 idcirco,
1043 1655 1207 1710 ﬁnito
1242 1670 1418 1722 anno,
1451 1672 1571 1711 non
1603 1673 1671 1712 eo
1775 1670 2004 1708 necesse
2036 1657 2122 1708 est
2143 1653 2340 1708 omnia
2359 1654 2712 1726 redire,quae
2737 1658 2872 1710 sunt
2901 1655 3144 1711 circulus
3173 1657 3385 1713 decen-

139 1745 265 1799 modo
291 1761 393 1816 quo
419 1747 618 1816 coeptas
639 1747 771 1798 sunt
789 1743 1118 1800 redeuntes.
1776 1743 2189 1798 novennalibus
2212 1743 2416 1797 eodem
2449 1743 2652 1798 ordine
2694 1747 2751 1799 et
2781 1744 2977 1812 modo,
3013 1747 3262 1818 exceptis
3293 1748 3381 1802 in-

232 1832 439 1886 Joannes‘
463 1831 844 1903 Noviomagas
875 1833 1059 1889 lectori
1083 1831 1340 1899 studioso,
1371 1831 1434 1887 S.
1467 1832 1536 1890 P.
1774 1831 2118 1886 dictionibus
2149 1835 2206 1886 et
2233 1833 2437 1888 litteris
2468 1833 2781 1889 Dominicaa
2812 1834 2946 1893 diei.
2995 1834 3129 1890 Vale
3173 1839 3232 1891 et
3277 1854 3381 1892 no-

183 1922 376 1994 Scripsit
405 1921 556 1976 Beda
586 1939 874 1978 annorum
907 1922 1002 1994 qui
1025 1924 1157 1976 sunt
1185 1938 1220 1976 a
1256 1921 1480 1976 Christo
1510 1924 1669 1990 nato,
1773 1923 1954 1976 stram
1986 1937 2224 1994 operam
2254 1921 2394 1976 boni
2423 1923 2726 1977 consulito.

1311 2130 2189 2248 SEQUUNTUR

1057 2299 1465 2402 BEDE
1515 2300 2396 2402 PRESBYTER!

213 2491 2264 2661 DECEMNOVENALES
2409 2491 3282 2658 CIRCULI

134 2715 367 2793 Unamcum
409 2718 494 2774 his
544 2735 676 2793 quos
719 2719 923 2793 scripsit
977 2714 1624 2793 Dionysius_Romanus,
1693 2722 2037 2784 cognomento
2105 2713 2375 2793 Erigitus,
2447 2723 2497 2793 et
2572 2716 2749 2773 beatus
2774 2717 3036 2793 Cyrillus
3083 2736 3251 2793 usque
3312 2725 3383 2777 ad

172 2787 458 2846 millesimum
515 2786 1002 2862 quingentesimum
1051 2789 1454 2860 nonagesimum
1524 2789 1773 2859 quintum
1832 2801 2034 2841 annum
2097 2786 2308 2854 salutis,
2379 2788 2569 2859 quibus
2636 2786 2980 2845 contineretur
3042 2786 3397 2850 tres‘circuli

171 2876 337 2926 magni.

517 2966 680 3040 (Vide
709 2965 862 3022 inter
901 2967 1089 3038 Opera
1119 2965 1284 3020 Bedze
1313 2963 1688 3032 Venerabilis,
1713 2966 1859 3019 tom.
1893 2964 1937 3031 Ῑ,
1970 2963 2078 3018 col.
2104 2964 2227 3031 823,
2256 2963 2597 3036 Patrologiee
2623 2967 2767 3022 tom.
2797 2965 2928 3032 XC.)

1047 3170 1458 3276 BEDE
1561 3168 2442 3270 PRESBYTER!

550 3367 744 3474 DE
814 3365 1262 3474 CYCLO
1332 3362 2038 3471 PASCHALI
2106 3362 2893 3473 PBZEFATIO.

173 3571 331 3645 Cyclas
353 3577 506 3634 idem
542 3578 827 3652 paschalis
861 3580 989 3635 octo
1012 3581 1099 3634 est
1131 3577 1301 3633 lineis
1339 3575 1663 3632 communi-
1687 3575 1736 3634 B
1764 3588 1944 3644 usque
1965 3571 2024 3627 in
2055 3589 2128 3628 vu
2156 3573 2398 3629 Kalend.
2434 3574 2627 3643 Maias,
2658 3576 2732 3632 ob
2773 3577 3066 3637 rationem
3121 3583 3366 3640 emboli-

125 3661 199 3715 tus.
223 3665 424 3722 Primus
453 3669 603 3724 ordo
635 3669 894 3723 continet
923 3685 1106 3724 annos
1147 3668 1218 3723 ab
1268 3664 1666 3722 incarnatione
1767 3678 2028 3717 smorum
2058 3662 2298 3718 licenter
2324 3664 2560 3718 extenti.
2606 3664 2838 3735 Ultimo,
2894 3669 3033 3726 luna
3088 3671 3220 3728 festi
3274 3690 3386 3746 pa-

126 3746 314 3820 Domini,
341 3757 524 3827 unius,
560 3758 806 3830 singulis
835 3759 1022 3827 annis,
1049 3759 1364 3830 augmento
1395 3770 1656 3811 crescen-
1768 3751 1996 3819 schalis,
2045 3768 2079 3806 a
2115 3755 2177 3806 15
2209 3769 2386 3824 usque
2418 3756 2508 3820 21,
2542 3758 2782 3827 prapter
2808 3757 2965 3812 diem
2997 3760 3385 3831 Dominicum,

126 3839 862 3904 1%.Secundusindictiones
890 3850 1311 3914 Romanorum,
1354 3861 1481 3918 quae
1513 3843 1575 3898 in
1607 3860 1666 3898 se
1770 3839 2022 3894 variata.
2050 3839 2269 3894 Adimit
2308 3841 2466 3895 enim
2508 3842 2686 3897 saltus
2732 3847 2988 3914 noctem,
3045 3848 3204 3903 addit
3253 3865 3388 3908 vero

125 3939 294 4001 semper
321 3937 380 3990 15
411 3953 710 3992 annorum
762 3953 930 3992 cursu
981 3938 1373 3992 revolvuntur.
1418 3932 1662 3999 Tertius,
1769 3931 2024 3996 aetatem,
2060 3946 2186 4001 qua:
2215 3946 2320 4002 per
2357 3947 2594 3985 omnem
2622 3933 2846 4003 cyclum
2870 3935 3136 3992 adolevit.
3180 3938 3293 3994 Sed
3323 3941 3383 3995 in

126 4022 370 4084 epactas“
404 4025 665 4095 lunares,
710 4042 836 4099 quae
891 4042 997 4098 per
1025 4025 1280 4097 singulos
1311 4040 1494 4079 annos
1526 4022 1671 4077 sola-
1770 4017 1881 4072 hoc
1915 4034 2027 4072 nox
2058 4018 2352 4087 adimitur,
2402 4019 2557 4091 quod
2610 4023 2748 4075 ante
2808 4022 2946 4077 luna
2995 4024 3187 4081 deﬁcit
3208 4044 3388 4100 quam

126 4109 258 4163 resad
282 4126 500 4168 cursum
542 4115 701 4169 lunae
739 4117 1120 4181 succrescunt,
1149 4117 1207 4169 et
1235 4113 1308 4168 ad
1336 4114 1533 4167 lunam
1565 4111 1668 4165 Ka—
1769 4110 2023 4180 putatur.
2087 4109 2434 4165 Naturaliter
2491 4125 2626 4164 vero
2694 4127 2806 4165 nox
2857 4112 2981 4184 ipsa
3036 4122 3382 4188 perseverat,

125 4188 362 4255 laudatum
385 4203 768 4274 quaerendam
789 4220 1019 4276 semper
1049 4203 1420 4274 adjiciuntur,
1465 4200 1668 4272 positae
1771 4213 1899 4270 quas
1965 4214 2081 4253 nox
2132 4197 2366 4252 initium
2415 4200 2502 4253 est
2552 4199 2728 4255 futuri
2761 4201 2922 4270 anni,
2983 4206 3040 4257 et
3077 4205 3214 4276 cycli
3244 4207 3387 4263 inci-

127 4293 163 4333 ιι
184 4283 386 4346 Kalend.
413 4291 651 4366 Aprilis.
713 4291 980 4360 Quartus,
1029 4293 1441 4347 concurrentes
1500 4287 1671 4362 septi-
1770 4286 1980 4358 pientis
2027 4287 2352 4355 exordium,
2429 4292 2669 4360 propter
2721 4291 2876 4361 quod
2934 4291 3090 4348 idem
3156 4295 3392 4377 ultimus

128 4381 266 4430 mane
291 4377 420 4452 dies,
456 4396 592 4454 qum
623 4381 824 4451 positae
853 4399 908 4436 IX
938 4381 1180 4437 Kalend.
1208 4379 1415 4452 Aprilis
1432 4381 1672 4450 propter
1775 4391 1960 4430 annus
2008 4379 2234 4448 epactas
2305 4379 2371 4434 18
2438 4380 2575 4432 tunc
2639 4378 2919 4448 retinens,
2977 4381 3168 4452 primo
3235 4401 3392 4443 anno

127 4454 424 4530 dispendium
447 4468 708 4535 bissexti,
741 4469 1060 4525 necessario
1091 4472 1180 4537 28,
1228 4467 1675 4540 annisimplen-
1778 4481 1897 4519 non
1959 4467 2046 4532 11,
2121 4468 2186 4519 ut
2240 4465 2297 4520 in
2363 4466 2588 4520 cazteris
2648 4467 2816 4522 annis
2877 4469 3004 4524 ﬂeri
3057 4474 3223 4543 solet,
3292 4477 3394 4532 sed

127 4546 210 4630 iur.
233 4550 468 4616 Quarum
507 4557 660 4612 ratio
713 4557 867 4630 cogit
913 4559 1099 4630 cyclos
1137 4557 1553 4612 decennovales
1605 4559 1672 4612 28
1785 4558 1852 4610 l2
1894 4554 2013 4608 dies
2077 4557 2512 4623 accommodat;
2583 4559 2642 4611 et
2698 4557 2832 4630 quia
2884 4562 2972 4628 30,
3015 4560 3238 4618 dierum
3275 4566 3394 4622 line

129 4629 334 4725 (lescribi,
371 4648 434 4699 ut
476 4645 692 4718 singuli
720 4629 1131 4702 concurrentes
1181 4646 1437 4717 singulos
1494 4645 1686 4716 cyclos
1785 4643 2172 4712 revolvuntur,
2198 4644 2356 4699 nulla
2384 4649 2439 4713 0,
2467 4647 2670 4716 epacta
2701 4629 2761 4701 in
2789 4646 3074 4721 principio
3114 4652 3254 4723 cycli
3286 4671 3391 4725 po-

133 4723 625 4808 inchoent,totaque
656 4752 885 4791 summa
936 4735 1221 4808 paschalis
1278 4735 1493 4791 calculi
1552 4739 1683 4810 532,
1787 4731 1964 4786 nitur.

133 4816 254 4872 annis
277 4822 596 4893 explicetur.
624 4824 886 4893 Quintus,
938 4825 1159 4897 cyclum
1187 4825 1466 4879 lunarem
1505 4840 1680 4896 quem

129 4901 264 4961 tribus
287 4910 443 4965 annis
472 4911 996 4968 decennovennalis
1019 4912 1293 4984 praecedit
1362 4915 1432 4967 19
1479 4911 1676 4979 annis,

121 3081 1570 3118 Μ

1571 3083 3395 3127 mm

2280 4891 2495 4932 CARMEN
2516 4893 2582 4932 DE
2608 4893 2784 4934 EADEM
2805 4895 2891 4934 RE.

131 4989 260 5084 etiam
281 4995 390 5068 ipse
409 5001 880 5072 comprehensus.
915 4999 1136 5068 Sextus,
1184 5003 1248 5056 14
1281 5001 1506 5069 lunam,
1564 5015 1682 5072 qua
1851 4997 2030 5053 Linea
2059 4997 2278 5054 Christe
2300 5001 2432 5056 tuos
2448 5000 2891 5076 primaest,quae
2907 5003 3393 5084 continetannos,

128 5081 291 5139 Veteres
322 5088 532 5157 pascha
550 5089 859 5158 faciebant,
873 5107 1001 5164 quae
1032 5107 1066 5145 a
1084 5106 1160 5144 xu
1187 5088 1437 5145 Kalend.
1463 5087 1677 5161 Aprilis
1848 5088 2035 5160 Atque
2065 5088 2320 5144 secunda
2349 5091 2510 5144 tenet
2533 5091 2673 5163 cycli
2705 5108 2832 5163 qua:
2876 5091 3116 5152 indictio
3144 5081 3388 5157 constat.

132 5179 263 5239 usque
280 5172 332 5228 in
351 5192 437 5230 xiv
462 5178 750 5234 Kalendas
777 5179 947 5235 Maias
973 5178 1126 5234 vario
1160 5177 1423 5234 discursu
1456 5193 1676 5249 vagan-
1848 5175 2110 5232 Servabit
2142 5193 2420 5233 numeros
2449 5179 2664 5250 epactis
2685 5180 2854 5236 tertia
2875 5186 3083 5241 certos.

133 5253 208 5342 ξων
231 5261 436 5336 tempus
457 5265 804 5324 incensionis
832 5284 868 5323 a
890 5284 963 5322 vn
991 5267 1119 5322 ldus
1148 5266 1365 5335 Martii,
1406 5283 1585 5339 usque
1613 5265 1675 5321 in
1848 5266 2064 5330 Quarta
2092 5264 2212 5320 dies
2235 5271 2508 5322 numerat
2536 5271 2758 5342 septem
2789 5269 3090 5328 bissextilis
3111 5275 3273 5332 anni.

135 5338 253 5430 59m
267 5353 460 5421 Aprilis
487 5355 807 5428 accipiunt;
861 5359 907 5412 A
944 5359 1009 5413 14
1049 5358 1245 5412 autem
1306 5357 1446 5411 luna
1493 5338 1676 5427 usque
1848 5353 2060 5418 Quinta
2088 5353 2194 5409 tibi
2223 5357 2409 5428 cyclos
2438 5338 2657 5412 lunaris
2687 5363 3027 5430 computant
3051 5363 3212 5422 anni.

133 5428 251 5490 ³1114
267 5453 392 5498 ann.
425 5446 733 5516 sequentis,
775 5445 895 5501 dies
933 5449 1066 5501 sunt
1104 5447 1227 5513 354,
1269 5444 1316 5500 si
1347 5442 1676 5500 communis
1844 5444 1967 5498 Jam
1993 5447 2225 5514 quartas
2255 5444 2507 5500 decimas
2528 5445 2792 5518 designat
2819 5428 3091 5522 sextaque
3129 5453 3315 5510 lunas.

134 5530 396 5614 “ausast;
418 5533 465 5587 si
494 5535 884 5604 embolismus,
909 5539 1032 5593 384.
1063 5535 1350 5609 Septimo,
1408 5533 1529 5588 dies
1558 5535 1672 5589 Do-
1847 5531 2109 5602 Septima
2122 5534 3105 5610 namPaschaaostendittempusque
3120 5539 3389 5614 diemque

137 5607 288 5671 uinici
306 5618 529 5680 Pascha
560 5624 942 5702 reperiuntur,
973 5626 1046 5682 ab
1084 5607 1156 5682 xi
1177 5623 1419 5682 Kalend.
1463 5622 1674 5696 Aprilis
1850 5620 2100 5678 ditatem
2127 5623 2277 5680 luna:
2300 5626 2588 5678 monstrat
2611 5607 2950 5680 novissimus
2970 5607 3134 5684 ordo.
