3862 6172
533 362 636 420 579
1741 350 2082 424 APPENDIX
2133 367 2228 423 AD
2283 366 2338 423 s.
2373 363 2716 428 ABBONENI.
3667 385 3749 446 δερ

2262 491 3746 531 Ἥψῇ--ἊῊ-,

1481 643 1887 748 BEDE
2009 648 2896 752 PRESBYTER!

1860 897 2529 1025 CIBCULI

877 1167 948 1207 AD
1003 1165 1495 1206 DEPREBENDENDAS
1553 1165 1819 1212 CUJUSQUE
1863 1167 1992 1205 ΔΝΜ
2020 1167 2191 1205 LUNAS
2236 1167 2554 1278 ‘EBSCHALES
2597 1169 2664 1206 AB
2715 1168 2859 1208 ANNO
2897 1157 2918 1208 1
2976 1169 3146 1217 Usoua
3193 1171 3247 1210 1N
3300 1169 3472 1210 ANNUII

1985 1238 2194 1277 CHRISTI

1985 1238 2194 1277 CHRISTI
2236 1229 2390 1279 1595.

527 480 2865 522 Mm

990 1401 1164 1469 (Vide
1202 1403 1340 1456 inter
1372 1401 1546 1474 Opera
1578 1399 1742 1458 Beda?
1775 1401 2125 1472 Venerabilis,
2174 1410 2298 1458 tom.
2328 1403 2379 1476 Ι,
2411 1405 2516 1464 col.
2555 1405 2684 1474 859,
2715 1406 3040 1477 Patrologz'w
3069 1411 3195 1463 tam.
3223 1404 3377 1476 X0.)

1047 1712 2046 1818 FRAGMENTUM
2117 1714 2300 1816 DE
2401 1712 2502 1817 S.
2571 1715 3311 1819 'MARTIALI.

1595 1921 1838 1996 (Maln'll.
1887 1924 2008 1978 Act.
2052 1923 2257 1980 Bened.
2305 1925 2442 1992 VIII,
2477 1928 2564 1993 31,
2610 1943 2670 1981 n.
2697 1927 2776 1997 3.)

1965 2198 2410 2258 MONITUM.

1299 2336 1564 2413 (Histoire
1600 2336 1853 2413 liltérm're
1878 2337 1941 2392 de
1984 2339 2033 2413 [ᾳ
2077 2338 2306 2413 France,
2358 2343 2563 2413 tome._
2592 2340 2705 2406 VII,
2740 2357 2870 2413 pag.
2918 2343 3058 2410 I8I.)

587 2409 852 2483 L’auteur
882 2409 1016 2483 dfun
1048 2425 1281 2483 sermon
1315 2410 1523 2483 preché
1552 2413 1585 2462 a
1615 2411 1670 2464 Ia
1702 2410 1968 2483 dédicace
1998 2410 2068 2463 de
2117 2411 2331 2483 I’église
2368 2413 2436 2464 de
2477 2408 2867 2483 Saint-Pierre
2898 2413 2969 2474 de
3024 2408 3314 2483 Limoges,
3347 2411 3508 2483 qu’on
3537 2408 3765 2483 crnitétre

513 2481 764 2554 Ademar
777 2481 848 2535 de
875 2479 1220 2554 Chabanais,
1242 2497 1282 2554 δέ
1309 2480 1479 2554 eopie
1505 2497 1581 2554 un
1609 2497 1762 2534 assez
1785 2481 1924 2554 long
1938 2496 2173 2554 passage
2197 2479 2508 2554 d'unautre
2527 2482 2961 2554 écritd'Abbon.
2995 2483 3070 2538 Ce
3096 2479 3335 2554 passage
3356 2479 3509 2554 roule
3527 2479 3769 2554 surlepré-

511 2551 1010 2625 tenduapostolat
1041 2551 1111 2604 de
1141 2548 1294 2625 saint
1323 2548 1565 2625 Martial,
1593 2555 1742 2625 etne
1769 2568 1826 2604 se
1855 2548 2292 2625 litdansaucun
2319 2553 2416 2606 des
2448 2569 2726 2623 ouvrages
2753 2553 3011 2608 d’Abbon
3042 2548 3141 2625 qui
3169 2548 3388 2625 οι]ῐὲιρ
3407 2552 3680 2625 imprimes.
3702 2548 3767 2625 On

512 2639 587 2677 ne
621 2622 738 2676 voit
760 2618 930 2695 point
953 2637 1068 2695 non
1102 2621 1394 2695 plusqu'il
1416 2621 1495 2695 ait
1521 2624 1848 2695 pu_trouver
1873 2622 2033 2695 place
2062 2623 2202 2675 dans
2224 2623 2303 2676 les
2327 2628 2516 2695 autres
2546 2618 2654 2695 qui
2675 2627 2804 2678 sont
2832 2618 3438 2679 encore-manuscrits.
3471 2618 3647 2676 L’écrit
3667 2624 3722 2674 οὺ
3741 2618 3769 2670 il

513 2692 1004 2773 seutrouvaitsera
1035 2693 1184 2773 done
1217 2692 1292 2746 du
1317 2693 1564 2773 nombre
1589 2693 1664 2773 .de‘
1699 2694 1964 2773 ceuxoq‘ui
1998 2709 2055 2746 se
2087 2696 2220 2747 sont
2235 2694 2472 2773 perdus.
2503 2692 2599 2773 Ali
2618 2697 2791 2773 reste,
2820 2711 2883 2748 ee
2903 2695 3205 2773 qu’abbon
3237 2695 3321 2749 dit
3339 2696 3548 2773 dan_s_ce
3567 2705 3771 2773 passage.

575 2763 760 2889 I’qvait
786 2763 907 2836 pris
950 2764 1049 2818 des
1074 2763 1200 2818 faux
1234 2772 1387 2818 actos
1419 2763 1488 2818 de
1519 2763 1674 2818 saint
1700 2761 1937 2832 Martial,
1970 2780 2198 2818 eomme
2229 2761 2268 2817 il
2301 2768 2386 2818 est
2424 2764 2538 2818 aisé
2568 2765 2638 2819 de
2678 2765 2795 2820 s’en
2827 2761 3171 2821 convaincre
3213 2781 3285 2819 en
3327 2761 3608 2820 conferant
3628 2761 3719 2816 l’un
3748 2762 3771 2808 ὲ

549 2852 618 2890 au
647 2853 729 2890 re.

533 2835 729 2890 ’autre.

579 3069 650 3126 St
672 3085 860 3124 mmus
880 3071 1045 3141 pater
1064 3067 1168 3124 iste
1194 3067 1462 3125 Martialis
1489 3068 1549 3124 in
1579 3085 1743 3124 caena
1772 3066 2012 3123 omnino
2034 3071 2120 3122 sat
2141 3072 2194 3131 Α
2220 3067 2321 3122 sed
2350 3083 2482 3122 cum
2513 3067 2733 3123 eisdem
2767 3068 2952 3124 sancti
2982 3067 3233 3139 Spiritus
3271 3072 3408 3123 tunc
3438 3060 3658 3134 suscepit
3682 3059 3774 3114 cha-

505 3157 755 3231 mystica
779 3159 1000 3213 Christo
1031 3158 1268 3214 conviva
1293 3158 1422 3225 fuit,
1445 3158 1684 3214 caelestis
1698 3157 1865 3228 panis
1885 3173 2118 3211 sumens
2218 3157 2458 3212 rismata
2488 3160 2545 3211 et
2574 3157 2804 3228 linguas
2841 3157 3155 3212 multiﬁdas
3219 3176 3236 3212 :
3288 3157 3489 3230 quibus
3539 3150 3773 3212 subnixus,

509 3247 815 3320 reliquias;
836 3263 1081 3319 cumque
1097 3247 1509 3316 discipulorum
1531 3246 1773 3317 collegia
1790 3249 1986 3317 postea
2001 3263 2118 3299 sur—
2217 3246 2460 3301 tandem
2489 3248 2656 3300 Petro
2682 3246 2894 3301 comite
2926 3247 3191 3317 pervenit
3211 3245 3589 3309 Antiochiam,
3619 3256 3672 3295 ac
3705 3237 3774 3290 de-

509 3353 654 3408 gens
682 3337 864 3404 tersit,
897 3337 1061 3390 laetus
1090 3335 1208 3407 ipse
1239 3335 1488 3406 praebuit
1513 3334 1875 3391 linteamina.
1922 3335 2115 3406 Neque
2216 3334 2352 3389 hinc
2386 3335 2590 3390 urbem
2610 3337 2834 3390 Romae.
2873 3334 2996 3399 Qua
3027 3335 3328 3403 derelicta,
3361 3328 3694 3406 pertransivit
3725 3323 3776 3378 ad

508 3440 770 3494 unquam
799 3422 1014 3492 refugit
1041 3439 1204 3478 sacra
1232 3423 1632 3490 contubernia,
1663 3423 1878 3494 absque
1897 3423 2119 3478 Thoma
2221 3423 2486 3491 Galliam,
2519 3424 2680 3496 cujus
2709 3425 2864 3478 clara
2893 3427 2949 3478 et
2975 3423 3187 3478 nobilis
3212 3427 3300 3478 est
3337 3420 3616 3496 provincia
3639 3413 3772 3486 Aqui-

512 3511 748 3583 piorum
796 3527 865 3565 ex
909 3510 1115 3565 timida
1173 3518 1399 3566 caterva
1444 3529 1610 3566 unus.
1643 3511 1792 3575 Quin
1824 3511 1942 3565 imo
1987 3527 2117 3566 cum
2223 3512 2385 3566 tania
2414 3529 2547 3584 pars
2576 3528 2815 3583 magna,
2844 3512 2939 3566 ubi
2970 3502 3775 3583 perveniens,totiusprovinciis

509 3597 770 3653 Christus
799 3603 1028 3671 peteret
1065 3601 1335 3666 caelestia,
1384 3599 1647 3654 benedici
1698 3599 1912 3654 meruit
1967 3599 2120 3655 inter
2224 3599 2289 3654 ﬁt
2317 3602 2612 3672 apostolus
2642 3617 2746 3672 per
2780 3603 2985 3655 cuncta
3002 3602 3234 3659 saecula.

511 3687 826 3743 astantium
851 3687 1109 3760 agmina.
1147 3689 1255 3744 Nec
1273 3689 1478 3744 choros
1494 3687 1857 3743 laudantium
1882 3689 2115 3760 sprevit,

2752 3845 3777 3888 =_—____—__—_——_———_____—=

509 3858 2748 3890 Μ

648 3998 1508 4123 APPENDIX
1631 3999 1856 4123 AD
1952 4000 2744 4127 SANCTUM
2825 3996 3671 4128 ABBONEM.

1193 4255 1745 4364 CATALOGUS
1809 4256 2278 4364 ABBATUM
2343 4257 3145 4367 FLORIAGENSIUM.

1650 4467 1879 4538 (BALUZ.
1911 4466 2136 4525 Misce”.
2169 4469 2306 4526 edit.
2339 4469 2471 4526 Luc.
2505 4470 2549 4539 Ι,
2585 4469 2695 4543 19.)

501 4769 839 4855 Incipiunt
866 4777 1138 4840 nomina
1167 4775 1479 4839 abbatum
1506 4778 1758 4838 Sanctae
1786 4778 2017 4838 Mariae
2042 4779 2106 4837 et
2135 4775 2364 4838 Sancti
2403 4775 2582 4838 Petri
2631 4778 2696 4838 et
2734 4778 2957 4839 domni
3001 4779 3344 4843 Benedicti
3394 4766 3781 4842 Floriacensis

1333 4858 1721 4919 monasterii
1752 4860 2100 4936 postquam
2135 4858 2424 4935 primum
2472 4858 2865 4919 aediﬁcatum
2897 4857 3041 4921 fuit.

575 5035 804 5091 Primus
825 5036 1003 5092 abbas
1019 5035 1366 5108 Rigomarus
1385 5035 1590 5092 habuit
1609 5053 1793 5092 annos
1812 5052 1864 5092 v.
1901 5035 2114 5092 Secun-
2136 5040 2187 5098 B
2288 5035 2531 5100 Quintus
2565 5035 2740 5092 abbas
2769 5037 3150 5094 Auderannus
3181 5037 3389 5094 habuit
3409 5033 3688 5092 dimidium
3708 5040 3784 5081 an.

503 5121 612 5179 dus
628 5123 804 5180 abbas
830 5125 1110 5180 Mumolus
1149 5141 1333 5179 annos
1359 5142 1485 5180 xxx.
1540 5127 1608 5179 Et
1647 5125 1793 5179 infra
1848 5124 1983 5179 istos
2010 5141 2118 5178 xxx
2215 5143 2379 5180 num.

499 5228 683 5268 annos
707 5230 912 5286 corpus
927 5211 1110 5269 Patris
1134 5213 1426 5269 Benedicti
1456 5214 1694 5269 allatum
1723 5218 1808 5269 est
1825 5213 1894 5268 de
1916 5215 2115 5268 monte
2288 5215 2490 5282 Sextus
2522 5215 2841 5270 Flatbertus
2865 5215 3064 5270 habuit
3087 5233 3272 5272 annos
3302 5234 3387 5273 in.

501 5301 734 5358 Cassino
753 5305 825 5359 ab
845 5303 1072 5374 Aigult‘o
1088 5302 1373 5358 monacho
1399 5319 1554 5357 anno
1579 5305 1680 5356 660
1702 5300 2116 5355 incarnationis
2288 5303 2580 5373 Septimus
2610 5304 2784 5358 abbas
2814 5305 3153 5360 Adalbertus
3209 5306 3414 5361 habuit
3449 5317 3627 5360 annos
3667 5310 3783 5352 xm.

499 5391 753 5460 Domini,
779 5392 934 5464 regis
966 5392 1241 5447 Clodovei
1265 5392 1628 5465 temporibus
1659 5390 1758 5444 ﬁlii
1779 5389 2112 5461 Dagoberti.
2288 5391 2530 5446 Octavus
2552 5393 2727 5447 abbas
2759 5393 2912 5448 Geilo
2935 5411 3121 5450 annos
3160 5411 3270 5449 xix.

566 5480 788 5536 Tertius
817 5482 995 5537 abbas
1023 5480 1356 5537 Leobardus
1383 5480 1585 5536 habuit
1615 5496 1798 5534 annos
1821 5496 1877 5536 x.
2287 5480 2480 5535 Nonus
2511 5482 2688 5536 abbas
2721 5481 2880 5537 Medo
2911 5475 3116 5538 habuit
3146 5500 3332 5538 annos
3361 5501 3473 5538 xxi.
3521 5511 3526 5514 -

572 5569 820 5636 Quartus
846 5571 1024 5627 abbas
1076 5570 1175 5627 ldo
1229 5569 1430 5627 habuit
1477 5585 1700 5625 annum
1771 5583 1788 5624 ι
1839 5570 1898 5624 et
1945 5567 2114 5625 dimi-
2288 5569 2550 5626 Decimus
2576 5571 2755 5627 abbas
2785 5572 3038 5628 Roduqu
3068 5573 3270 5628 habuit
3300 5589 3485 5629 annos
3510 5586 3615 5626 xix.

498 5657 690 5718 dium.
2288 5659 2633 5717 Undecimus
2661 5661 2836 5718 abbas
2863 5662 2961 5718 ldo
2981 5679 3167 5719 annos
3191 5679 3266 5719 ιι.
