3862 6172
175 363 238 423 53]
1265 346 1580 408 ANNALES
1630 342 2144 403 FLORIACENSES
2159 391 2174 408 .
3269 347 3376 410 382

215 494 520 557 Duodecimus
550 489 728 548 abbas
761 488 1039 562 Magulfus
1069 505 1254 548 annos
1276 505 1386 544 xvi.

216 587 381 645 Tertius
405 581 641 636 decimus
671 579 847 635 abbas
892 578 1168 636 Fulradus
1195 595 1414 633 annum
1444 595 1460 633 ι
1495 579 1553 630 et
1584 575 1667 630 di-

169 678 358 734 midium.

217 766 402 829 Quartus
427 758 670 815 decimus
698 758 875 812 abbas
903 757 1310 828 Theodulphus
1365 771 1550 810 annos
1573 771 1665 808 χιι

163 860 201 910 et
220 851 478 915 dimidium,
507 847 659 919 quia
687 845 1096 917 gloriosissimo
1157 845 1506 917 imperatore
1567 844 1668 897 Ca-

160 943 244 997 rolo
263 957 314 994 ex
337 935 575 1008 Hesperia
603 938 840 1004 propter
878 933 1222 987 eruditionis
1237 933 1536 986 scientiam
1552 947 1665 1003 qua

157 1028 354 1102 pollebat.
377 1027 426 1080 in
455 1021 654 1078 Gallias
674 1022 973 1088 adductus,
1006 1019 1463 1075 Floriacensibus
1489 1019 1665 1074 abbas

158 1121 196 1171 et
213 1113 649 1172 Aurelianensibus
680 1113 845 1167 datus
867 1115 954 1166 est
984 1109 1266 1182 pontifex.
1321 1109 1420 1163 Hic
1468 1109 1664 1180 itaque

153 1220 258 1270 cum,
280 1206 330 1256 ut
351 1201 597 1268 diximus,
629 1200 957 1256 eruditione
1002 1198 1322 1271 pracipuus
1372 1197 1661 1252 doctrina-

154 1309 228 1364 que
263 1291 532 1346 haberetur
584 1290 911 1362 praaclarus,
967 1286 1432 1358 explanationem
1484 1285 1664 1341 edidit

151 1380 338 1450 Symboli
361 1379 526 1434 sancti
555 1378 876 1441 Athanasii,
907 1375 1064 1448 quod
1112 1393 1147 1429 a
1198 1374 1500 1429 monachis
1531 1377 1660 1445 post

148 1471 228 1522 tres
242 1469 486 1539 regulares
517 1469 770 1539 psalmos
799 1467 871 1521 ad
901 1465 1153 1537 primam
1205 1465 1459 1536 quotidie
1501 1465 1658 1518 cani-

147 1560 220 1610 tur.
242 1556 637 1610 Sacramentum
670 1571 898 1626 quoque
932 1555 1118 1608 missae
1163 1571 1262 1608 seu
1302 1569 1503 1608 eorum
1531 1570 1658 1624 qua:

147 1643 186 1696 in
205 1659 255 1698 ea
276 1649 546 1714 geruntur,
589 1644 725 1716 quid
751 1643 1007 1714 mysterii
1056 1641 1414 1708 contineant,
1447 1643 1661 1714 aliqua-

146 1747 218 1801 que
252 1733 559 1804 quamplura
607 1732 894 1787 succincto
945 1731 1219 1787 narrandi
1252 1748 1467 1803 genere
1499 1733 1656 1786 lucu-

1691 471 1745 529 Α
1873 485 2010 540 Haec
2042 488 2097 540 in
2125 485 2320 541 honore
2348 488 2454 542 Dei
2477 486 2808 558 Theodul/‘us
2838 483 3030 560 templa
3060 492 3269 546 sacravi

1914 574 2047 641 Quae
2083 575 2209 629 dum
2241 578 2478 648 quisquis
2504 577 2648 645 ades,
2678 595 2790 644 oro,
2818 584 3078 634 memento
3106 583 3228 636 mei.

1842 663 1950 734 (57)
1980 663 2301 720 ίΕῐηυΙειῑιιε
2335 665 2528 736 itaque
2570 665 2628 721 in
2652 667 2761 722 hoc
2787 668 2937 724 facto
2974 669 3243 740 Magnum
3273 669 3374 726 Ca-

1767 752 1982 813 rolum,
2015 753 2112 823 qui
2143 770 2214 808 ea
2242 758 2586 826 tempestate
2605 756 2951 827 Aquisgrani
2984 756 3195 827 palatio
3224 759 3371 814 tanti

1768 838 1991 894 decoris
2015 841 2393 896 aedificaverat
2423 843 2744 911 ecclesiam,
2777 848 2838 898 ut
2882 845 2939 899 in
2985 845 3146 900 omni
3191 847 3370 902 Gallia

1767 928 1986 982 nullam
2009 929 2222 984 habeat
2249 930 2524 989 similem.
2556 933 2766 986 Verum
2807 937 3166 989 memoratus
3213 935 3370 1006 prin—

1765 1030 1898 1085 ceps
1925 1014 2065 1070 illud
2102 1017 2258 1088 quod
2285 1017 2499 1073 fecerat
2529 1021 2838 1091 templum,
2865 1025 3075 1076 sancta:
3123 1022 3225 1078 Dei
3265 1040 3366 1095 ge-

1767 1103 1988 1158 nitricis
2016 1105 2204 1160 Maria:
2233 1105 2484 1161 dedicari
2532 1108 2637 1162 sub
2680 1109 2902 1164 honore
2958 1111 3252 1182 praecepit.
3297 1114 3370 1166 At

1764 1207 1901 1247 vero
1935 1194 2288 1248 Theodulfus
2317 1197 2511 1250 aulam
2538 1212 2571 1249 a
2599 1213 2657 1250 se
2687 1201 3078 1254 constructam
3101 1200 3365 1256 omnium

1763 1281 2052 1336 conditori
2079 1299 2144 1338 ac
2173 1283 2440 1338 salvatori
2472 1300 2666 1338 rerum
2689 1286 2806 1339 Deo
2836 1303 3195 1356 consecrans,
3229 1290 3365 1345 che-

1761 1368 1956 1424 rubim
1983 1370 2183 1441 gloriae
2230 1373 2642 1428 obumbrantia
2680 1373 3146 1446 propitiatorium
3195 1394 3366 1450 super

1761 1459 1942 1512 altare
1969 1459 2144 1531 ipsius
2176 1461 2642 1518 artiﬁciosissimo
2669 1463 3006 1535 magisterio
3034 1481 3362 1536 expressum

1757 1544 1848 1599 his
1877 1546 2166 1601 decoravit
2189 1549 2460 1607 versibus.

1760 1634 2052 1690 Oracutum
2076 1646 2322 1693 sanctum
2354 1646 2402 1693 et
2426 1640 2695 1698 cherubim
2722 1641 2810 1698 hic
2856 1643 3027 1713 aspice
3075 1649 3312 1713 spectans
3343 1659 3360 1697 :

1825 1723 1902 1776 Et
1932 1728 2232 1781 testamenti
2261 1744 2323 1780 en
2355 1731 2519 1783 micat
2549 1748 2676 1785 arca
2697 1730 2822 1784 Dei.

144 1818 379 1874 lentissime
407 1820 657 1890 digessit.
695 1821 807 1876 Nec
828 1821 1018 1875 minus
1077 1820 1128 1874 ei
1181 1820 1433 1874 studium
1465 1820 1524 1874 in
1548 1823 1658 1875 ele-
1685 1852 1736 1910 B
1755 1809 2150 1910 Παξεενπεξηε,
2172 1816 2520 1889 precibusque
2560 1819 2774 1872 studens
2809 1818 3028 1890 pulsare
3071 1825 3359 1888 tonantem,

143 1907 528 1976 gantissimorum
586 1924 759 1980 opere
813 1907 1192 1964 aediﬁciorum
1238 1907 1362 1963 fuit.
1398 1909 1656 1981 Denique

141 1993 463 2050 Gormaniacus
491 1995 702 2050 dicitur
731 1996 882 2062 villa,
908 1996 1092 2051 tribus
1120 2013 1154 2052 a
1196 1999 1394 2052 nostro
1453 2014 1656 2052 mona-

144 2083 265 2136 sterio
288 2083 480 2138 distans
537 2085 811 2142 millibus.
864 2085 993 2139 Haec
1035 2085 1342 2140 abbatibus
1394 2085 1490 2156 qui
1521 2090 1657 2140 ante

138 2185 228 2225 eum
269 2171 473 2227 fuerant
497 2172 756 2227 maxima
809 2189 874 2226 ex
906 2175 1069 2244 parte
1117 2189 1150 2227 a
1201 2172 1464 2228 ﬁdelibus
1503 2173 1654 2240 viris,

138 2275 315 2329 quorum
332 2260 628 2316 haereditas
650 2261 1013 2332 erat,partim
1031 2261 1401 2332 data,partim
1424 2262 1657 2316 vendita

131 2351 201 2400 est.
217 2349 264 2401 lu
281 2349 557 2420 hacigitur
579 2349 736 2404 idem
766 2349 1114 2404 Theodulfus
1145 2349 1324 2404 abbas
1349 2353 1405 2403 et
1435 2349 1656 2420 episco-

132 2450 202 2504 pus
227 2436 489 2490 ecclesiam
541 2441 668 2491 tam
701 2436 934 2490 mirifici
987 2436 1178 2507 operis
1224 2437 1558 2504 construxit,
1594 2441 1656 2492 ut

128 2523 287 2578 nullum
315 2525 366 2578 in
409 2528 526 2580 tota
573 2525 837 2579 Neustria
881 2524 1128 2580 inveniri
1183 2529 1375 2596 posset
1426 2525 1654 2581 aedificii

128 2625 224 2679 opus
240 2613 372 2683 quod
399 2613 468 2679 ei,
509 2617 830 2685 antequam
865 2613 999 2686 igne
1031 2617 1407 2681 cremaretur,
1442 2616 1655 2670 valeret

121 2700 293 2769 aquari.
321 2702 507 2756 Totam
563 2719 818 2772 namque
873 2705 1104 2756 arcuato
1161 2719 1337 2774 opere
1381 2703 1653 2758 eamdem

122 2791 346 2843 exstruens
371 2791 681 2857 basilicam,
711 2791 792 2845 ita
820 2791 1058 2846 ﬂoribus
1080 2791 1306 2862 gypseis
1323 2794 1496 2864 atque
1523 2809 1651 2846 mu-

119 2872 197 2928 εἰνο
219 2877 320 2947 ejus
347 2879 660 2934 venustavit
687 2877 986 2945 interiora,
1052 2879 1449 2950 pavimentum
1510 2897 1652 2952 quo-

121 2975 197 3029 que
219 2980 516 3023 marmoreo
550 2967 814 3038 depinxit
863 2967 1237 3034 emblemate,
1273 2972 1336 3022 ut
1383 2970 1530 3023 oculi
1563 2971 1651 3025 in-

119 3049 336 3109 tuentium
367 3055 446 3109 vix
473 3058 646 3127 grata
694 3055 1044 3110 satiarentur
1096 3057 1305 3128 specie.
1357 3059 1536 3112 Porro
1592 3058 1649 3113 in

117 3139 333 3196 matherio
363 3145 533 3198 turris
554 3144 627 3198 de
659 3161 772 3216 qua
813 3145 979 3215 signa
1003 3144 1363 3214 pendebant,
1396 3147 1654 3216 hujusce.

116 3227 228 3284 modi
240 3229 459 3288 inseruit
487 3249 686 3288 versus
714 3237 992 3305 argenteo
1018 3235 1211 3289 colore
1244 3250 1538 3306 expressos
1563 3253 1575 3290 :

1671 3233 1718 3291 C

1830 1901 2232 1973 Theodulp/ium
2264 1907 2401 1962 votis
2417 1907 2642 1977 jungito
2668 1925 2836 1979 quaeso
2870 1911 2992 1964 tuis.

1827 1987 1941 2044 Sed
1970 1991 2106 2062 quia
2129 2009 2361 2066 semper
2385 1995 2746 2066 sapientibus
2769 1995 3076 2064 invidetur,
3110 1997 3364 2054 difﬁcile-

1759 2093 1869 2150 que
1908 2084 1994 2136 est
2031 2082 2088 2135 in
2121 2085 2412 2154 prosperis
2443 2085 2658 2140 invidia
2713 2101 2931 2152 carere,
2993 2087 3146 2158 apud
3184 2087 3364 2159 impe-

1756 2171 2011 2223 ratorem
2041 2171 2392 2228 Ludovicum
2419 2173 2490 2228 ab
2521 2174 2745 2229 aemulis
2769 2177 3064 2230 accusatus
3093 2176 3361 2246 conjura-

1755 2253 1930 2309 tionis
1955 2257 2224 2314 adversus
2263 2278 2398 2316 eum
2425 2262 2590 2318 facta:
2621 2263 2884 2318 conscius
2931 2263 3128 2330 fuisse,
3169 2263 3365 2318 Ande-

1755 2343 1910 2412 gavis
1941 2347 2246 2414 exsiliatus,
2295 2350 2568 2406 custodiae
2628 2351 2804 2407 etiam
2852 2351 3214 2424 mancipatus
3244 2355 3360 2420 est;

1754 2437 1852 2493 ubi
1907 2437 1966 2492 in
2003 2437 2094 2491 die
2127 2437 2480 2504 Palmarum,
2515 2441 2800 2508 praesente
2851 2439 2971 2509 ipso
3026 2455 3184 2510 rege,
3239 2439 3366 2494 illos

1754 2526 2173 2598 pulcherrimos
2200 2543 2411 2591 versus,
2441 2526 2686 2596 gloriam
2721 2527 2903 2582 laudis
2934 2527 3141 2582 Christi
3173 2543 3366 2598 perso-

1755 2618 1979 2681 nantes,
2005 2614 2101 2685 qui
2130 2614 2304 2669 hodie
2333 2631 2436 2686 per
2459 2615 2749 2670 universas
2773 2615 2980 2670 Gallias
2997 2616 3069 2670 ab
3105 2615 3366 2671 ecclesia-

1753 2704 1908 2758 sticis
1939 2703 2319 2757 decantantur
2351 2703 2504 2770 viris,
2533 2721 2564 2758 e
2594 2704 2738 2758 turri
2793 2704 2851 2758 in
2911 2721 3024 2776 qua
3086 2704 3365 2758 custodie-

1753 2791 1922 2846 batur
1953 2808 1987 2846 a
2016 2809 2074 2846 se
2103 2791 2452 2864 compositos
2510 2792 2740 2860 cecinit,
2785 2809 3029 2865 quorum
3057 2795 3142 2847 est
3198 2809 3362 2848 exor-

1754 2880 1936 2934 dium.

1754 2969 1964 3029 Gloria.
1997 2968 2132 3036 laus,
2167 2975 2215 3022 et
2237 2969 2410 3024 honor
2441 2969 2539 3024 tibi
2563 2972 2654 3028 sit.
2677 2968 2795 3025 Rex
2823 2969 3027 3027 Christe
3046 2970 3358 3043 redemptor,

1825 3057 1934 3113 Cui
1951 3057 2152 3130 puerile
2203 3057 2358 3112 decus
2378 3060 2645 3130 prompsit
2673 3061 2914 3114 hosanna
2944 3061 3122 3130 pium.

139 3400 3370 3432 Ἥ

791 3542 1451 3650 ANNALES
1520 3543 2620 3651 FLORIACENSES.

158 3872 356 3948 Ascripti
384 3880 515 3933 sunt
543 3875 727 3933 codici
754 3876 1042 3948 cyclorum
1071 3873 1664 3930 decennovennalium
1692 3871 1944 3946 Dionysii
1975 3891 2156 3948 annos
2187 3877 2451 3932 532-1063
2489 3873 2809 3947 complexo,
2839 3877 2897 3930 et
2918 3875 3042 3947 jam
3074 3865 3132 3948 it}
3159 3868 3368 3948 Biblio-

116 3939 230 3998 theca
251 3939 394 4020 regia
435 3949 749 4020 Parisiensi
768 3939 890 4020 sub
918 3965 977 4020 n.
1013 3951 1149 4003 5443
1181 3951 1488 4002 asservato.
1519 3939 2302 4020 Estimembranaceusini-4°,
2335 3939 2939 4020 saeculoux-exaratus,‘
2961 3939 3373 4020 etﬁdnotatio-

114 4025 182 4066 nes
200 4016 553 4090 post'annum
589 4023 690 4075 85%
722 4019 958 4074 diversis
983 4023 1411 4073 comtaneorum
1459 4019 1725 4072 manibus
1769 4019 2020 4089 adjectae
2063 4019 2309 4090 exhibet,
2353 4035 2494 4090 quas
2542 4018 2632 4090 hic
2685 4021 2814 4088 post
2841 4016 3150 4090 Chesnium
3177 4017 3239 4083 (t.
3273 4016 3369 4078 Ill.

113 4096 156 4165 p._
171 4089 672 4165 355-357)denuo"ex
695 4091 1096 4165 authographo
1113 4093 1568 4165 a_me_co_r_rectas
1593 4106 1655 4165 au

1771 4106 1898 4165 sque
1916 4089 2082 4165 sisto,
2097 4089 2318 4165 omissis
2339 4089 2692 4165 tamenifere
2715 4089 2985 4165 omnibus
3003 4099 3136 4165 qua:
3149 4102 3370 4165 annum

115 4157 234 4234 {dum
261 4164 624 4234 antecedunt,
649 4162 861 4234 quippe
879 4157 1010 4234 quiia
1038 4177 1106 4216 ex
1140 4160 1303 4216 Pauli
1333 4161 1568 4216 Diaconi
1600 4157 1846 4216 Historia
1870 4160 2145 4228 miscella,
2190 4160 2505 4214 Annalibus
2535 4158 2593 4215 S.
2638 4160 2931 4215 Columbae
2963 4157 3368 4215 et‘Annalibus

114 4221 152 4276 5-
179 4231 390 4289 Amandi
405 4235 524 4289 sint
554 4221 878 4304 desiimp'ta.

112 4391 223 4449 Asse
247 4415 649 4460 lﬁCARNATIONIS
674 4406 898 4460 Donum.

114 4481 201 4538 826.
233 4488 573 4550 Leodelodus
601 4492 974 4550 Floriacensis
1015 4490 1354 4548 monasterii
1381 4489 1655 4546 fundator

241 4579 384 4637 obiit.

112 4660 374 4726 8i9.Anno
402 4686 507 4728 vm
535 4671 733 4728 Karoli
782 4671 956 4742 regis,
1005 4686 1081 4724 x11
1141 4669 1266 4724 Kal.
1317 4667 1502 4724 Martii
1559 4684 1659 4722 ex-

237 4759 364 4814 stitit
402 4765 778 4818 terraemotus
837 4759 998 4832 quasi
1058 4757 1286 4813 decima
1339 4757 1486 4812 hora
1555 4773 1654 4811 no-

240 4848 350 4903 ctis.

113 4924 200 4986 353.
231 4935 578 5002 Adalbertus,
620 4939 790 4994 bona:
843 4935 1146 4993 memerita
1206 4933 1547 5001 monachus,
1603 4949 1657 4988 x1

242 5025 350 5081 Kal.
377 5029 508 5084 Jan.
545 5028 707 5084 obiit.

1679 4405 1734 4465 D

1935 4401 2332 4474 Rhodulphus,
2378 4399 2735 4457 consiliarius
2763 4399 3096 4473 primasque
3148 4399 3371 4472 palatii,

1933 4491 2236 4546 hominem
2284 4491 2400 4545 exit
2453 4491 2686 4545 Necnon
2735 4493 2793 4545 et
2844 4489 3160 4545 Rhodulfus
3187 4487 3372 4544 archi-

1938 4581 2237 4651 episcopus
2266 4579 2730 4651 Aquitaniorum.
2794 4579 2862 4633 Et
2915 4579 3028 4634 duo
3081 4577 3370 4650 principes

1934 4668 2284 4739 Aquitanici,
2327 4667 2638 4723 Landricus
2669 4669 2726 4721 et
2770 4666 2980 4734 Imino,
3013 4666 3164 4720 inter
3195 4681 3254 4719 se
3283 4664 3369 4719 di-

1937 4756 2238 4823 micantes,
2312 4759 2499 4811 semet
2551 4755 2915 4811 interimunt.
2977 4753 3372 4809 Rhothbertus

1939 4861 2169 4917 quoque
2199 4849 2371 4917 atque
2400 4842 2858 4899 Ramnulfusviri
2879 4841 3040 4897 mirae
3071 4841 3368 4913 potentiae,

1939 4935 2230 5006 armisque
2259 4933 2499 5001 strenui,
2535 4936 2592 4988 et
2637 4931 2788 4987 inter
2837 4931 3057 5004 primos
3085 4930 3192 5003 ipsi
3220 4931 3372 5003 prio-

1941 5040 2050 5092 res,
2079 5024 2618 5079 Northmannorum
2649 5021 2841 5093 gladio
2871 5023 3180 5078 necantur.

115 5102 200 5163 864.
233 5111 482 5172 Cometes
515 5116 784 5190 apparuit
813 5114 964 5171 circa
1002 5112 1291 5170 Kalendas
1332 5111 1506 5167 Maias
1557 5129 1661 5185 per
1762 5115 1887 5171 877.
1929 5115 2168 5168 Karolus
2203 5112 2483 5168 Ludovvici
2522 5111 2672 5165 ﬁlius
2699 5127 2734 5164 ιι
2761 5112 2906 5165 Non.
2943 5110 3173 5167 Octobr.
3207 5110 3371 5180 obiit,

245 5202 429 5274 viginti
463 5207 605 5262 dies.

116 5278 202 5340 866.
236 5288 521 5364 Regnante
549 5296 774 5361 Karolo,
810 5291 1080 5349 Ludovici
1127 5291 1266 5359 filio,
1317 5289 1432 5344 duo
1466 5288 1564 5344 filii
1593 5289 1660 5345 il-

1944 5206 2003 5257 et
2032 5201 2362 5256 Ludowicus
2393 5202 2542 5256 filius
2581 5201 2702 5256 eius
2723 5217 2776 5256 γι
2807 5199 2887 5255 ld.
2924 5198 3254 5255 Decembris
3276 5215 3370 5254 re-

1941 5308 2122 5362 gnum
2147 5290 2418 5362 suscepit.

247 5380 341 5435 lius
370 5385 719 5453 moriuntur,
745 5382 1070 5438 Hlotharius
1104 5381 1302 5447 abbas,
1336 5382 1395 5433 et
1421 5380 1662 5434 Karolus
1765 5383 1890 5438 878.
1929 5380 2221 5435 Iohannes
2249 5397 2401 5451 papa
2432 5377 2491 5432 in
2515 5377 2720 5433 Gallias
2751 5377 2922 5444 venit,
2971 5380 3028 5432 et
3053 5376 3205 5449 apud
3237 5375 3368 5431 civi-

247 5484 332 5526 rex
376 5473 841 5546 Aquitaniorum.
891 5470 1217 5526 Avunculus
1278 5485 1508 5541 quoque
1540 5469 1663 5540 ejus

1943 5472 2121 5525 tatem
2149 5470 2352 5525 Trecas
2381 5467 2477 5524 diu
2508 5470 2771 5524 moratus
2799 5470 2905 5522 est.
2949 5466 3166 5522 Eodem
3213 5481 3370 5523 anno

165 5591 395 5663 (57)V”ide
425 5597 708 5654 letaldum
735 5615 786 5657 c.
822 5599 872 5654 3.
906 5597 984 5653 De
1021 5593 1222 5652 mirae.
1257 5593 1315 5651 S.
1349 5593 1639 5650 Maximini
1671 5594 1886 5652 Miciac.
