3940 6166
507 345 616 411 333
1175 347 1517 405 APPENDIX
1554 346 1646 403 AD
1685 337 1742 402 s.
1783 343 2128 404 ABBONEM.
2161 379 2228 388 -
2259 347 2574 407 ANNALES
2609 346 3155 416 FLORIACENSES.
3730 372 3821 430 ssi

690 473 830 528 Idib.
861 469 1091 562 οςιιοξπ,
1145 469 1371 562 eclipsis
1423 469 1614 562 lunae“
1634 468 1743 522 fuit
1783 482 1914 562 cum
1967 469 2114 562 esset
2143 473 2198 531 Α
2401 471 2610 544 mi,qui
2635 490 2828 530 secum
2855 478 3213 536 Botbertum
3239 479 3427 539 ﬁlium
3449 503 3614 544 suum
3643 507 3822 562 regem

692 557 1146 633 quartadecima,
1183 560 1242 612 et
1262 556 1486 630 eclipsis
1510 557 1646 612 solis
1677 561 1872 612 secuta
1913 560 2000 612 est
2027 574 2121 614 eo-
2397 562 2720 618 Aurelianis
2753 564 2959 625 elevat.

692 650 824 704 dem
857 663 1057 703 mense
1091 663 1146 701 ιν
1177 647 1304 703 Kal.
1337 647 1614 700 Novemb.
1666 647 1805 701 luna
1848 645 2120 702 vicesima

692 673 824 704 uem
857 673 1057 703 ιιιυυδυ
1091 673 1142 701 ιν
1177 673 1304 703 ιιω.
1338 673 1614 700 ηυνυιιιυ.
1667 673 1805 701 iuua.
1853 673 2120 702 νιυυδιιιιᾱ
2628 680 2644 696 ι

691 741 907 804 octava,
940 739 1188 808 utroque
1219 734 1405 788 sidere
1453 734 1513 788 in
1535 734 1869 806 quindecim
1915 735 2116 790 diebus
2224 733 2328 788 998
2420 673 2514 837 ’ᾗ
2586 683 2678 851 ‘3
2829 701 2960 869 ξε
3015 700 3152 858 ﬁ
3188 750 3316 823 (58)

691 825 1014 869 deﬁciente-

688 825 1014 880 deﬁciente.

511 918 635 972 879.
678 913 1020 968 Hludovicus
1057 928 1157 966 rex
1191 927 1243 965 1v
1269 910 1352 968 Id.
1382 911 1588 983 Aprilis
1611 909 1772 966 obiit.
2225 897 2348 950 991·
2393 899 2555 971 Hugo
2581 902 2646 974 (?)

509 1007 634 1060 880.
678 1001 1019 1056 Hludovicus
1057 1004 1115 1054 et
1157 1000 1586 1054 Karlomannus
1615 999 1769 1069 apud
1801 999 2118 1053 Ambianas
2225 987 2347 1041 997-
2392 989 2555 1060 Hugo
2587 1008 2685 1047 rex
2714 994 2989 1051 moritur.
3031 995 3110 1052 Et
3145 997 3266 1053 alia
3323 1015 3534 1054 manu:
3566 1001 3718 1073 Hugo
3744 1019 3829 1058 rex

687 1106 935 1161 regnum
967 1087 1304 1158 suscipiunt,
1337 1089 1396 1141 et
1453 1086 1714 1140 dividunt
1744 1103 1944 1142 mense
1972 1087 2117 1141 Mar-
2400 1078 2562 1146 obiit,
2587 1084 2644 1135 et
2675 1081 2820 1137 ﬁlius
2843 1084 2967 1155 ejus
2993 1086 3316 1142 Rotbertus
3347 1105 3456 1159 pro
3497 1105 3564 1144 eo
3621 1096 3823 1160 regnat.

687 1180 789 1235 tio.
2227 1165 2382 1219 1003.
2427 1167 2494 1219 Et
2514 1169 2756 1237 qualitas
2772 1172 2980 1226 hiemis
3001 1174 3239 1245 longior
3273 1175 3472 1241 solito,
3505 1177 3824 1247 pluviarum-

512 1273 638 1327 882.
679 1267 1020 1323 Hludovicus
1044 1265 1422 1321 Karlomanni
1453 1265 1634 1320 frater
1663 1265 1823 1320 obiit.
2401 1271 2512 1325 que
2544 1257 2846 1314 inundatio
2881 1261 3091 1315 exstitit
3111 1264 3383 1333 gravior,
3418 1268 3591 1335 atque
3625 1264 3828 1319 diversis

512 1362 638 1416 905.
683 1358 800 1412 Hoc
831 1374 985 1412 anno
1007 1355 1304 1410 mediante
1352 1354 1518 1420 Maio,
1563 1371 1596 1406 ν
1635 1355 1798 1408 Feria
1853 1353 2122 1426 apparuit,
2400 1349 2458 1396 in
2490 1346 2822 1415 regionibus
2837 1349 3079 1405 ﬂumina
3102 1369 3244 1406 suos
3275 1354 3434 1406 ultra
3457 1353 3689 1408 modum
3709 1371 3829 1426 pra:-

695 1448 860 1502 stella
884 1446 1036 1500 circa
1064 1445 1253 1515 ipsum
1290 1442 1752 1514 septentrionem
1787 1460 1818 1497 ει
1837 1447 2000 1514 parte
2023 1444 2127 1497 cir-
2404 1431 2686 1488 terierunt
2709 1437 3006 1493 terminos.
3026 1441 3148 1494 Prae
3168 1441 3406 1494 caeteris
3439 1457 3570 1496 vero
3598 1442 3753 1512 Liger
3779 1442 3828 1495 in

694 1535 766 1590 cii
796 1535 1067 1589 emittens
1129 1533 1356 1588 radium
1417 1548 1698 1603 magnum
1739 1549 1932 1587 versus
1964 1548 2127 1586 euro-
2406 1521 2634 1576 tantum
2663 1540 2793 1579 suas
2825 1527 3100 1595 PPmleriit
3129 1531 3350 1595 meta-‘3,
3407 1532 3471 1583 ιη
3509 1533 3707 1583 cuneta
3735 1530 3827 1582 σίτ-

694 1628 952 1678 austrum
1011 1623 1173 1693 quasi
1247 1620 1644 1692 longissimam
1699 1621 1923 1674 hastam
1974 1620 2128 1674 inter
2403 1625 2532 1662 cum
2557 1611 2706 1667 circa
2729 1614 3176 1686 positapericulo
3198 1617 3822 1681 mortistremefaceret,

696 1711 950 1766 Leonem
979 1712 1037 1764 et
1063 1709 1337 1764 Geminos
1376 1712 1535 1762 trans
1558 1709 1877 1776 zodiacum,
1921 1711 1979 1762 et
2009 1707 2127 1761 visa
2151 1768 2194 1776 _
2402 1699 2547 1752 valla
2578 1705 2960 1770 penetrando,
2984 1721 3141 1760 casas
3172 1722 3297 1760 una
3329 1723 3467 1761 cum
3523 1706 3825 1760 hominibus

693 1802 778 1854 est
808 1799 887 1853 ita
912 1799 1029 1852 fere
1053 1802 1121 1853 23
1155 1797 1374 1851 diebus.
1865 1768 1875 1776 ’
2151 1768 2198 1826 Β
2404 1768 2896 1860 εωθη-ᾱοφοηιθδ
2926 1768 3126 1849 ﬁrmos
3158 1811 3456 1866 scpesque
3482 1793 3823 1851 eradicando.

518 1893 642 1945 917.
683 1886 1054 1943 Memorabile
1094 1886 1309 1940 bellum
1340 1885 1494 1956 apud
1543 1884 1873 1951 Suessones,
1919 1884 1977 1938 in
2011 1899 2124 1956 quo
2401 1874 2574 1929 boves
2605 1894 2736 1932 cum
2787 1880 3065 1940 bubulcis.
3125 1884 3309 1938 ovilia
3355 1900 3490 1938 cum
3545 1883 3735 1938 ovibus
3779 1883 3824 1934 et

695 1975 1043 2030 Rotbbertus
1072 1991 1172 2029 rex
1214 1973 1498 2039 occubuit,
1533 1973 1664 2026 licet
1689 1972 1969 2027 exercitus
2001 1973 2126 2042 ejus
2403 1963 2594 2032 Pueris
2620 1965 3032 2039 demergendo,
3068 1970 3147 2025 ita
3179 1975 3247 2026 ut
3269 1972 3554 2026 diluvium
3573 1986 3689 2025 esse
3717 1986 3822 2024 cre-

694 2063 995 2118 victoriam
1027 2063 1268 2132 adeptus
1305 2061 1403 2128 sit;
1462 2061 1786 2133 eodemque
1827 2077 1980 2116 anno
2010 2062 2126 2115 Ro-
2404 2050 2788 2118 derctur.Quo
2807 2057 2981 2112 etiam
3005 2076 3160 2114 anno
3179 2063 3435 2132 propter
3475 2061 3823 2114 Aurelianen-

687 2152 877 2207 dulfus
907 2168 1087 2223 regno
1118 2151 1481 2206 sublimatur.
2403 2156 2525 2194 sem
2556 2144 2759 2198 urbem
2785 2145 2843 2200 in
2873 2147 2997 2201 loco
3029 2149 3126 2220 qui
3149 2149 3375 2204 dicitur
3406 2149 3669 2204 Porcaria
3695 2147 3821 2202 mul-

516 2245 644 2299 936.
687 2241 976 2295 Gloriosus
1003 2241 1353 2294 Francorum
1384 2255 1483 2292 rex
1510 2238 1788 2293 Rodulfus
1815 2237 1978 2292 obiit.
2010 2236 2126 2291 Pri-
2402 2229 2472 2283 tis
2529 2235 2592 2285 ut
2654 2232 2849 2288 ferunt
2904 2239 2988 2290 est
3034 2237 3154 2292 visa
3191 2238 3399 2293 civitas
3450 2239 3820 2309 phantasmate

691 2345 790 2383 ma
823 2329 881 2382 in
914 2331 1100 2382 totam
1125 2327 1364 2381 Galliam
1386 2326 1754 2397 Ungarorum
1785 2325 2049 2397 irruptio.
2403 2325 2752 2385 constructa,
2787 2325 2857 2378 ab
2883 2326 3027 2380 hora
3065 2327 3179 2382 diei
3225 2329 3411 2382 tertia
3450 2343 3627 2399 usque
3656 2327 3705 2380 in
3733 2341 3817 2378 no-

515 2420 644 2474 952.
685 2418 800 2470 Hoc
832 2432 985 2470 anno
1019 2417 1141 2486 Ugo
1165 2415 1276 2468 dux
1308 2415 1884 2484 Burgundionum,et
1910 2415 2122 2468 Alanus
2402 2424 2538 2463 nam
2573 2410 2800 2478 horam,
2833 2414 3008 2482 pratis
3033 2415 3320 2486 aquisque
3344 2433 3479 2470 cum
3501 2412 3818 2470 molendinis

696 2505 1020 2558 Brittonum
1049 2503 1266 2560 obiere.
2399 2499 2627 2565 vallata,
2675 2501 2951 2556 militibus
3009 2505 3477 2576 necessariisque
3531 2504 3692 2557 rebus
3739 2500 3819 2553 ad-

515 2597 640 2650 954.
685 2592 1014 2647 Ludowicus
1034 2592 1386 2646 Francorum
1419 2607 1518 2645 rex
1551 2590 1713 2657 obiit,
1746 2593 1804 2644 et
1826 2591 1974 2646 ﬁlius
2004 2591 2125 2646 eius
2402 2586 2571 2655 plene
2588 2587 2819 2643 referta.
2837 2590 3122 2646 Infantem
3143 2609 3387 2666 quoque
3404 2590 3814 2660 famavulgante

693 2680 1018 2736 Hlotharius
1067 2679 1125 2734 in
1179 2696 1380 2750 regem
1414 2679 1686 2733 nobiliter
1716 2680 1910 2734 Remis
1941 2681 2123 2735 clcva-
2403 2674 2722 2730 audivimus
2747 2681 2947 2732 natum
2965 2679 3156 2747 fuisse,
3183 2681 3465 2735 omnium
3502 2677 3815 2733 animalium

691 2774 782 2824 tus
813 2773 918 2825 est.
2403 2762 2579 2832 pedes
2599 2765 2938 2834 habentem,
2964 2769 3203 2838 soloque
3232 2769 3430 2840 capite
3446 2783 3671 2838 unoque
3689 2763 3812 2835 pede

525 2861 650 2917 956.
694 2859 808 2913 Hoc
830 2875 983 2913 anno
1015 2873 1066 2911 ιν
1094 2857 1282 2912 Nonas
1311 2855 1652 2928 septembris
1687 2857 1824 2911 luna
1853 2873 2013 2912 versa
2041 2860 2128 2911 est
2403 2854 2460 2904 et
2489 2868 2664 2908 manu
2713 2853 3013 2910 hominem
3073 2857 3480 2912 simulantem.
3525 2856 3696 2920 Quem
3737 2867 3815 2923 pa-

691 2948 752 3002 in
789 2945 1157 3018 sanguinem.
1209 2945 1427 2999 Eodem
1460 2961 1689 3017 quoque
1737 2962 1892 3001 anno
1925 2961 2124 2999 mense
2399 2945 2594 2994 rentes
2623 2943 2823 2998 dolore
2855 2947 2912 2998 et
2957 2945 3168 3000 rubore
3227 2948 3457 3002 confusi
3505 2946 3590 3000 bis
3640 2947 3811 3011 terque

695 3035 865 3091 Junio
897 3036 1127 3106 signum
1163 3034 1426 3088 mirabile
1446 3033 1504 3087 in
1534 3035 1673 3088 coelo
1702 3034 2123 3106 apparuit,dra-
2147 3031 2193 3091 C
2405 3031 3062 3096 ierraocculelltes,dum
3086 3039 3393 3107 nequeunt
3421 3051 3553 3090 eum
3579 3031 3810 3105 perdere.

696 3140 762 3178 co
795 3141 1042 3195 magnus
1067 3122 1299 3187 scilicet,
1324 3125 1381 3176 et
1409 3121 1533 3175 sine
1561 3122 1767 3191 capite.
1797 3123 2005 3176 Secuta
2040 3124 2124 3175 est
2400 3118 2638 3174 consilio
2657 3124 2890 3191 accepto
2913 3121 2969 3174 in
2998 3123 3166 3177 fluvio
3206 3124 3633 3178 demorseruut.
3667 3119 3808 3188 Cujus

696 3211 891 3266 statim
926 3227 1084 3265 mors
1101 3211 1344 3264 Hucoms
1359 3209 1556 3279 magni
1584 3208 1859 3280 principis
1877 3210 2123 3264 Franco-
2405 3223 2600 3261 casum
2625 3211 2819 3264 tantus
2845 3226 3048 3264 vocum
3079 3212 3284 3282 fragor
3315 3217 3542 3266 secutus
3603 3211 3700 3273 est,
3759 3207 3806 3256 ut

697 3316 850 3366 rum,
881 3297 1381 3369 Burgundionum,
1415 3296 1936 3368 Brittonum,atque
1966 3297 2128 3351 Nort—
2404 3298 2527 3350 tota
2547 3297 2709 3368 regio
2741 3298 2981 3367 ejulasse
2995 3299 3352 3355 crederetur.
3376 3301 3588 3356 Eodem
3609 3308 3804 3369 quoque

693 3403 1070 3441 mannorum.
1102 3383 1332 3456 Eclipsis
1359 3385 1491 3438 solis
1521 3385 1704 3438 factus
1756 3387 1840 3438 est
1890 3401 1944 3438 ιι
1998 3386 2123 3439 Kal.
2404 3401 2559 3439 anno
2601 3386 2894 3441 Girbertus
2936 3404 3086 3460 papa
3137 3388 3300 3444 obiit.
3360 3387 3633 3460 Sequenti
3675 3394 3802 3437 anno

696 3475 932 3532 Januar.
966 3476 1024 3526 et
1054 3473 1230 3526 stella:
1258 3474 1654 3542 apparuerunt
1684 3489 1717 3526 a
1761 3472 1953 3543 prima
1981 3473 2126 3528 hora
2402 3474 2531 3540 (alia
2561 3478 2768 3547 manu).
2797 3476 2958 3531 Abbo
2997 3477 3147 3532 abba
3180 3477 3468 3550 martyrio
3529 3473 3805 3531 coronatus

697 3579 875 3634 usque
905 3561 1167 3616 terciam.
2404 3569 2509 3622 est.

524 3653 652 3708 9‘74.
690 3651 816 3722 Ipso
837 3666 991 3705 anno
1017 3647 1342 3704 coenobium
1373 3649 1553 3704 sancti
1582 3649 1872 3704 Benedicti
1910 3648 2128 3705 Floria-
2233 3654 2387 3709 1004.
2430 3654 2592 3708 Abbo
2616 3654 2792 3709 abbas
2827 3653 2985 3710 obiit.

697 3755 866 3794 cense
892 3738 1255 3793 combustum
1288 3741 1392 3792 est.
1441 3739 1556 3793 Sed
1608 3738 1709 3792 Dei
1765 3739 2128 3812 providentia
2234 3743 2389 3796 1017.
2431 3742 2739 3796 Rotbertus
2765 3759 2864 3798 rex
2884 3743 3066 3798 ﬁlium
3090 3761 3256 3800 suum
3283 3747 3586 3816 Hugonem
3609 3746 3804 3794 consor-

699 3830 1072 3900 procurante,
1105 3827 1164 3881 in
1197 3826 1354 3882 brevi
1381 3826 1558 3882 trium
1601 3828 1786 3898 spatio
1837 3846 2128 3884 annorum
2409 3833 2526 3885 tem
2560 3831 2724 3900 regni
2746 3831 2902 3900 facit,
2934 3833 3085 3903 apud
3115 3833 3565 3905 Compendium.

705 3918 764 3972 in
792 3917 1094 3974 meliorem
1117 3918 1329 3970 statum
1355 3918 1441 3970 est
1467 3919 1876 3980 restauratum,
1909 3918 2128 3973 domno
2235 3921 2390 3976 1026.
2433 3920 2645 3973 lterum
2677 3919 2781 3974 sub
2807 3920 3095 3975 Gauzilino
3118 3921 3330 3977 abbate
3357 3919 3693 3976 Floriacense
3711 3926 3802 3967 ca!—

701 4007 906 4062 abbate
929 4004 1214 4061 Richardo
1243 4004 1600 4060 ordinatore.
1657 4003 1893 4060 Octavas
1950 4007 2130 4060 sancti
2311 4004 2314 4006 ’
2409 4006 2648 4061 nobium
2679 4007 3102 4080 conﬂagratum
3125 4012 3230 4077 est,
3257 4010 3358 4064 sed
3379 4007 3608 4064 biennio
3622 4008 3802 4058 restau-

698 4098 1023 4151 crematum
1055 4097 1140 4149 est
1171 4093 1482 4148 Laurentii.
2410 4098 2602 4150 ratum
2633 4112 2764 4151 cum
2797 4097 3066 4152 omnibus
3119 4097 3347 4169 ofﬁciis,
3396 4100 3453 4152 et
3507 4091 3720 4150 ecclesia
3752 4084 3796 4139 S.

518 4187 624 4241 969
657 4193 752 4240 aut
785 4187 909 4241 970.
946 4183 1245 4239 Lotharius
1273 4183 1625 4238 Francorum
1656 4199 1756 4238 rex
1781 4181 1944 4240 obiit.
2410 4183 2584 4239 Petri.

516 4277 646 4330 979.
687 4272 1060 4328 Ludovicusa
1095 4271 1322 4326 Francis
1353 4270 1672 4343 Conpendii
1737 4289 1833 4328 rex
1888 4276 1974 4329 est
2016 4275 2132 4330 ele—
2235 4277 2390 4330 1029.
2437 4273 2589 4329 Obiit
2631 4275 2931 4332 Gauzlinus
2960 4274 3156 4333 abbas.

694 4365 880 4417 vatus.
2157 4366 2558 4442 D1058,1059
2605 4373 2700 4418 aut
2754 4369 2911 4422 1060.
2966 4366 3267 4422 I‘ieinricus
3335 4385 3433 4424 rex
3489 4364 3793 4419 Francorum

531 4451 655 4507 987.
697 4449 1013 4504 Ludovicus
1042 4450 1394 4506 Francorum
1413 4466 1512 4506 rex
1543 4451 1704 4507 obiit.
1738 4451 1954 4507 Eodem
1975 4469 2128 4508 anno
2411 4453 2574 4507 obiit.
2626 4453 2920 4526 Philippus
2968 4455 3134 4526 regni
3195 4455 3587 4513 monarcbiam
3639 4457 3792 4501 susce-

695 4539 860 4610 Hugo
890 4539 1002 4594 dux
1025 4555 1125 4593 rex
1157 4539 1508 4595 Francorum
1541 4544 1626 4596 est
1660 4541 1911 4597 elevatus
1931 4542 2131 4597 Novio-
2409 4540 2514 4614 pit.

755 4698 915 4780 Nota:
942 4697 1483 4780 Tirqnianaehquas
1533 4699 1685 4756 inter
1734 4701 1896 4757 abbas
1952 4705 2036 4757 est
2073 4701 2337 4771 sincera;
2388 4702 2630 4759 fortasse
2684 4705 3082 4778 explicandae:
3135 4707 3287 4766 Abba
3338 4708 3496 4765 abbas
3531 4684 3795 4757 monasterii

515 4770 890 4838 Fleriacensz‘s,
923 4773 1023 4825 aut
1053 4771 1164 4825 tale
1197 4770 1356 4844 quid.
