3940 6166
395 411 497 473 891

1461 401 1842 468 RORICONIS
1869 396 2180 462 MONACHI
2205 394 2729 463 MOISSIACENSIS

3578 400 3667 466 592

337 545 520 612 -~,ctos
534 539 598 594 ut
613 531 873 592 inimicos
891 525 1228 603 imperatori
1240 531 1680 600 repraesentant.
1705 527 1818 582 Hac
1831 526 2008 600 igitur
2027 533 2082 592 Α
2105 527 2414 599 resumptis
2442 523 2672 592 viribus,
2700 527 2758 580 et
2787 540 2820 580 a
2850 519 3176 580 lassitudine
3202 523 3449 593 recreati,
3479 525 3584 600 qui,
3614 531 3668 584 ut

394 628 622 700 patrata
639 619 895 686 victoria,
919 619 976 674 et
998 617 1241 673 rebelles
1261 616 1553 688 condigna
1567 615 1783 672 ultione
1801 615 2006 686 perdo-

392 709 909 780 muit,etTrojanos
921 708 1169 768 nostros,
1192 704 1518 760 Sicambros
1537 703 2003 766 videlicet,Fran-

392 820 488 858 cos
503 797 778 872 appellari
793 792 1341 866 przecepit.Expletis
1364 792 1556 863 itaque
1576 795 1639 846 l0
1660 791 2006 857 annis,idem

395 889 714 959 imperator
731 882 1071 954 primarium
1110 880 1427 952 quemdam
1483 896 1615 934 cum
1650 879 2009 934 exactoribus

390 977 462 1032 de
477 977 871 1030 Romanorum
890 971 1101 1042 populo
1121 969 1398 1041 misit,qui
1436 969 1714 1023 tributum
1732 986 1764 1022 a
1779 967 2009 1022 Francis

389 1064 706 1134 exigerent.
741 1058 942 1114 Franci
972 1074 1104 1112 vero
1125 1057 1384 1126 indigne
1438 1057 1689 1110 ferentes
1729 1055 1884 1126 quod
1912 1067 2008 1126 qui

388 1152 597 1208 eadem
616 1152 767 1204 sorte
777 1148 1102 1202 Graecorum
1120 1145 1392 1199 saevitiam
1412 1145 1686 1200 evitantes
1703 1144 1772 1198 de
1792 1143 2010 1214 propri-

400 1244 448 1296 is
462 1234 1126 1308 ﬁnibusaufugerant,ad
1146 1233 1526 1306 persolvenda
1547 1233 1761 1287 tributa
1782 1248 2010 1304 germa-

392 1345 535 1385 num
573 1325 917 1397 sanguinem
947 1325 1370 1393 provocassent,
1406 1321 1484 1374 nil
1517 1320 2008 1375 moratiadversus

390 1414 735 1490 primarium
752 1412 1133 1480 insurgentes,
1164 1425 1299 1462 eum
1320 1408 1434 1462 vita
1446 1407 1758 1480 privavere.
1785 1408 2006 1462 Pariter

393 1509 450 1558 et
470 1504 859 1574 legatos,quos
875 1498 1162 1552 direxerat
1177 1496 1768 1567 imperator.Consilio
1789 1495 2004 1550 etenim

385 1593 669 1662 juvenum
693 1585 1014 1658 depravati,
1041 1585 1161 1638 hinc
1184 1585 1336 1638 inter
1357 1601 1415 1638 se
1448 1585 1620 1638 verba
1659 1583 2002 1638 tractabant:

395 1681 717 1752 Imperator
728 1691 859 1730 cum
879 1672 1129 1728 exercitu
1148 1673 1544 1725 Romanorum
1562 1673 1659 1725 Ala
1673 1687 1879 1726 norum
1893 1687 2006 1741 gen

394 1771 516 1822 tem
530 1765 804 1821 rebellem
825 1760 1143 1816 delatibulo
1165 1759 1437 1831 paludum
1461 1759 1668 1828 ejicere
1683 1775 1798 1812 non
1821 1758 2010 1828 potuit

2110 615 2375 682 diximus,
2404 615 2558 686 ripas
2589 613 2770 676 Rheni
2800 613 3055 669 ﬂuminis
3079 613 3401 686 attigerant,
3427 615 3494 670 ad
3512 616 3670 671 instar

2104 703 2287 773 Trojas
2317 703 2611 758 civitatem
2639 702 2922 756 aedificare
2948 701 3138 756 conati
3166 706 3316 757 sunt.
3347 702 3452 758 Sed
3477 703 3672 774 imper-

2105 789 2320 844 fectum
2353 806 2494 861 opus
2526 791 2906 861 relequentes,
2945 789 3068 860 pari
3108 789 3341 844 consilio
3408 790 3673 860 elegerunt

2108 878 2214 932 sibi
2245 894 2466 950 regem,
2497 878 2641 932 sicut
2689 881 2744 932 et
2773 882 2992 932 caeteras
3041 881 3264 950 gentes,
3287 878 3510 932 nomine
3532 879 3676 934 Fara-

2111 967 2418 1033 mundum,
2454 967 2636 1020 ﬁlium
2684 966 3068 1021 Marchomiris
3094 966 3196 1020 filii
3225 967 3450 1032 Priami,
3483 970 3534 1020 et
3558 983 3672 1020 eum

2110 1053 2249 1108 solio
2271 1054 2646 1108 sublimantes
2676 1054 2869 1109 debita
2897 1055 3218 1108 reverentia
3240 1055 3485 1108 excolere
3515 1070 3677 1124 coepe-

2110 1145 2264 1198 runt.
2301 1141 2422 1206 Quo
2454 1142 2748 1209 defuncto,
2780 1142 2955 1197 ﬁlium
2983 1142 3104 1212 ejus
3135 1142 3468 1198 Clodionem
3511 1141 3564 1196 in
3591 1159 3678 1214 pa-

2110 1233 2274 1285 terno
2297 1229 2438 1284 solio
2461 1229 2928 1285 sublimaverunt.
2962 1231 3061 1284 Hic
3090 1231 3147 1285 in
3175 1231 3380 1285 finibus
3400 1230 3682 1302 Thoriugo-

2106 1333 2235 1372 num
2270 1318 2329 1372 in
2378 1318 2656 1388 Dispargo
2688 1319 2918 1373 castello
2951 1319 3142 1390 paucis
3165 1319 3362 1374 diebus
3410 1317 3681 1374 habitavit.

2109 1405 2364 1476 Suspecti
2385 1421 2617 1476 semper
2638 1409 2803 1460 erant
2833 1406 3030 1460 Franci
3062 1406 3377 1468 etdubii,et
3408 1406 3462 1458 in
3488 1406 3681 1460 incerto

2105 1494 2452 1559 vacillantes,
2481 1493 2622 1548 dum
2654 1495 3019 1565 explorarent
3045 1494 3264 1560 sedulo,
3299 1494 3341 1549 si
3373 1494 3514 1548 forte
3543 1493 3684 1546 inve-

2107 1581 2329 1636 niretur
2353 1581 2556 1635 alicubi
2609 1583 2839 1636 locellus
2869 1582 3091 1652 aliquis,
3124 1582 3222 1653 qui
3262 1599 3458 1636 eorum
3487 1580 3682 1634 habita-

2106 1670 2250 1724 tioni
2283 1670 2572 1724 videretur
2620 1687 2740 1724 esse
2790 1687 3095 1741 congruus.
3129 1672 3198 1724 Et
3243 1671 3383 1724 dum
3413 1671 3513 1724 hoc
3535 1669 3683 1724 taedio

2108 1762 2438 1824 aestuarent,
2470 1759 2712 1812 relatum
2747 1763 2830 1812 est
2856 1759 2962 1812 illis
2993 1761 3064 1813 ab
3096 1759 3558 1829 exploratoribus,
3581 1757 3688 1811 Gal-

395 1859 454 1910 et
483 1852 714 1924 nos,qui
744 1868 841 1906 eos
872 1847 1202 1913 devicimus,
1230 1863 1330 1900 cur
1350 1847 1565 1900 tributa
1586 1846 1960 1918 persolvimus
1979 1846 2007 1901 ?
2030 1839 2080 1896 B
2107 1847 2246 1900 liam
2273 1863 2391 1900 esse
2419 1846 2679 1900 omnium
2703 1847 3007 1918 regionum
3038 1847 3403 1912 nobiliorem,
3433 1845 3579 1900 omni
3609 1862 3687 1900 re-

465 1942 561 1996 Ris
590 1939 817 2004 auditis,
842 1937 1161 2008 imperator
1189 1935 1320 1988 felle
1348 1934 1571 1989 fervens
1596 1937 1797 1989 contra
1828 1934 2004 1988 Fran-

395 2045 490 2085 cos
521 2027 700 2086 movit
742 2025 1077 2090 exercitum,
1130 2022 1343 2076 ducens
1390 2039 1582 2076 secum
1612 2021 2004 2078 Aristarchum

395 2115 616 2172 militiae
646 2131 761 2168 suae
801 2111 1139 2185 principem.
1177 2110 1282 2174 Qui
1339 2109 1602 2164 videlicet
1649 2110 2008 2164 Aristarchus

394 2221 524 2258 cum
556 2203 868 2256 innumera
891 2197 1259 2254 multitudine
1283 2213 1453 2268 super
1482 2198 1728 2251 Francos
1757 2198 2000 2263 irruens,

394 2291 708 2365 quemdam
741 2304 944 2343 eorum
976 2287 1181 2341 ducem
1215 2285 1454 2340 nomine
1486 2285 1781 2339 Priamum
1809 2285 2002 2356 gladio

394 2377 717 2443 trucidavit,
759 2378 819 2430 et
867 2377 1106 2429 caeteros
1135 2372 1314 2427 nimia
1365 2372 1521 2426 caede
1577 2371 2002 2440 comminuens,

395 2467 528 2522 licet
553 2481 684 2521 cum
704 2463 887 2518 multo
919 2460 1220 2532 dispendio
1252 2459 1496 2515 Romani
1527 2459 1826 2526 exercitus,
1880 2463 2006 2515 tan-

404 2554 536 2609 dem
571 2569 669 2608 eos
688 2566 987 2623 superans,
1020 2551 1184 2619 terga
1210 2547 1348 2601 dare
1375 2545 2005 2617 compulit.Sentientes

392 2642 586 2714 itaque
609 2639 810 2694 Franci
869 2637 1016 2692 iram
1049 2634 1415 2708 imperatoris
1446 2633 1542 2689 diu
1570 2634 1850 2689 sustinere
1883 2651 2002 2689 non

391 2746 578 2802 posse,
613 2732 672 2783 et
699 2728 1028 2782 libertatem
1052 2740 1228 2795 quam
1259 2722 1439 2776 armis
1467 2721 1850 2794 acpuisierant
1879 2739 2004 2794 per-

391 2817 527 2872 dere
549 2813 1268 2884 formidantes,elegerunt
1295 2807 1478 2882 magis
1509 2810 1774 2866 omnibus
1802 2811 2002 2866 diebus

389 2905 519 2960 vita).
545 2922 660 2960 suae
682 2901 949 2969 exsulari,
992 2916 1169 2973 quam
1208 2899 1352 2953 tanti
1378 2898 1632 2953 nominis
1656 2898 2000 2970 dignitatem

390 2992 579 3048 servili
610 2991 858 3064 amplius
889 2987 1168 3044 maculari
1195 2987 1533 3044 infamia.Et
1560 2987 1757 3041 relicta
1779 2985 1996 3040 Sicam-

2107 1935 2317 1989 fertam
2346 1933 2645 2004 dignitate,
2708 1934 2987 1988 consitam
3041 1935 3377 1989 nemoribus
3419 1932 3688 2005 pomiferis

2107 2025 2324 2077 terram
2347 2039 2466 2077 esse
2498 2023 2827 2088 fecundam,
2847 2026 3041 2094 aptam
3067 2022 3138 2076 ad
3155 2023 3354 2077 omnia
3372 2037 3492 2092 quae
3511 2021 3689 2074 huma-

2108 2111 2194 2165 nis
2219 2114 2456 2182 possunt
2483 2112 2784 2166 subvenire
2839 2111 3302 2166 necessitatibus.
3337 2110 3455 2164 Tali
3510 2110 3687 2162 nuutio

2106 2199 2347 2254 animati
2375 2199 2600 2254 animos
2616 2204 2675 2254 et
2704 2200 3219 2272 armacorripiunt,
3253 2203 3311 2253 et
3335 2198 3406 2252 ad
3423 2195 3690 2251 vindican-

2105 2287 2206 2341 das
2248 2287 2486 2357 injurias
2538 2304 2678 2358 quas
2711 2305 2744 2342 a
2772 2287 3046 2343 Romanis
3102 2289 3479 2358 pertulerant,
3534 2283 3689 2338 corda

2103 2392 2233 2429 cum
2265 2375 2467 2446 gladiis
2519 2379 2800 2429 exacuunt
2850 2392 2967 2429 non
3001 2378 3062 2429 ut
3108 2376 3358 2446 fugiant,
3399 2373 3496 2428 sed
3521 2376 3579 2426 ut
3605 2386 3689 2425 eos

2103 2463 2508 2529 exterminent,
2533 2467 2590 2517 et
2620 2479 3091 2534 unumquemque
3121 2480 3360 2517 suorum
3377 2461 3536 2516 dictis
3551 2475 3690 2530 aspe-

2102 2550 2804 2605 rioribusaccendunt.His
2830 2551 3012 2605 ferme
3039 2550 3241 2605 diebus
3273 2548 3513 2606 Romani
3543 2545 3685 2602 habi-

2102 2638 2303 2692 tabant
2328 2655 2361 2692 a
2386 2639 2626 2692 flumine
2659 2639 2842 2694 Rheni
2887 2655 3063 2710 usque
3093 2638 3167 2692 ad
3217 2639 3455 2694 ﬂuvium
3495 2633 3688 2707 Ligeris

2103 2729 2160 2780 et
2185 2743 2217 2780 a
2235 2725 2435 2797 Ligere
2463 2726 2632 2781 fluvio
2660 2743 2850 2780 versus
2892 2725 3190 2797 Hispanias
3243 2725 3412 2780 Gothi
3443 2723 3686 2779 domina-

2102 2813 2330 2868 bantur.
2365 2814 2802 2885 Burgundiones
2831 2831 3059 2886 quoque
3084 2814 3284 2868 Ariani
3303 2817 3486 2879 erant,
3518 2816 3570 2866 et
3598 2811 3685 2864 ha-

2101 2901 2362 2956 bitabant
2390 2919 2548 2957 secus
2599 2903 2942 2957 Rhodanum
2971 2901 3234 2956 fluvium.
3294 2901 3493 2957 Clodio
3532 2898 3688 2970 igitur

2099 3006 2195 3044 rex
2219 2990 2402 3044 missis
2442 2991 2890 3062 praecursoribus
2917 2991 3032 3044 suis
3066 3007 3246 3062 usque
3271 2991 3345 3045 ad
3401 2989 3592 3043 urbem
3621 2985 3689 3040 Ca

384 3081 532 3149 bria,
555 3080 750 3136 media
778 3095 910 3151 pars
960 3078 1217 3148 ipsorum
1268 3092 1396 3130 cum
1427 3075 1692 3130 uxoribus
1721 3077 1779 3128 et
1808 3073 1998 3129 liberis
2028 3112 2075 3170 C
2099 3079 2542 3150 maracum,ipse
2571 3095 2797 3150 quaque
2824 3095 2958 3132 cum
3003 3079 3255 3132 exercitu
3282 3077 3531 3132 maximo
3561 3075 3688 3128 Rhe-

383 3171 764 3243 pervagantes
796 3165 1219 3236 Europam,huc
1249 3166 1307 3218 et
1328 3162 1459 3216 illuc
1480 3161 1841 3228 vacillabant,
1875 3178 1994 3216 non

376 3261 656 3315 habentes
685 3260 872 3311 certos
889 3255 1169 3320 iares,nec
1199 3251 1448 3322 propria:
1474 3249 1736 3304 stationis
1759 3250 1994 3321 aliquod

376 3349 835 3403 ﬁrmamentum.
868 3343 977 3396 Per
1023 3342 1274 3396 diversos
1304 3338 1480 3409 igitur
1509 3337 1800 3392 anfractus
1829 3337 1992 3394 itine-

373 3437 452 3490 ris
480 3452 538 3489 se
565 3448 811 3504 suosque
834 3434 1071 3501 nepotes
1097 3428 1293 3500 gladio
1337 3426 1734 3491 defensabant,
1767 3425 1811 3480 si
1841 3426 1990 3482 forte

371 3525 612 3595 prOpter
633 3517 1002 3591 adipiscenda
1027 3517 1156 3570 vitae
1181 3513 1466 3585 stipendia
1501 3513 1992 3584 progrederentur

370 3609 605 3673 alicubi,
635 3610 692 3662 et
717 3603 1304 3674 inhumanosaliquos
1325 3601 1395 3654 ad
1411 3599 1776 3671 prohibenda
1803 3618 1992 3658 neces-

367 3699 515 3754 saria
547 3693 939 3752 offendissent.
975 3694 1040 3747 Et
1069 3705 1416 3762 quocunque
1441 3687 1988 3760 progrediebantur,

365 3803 568 3842 eorum
599 3789 789 3839 terror
816 3782 1028 3853 ubique
1049 3779 1285 3834 diffusus
1310 3777 1708 3848 compellebat-
1729 3775 1788 3831 in
1810 3795 1990 3835 unum

361 3873 670 3932 convenire
680 3872 1150 3945 populos,gentes
1163 3867 1497 3921 innumeras
1513 3864 1753 3920 adunari
1769 3865 1991 3922 univen

363 3982 451 4021 sas
483 3963 685 4037 patriae
730 3959 1082 4015 munitiones
1114 3953 1399 4011 machinis
1429 3953 1698 4008 omnibus
1737 3955 1984 4011 armisve

365 4051 600 4108 muniri.
626 4051 836 4122 Vulgus
869 4047 1114 4120 insuper
1147 4043 1497 4107 universum,
1533 4042 1693 4113 quasi
1723 4059 1850 4114 spes
1880 4059 1980 4113 pa-

362 4144 485 4197 triae.
508 4140 843 4212 deperisset,
882 4137 1079 4192 abdita
1104 4149 1348 4206 qumque
1381 4132 1706 4197 lustrantes,
1731 4147 1789 4184 se
1819 4148 1982 4187 suos-

362 4248 472 4302 que
503 4229 770 4302 parvulos
799 4227 871 4281 ad
920 4225 1208 4280 montium
1234 4223 1430 4277 abdita
1489 4220 1888 4287 conferebant,
1922 4224 1981 4275 et

362 4318 636 4390 undique,
670 4314 923 4369 buccinis
953 4308 1544 4381 concrepantibus,ita
1567 4326 1630 4364 ex
1646 4325 1977 4380 propugna-

2099 3183 2238 3220 num
2295 3166 2578 3220 transiens
2629 3183 2726 3220 eos
2773 3168 3106 3221 subsecutus
3153 3171 3259 3234 est,
3322 3169 3380 3220 et
3424 3166 3689 3236 ingressus

2097 3253 2511 3308 Carbonariam
2538 3255 2760 3321 silvam,
2791 3255 3217 3310 Turnacensem
3249 3255 3534 3308 civitatem
3555 3248 3687 3305 obti-

2094 3342 2304 3408 nuit,et
2319 3341 2526 3397 exinde
2549 3344 2926 3397 Camaracum
2949 3360 3127 3415 usque
3154 3338 3688 3415 praperavitJbique

2093 3430 2387 3484 modicum
2419 3430 2690 3484 residens.
2721 3431 3012 3484 Romanos
3035 3447 3239 3484 omnes
3271 3429 3370 3500 qui
3415 3428 3471 3481 in
3502 3425 3688 3480 eadem

2091 3518 2304 3587 reperti
2336 3522 2468 3571 sunt
2494 3518 2684 3588 gladio
2705 3518 2979 3572 trucidari
3013 3518 3306 3588 praecepit.
3345 3517 3467 3580 Qua
3484 3514 3688 3568 civitate

2093 3609 2340 3672 retenta,
2374 3607 2506 3660 inde
2536 3606 2902 3678 progreditur
2922 3610 2980 3660 et
3011 3623 3188 3677 usque
3221 3607 3291 3660 ad
3319 3605 3552 3660 Sumam
3599 3601 3689 3655 ﬁu-

2093 3693 2247 3748 vium
2281 3695 2595 3764 occupavit,
2624 3698 2681 3747 et
2719 3693 3007 3765 ingressus
3031 3693 3454 3747 Ambianorum
3482 3691 3686 3751 urbem,

2093 3780 2311 3835 ibidem
2345 3785 2401 3835 et
2436 3781 2599 3850 regni
2625 3781 2818 3834 sedem
2867 3780 3086 3842 statuit,
3119 3785 3174 3834 et
3205 3780 3474 3851 deinceps
3505 3779 3687 3848 pacato

2081 3869 2213 3939 jure
2246 3868 2475 3940 quievit.
2517 3869 2793 3938 Regnavit
2816 3868 2990 3940 igitur
3029 3867 3195 3922 annis
3247 3872 3316 3922 2'2
3349 3873 3406 3922 et
3450 3869 3687 3921 mortuus

2089 3961 2192 4011 est.
2223 3957 2344 4021 Quo
2368 3956 2659 4021 defuncto,
2699 3956 3005 4011 Merovicns
3047 3956 3120 4010 ad
3149 3957 3471 4028 regendum
3528 3966 3688 4024 popu-

2084 4045 2205 4098 lum
2228 4044 2480 4114 eligitur,
2504 4047 2562 4096 et
2583 4043 2639 4096 in
2668 4043 2872 4097 eadem
2901 4043 3322 4098 Ambianorum
3358 4043 3575 4098 civitate
3606 4054 3683 4091 rc-

2082 4133 2194 4201 gali
2223 4133 2364 4187 solio
2395 4131 2756 4185 sublimatur.
2789 4132 3095 4187 Merovicus
3139 4132 3334 4203 itaque
3368 4133 3491 4194 iste,
3524 4146 3554 4183 a
3583 4141 3683 4199 quo

2083 4223 2140 4272 et
2171 4220 2369 4274 Franci
2397 4219 2553 4290 prius
2571 4219 2872 4273 Merovinci
2903 4219 3084 4274 vocati
3122 4224 3276 4286 sunt,
3319 4223 3551 4291 propter
3587 4213 3682 4269 uti-

2081 4309 2304 4364 litatem
2361 4308 2626 4363 videlicet
2667 4313 2724 4363 et
2779 4308 3150 4379 prudentiam
3183 4309 3351 4377 illius,
3390 4310 3445 4363 in
3478 4310 3680 4362 tantam

359 4405 499 4460 culis
527 4402 802 4477 Oppidani
830 4402 1042 4473 quique
1075 4403 1473 4453 transeuntem
1507 4399 1785 4469 pOpulum
1811 4399 1981 4469 jactis
2003 4390 2056 4448 D
2086 4397 2518 4451 venerationem
2549 4397 2700 4468 apud
2733 4397 2978 4450 Francos
3012 4401 3098 4450 est
3147 4398 3397 4463 habitus,
3434 4399 3492 4450 nt
3533 4391 3681 4466 quasi

359 4492 586 4564 spiculis
616 4494 786 4562 atque
815 4488 1036 4559 sagittis
1067 4487 1472 4563 exturbabant,
1519 4502 1584 4539 ac
1609 4486 1652 4539 si
1684 4487 1978 4540 debellan-

359 4581 492 4635 dam
514 4578 757 4654 patriam
779 4594 876 4632 eos
893 4577 1229 4630 adventasse
1249 4573 1789 4645 cognovissent.Sed
1814 4592 1978 4645 gens,

358 4686 484 4742 quae
510 4686 626 4725 non
647 4667 718 4721 ad
743 4664 1128 4736 pugnam,sed
1155 4663 1225 4716 ad
1239 4662 1690 4718 commeandum
1721 4666 1976 4717 venerat.

357 4762 514 4814 recto
543 4756 918 4830 gradiebatur
974 4753 1202 4817 itinere,
1249 4751 1352 4805 nisi
1395 4751 1544 4806 forte
1599 4750 1850 4822 aliquem
1883 4768 1975 4805 ca-

355 4846 552 4920 piendi
585 4842 786 4900 cibarii
813 4840 1122 4898 necessitas
1157 4839 1363 4894 alicubi
1416 4855 1663 4910 pergere
1689 4838 1970 4911 coegisset.

357 4933 696 4991 Communis
725 4948 859 4986 vero
910 4927 1189 4984 exercitus
1219 4928 1392 4983 citato
1419 4928 1562 4982 calle
1616 4926 1968 4999 gradientes,

355 5024 568 5090 absque
589 5019 771 5076 nimio
828 5016 1250 5089 impedimento
1281 5015 1435 5088 ripas
1485 5015 1669 5069 Rheni
1717 5013 1973 5070 [luminis

354 5111 690 5184 attigerunt.
736 5107 935 5179 Ibique
962 5105 1021 5159 in
1049 5105 1469 5159 Germanorum
1523 5101 1748 5174 oppidis
1798 5101 1970 5159 ﬁxere

354 5200 629 5266 tentoria,
651 5195 1172 5265 habitaveruntque
1203 5191 1437 5266 paciﬁce
1463 5207 1592 5246 cum
1617 5190 1972 5264 principibus

355 5293 528 5346 terrae
561 5287 737 5345 illius.
779 5285 844 5340 Hi
877 5282 1308 5356 vero,quiapud
1331 5280 1712 5336 Sicambriam
1741 5297 1969 5338 reman-

354 5380 575 5445 serunt,
605 5376 922 5432 incolentes
941 5370 1205 5428 videlicet
1224 5371 1377 5444 ripas
1392 5369 1968 5442 Danubii,clegerunt

349 5484 522 5542 super
553 5483 612 5522 se
637 5481 839 5538 regem
868 5463 1106 5518 nomine
1133 5461 1358 5529 Torcat,
1391 5459 1542 5515 unde
1569 5462 1626 5514 et
1655 5463 1965 5532 propterea

343 5557 508 5614 Torci
539 5553 811 5629 appellati
841 5557 992 5608 sunt.

419 5646 635 5705 Modico
663 5645 854 5719 itaque
889 5647 1147 5716 tempore
1171 5642 1386 5716 elapso,
1443 5639 1724 5696 intrantes
1753 5637 1954 5696 Franci

2082 4485 2409 4539 communis
2441 4488 2603 4556 pater
2629 4485 2699 4538 ab
2733 4485 3001 4538 omnibus
3031 4486 3337 4542 coleretur.
3377 4486 3470 4539 Hic
3496 4481 3679 4555 genuit

2085 4573 2496 4637 Childericum,
2529 4577 2754 4642 patrem
2772 4572 3037 4627 Clodovei
3055 4573 3209 4643 regis
3242 4568 3679 4628 excellentissimi

2084 4663 2260 4716 Erant
2285 4665 2478 4716 autem
2512 4661 2711 4714 Franci
2744 4664 2879 4715 tunc
2898 4660 3154 4728 fanatici,
3188 4663 3494 4716 adorantes
3518 4659 3678 4722 idola,

2080 4753 2138 4803 et
2171 4766 2285 4803 non
2319 4748 2714 4820 agnoscebant
2738 4766 2934 4820 regem
2955 4749 3101 4814 cceli,
3121 4749 3214 4820 qui
3236 4751 3446 4804 creavit
3476 4745 3676 4803 omnia.

2075 4837 2326 4892 Mortuus
2379 4837 2554 4909 igitur
2583 4837 2974 4903 Merovicus,et
3030 4837 3293 4908 regnavit
3350 4834 3682 4909 Childericug

2074 4925 2222 4981 ﬁlius
2242 4926 2363 4997 ejus
2388 4902 2493 4998 pro
2523 4942 2611 4981 eo.
2659 4902 3013 4980 Cbildcricus
3033 4902 3228 4997 itaque
3269 4941 3368 4979 rex
3389 4940 3518 4979 cum
3545 4902 3679 4977 esset

2073 5013 2250 5069 nimis
2304 5014 2645 5080 luxuriosus,
2677 5017 2736 5068 et
2769 5016 3042 5086 regnaret
3069 5029 3241 5086 super
3264 5015 3524 5076 Francos,
3549 5009 3678 5064 ﬁlias

2073 5118 2275 5157 eorum
2303 5103 2583 5158 violenter
2609 5101 2992 5174 opprimebat.
3020 5101 3205 5174 Super
3233 5102 3339 5156 hac
3360 5119 3421 5157 re
3449 5098 3677 5155 nimium

2071 5190 2463 5264 indignantes,
2497 5190 2619 5263 pari
2643 5191 2880 5246 consilio
2915 5191 2972 5245 et
3001 5189 3316 5262 aequalibus
3337 5188 3558 5254 animis,
3590 5184 3678 5240 aut

2070 5281 2497 5354 eum‘occidere
2524 5283 2623 5336 aut
2653 5281 2723 5336 de
2749 5296 2931 5352 regno
2985 5280 3269 5353 expellere
3299 5275 3674 5334 decreverunt.

2070 5370 2338 5426 Sentiens
2366 5369 2715 5425 Childericus
2763 5369 3065 5424 adversum
3107 5386 3165 5422 se
3189 5369 3533 5423 Francorum
3559 5361 3675 5417 ani-

2077 5477 2204 5514 mos
2232 5477 2353 5516 esse
2366 5461 2710 5525 commotos,
2728 5475 2965 5513 aureum
2982 5474 3161 5512 unum
3187 5455 3374 5512 divisit
3398 5455 3450 5510 in
3478 5455 3672 5526 partes,

2078 5567 2288 5606 vocans
2316 5550 2388 5604 ad
2414 5566 2473 5604 se
2502 5548 2840 5602 \‘iomadnm
2863 5546 3251 5602 consiliarium
3299 5561 3484 5608 suum,
3519 5544 3570 5595 et
3599 5537 3674 5592 ait

2085 5639 2164 5695 illi
2192 5655 2204 5694 :
2233 5661 2257 5686 ‹‹
2295 5637 2490 5694 Sentio
2508 5641 2743 5709 gentem
2777 5637 2944 5694 istam
2973 5637 3274 5692 adversum
3334 5650 3426 5689 me
3456 5641 3672 5685 CODSUI"
