3862 6172
273 363 360 420 593
1572 359 1790 420 GESTA
1853 355 2278 421 FRANCORUM

3457 367 3563 425 594

271 503 388 559 gere
419 485 587 550 velle,
621 487 680 539 et
708 499 816 556 ego
849 484 1292 544 unanimitatem
1324 492 1482 544 tuam
1507 493 1662 560 peto,
1685 491 1768 556 ut,
1800 489 1856 543 in
1884 496 1936 552 Α
1964 492 2020 544 et
2051 490 2207 561 quod
2224 488 2300 544 sis
2318 486 2524 543 habilis
2553 489 2609 542 et
2630 489 2916 555 strenuus,
2938 504 2968 542 e
2995 485 3170 544 domo
3220 488 3427 545 veniut
3456 491 3560 545 ha-

270 577 535 646 quantum
563 575 1097 644 potueris,Francos
1137 577 1276 631 mihi
1307 578 1858 648 paciﬁces.Cumque

270 662 485 716 sedatos
515 678 614 716 eos
643 663 965 732 agnoveris,
1017 665 1295 720 mandato
1327 669 1389 720 tu
1421 669 1483 719 ut
1512 665 1769 732 redeam,
1801 668 1859 719 et

268 749 412 804 aurei
443 750 550 803 ista
577 750 810 819 partitio
841 751 951 804 erit
981 752 1213 823 signum
1243 753 1396 808 inter
1424 770 1516 808 me
1545 757 1602 808 et
1629 753 1855 808 te.Cum

265 840 446 892 autem
478 837 674 892 videro
693 854 867 908 quam
900 839 1002 892 tibi
1035 840 1589 913 relinquo,revertar
1615 841 1674 895 in
1693 857 1852 912 pace.

266 923 352 980 Sin
381 929 601 991 autem,
629 927 879 980 manebo
910 928 1062 999 apud
1094 929 1346 984 Sisinum
1379 930 1470 993 [al.
1497 929 1747 984 Bisinum
1771 946 1858 984 vo-

262 1014 394 1073 cant]
416 1013 845 1084 Thoringorum
873 1031 1096 1085 regem.
1129 1038 1156 1064 ι)

324 1101 419 1154 Hie
453 1099 620 1154 dictis
644 1102 793 1156 clam
814 1102 963 1173 fugit
992 1104 1146 1174 apud
1173 1102 1520 1176 Thoringos,
1551 1103 1856 1159 habitavit-

262 1203 360 1259 que
392 1204 526 1242 cum
559 1188 745 1242 Sisino
777 1192 834 1244 et
856 1190 1056 1245 Basina
1090 1209 1264 1247 uxore
1290 1209 1410 1246 sua.
1455 1192 1577 1257 Quo
1600 1193 1855 1263 expulso,

259 1275 546 1346 Egidium
579 1277 902 1333 Romanum
935 1280 1180 1334 militem
1231 1281 1430 1334 Franci
1461 1297 1633 1351 super
1663 1297 1721 1334 se
1743 1283 1855 1334 sta-

260 1365 680 1419 tuuntconsilio
713 1382 829 1420 non
860 1367 1014 1421 bono
1047 1368 1857 1440 atqueinutili.Regnavitque

257 1468 423 1522 super
463 1469 562 1507 eos
592 1453 760 1507 annis
791 1457 841 1519 8,
887 1458 945 1508 et
984 1456 1216 1526 junctus
1246 1461 1331 1511 est
1355 1457 1406 1511 ei
1461 1457 1769 1511 Viomadus
1799 1456 1856 1510 in

255 1539 444 1594 ﬁctam
470 1541 782 1594 amicitiam
809 1542 882 1595 ob
913 1544 1484 1599 amoremChilderici
1509 1544 1730 1599 domini
1750 1543 1854 1598 sui.

257 1628 315 1681 Et
344 1629 694 1683 hortabatur
721 1647 922 1700 regem
953 1631 1265 1687 Viomadus
1282 1636 1342 1686 ut
1359 1633 1607 1688 Francos
1637 1633 1858 1704 aliquos

254 1717 402 1770 male
433 1717 822 1788 opprimeret;
857 1719 1057 1772 Franci
1091 1737 1223 1775 vero
1252 1721 1461 1792 ngidii
1489 1721 1642 1792 regis
1663 1721 1857 1774 furore

1961 578 2140 631 bitem
2193 580 2404 631 tecum.
2442 577 2587 630 Nam
2617 576 2662 630 si
2717 575 2773 629 in
2808 576 3080 630 extremis
3129 580 3299 631 terrae
3351 577 3562 632 finibus

1959 665 2251 720 utiliorem
2284 668 2340 719 te
2367 663 2786 736 cognovissem,
2812 667 2870 718 et
2896 664 3049 718 hunc
3067 663 3442 720 nihilominus
3473 681 3564 720 ex—

1958 753 2254 824 petissem.
2271 774 2298 801 »
2317 751 2680 824 Complacuit
2700 752 2824 823 regi
2842 751 3099 806 mulieris
3111 769 3300 807 sermo
3323 753 3559 821 facetus,

1957 844 2014 895 et
2030 858 2157 896 eam
2181 841 2439 913 gaudens
2475 839 2581 895 sibi
2631 839 2862 894 sociavit
2893 841 2948 894 in
2981 857 3239 895 uxorem.
3275 841 3560 905 Quaecou-

1963 930 2116 1001 cepit
2146 934 2202 983 et
2229 928 2667 1001 peperitfilium,
2683 927 3021 1000 vocavitque
3039 945 3170 982 eum
3186 928 3556 986 Clodoveum.

1965 1019 2062 1072 Hic
2090 1017 2196 1071 fuit
2223 1033 2321 1071 rex
2336 1015 2763 1088 potentissimus
2782 1032 2953 1088 super
2978 1032 3178 1070 omnes
3210 1017 3557 1072 Francorum

1957 1123 2145 1176 reges,
2179 1105 2263 1158 vir
2307 1103 2576 1175 egregius
2604 1119 2669 1157 ac
2722 1103 3170 1170 strenuissimus,
3198 1107 3560 1176 expugnator

1958 1190 2678 1263 bellicosissimus,imperii
2699 1190 2973 1246 dilatator
2993 1194 3050 1245 et
3078 1191 3252 1246 totius
3277 1191 3561 1263 atquitatis

1959 1278 2564 1334 amator.Childericus
2594 1278 2788 1349 itaque
2811 1295 2908 1333 rex
2939 1278 3042 1332 hac
3057 1282 3422 1349 tempestate,
3443 1277 3557 1333 col-

1958 1368 2104 1422 lecto
2133 1367 2482 1421 Francorum
2529 1367 2801 1432 exercitu,
2855 1366 3234 1437 Agrippinam
3267 1365 3558 1421 civitatem

1959 1472 2131 1528 super
2160 1456 2424 1510 Rhenum
2476 1455 2713 1510 ﬂuvium
2743 1458 2830 1510 est
2859 1470 3138 1525 agressus.
3173 1453 3357 1518 Quam
3399 1453 3560 1508 omni

1959 1544 2247 1599 bellorum
2282 1548 2564 1615 apparatu
2595 1543 2980 1610 circumdans,
3009 1543 3248 1596 tandem
3283 1541 3560 1613 populum

1959 1633 2232 1687 eumdem
2273 1632 2454 1686 nimia
2479 1631 2633 1686 caede
2654 1635 2936 1686 vastatum
2967 1630 3172 1684 devicit
3201 1633 3258 1684 et
3287 1628 3560 1683 munitio-

1964 1738 2065 1776 nes
2093 1720 2382 1775 universas
2397 1720 2656 1790 ejusdem
2687 1719 2929 1774 civitatis
2951 1719 3056 1772 sibi
3093 1718 3367 1784 retinens,
3401 1717 3563 1772 Colo-

227 1803 454 1870 attriti,
481 1805 787 1860 consilium
820 1806 1083 1861 Viomadi
1115 1811 1413 1879 expetunt,
1433 1813 1488 1863 et
1517 1808 1655 1880 quid
1686 1825 1858 1879 agere
1880 1807 1930 1866 B
1960 1809 2116 1863 niam
2150 1825 2278 1864 eam
2307 1808 2495 1862 vocari
2528 1807 2794 1861 instituit.
2826 1807 2982 1860 Hanc
3005 1806 3240 1877 regebat
3270 1806 3560 1860 Romanus

252 1892 838 1964 debeantinquirunt.
864 1893 1078 1958 Quibus
1099 1895 1191 1950 ille
1209 1898 1287 1951 ait
1313 1914 1376 1952 ια
1397 1897 1519 1952 Non
1538 1896 1856 1951 reminisci-

249 1979 332 2047 tis,
365 1982 628 2052 qualiter
667 1983 909 2036 Romam
944 1987 1212 2055 parentes
1243 1989 1456 2040 vestros
1487 1985 1856 2040 attriverunt?

249 2069 546 2140 quomodo
580 2085 737 2123 eosa
768 2069 1085 2126 Sicambria
1132 2071 1511 2143 expulerunt?
1542 2074 1606 2127 Et
1636 2089 1732 2126 vos
1762 2089 1850 2127 re-

245 2171 368 2227 gem
407 2161 663 2211 vestrum
696 2158 1199 2229 expulistisutilem
1233 2176 1297 2214 ac
1327 2163 1648 2229 strenuum,
1670 2162 1851 2215 etele-

245 2245 381 2299 vatis
412 2261 588 2316 super
619 2262 716 2300 vos
739 2245 986 2301 militem
1019 2248 1172 2302 hunc
1199 2249 1527 2302 Romanum
1559 2248 1849 2303 crudelem

243 2337 415 2404 atque
437 2333 787 2404 superbum?
809 2333 943 2389 Sine
968 2335 1203 2390 consilio
1220 2337 1330 2390 hoc
1355 2335 1584 2398 fecistis,
1616 2338 1673 2390 et
1698 2353 1851 2391 nunc

241 2421 447 2475 merito
467 2421 848 2476 inebriamini
874 2423 1100 2494 poculo,
1130 2423 1282 2494 quod
1309 2423 1673 2495 propinastis.
1697 2444 1723 2476 ι
1750 2424 1848 2479 Cui

239 2507 394 2562 aiunt
426 2507 517 2562 illi
553 2525 565 2562 :
597 2507 764 2563 «Sine
791 2510 916 2580 lege
942 2509 1075 2564 licet
1114 2514 1248 2564 tunc
1277 2512 1422 2566 filias
1455 2515 1677 2566 nostras
1707 2513 1849 2567 abu-

240 2600 643 2663 teretur,nunc
665 2597 904 2666 poenitet
928 2615 1033 2652 nos
1045 2599 1153 2652 hoc
1166 2599 1452 2661 fecisse,et
1476 2600 1697 2654 utinam
1713 2617 1846 2655 eum

237 2682 504 2737 invenire
517 2683 946 2751 meruissemus,
973 2688 1034 2738 ut
1059 2701 1188 2739 cum
1220 2702 1359 2757 pace
1392 2691 1848 2759 regnaretsnper

235 2787 354 2825 nos.
407 2794 439 2820 ››
501 2772 600 2825 His
637 2772 943 2827 Viomadus
972 2773 1202 2841 auditis,
1255 2777 1467 2830 celeres
1511 2775 1741 2830 nuntios
1771 2777 1845 2831 ad

235 2858 624 2914 Childericum
657 2861 872 2932 dirigit,
906 2865 967 2915 ut
992 2879 1123 2916 cum
1140 2879 1277 2933 pace
1309 2864 1529 2930 redeat,
1563 2865 1724 2918 aurei
1757 2864 1840 2918 di-

231 2946 325 3000 visi
353 2951 525 3002 certa
560 2949 918 3019 prmmitteus
949 2951 1178 3005 indicia.
1211 2952 1478 3006 Sentiens
1495 2953 1845 3009 Childericus

231 3037 379 3106 quod
428 3037 862 3092 desideraretur
891 3055 924 3092 a
954 3039 1200 3107 Francis,
1236 3041 1416 3108 laetus,
1453 3058 1710 3096 reversus
1760 3045 1846 3096 est

229 3124 282 3177 in
306 3142 569 3197 regnum
601 3143 788 3182 suum.
835 3127 1016 3191 Quem
1047 3129 1246 3183 Franci
1273 3147 1402 3184 cum
1455 3131 1666 3201 gaudio
1697 3131 1839 3186 reci-
1871 3155 1917 3212 Ο

225 3214 615 3282 pientes,cum
629 3215 908 3270 dedecore
936 3218 1602 3289 expuleruntJEgidium.
1637 3221 1842 3274 Basina

231 3301 648 3374 quoqueSisini
689 3305 840 3375 regis
869 3321 1029 3373 uxor,
1059 3305 1210 3376 apud
1239 3324 1412 3377 quam
1439 3307 1666 3362 latuisse
1693 3325 1839 3378 prae-

226 3391 678 3446 monstravimus
702 3392 1103 3462 Childericum,
1129 3393 1333 3466 saepius
1349 3395 1544 3450 relicto
1571 3395 1674 3450 viri
1690 3399 1837 3463 toro,

221 3479 590 3535 consortium
611 3481 792 3535 nostri
827 3483 978 3553 regis
990 3485 1077 3536 est
1104 3483 1761 3555 experta.Quamobrem
1783 3488 1840 3539 et

220 3582 350 3622 eum
387 3585 505 3623 nec
537 3570 719 3624 multo
769 3573 897 3640 post
929 3570 987 3624 in
1039 3571 1338 3626 Franciam
1387 3575 1474 3626 est
1504 3576 1715 3640 secuta,
1749 3590 1840 3627 cu-

217 3654 378 3724 piens
403 3658 540 3712 loco
571 3658 759 3713 uxoris
807 3658 1068 3713 habitare
1100 3676 1231 3714 cum
1263 3676 1352 3714 eo.
1388 3660 1571 3725 Quam
1615 3661 1838 3716 Childe-

216 3743 361 3798 ricus
393 3761 538 3799 cum
575 3745 862 3817 insperate
889 3747 1294 3818 conspexisset,
1328 3752 1386 3802 et
1430 3749 1502 3803 ad
1533 3767 1677 3820 quos
1708 3766 1838 3804 usus

217 3829 282 3886 de
312 3836 442 3887 tam
473 3833 795 3906 longinqua
813 3835 1105 3907 provincia
1118 3836 1191 3891 ad
1210 3853 1341 3891 eum
1357 3838 1835 3909 properasset,in-

216 3921 517 3990 quireret:
573 3922 670 3976 illa
696 3924 1011 3995 postposilo
1045 3924 1264 3995 pudore
1297 3924 1589 3992 muliebri,
1623 3927 1686 3978 ut
1711 3928 1837 3980 erat

213 4009 382 4065 nimis
431 4009 752 4078 luxuriosa,
788 4013 902 4067 tale
958 4012 1140 4067 fertur
1189 4013 1408 4068 dedisse
1441 4029 1780 4084 responsum
1814 4029 1828 4069 :

215 4119 241 4146 κ
259 4097 562 4162 Quoniam
585 4099 717 4155 novi
732 4099 1040 4156 utilitatem
1064 4104 1222 4157 tuam
1241 4105 1299 4157 et
1316 4102 1827 4174 pulchritudinem,

1957 1897 2235 1968 JEgidius,
2269 1897 2430 1966 cujus
2459 1894 2715 1966 superius
2748 1894 2986 1949 fecimus
3033 1893 3417 1948 mentionem.
3449 1893 3558 1947 Sed

1957 1988 2122 2040 tanto
2155 1983 2425 2039 exercitui
2449 1983 2712 2038 resistere
2735 1999 2852 2037 non
2885 1983 3098 2048 valens,
3131 1981 3272 2035 urbe
3301 1997 3560 2052 progres-

1955 2073 2212 2143 susfugae,
2228 2071 2534 2138 consuluit,
2574 2073 2630 2126 et
2651 2071 2729 2125 sic
2751 2070 3008 2124 furorem
3029 2069 3180 2140 regis
3221 2067 3557 2122 evasit.lnde

1954 2161 2396 2232 progredientes
2451 2159 2674 2226 Franci,
2738 2157 2994 2213 Treveris
3039 2157 3327 2212 civitatem
3389 2170 3558 2227 super

1950 2250 2239 2304 Mosellam
2266 2247 2502 2303 fluvium
2522 2249 2810 2301 vastantes
2833 2249 3127 2318 ceperunt.

2025 2339 2102 2393 Eo
2134 2340 2398 2408 tempore
2442 2339 2706 2390 mortuus
2735 2339 2821 2389 est
2850 2335 3108 2405 Egidius
3159 2334 3554 2388 Romanorum

1949 2429 2250 2498 tyrannus,
2284 2430 2341 2481 et
2365 2426 2486 2496 ejus
2509 2425 2657 2480 filius
2683 2424 2921 2479 nomine
2943 2422 3198 2495 Siagrius
3214 2421 3366 2493 apud
3393 2419 3557 2475 Sues-

1948 2513 2173 2568 sionem
2196 2512 2487 2567 civitatem
2519 2512 2577 2566 in
2617 2514 2861 2582 paterno
2885 2510 3026 2565 solio
3057 2508 3422 2563 sublimatur.
3454 2507 3557 2561 Re-

1946 2601 2187 2656 collecto
2204 2602 2416 2655 iterum
2445 2599 2794 2655 Childericus
2807 2615 2904 2652 rex
2920 2598 3269 2653 Francorum
3284 2595 3552 2660 exercitu,

1944 2688 2265 2743 Aurelianis
2296 2705 2474 2760 usque
2498 2687 2781 2760 pervenit,
2814 2690 2999 2741 terras
3027 2702 3232 2740 omnes
3261 2701 3388 2756 quae
3419 2687 3552 2738 sunt

1945 2777 2003 2831 in
2025 2777 2264 2832 circuitu
2292 2775 2472 2831 nimia
2499 2776 2727 2830 feritate
2745 2775 3119 2847 depopulans.
3144 2774 3279 2828 lnde
3312 2788 3552 2844 progre-

1952 2866 2104 2921 ditur
2129 2865 2470 2936 Andegavis,
2506 2881 2842 2919 occursurus
2873 2863 3197 2934 Adovagrio
3223 2861 3351 2916 duci
3375 2861 3550 2916 Saxo-

1945 2971 2106 3021 num,
2141 2953 2239 3025 qui
2267 2953 2535 3007 eamdem
2558 2953 2934 3023 Andegavam
2963 2951 3351 3004 debellaverat
3381 2953 3551 3020 atque

1943 3041 2276 3111 protiverat,
2310 3039 2687 3094 relictoPaulo
2705 3038 2917 3093 comite
2933 3037 3005 3092 ad
3027 3036 3459 3092 custodiendam
3479 3035 3552 3090 ci-

1943 3130 2199 3186 vitatem.
2235 3130 2490 3199 Cumque
2511 3145 2610 3182 rex
2651 3127 3000 3182 Childericus
3023 3143 3088 3180 ex
3131 3124 3442 3196 improviso
3471 3123 3548 3178 ci-

1941 3220 2181 3273 vstatem
2207 3218 2574 3287 irrumperet,
2595 3220 2652 3271 et
2677 3215 3065 3286 Adovagrium
3091 3215 3294 3268 ducem
3309 3214 3547 3267 obtrun-

1941 3323 2070 3360 care
2103 3306 2459 3373 decerneret,
2486 3322 2628 3360 nave
2643 3305 2942 3359 subvectus
2961 3301 3316 3373 Adovagrius
3328 3299 3550 3372 aufugit

1940 3394 2203 3467 regisque
2228 3411 2503 3449 mucrone
2533 3395 2738 3448 Paulus
2771 3394 3145 3448 obtruncatus
3173 3395 3258 3445 est
3289 3392 3348 3444 et
3387 3390 3544 3462 prin-

1941 3483 2136 3555 cipalis
2162 3484 2368 3538 domus
2395 3483 2655 3554 ejusdem
2688 3481 2928 3536 civitatis
2973 3484 3058 3534 est
3087 3479 3222 3550 igne
3266 3482 3543 3533 cremata.

1940 3570 2051 3624 Hac
2105 3569 2280 3640 igitur
2309 3573 2531 3641 patrata
2585 3568 2842 3636 victoria,
2886 3584 3017 3622 cum
3067 3567 3141 3621 ad
3191 3568 3376 3622 solum
3409 3583 3544 3638 pro-

1938 3658 2150 3731 prium,
2181 3659 2290 3713 hoc
2322 3662 2406 3712 est
2442 3658 2516 3712 ad
2573 3657 2994 3712 Ambianorum
3030 3657 3234 3710 urbem
3281 3671 3542 3710 remeare

1937 3751 2191 3818 cuperet,
2228 3748 2386 3802 febre
2415 3749 2710 3817 correptus
2735 3746 2999 3818 spiritum
3035 3745 3338 3810 exhalavit,
3370 3747 3429 3798 et
3450 3760 3541 3798 rc-

1937 3837 2193 3908 gendum
2238 3835 2516 3908 populum
2571 3835 2856 3890 Clodoveo
2915 3834 3030 3888 filio
3063 3850 3164 3888 suo
3213 3833 3538 3904 dereliquit.

1935 3925 2186 3980 Mortuus
2216 3928 2300 3978 est
2326 3927 2519 3978 autem
2540 3922 2894 3977 Childericus
2922 3939 3020 3976 rex
3050 3939 3172 3975 xxxv
3198 3920 3426 3992 imperii
3453 3920 3539 3974 sui

1934 4030 2112 4082 anno,
2144 4016 2202 4069 et
2225 4029 2368 4086 regn
2380 4011 2493 4066 avit
2523 4010 2837 4066 Clodoveus
2861 4010 3009 4065 filius
3030 4009 3152 4080 ejus
3176 4024 3280 4080 pro
3312 4025 3402 4063 eo.

1294 4285 1729 4348 PROLOGUS
1757 4280 1985 4346 LIBRI
2037 4284 2419 4348 SECUNDI.

274 4441 554 4499 Relatum
586 4444 762 4513 est,ut
782 4442 1010 4517 opinor,
1044 4442 1455 4518 compendiose
1488 4445 1828 4518 satis,quan-
1854 4451 1905 4510 D
1928 4445 2022 4502 rit.
2058 4448 2269 4502 Precor
2289 4445 2507 4500 etenim
2541 4460 2613 4500 ne
2646 4444 2806 4500 vobis
2836 4459 3145 4500 onerosum
3173 4442 3456 4511 videatur,
3487 4441 3532 4497 si

210 4533 328 4586 tum
362 4533 686 4604 propositae
708 4535 973 4589 brevitati
992 4535 1388 4607 congruit,cur
1414 4535 1486 4590 ad
1506 4536 1609 4590 has
1635 4539 1828 4607 partes

209 4619 574 4676 Francorum
607 4625 851 4695 papulus
871 4623 940 4678 sit
973 4624 1213 4691 delatus,
1248 4641 1349 4679 cur
1377 4628 1437 4678 et
1468 4623 1565 4678 tali
1588 4624 1826 4679 nomine

209 4710 515 4765 vocitetur.
552 4711 667 4766 Sed
690 4712 968 4782 quoniam
991 4728 1090 4768 vos
1117 4713 1372 4767 intentos
1400 4711 1650 4780 intueor,
1685 4713 1825 4768 dum

209 4798 396 4854 adhuc
426 4799 564 4854 solis
589 4804 985 4871 exspectamus
1038 4818 1325 4869 occasum,
1360 4805 1418 4855 et
1437 4801 1575 4856 dum
1604 4805 1826 4857 saturos

209 4900 420 4959 greges
444 4887 518 4942 ad
550 4889 694 4943 ovile
713 4889 1060 4956 reducimus,
1078 4889 1272 4962 paucis
1291 4893 1519 4944 tantum
1547 4888 1826 4945 sermoni-

206 4973 309 5029 bus
333 4977 656 5043 intimabo,
691 4977 1186 5050 qualiteromnem
1205 4979 1443 5033 Galliam
1466 4978 1556 5033 hic
1583 4979 1824 5051 populus

210 5062 276 5115 sit
306 5069 679 5137 pervagatus,
704 5071 761 5120 et
789 5067 1038 5138 qualiter
1066 5085 1193 5122 eam
1228 5084 1262 5122 a
1281 5067 1553 5122 Romanis
1574 5067 1822 5122 abstule-

1927 4537 2001 4592 ad
2029 4535 2411 4608 supplendam
2439 4534 2738 4590 historiam
2759 4536 2844 4590 vel
2859 4535 2930 4590 ad
2944 4533 3350 4606 depellendum
3373 4533 3531 4588 fasti-

1927 4625 2088 4680 dium
2142 4641 2368 4690 eorum,
2397 4624 2603 4696 quibus
2639 4624 2898 4695 displicet
2919 4622 3139 4696 prolixa
3183 4621 3443 4677 narratio
3475 4623 3534 4676 et

1928 4731 2075 4768 nova
2104 4729 2332 4783 semper
2353 4712 2552 4767 audire
2578 4711 2895 4778 delectat,si
2924 4713 3114 4784 aliqua
3136 4729 3200 4767 ex
3229 4711 3517 4780 opusculis

1925 4801 2242 4856 vicinarum
2274 4801 2536 4872 gentium
2562 4802 2710 4857 elate
2730 4803 2780 4864 [e
2816 4800 3024 4859 latere]
3062 4800 3330 4871 tetigero.
3377 4800 3521 4853 Nam

1924 4889 1989 4956 is,
2013 4890 2108 4961 qui
2141 4889 2389 4962 propriis
2426 4905 2657 4961 semper
2687 4889 2903 4944 deliciis
2925 4889 3134 4959 afﬂuit,
3163 4887 3340 4944 etiam
3394 4903 3528 4942 cum

1924 4983 2186 5034 externas
2213 4977 2486 5050 tetigerit,
2519 4978 2853 5034 delectatur.

1314 5239 1659 5326 LIBER
1735 5239 2362 5338 SECUNDUS,
2399 5277 2404 5279 -

285 5438 611 5492 Glodoveus
638 5438 813 5509 igitur
838 5454 992 5492 anno
1021 5437 1222 5510 quinto
1261 5437 1490 5510 imperii
1521 5438 1601 5493 sui
1630 5442 1832 5494 contra
1933 5439 1991 5494 in
2023 5439 2334 5494 exercitum
2349 5438 2910 5512 adunarepraecepit.
2934 5438 3186 5512 Siagrius
3210 5437 3332 5511 pari
3363 5433 3537 5492 modo

216 5523 515 5600 Siagurim
551 5528 748 5599 .Egidii
796 5529 978 5582 filium
1010 5544 1174 5582 arma
1221 5527 1520 5600 corripuit,
1554 5531 1723 5600 atque
1755 5529 1827 5584 ad

221 5616 646 5673 exturbandum
664 5634 796 5673 eum
815 5617 885 5672 de
911 5619 1154 5690 paterno
1194 5617 1333 5673 solie
1353 5618 1602 5672 Francos
1623 5634 1825 5675 omnes

1933 5546 1998 5584 ex
2019 5529 2180 5584 omni
2197 5533 2358 5600 parte
2387 5529 2636 5584 collectis
2651 5529 2862 5584 viribus
2875 5529 2947 5584 ad
2967 5527 3397 5584 defendendum
3411 5542 3537 5580 suo-

1925 5635 2056 5677 rum
2076 5617 2617 5692 animosprmparat,
2636 5619 3032 5676 Romanorum
3051 5611 3547 5681 fortiafaclacomj
