3940 6166
348 280 450 340 595
1268 272 1642 336 RORICONIS
1678 268 1992 336 MONACHI
2019 270 2559 338 MOISSIACENSIS.
3572 282 3667 339 596

350 415 705 468 memorans,
738 399 797 456 et
823 398 897 455 ad
952 399 1414 457 contemnendos
1461 398 1727 457 inimicos
1756 416 1959 456 eorum
1979 398 2035 460 A
2066 400 2286 475 giraret
2314 401 2629 471 universos,
2663 402 2721 457 et
2736 400 3080 476 apparatum
3096 396 3671 473 singulorumsedulo

350 505 516 546 enses
544 488 900 545 acutissimas
927 505 1020 544 ese
1069 504 1300 561 semper
1348 487 1671 545 insinuans.
1704 490 1772 544 Et
1827 506 1961 545 cum
2060 491 2440 563 perlustraret
2468 490 2701 559 intuitu,
2730 490 2804 546 ad
2821 490 3095 547 ultimum
3111 505 3254 546 eum
3270 488 3371 561 qui
3391 505 3673 561 percusse-

353 577 493 633 hinc
524 575 730 633 etinde
766 580 1024 650 utraeque
1051 578 1200 634 acies
1224 577 1577 646 insisterent,
1606 581 1665 634 et
1707 578 1963 633 buccinis
2062 583 2154 635 rat
2182 597 2418 635 urceum
2449 580 2627 635 oculis
2669 580 3047 652 conspicatur.
3078 580 3153 634 Et
3187 578 3503 650 praefatam
3539 578 3678 649 inju-

354 664 834 736 concrepantibus
870 664 1124 738 undique
1169 665 1388 738 spicula
1407 665 1796 733 miiterentur,
1827 666 1964 721 totis
2062 669 2210 724 riam
2242 672 2439 725 mente
2451 670 2766 737 revolvens,
2792 669 3039 741 agrestia
3059 668 3198 740 ejus
3220 683 3394 724 arma
3422 666 3676 733 miratus,

352 751 562 805 viribus
582 751 1000 806 cumRomanis
1013 752 1375 808 decertantes
1416 753 1639 820 Franci,
1676 769 1964 808 memores
2065 774 2198 813 eum
2229 757 2504 829 injuriare
2533 757 2705 831 coepit
2741 774 2842 813 cur
2868 758 3142 813 videlicet
3157 759 3525 811 conventum
3543 754 3680 810 viro.

349 839 566 911 prioris
592 840 821 911 injuriae
838 842 1086 913 qualiter
1116 859 1213 897 eos
1244 858 1279 897 a
1302 842 1624 897 Sicambria
1651 842 1961 914 ejccerant,
2062 863 2193 902 rum
2224 847 2509 902 nobilium
2546 850 2666 901 tam
2692 846 2986 902 horrendo
3018 847 3327 916 turpasset
3383 845 3675 915 apparatu.

353 928 494 982 nulli
526 932 828 999 parcentes
854 930 1245 998 aetati,omnes
1272 929 1488 1001 pariter
1524 930 1761 985 desectis
1792 929 1964 986 cervi-
2061 936 2471 1008 Accipiensque
2497 935 2915 1007 armasingula,
2946 951 3075 990 cum
3109 932 3534 1004 indignatione
3562 947 3679 985 ma-

352 1014 510 1071 cibus
527 1016 731 1088 gladiis
760 1017 1209 1086 obtruncabant;
1242 1022 1300 1073 et
1320 1018 1476 1090 quod
1505 1017 1659 1073 dictu
1684 1018 1858 1073 etiam
1878 1022 1963 1073 est
2062 1023 2217 1078 xima
2263 1023 2415 1079 elisit,
2443 1023 2516 1078 ad
2543 1026 2780 1079 terram.
2829 1024 2897 1077 Et
2945 1039 3074 1077 cum
3104 1022 3212 1077 ille
3241 1020 3321 1075 ad
3363 1018 3679 1091 colligenda

350 1104 732 1172 horrendum,
764 1106 960 1176 plures
999 1122 1200 1161 eorum
1234 1106 1537 1161 laniandos
1564 1107 1758 1161 bestiis
1801 1106 1960 1177 obje-
2062 1128 2227 1168 arma
2269 1129 2511 1167 manum
2549 1110 2779 1167 acclinis
2808 1110 3171 1181 extenderet,
3205 1125 3313 1164 rex
3353 1108 3577 1162 elevata
3597 1105 3678 1162 bi-

353 1192 608 1250 ctabant.
661 1192 921 1265 Siagrius
940 1194 1134 1265 itaque
1157 1211 1368 1249 exesum
1382 1211 1623 1250 cernens
1649 1196 1962 1250 exercitum
2060 1216 2252 1271 penne
2288 1203 2460 1272 caput
2484 1200 2605 1271 ejus
2628 1199 2826 1255 lethali
2853 1200 3088 1255 vulnere
3124 1194 3441 1269 percussit,
3475 1197 3534 1250 et
3561 1194 3674 1248 ait:

351 1295 540 1346 suum,
570 1280 721 1335 solus
753 1297 783 1335 e
817 1282 1017 1354 praelia
1052 1281 1224 1354 fugit,
1255 1285 1313 1337 et
1338 1299 1468 1337 cum
1492 1299 1551 1338 se
1582 1283 1756 1337 morti
1785 1298 1959 1338 cona-
2061 1310 2089 1338 ‹‹
2117 1290 2202 1343 Ita
2231 1291 2290 1343 et
2313 1292 2374 1343 tu
2400 1304 2554 1342 anno
2577 1287 2867 1358 praeterito
2900 1286 3248 1343 Suessiones
3279 1299 3526 1339 urceum
3554 1299 3676 1354 per-

351 1370 511 1421 retur
540 1369 1075 1437 abstrahere,morti
1087 1370 1276 1442 potius
1298 1370 1636 1426 destinatur.
1652 1372 1796 1426 Nam
1819 1372 1957 1427 dum
2059 1368 2338 1423 cussisti.»
2372 1367 2495 1433 Quo
2511 1365 3391 1437 mortuo,adversusThoringos
3412 1361 3679 1418 eumdem

350 1452 615 1509 Tolosam
641 1456 868 1528 fugeret
885 1457 958 1512 ad
980 1457 1271 1512 Alaricum
1305 1458 1625 1513 Gothorum
1646 1476 1866 1531 regem,
1899 1462 1957 1515 et
2057 1456 2216 1512 duxit
2244 1455 2578 1523 exercitum,
2635 1459 2693 1510 et
2721 1471 2821 1510 eos
2850 1454 3032 1510 nimia
3081 1453 3251 1510 caede
3285 1454 3677 1524 prosternens,

353 1540 668 1598 Clodoveus
698 1544 879 1598 victor
904 1545 1175 1600 detractis
1204 1546 1401 1619 spoliis
1427 1547 1743 1616 laetaretur,
1774 1547 1952 1603 inter-
2056 1544 2883 1620 postinnumerascwdesmost
2919 1542 3325 1616 populitotius
3354 1538 3681 1595 diminutio-

350 1630 711 1686 currentibus
761 1632 981 1687 nuntiis
1018 1635 1305 1704 perlatum
1352 1638 1438 1689 est
1486 1635 1770 1691 Clodoveo
1803 1635 1959 1707 quod
2061 1651 2219 1703 nem,
2240 1637 2369 1705 post
2392 1632 2594 1705 patriai
2610 1631 3087 1700 devastationem,
3117 1630 3397 1685 residuos
3423 1626 3675 1692 tandem,

349 1720 503 1792 apud
534 1719 820 1775 Alaricum
855 1722 1113 1793 Siagrius
1139 1725 1539 1781 occultaretur.
1575 1726 1818 1781 Pervaso
1849 1725 1959 1797 igi-
1986 1741 2037 1800 Β
2061 1722 2159 1796 qui
2207 1724 2383 1777 vitam
2429 1721 2567 1794 fuga
2612 1723 3005 1793 protexerant,
3036 1718 3237 1775 redire
3286 1715 3591 1789 praecepit,
3622 1718 3677 1769 et

346 1810 443 1861 tur
467 1808 627 1862 omni
648 1825 830 1881 regno
863 1810 1091 1882 Siagrii,
1125 1811 1437 1867 Clodoveus
1473 1814 1696 1885 legatos
1725 1830 1856 1868 suos
1887 1813 1961 1868 ad
2061 1828 2159 1867 eos
2188 1812 2538 1867 Francorum
2560 1809 2892 1865 tributarios
2918 1808 3075 1864 fecit.

345 1896 636 1951 Alaricum
657 1896 870 1970 dirigit,
900 1900 1189 1954 mandans
1218 1904 1280 1955 ut
1310 1899 1362 1954 ei
1396 1900 1651 1973 Siagrius
1681 1902 1956 1957 reddere-
2132 1903 2195 1955 ln
2228 1900 2428 1955 diebus
2459 1899 2570 1954 illis
2605 1898 3015 1953 Gundobaldus
3044 1899 3104 1952 et
3131 1893 3511 1968 Godegisilus
3544 1894 3676 1948 Bur-

296 1996 305 2001 ‘
347 1984 461 2050 tur,
493 1983 580 2039 sin
612 1984 797 2053 aliter,
828 1990 1133 2057 pararetur
1172 1987 1248 2042 ad
1279 1988 1513 2043 bellum.
1532 1990 1791 2045 Metuens
1824 1991 1956 2046 Ala-
2060 1987 2426 2060 gundionum
2455 2003 2643 2058 reges,
2692 1985 2793 2040 ﬁlii
2834 1984 3101 2040 videlicet
3128 1982 3459 2050 Gundevei,
3494 1980 3589 2053 qui
3613 1996 3675 2035 ex

352 2070 502 2127 ricus
532 2073 883 2129 Francorum
913 2075 1137 2146 gladios
1168 2076 1434 2147 experiri,
1467 2094 1572 2149 per
1598 2078 1835 2133 eosdem
1878 2080 1957 2133 le-
2062 2075 2607 2150 genereAthanarici
2628 2075 2778 2146 regis
2800 2073 3204 2140 descenderat,
3240 2071 3434 2127 nimia
3462 2069 3675 2142 cupidi-

348 2162 648 2233 gatosregi
671 2162 956 2219 Clodoveo
989 2164 1280 2236 Siagrium
1315 2165 1513 2233 mittit,
1545 2167 1832 2221 mandans
1860 2166 1963 2221 hu—
2063 2164 2387 2233 tateillecti,
2408 2165 2650 2219 fratrem
2672 2180 2839 2218 suum
2875 2161 3114 2219 nomine
3139 2160 3543 2232 Chilperieum
3565 2158 3677 2229 gla-

352 2248 567 2302 militer
593 2249 833 2320 utjuxta
862 2254 1058 2306 votum
1106 2252 1287 2307 animi
1327 2254 1483 2324 quod
1515 2257 1810 2309 meruerat
1834 2254 1960 2309 red—
2061 2255 2156 2310 dio
2187 2258 2583 2326 peremerunt,
2607 2257 2664 2309 et
2684 2264 2922 2308 uxorem
2948 2251 3120 2318 illius,
3144 2251 3335 2324 ligato
3367 2249 3444 2304 ad
3469 2248 3672 2303 collum

352 2336 517 2391 deret
547 2336 783 2393 inimico
815 2356 936 2393 suo.
969 2340 1113 2403 Quoi
1153 2357 1283 2395 cum
1326 2342 1451 2412 regi
1484 2346 1956 2414 praesentaretur,
2060 2361 2216 2412 saxo,
2251 2344 2516 2399 ﬂuctibus
2544 2344 3008 2398 submerserunt.
3030 2340 3401 2412 Chilpericus
3427 2337 3531 2392 iste
3544 2336 3675 2391 duas

351 2423 526 2479 misso
559 2425 901 2496 spiculatore
947 2433 1117 2499 caput
1162 2429 1286 2500 ejus
1336 2429 1627 2499 amputari
1659 2432 1957 2503 praecepit.
2061 2432 2208 2487 ﬁlias
2227 2433 2681 2488 habuit.Nemen
2713 2430 2815 2486 uni
2845 2426 3489 2492 Chronna,Croehildis
3506 2425 3676 2480 altera

351 2512 710 2585 Deliincjam
739 2514 938 2569 sedato
956 2517 1227 2585 tumultu,
1255 2517 1538 2588 etfugatis
1551 2517 1809 2573 hostibus
1831 2536 1961 2590 par-
2061 2521 2398 2591 vocabatur;
2429 2521 2763 2576 Chronnam
2788 2535 2947 2585 vero,
2979 2520 3211 2572 mutata
3241 2518 3427 2582 veste,
3454 2512 3673 2569 Gunde-

347 2599 569 2673 timque
602 2603 980 2672 detruncatis,
1010 2620 1259 2676 regnum
1295 2604 1523 2676 Siagrii,
1558 2608 1616 2660 et
1660 2606 1961 2662 thesauros
2059 2610 2262 2666 baldus
2282 2609 2477 2665 exsilio
2504 2607 2935 2674 condemnavit,
2958 2605 3375 2661 Chrochildem
3402 2600 3563 2658 domi
3587 2615 3670 2654 re-

347 2690 472 2761 ejus
495 2690 793 2747 universos
811 2707 1167 2766 omnemque
1183 2693 1405 2765 regiam
1424 2694 1837 2766 supellectilem
1853 2696 1959 2752 sibi
2057 2698 2621 2769 tinuit.Prasceperat
2642 2700 2778 2752 tunc
2801 2693 3121 2750 Clodoveus
3142 2710 3246 2749 rex
3270 2690 3559 2764 legatario
3575 2703 3668 2742 suo

344 2778 449 2833 soli
467 2779 780 2835 Clodoveus
810 2780 1067 2837 retinuit.
1093 2782 1358 2837 Praedam
1386 2799 1520 2838 vero
1549 2786 1607 2838 et
1633 2783 1820 2856 spolia
1850 2801 1946 2840 oe-
2055 2787 2364 2841 Aureliano
2397 2789 2460 2841 ut
2516 2784 2623 2839 sibi
2654 2785 2846 2857 puella
2875 2782 3082 2837 nobilis
3114 2783 3489 2848 quereretur
3513 2774 3668 2833 bonis

345 2866 595 2923 cisorum
628 2867 906 2923 militibus
956 2869 1233 2925 universis
1261 2887 1427 2943 aeque
1459 2871 1768 2927 dividenda
1788 2890 1954 2929 man-
2057 2875 2316 2930 moribus
2329 2874 2612 2929 adornata
2627 2870 2896 2927 ethabitu
2918 2870 3176 2942 corporis
3191 2870 3668 2937 decorata,quam

345 2955 651 3012 davit.Non
675 2958 861 3012 solum
897 2958 1054 3013 enim
1074 2958 1235 3014 villas
1257 2976 1356 3014 seu
1391 2960 1622 3014 castella
1644 2959 1835 3032 aliqua
1864 2979 1956 3016 va—
1987 3023 2026 3034 _
2055 2964 2162 3018 sibi
2194 2962 2461 3034 conjugio
2485 2962 2800 3034 copularet.
2824 2958 3258 3030 Frequenterin
3278 2953 3665 3027 Burgundiam

342 3049 655 3113 staverant,
678 3064 876 3102 verum
899 3048 1077 3103 etiam
1111 3049 1377 3104 ecclesias
1404 3050 1595 3119 plures
1622 3066 1755 3104 cum
1792 3053 1955 3106 tanta
1980 3023 2027 3082 Ο
2053 3052 2392 3107 Aurelianus
2434 3050 2601 3117 ierat,
2634 3049 3016 3121 quamobrem
3044 3050 3101 3102 et
3132 3043 3498 3102 Chrochildis
3545 3056 3668 3112 pru-

343 3135 613 3191 aviditate
641 3135 972 3211 depopulati
1018 3141 1170 3203 sunt,
1228 3140 1290 3191 ut
1340 3154 1469 3192 cum
1505 3155 1681 3193 aurea
1708 3155 1952 3211 quaeque
2055 3140 2314 3195 dentiam
2337 3143 2395 3195 et
2424 3137 2775 3209 elegantiam
2800 3138 2950 3192 bene
2973 3137 3353 3206 cognoverat.
3371 3133 3471 3187 Hic
3492 3144 3666 3184 acces~

344 3225 434 3279 vel
465 3228 742 3297 argentea
773 3226 1041 3280 utensilia
1065 3226 1170 3281 sibi
1202 3227 1443 3298 quisque
1488 3227 1851 3295 reconderet,
1885 3246 1953 3284 ea
2054 3228 2215 3283 sitad
2240 3244 2463 3300 regem,
2497 3231 2554 3282 et
2579 3227 2785 3299 puella:
2807 3224 3180 3296 prudentiam
3218 3221 3421 3278 nimiis
3454 3232 3659 3291 praeco-

344 3312 523 3368 etiam
552 3330 681 3385 quae
714 3313 882 3368 nullis
912 3314 1255 3369 utilitatibus
1273 3320 1440 3369 erant
1467 3331 1723 3386 congrua
1753 3316 1837 3370 vel
1854 3335 1953 3372 un-
2056 3317 2167 3373 niis
2190 3318 2453 3372 attollere
2499 3315 2690 3387 caspit.
2717 3314 2937 3369 Exarsit
2961 3313 3017 3368 in
3045 3308 3524 3384 concupiscentia
3550 3305 3663 3376 ejus

344 3402 549 3473 guibus
589 3402 956 3469 dissecareul,
978 3403 1065 3457 vel
1097 3402 1353 3458 ﬂammis
1378 3403 1597 3473 injecta
1622 3420 1953 3460 concrema-
2055 3405 2208 3477 regis
2238 3405 2598 3470 animositas,
2632 3406 2694 3457 et
2722 3418 2826 3474 per
2854 3400 3202 3473 legatarium
3235 3396 3478 3471 virginis
3505 3407 3662 3449 aures

345 3494 498 3546 rent.
525 3490 682 3544 Inter
696 3494 904 3545 caetera
932 3508 1066 3546 vero
1094 3491 1466 3547 ecclesiarum
1487 3495 1954 3561 ornamenta,ur-
2056 3495 2327 3565 appellat,
2360 3494 2405 3548 si
2435 3493 2585 3549 forte
2603 3492 2965 3546 Francorum
2996 3488 3118 3561 regi
3149 3489 3349 3560 puella
3379 3483 3584 3540 nobilis
3611 3479 3665 3533 et

346 3594 512 3633 ceum
546 3577 710 3631 mirae
743 3579 1160 3649 magnitudinis
1204 3577 1450 3651 mirique
1487 3579 1730 3648 decoris,
1760 3580 1831 3635 de
1868 3598 1955 3636 ec-
2058 3582 2319 3652 orphana
2346 3579 2822 3654 cuperetsociari.
2853 3578 3021 3649 Regis
3048 3576 3559 3632 mandatalaturus
3581 3583 3660 3623 ar-

345 3664 517 3720 clesia
549 3665 801 3738 quadam
832 3667 1208 3722 abstulerant.
1258 3666 1369 3721 Hos
1403 3666 1652 3723 ecclesiae
1694 3668 1953 3740 ejusdem
2058 3669 2193 3741 ripit
2212 3669 2320 3724 iter
2338 3669 2703 3729 Aurelianus,
2744 3665 3140 3739 Burgundiam
3168 3665 3447 3729 tendens,
3471 3663 3527 3715 et
3556 3669 3660 3729 quo

344 3756 645 3827 episcopus
671 3770 774 3826 per
792 3755 1410 3828 legatossubsequitur,
1437 3756 1645 3812 humili
1661 3774 1833 3829 prece
1853 3758 1954 3814 de-
2059 3761 2301 3814 noverat
2328 3774 2448 3813 esse
2464 3758 2718 3829 puellam
2746 3754 3001 3828 pedestri
3030 3754 3238 3809 itinere
3270 3750 3658 3827 preperat,pe-

343 3860 586 3917 poscens
614 3848 676 3899 ut
705 3844 756 3899 ei
778 3845 1092 3901 Clodoveus
1104 3862 1203 3901 rex
1234 3862 1469 3901 urceum
1485 3847 1728 3903 reddere
1753 3848 1956 3919 digna-
2059 3864 2188 3903 ram
2208 3847 2400 3902 ferens
2415 3849 2474 3901 et
2494 3846 2787 3912 baculum,
2808 3842 3092 3900 resarcitis
3112 3842 3326 3897 tunicis
3339 3838 3659 3910 adopertus:

342 3936 504 3988 retur
524 3933 802 3989 ablatum.
832 3933 1046 3998 Quibus
1072 3935 1496 4007 itarespondit:
1530 3935 1727 3990 «Licet
1756 3938 1957 3994 omnia
2058 3936 2119 3993 in
2150 3936 2423 4008 sportella
2439 3935 2719 3989 absconsa
2733 3933 2956 3989 ferebat
2982 3948 3229 3986 munera
3249 3922 3657 3987 Clodovei.QuO

343 4012 848 4077 reddendafOrent
869 4039 996 4095 quae
1023 4023 1094 4077 de
1112 4022 1570 4078 Christianorum
1586 4024 1832 4079 ecclesiis
1854 4026 1956 4080 ab-
2061 4042 2192 4082 cum
2213 4022 2937 4096 pervenisset,adveniente
2955 4020 3047 4076 die
3068 4020 3375 4076 Dominico
3400 4018 3550 4072 inter
3575 4024 3658 4073 [θ’

344 4111 630 4174 δὶαΙὶῐηιιε,
664 4115 859 4165 tamen
888 4112 930 4166 si
950 4111 1106 4166 aliud
1120 4110 1481 4166 videturnon
1498 4113 1710 4168 mereri
1734 4113 1954 4184 episeo-
2008 4130 2013 4135 ‘
2060 4115 2244 4188 liquos
2270 4128 2554 4185 pauperes
2590 4112 2664 4167 ad
2707 4110 3053 4183 capiendam
3083 4110 3515 4180 eleemosynam
3546 4114 3655 4155 sese

344 4215 472 4270 pus,
512 4216 748 4253 urceum
777 4204 999 4263 tamen,
1026 4200 1070 4254 si
1091 4203 1303 4255 nostras
1327 4200 1491 4278 parti,
1510 4201 1955 4271 obvenerit,non
2058 4201 2399 4258 Aurelianus
2417 4198 2729 4255 immiscuit
2759 4204 2820 4254 ut
2851 4197 3177 4255 Chrochildi
3210 4198 3279 4253 de
3310 4190 3653 4278 ecclesiare-

346 4288 632 4359 negabo.»
660 4288 756 4342 His
772 4288 957 4357 dictis,
977 4289 1234 4344 concitus
1260 4272 1399 4346 abiit
1420 4272 1533 4363 quo
1552 4293 1726 4347 totius
1745 4294 1956 4365 praeda;
1982 4307 2035 4366 D
2060 4292 2263 4347 deunti
2288 4306 2502 4362 paucos
2527 4289 2809 4345 indicaret
2831 4287 3291 4344 sermones.Erat
3321 4283 3477 4341 enim
3507 4272 3654 4366 Chri-

344 4393 574 4431 summa
605 4376 915 4432 dividenda
968 4381 1205 4445 erat,'et
1236 4379 1313 4433 sic
1354 4362 1634 4435 universis
1679 4362 1956 4436 militibus
1983 4362 2019 4366 —
2061 4379 2416 4444 stiana.Qute
2446 4377 2578 4433 cum
2597 4378 2669 4433 de
2688 4377 2928 4432 ecclesia
2951 4376 3193 4431 domum
3208 4372 3583 4430 reverteretur
3601 4362 3652 4415 et

346 4464 511 4519 infit:
542 4483 573 4517 α
607 4464 788 4535 Rogo,
812 4465 1132 4520 charissimi
1154 4467 1386 4535 milites,
1410 4471 1471 4522 ut
1488 4468 1814 4525 Deiamoris
1831 4487 1959 4540 gra-
2061 4471 2228 4525 solita
2262 4468 2669 4524 munificentia
2702 4466 2941 4539 singulis
2978 4465 3327 4539 pauperibus
3355 4466 3651 4547 eleemosy:

345 4551 429 4607 tia
447 4569 680 4607 urceum
700 4552 860 4607 illum
885 4571 1028 4609 meae
1042 4554 1180 4609 sorti
1195 4555 1791 4628 deputetis,quatenus
1808 4559 1960 4614 hunc
2066 4575 2203 4614 nam
2219 4558 2412 4628 imper
2424 4555 2849 4628 tiret,pervenit
2860 4554 3307 4610 adAurelianum
3320 4543 3582 4609 etobtulit
3601 4543 3648 4593 ei

347 4641 566 4713 petenti
609 4640 874 4715 episcopo
905 4642 1149 4697 reddere
1181 4645 1427 4710 valeam,
1462 4661 1535 4699 ne
1568 4662 1635 4700 ex
1663 4649 1785 4701 toto
1818 4663 1960 4718 pau-
2067 4663 2309 4721 aureum
2344 4662 2550 4711 unum,
2587 4643 2762 4699 totius
2808 4643 3015 4715 ignara
3040 4642 3278 4714 negotii.
3324 4641 3500 4706 Quem
3531 4642 3649 4721 ctlm

350 4732 584 4803 percula
622 4731 744 4802 ejus
797 4732 1034 4787 ecclesia
1077 4735 1273 4787 nostra
1292 4733 1568 4788 violentia
1594 4735 1904 4793 desoletur.
1934 4759 1962 4787 »
2065 4719 2161 4792 ille
2190 4734 2515 4805 recepisset,
2545 4736 2709 4788 caute
2734 4732 3013 4787 subtraxit
3051 4731 3294 4804 pallium
3326 4727 3539 4802 puellm,
3568 4719 3644 4805 in:

352 4801 570 4874 l’lacuit
604 4801 878 4875 universis
910 4821 1110 4893 petitio
1142 4820 1318 4893 regis,
1371 4826 1428 4877 et
1465 4824 1733 4895 gratandi
1764 4825 1963 4881 animo
2067 4842 2250 4881 nuens
2299 4801 2421 4878 sese
2452 4821 2608 4894 loqui
2663 4821 2806 4876 velle
2852 4836 2983 4874 cum
3021 4801 3137 4873 illa.
3184 4819 3432 4874 Ventum
3486 4801 3646 4903 eslfld

350 4925 587 4964 urceum
610 4909 851 4964 reddere
875 4909 1287 4977 decernebant,
1323 4928 1457 4965 cum
1486 4929 1633 4967 unus
1665 4929 1696 4967 e
1734 4914 1966 4968 Francis
2067 4910 2848 4986 palatium,et,subsequente
2864 4908 3196 4975 Aureliano,
3226 4902 3647 4979 ingrediturvir'

350 4996 409 5053 in
441 4998 525 5053 sui
556 4997 871 5072 perniciem
896 5000 1116 5053 elevata
1134 4999 1387 5070 bipenne
1411 5018 1641 5056 urceum
1664 5003 1962 5074 percussit,
2068 5018 2142 5073 go
2156 4999 2563 5060 triclinium,et
2588 4997 2748 5052 misit
2773 4996 3041 5051 ancillam
3065 5010 3193 5066 quae
3215 4989 3485 5049 convocet
3502 4995 3647 5057 ροτθ·

352 5091 409 5143 et
439 5089 518 5143 ait
544 5106 557 5143 :
592 5112 618 5138 «
650 5088 814 5153 Quod
830 5088 880 5142 ei
913 5105 1034 5143 sors
1057 5089 1309 5157 dederit,
1335 5090 1510 5145 cuivis
1538 5092 1906 5162 impertiatur
1935 5110 1968 5147 a
2068 5090 2303 5162 grinum
2358 5086 2572 5144 Detulit
2608 5084 2950 5139 Aurelianus
2989 5082 3233 5138 donaria
3280 5082 3445 5155 regis,
3475 5076 3644 5162 et?”

350 5194 508 5249 rege,
557 5181 780 5234 nostras
837 5177 1002 5232 nobis
1031 5181 1225 5249 partes
1255 5179 1380 5252 ipse
1430 5159 1776 5253 relinquat.»
1825 5181 1965 5236 Obs-
2070 5159 2749 5232 nulumClodoveimauu
2768 5176 2999 5245 gestans
3027 5172 3421 5243 porrexiteum
3439 5159 3640 5253 puellm,

351 5266 655 5338 tupefactis
682 5267 952 5322 omnibus
979 5283 1044 5321 ac
1075 5266 1160 5321 rei
1193 5249 1353 5322 istius
1384 5249 1639 5324 novitate
1700 5270 1965 5337 turbatis,
2070 5269 2128 5321 et
2156 5266 2262 5321 ait:
2298 5288 2325 5315 «
2360 5266 2671 5337 Loquatur,
2696 5262 2954 5329 obsecro,
2989 5260 3069 5315 mi
3099 5259 3359 5328 domina,
3390 5249 3639 5343 quiddam

352 5356 506 5428 regis
539 5355 861 5428 indignatio
885 5354 1170 5428 patientia
1194 5355 1431 5411 interim
1460 5357 1780 5430 opperitur,
1795 5360 1854 5411 et
1870 5374 1965 5412 ur-
2068 5371 2260 5411 servus
2289 5357 2417 5408 tuus
2450 5354 2667 5407 secrete
2696 5349 2757 5405 in
2776 5350 3007 5405 auribus
3032 5348 3141 5403 tuis
3180 5352 3246 5403 ut
3280 5348 3429 5403 licite
3450 5344 3638 5435 ροξξιηξ

348 5424 518 5501 ceum
549 5424 794 5500 reddere
824 5424 1100 5518 praecepit
1129 5443 1403 5519 episcopo
1467 5424 1636 5501 Anno
1664 5445 1860 5519 itaque
1873 5463 1964 5502 ex-
2067 5443 2339 5499 intimare
2368 5440 2645 5496 mandata
2675 5437 2899 5494 domini
2927 5436 3044 5493 mei
3072 5437 3283 5510 regis.»
3310 5435 3409 5493 Cui
3434 5433 3488 5486 et
3516 5424 3636 5480 illa:

348 5534 505 5619 pleto
522 5536 877 5614 congregato
908 5533 1339 5609 exercitu,dum
1386 5534 1706 5597 secundum
1736 5551 1965 5601 morem
2066 5553 2101 5601 ς
2127 5533 2410 5611 Loquere,
2440 5551 2466 5587 ι
2491 5529 2700 5611 inquit.
2716 5529 2785 5593 Et
2812 5527 3106 5591 educense
3136 5527 3410 5607 sportella
3426 5524 3636 5601 εροηεδο
