3862 6172
226 396 305 450 597
1371 385 1587 444 essm
1614 383 2056 444 FRANCORUM.
2138 359 2142 362 ’
3375 393 3478 446 598

222 517 284 571 lia
301 513 639 576 ornamenta,
663 509 872 566 obtulit
895 509 1123 580 puella,
1155 509 1380 566 dicens:
1403 528 1433 561 ε
1451 509 1581 564 Haec
1606 525 1772 564 man-
1796 511 1852 570 Α
1875 507 1970 579 qui
2007 507 2218 563 effusus
2246 507 2405 564 estin
2438 508 2704 565 manibus
2733 508 2913 582 ejus.»
2942 510 3009 565 Et
3037 511 3204 581 plura
3232 510 3478 578 locutus,

223 604 301 657 dat
315 601 562 655 dominus
581 615 744 653 meus
766 615 863 653 rex
878 598 1216 665 Clodoveus,
1244 597 1365 652 utsi
1389 597 1442 652 ei
1460 596 1774 668 praebueris
1875 597 2115 650 tandem
2134 595 2372 651 consilio
2417 598 2775 668 prudentum
2807 598 3062 652 virorum
3108 597 3376 669 mitigata
3400 602 3484 651 est

221 694 308 745 tua:
353 686 650 742 voluntatis
679 703 1000 752 assensum,
1031 686 1244 756 absque
1277 685 1553 740 dilatione
1584 688 1640 739 te
1684 701 1775 739 re-
1877 683 2688 752 insania,etsicChrocbildem
2702 685 3011 740 Aureliano
3031 685 3480 750 tradidit.Quam

220 776 424 849 cipietin
452 791 712 830 uxorem.
733 797 760 823 ››
786 776 1029 829 Tantam
1047 774 1393 828 industriam
1414 773 1517 828 viri
1532 773 1779 828 miratur
1879 787 2010 826 cum
2029 770 2250 842 ingenti
2276 771 2487 843 gaudio
2518 773 2860 827 Aurelianus
2887 772 3480 844 suscipiens,Suessio-

218 865 392 936 puella,
422 865 478 916 et
507 879 639 916 cum
671 861 854 917 nimia
872 861 1082 916 mentis
1112 861 1406 916 alacritate
1430 860 1672 916 donaria
1693 876 1779 914 re-
1879 858 1970 912 nis
1991 858 2278 914 civitatem
2312 876 2505 915 secum
2543 877 2721 931 usque
2765 860 2944 923 duxit,
2992 864 3048 914 et
3077 860 3327 914 reddidit
3351 877 3482 914 eam

220 953 287 1024 gis
309 952 672 1021 amplexatur,
691 954 750 1005 et
773 954 981 1006 caetera
1001 950 1107 1004 sibi
1132 949 1474 1016 recondens,
1499 949 1780 1004 annulum
1882 947 2184 1004 Clodoveo.
2221 948 2390 1018 Cujus
2422 948 2846 1020 pulchritudine
2876 948 3190 1003 delectatus
3217 963 3480 1016 rex,con-

215 1041 368 1095 solum
394 1039 450 1093 in
500 1040 797 1094 thesauros
829 1038 1091 1094 avunculi
1124 1038 1208 1092 sui
1253 1037 1528 1111 reposuit,
1559 1041 1616 1091 et
1645 1035 1782 1090 talia
1877 1035 2090 1090 vocatis
2119 1036 2383 1106 regnisui
2402 1035 2757 1106 proceribus,
2787 1037 3100 1091 secundum
3117 1037 3484 1108 regiamcon—

216 1129 377 1182 retulit
422 1126 728 1198 portitori:
783 1152 810 1177 «
871 1127 1124 1183 Salutem
1158 1127 1329 1183 dicito
1386 1127 1693 1192 Clodoveo,
1724 1128 1782 1180 et
1880 1123 2242 1178 suetudinem
2258 1124 2506 1179 eamsibi
2537 1125 2838 1179 sociavitin
2868 1141 3124 1180 uxorem.
3155 1125 3295 1180 Sero
3311 1124 3484 1195 igitur

214 1216 436 1288 quamvis
463 1233 582 1270 non
603 1216 676 1270 sit
703 1215 922 1270 licitum
953 1219 1016 1270 ut
1047 1217 1226 1270 nubat
1256 1215 1580 1271 Christiana
1604 1231 1780 1286 paga-
1883 1211 1974 1265 die
1995 1212 2113 1278 illo,
2145 1212 2377 1283 quando
2400 1229 2561 1267 more
2585 1213 2828 1285 nuptiali
2842 1212 2949 1266 sim
2961 1213 3367 1267 ulaccumbere
3381 1212 3484 1266 de-

214 1321 292 1372 no,
328 1309 518 1358 tamen
540 1303 586 1358 si
607 1304 838 1359 Domini
865 1303 964 1358 Dei
992 1306 1254 1359 voluntas
1273 1302 1522 1358 adfuerit
1543 1301 1631 1356 cui
1664 1317 1781 1356 ser-
1882 1300 2190 1365 berent,sic
2221 1301 2317 1356 illa
2347 1302 2506 1371 prior
2533 1302 2781 1356 allocuta
2815 1304 2900 1355 est
2922 1301 3292 1356 Clodoveum.
3323 1323 3350 1350 «
3369 1303 3483 1354 Au-

211 1391 302 1455 vio,
331 1409 498 1467 quem
551 1393 852 1460 confiteor,
882 1409 1055 1464 quem
1088 1392 1290 1454 adoro,
1331 1391 1546 1463 gratias
1577 1390 1784 1444 divina:

211 1483 428 1538 referam
447 1483 757 1554 majestati,
793 1484 851 1537 et
871 1484 1073 1536 nutum
1088 1483 1404 1552 subsequar
1420 1478 1782 1550 imperantis.

211 1573 265 1626 Et
282 1576 336 1626 tu
365 1571 543 1627 nostri
569 1570 770 1626 secreti
809 1569 956 1624 ﬁdus
1005 1569 1236 1640 adjutor
1265 1569 1406 1623 vade
1445 1568 1504 1622 in
1559 1584 1720 1640 pace.
1755 1586 1787 1619 »

210 1662 405 1715 Perlata
439 1663 578 1714 sunt
593 1658 1026 1714 adClodoveum
1046 1657 1222 1713 verba
1248 1658 1537 1728 puellm,et
1564 1672 1790 1711 rursum

1885 1387 2024 1454 diat,
2042 1405 2166 1455 oro,
2179 1389 2452 1443 dominus
2471 1407 2634 1444 meus
2649 1406 2749 1444 rex
2765 1389 3035 1444 ancillam
3066 1405 3251 1456 suam,
3281 1391 3339 1444 et
3354 1405 3487 1442 con-

1887 1476 2092 1531 cedere
2119 1476 2390 1547 dignetur
2409 1477 2772 1533 famulaasuze
2788 1477 3230 1549 petitiunculam
3261 1476 3306 1532 si
3327 1477 3485 1531 inve-

1889 1564 1949 1619 ni
1981 1564 2232 1636 gratiam
2265 1565 2322 1619 in
2371 1569 2680 1638 conspectu
2711 1567 2880 1620 illius.
2911 1588 2940 1615 »
2992 1565 3091 1621 Cui
3126 1565 3440 1620 Clodoveus
3469 1581 3486 1617 :

1891 1675 1919 1702 ‹‹
1944 1654 2101 1716 Pete,
2133 1653 2232 1721 ait,
2267 1654 2423 1725 quod
2451 1655 2554 1722 vis,
2590 1653 2864 1726 quoniam
2913 1657 3010 1709 tua
3035 1652 3236 1724 petitio
3281 1669 3491 1708 conse-

212 1748 880 1805 ClodoveusAurelianum
899 1748 1242 1819 legatarium
1261 1747 1332 1801 ad
1348 1745 1788 1801 Gundebaldum
1889 1745 2098 1814 quetur
2125 1741 2414 1796 effectum.
2433 1763 2461 1791 »
2478 1743 2564 1797 Ad
2581 1745 2701 1798 haec
2723 1742 2925 1813 regina
2941 1742 3143 1814 spiritu
3175 1741 3272 1796 Dei
3304 1742 3492 1812 reple-

209 1838 398 1910 dirigit,
422 1838 783 1909 mandatque
801 1839 864 1890 ut
881 1837 933 1891 ei
951 1836 1009 1890 in
1031 1836 1159 1907 conj
1170 1851 1340 1907 ugem
1368 1837 1605 1906 neptem
1622 1850 1787 1888 suam
1810 1819 1861 1879 Β
1889 1834 1966 1898 ta,
1998 1830 2083 1885 his
2112 1847 2313 1900 regem
2331 1830 2503 1903 carpit
2527 1831 2898 1904 interpellare
2919 1830 3304 1886 sermonibus.
3332 1853 3360 1880 «
3377 1829 3493 1884 Pri-

210 1927 418 1994 tribuat,
457 1926 510 1980 si
541 1927 786 1980 Francos
814 1925 950 1979 velit
984 1925 1199 1979 habere
1225 1926 1494 1994 pacatos;
1529 1915 1785 1993 alioquin

208 2019 287 2070 aut
313 2015 533 2070 tributa
562 2016 868 2086 persolvat,
894 2016 993 2067 aut
1022 2013 1094 2067 ad
1124 2011 1504 2085 pugnandum
1551 2027 1682 2065 cum
1717 2027 1784 2065 eo

207 2120 348 2158 arma
367 2103 669 2173 corripiat.
701 2103 831 2156 Haec
854 2100 1094 2166 audiens
1124 2101 1554 2165 Gundobaldus,
1590 2102 1786 2158 mente

206 2195 590 2246 consternatus
619 2193 896 2246 convocat
925 2189 1141 2244 amicos
1170 2193 1226 2244 et
1253 2188 1608 2243 consiliarios
1633 2180 1784 2253 Suos,

205 2278 374 2334 dicens
402 2279 522 2334 illis
547 2296 560 2332 :
591 2302 618 2328 «
648 2279 832 2334 Nostis
857 2295 1062 2333 omnes
1075 2277 1361 2332 consilarii
1380 2280 1438 2332 et
1463 2276 1633 2331 amici
1651 2275 1785 2341 mei,

200 2369 334 2440 quod
360 2370 722 2424 Francorum
742 2368 1160 2424 rexClodoveus
1185 2367 1489 2423 adversum
1509 2383 1614 2420 nos
1631 2383 1787 2437 qua:-

198 2461 274 2511 rat
299 2458 650 2522 occasiones,
683 2459 884 2528 petens
909 2473 1012 2528 per
1041 2458 1298 2527 legatum
1338 2458 1573 2528 neptem
1607 2455 1784 2509 Chro-

197 2546 444 2614 childem,
476 2563 617 2601 cum
650 2546 897 2600 necdum
919 2561 1049 2600 eam
1080 2545 1224 2600 facie
1268 2544 1511 2599 noverit.
1544 2543 1673 2599 Haec
1703 2546 1790 2598 est

198 2635 556 2691 dissensionis
587 2635 770 2707 origo,
803 2636 926 2690 haec
950 2651 1120 2689 causa
1147 2634 1465 2700 discordiae,
1500 2634 1621 2688 haec
1681 2649 1786 2688 no-

199 2727 313 2778 stra:
340 2723 687 2779 vastationis
735 2722 963 2777 infinita
1014 2722 1284 2794 perditio.
1315 2723 1399 2776 Ad
1437 2723 1547 2777 hoc
1599 2721 1790 2776 tendit

198 2827 352 2867 omne
379 2812 713 2884 negotium,
742 2815 804 2866 ut
835 2828 938 2866 nos
965 2828 1168 2866 omnes
1197 2811 1312 2865 vita
1337 2811 1542 2881 privet,
1579 2808 1791 2864 deinde

198 2903 414 2970 gentem
447 2904 717 2956 nostram
760 2899 966 2972 spoliet
1013 2899 1298 2954 libertate.
1333 2899 1466 2954 ldeo
1500 2898 1658 2953 enim
1693 2914 1792 2952 vos

199 2991 447 3044 accersivi
484 2993 552 3044 ut
582 2989 703 3060 pari
723 2987 958 3044 consilio
979 2988 1269 3044 saniorem
1295 2988 1513 3042 exitum
1534 2986 1791 3060 inquira-

198 3078 273 3146 tis,
290 3083 342 3134 et
364 3077 915 3134 communiutilitati
932 3076 1467 3149 providentes,quid
1479 3076 1629 3131 facto
1651 3091 1794 3149 opus
1819 3101 1866 3160 α

196 3168 256 3221 sit
281 3173 467 3224 vestra
489 3167 840 3223 auctoritate
872 3165 1213 3220 decernatis.
1249 3184 1280 3218 ιθ

254 3275 457 3331 Hisita
494 3272 811 3348 peroraris,
843 3272 1284 3344 Burgundiones
1327 3271 1632 3328 consiliarii
1670 3272 1792 3343 ejus

194 3368 506 3419 metuentes
551 3363 705 3417 iram
735 3361 1030 3416 incurrere
1070 3360 1361 3423 Clodovei,
1395 3361 1518 3432 pari
1551 3360 1790 3416 consilio

192 3452 564 3509 decreverunt
593 3455 654 3506 ut
667 3454 828 3506 tanto
869 3450 993 3522 regi
1008 3455 1242 3521 tamque
1256 3450 1792 3522 potentipuellado-

193 3546 431 3607 naretur,
475 3559 552 3596 ne
583 3541 691 3595 hac
722 3539 1020 3594 occasione
1063 3539 1137 3593 ad
1167 3538 1444 3594 delendos
1475 3555 1572 3594 eos
1613 3541 1788 3593 tantae

190 3629 360 3698 gentis
389 3629 676 3686 ferocitas
706 3632 1028 3683 acueretur.
1059 3627 1390 3682 Metuebant
1425 3627 1583 3682 enim
1611 3628 1786 3681 Fran-

190 3733 290 3785 cos,
316 3722 378 3772 ut
413 3724 652 3773 caetera:
687 3720 890 3788 gentes
920 3733 1046 3788 qua:
1073 3716 1393 3771 cernebant
1414 3733 1510 3770 eos
1534 3715 1785 3787 undique

190 3803 448 3876 dilatari;
527 3822 636 3861 nec
681 3822 800 3860 esse
850 3804 1123 3876 aliquem,
1173 3803 1269 3876 qui
1327 3820 1529 3858 eorum
1583 3803 1788 3874 gladiis

188 3895 438 3950 resistere
480 3897 701 3967 posset.
758 3893 1032 3948 Mandant
1082 3909 1221 3965 ergo
1269 3892 1578 3948 accelerari
1618 3892 1676 3947 in
1700 3892 1785 3947 fa-

188 3981 427 4038 stidium.
473 3984 547 4038 Et
599 3982 881 4036 advocans
928 3982 1306 4036 Aurelianum
1354 3981 1786 4047 Gundobaldus,

187 4068 262 4123 his
291 4087 425 4126 eum
478 4070 657 4142 caepit
704 4070 1076 4141 interpellare
1126 4069 1527 4125 sermonibus:
1563 4090 1594 4123 α
1637 4069 1789 4134 Quo-

191 4158 332 4213 niam
364 4160 681 4216 occasione
730 4159 967 4230 petendi
998 4176 1235 4215 uxorem
1269 4159 1508 4214 domino
1552 4163 1651 4215 tuo
1698 4177 1789 4215 re-

189 4248 237 4317 gi
261 4249 470 4305 domos
497 4251 731 4304 nostras
761 4251 819 4302 et
844 4247 1092 4320 patriam
1111 4250 1410 4322 explorare
1433 4249 1790 4316 venisti,hazc

188 4337 580 4407 populinostri
594 4352 867 4408 responsa
889 4337 1060 4392 dicito
1085 4338 1390 4396 Clodoveo.
1424 4338 1680 4392 Inaniter
1696 4355 1792 4392 su-

189 4425 422 4494 spicatus
440 4429 534 4480 est
545 4425 761 4480 habere
775 4428 1014 4498 neptem
1027 4442 1222 4481 meam
1239 4426 1364 4496 conj
1376 4427 1603 4497 ugem,f
1605 4429 1793 4481 rustra

190 4515 509 4585 concupivit
553 4513 912 4568 Chrochildis
949 4531 1096 4569 mea:
1139 4515 1648 4587 pulchritudinem.
1697 4516 1792 4569 His

190 4608 556 4674 exasperatus
584 4601 943 4670 Aurelianus,
981 4603 1063 4658 ita
1087 4604 1387 4676 respondit
1419 4621 1431 4658 :
1469 4603 1794 4668 «Quoniam

190 4691 450 4746 rusticani
481 4691 726 4761 alicujus
749 4707 842 4745 me
872 4694 1037 4761 putas
1068 4692 1348 4746 mandata
1378 4692 1793 4760 detulisse,non

187 4775 284 4833 hoc
300 4781 557 4836 mandat
587 4780 728 4833 alius
753 4780 861 4834 nisi
892 4780 1225 4847 Clodoveus,
1257 4784 1387 4836 tuus
1413 4785 1470 4836 et
1498 4799 1660 4837 meus
1691 4783 1793 4837 do-

191 4867 388 4925 minus:
451 4875 615 4936 tuus,
647 4869 907 4941 inquam,
941 4875 1088 4933 tuus,
1121 4873 1184 4924 ut
1214 4870 1408 4926 mittas
1437 4871 1488 4926 ei
1521 4889 1794 4943 sponsam

191 4972 336 5014 suam
369 4959 455 5013 Ch
465 4958 986 5022 rochildem.Quod
998 4958 1042 5012 si
1063 4959 1368 5028 distuleris,
1384 4964 1483 5014 aut
1515 4961 1565 5016 ei
1581 4960 1794 5016 tributa

191 5049 495 5114 persolves,
563 5049 661 5100 aut
735 5047 1064 5102 libertatem
1135 5049 1326 5120 gladio
1383 5049 1726 5104 defensabis.
1761 5070 1789 5098 »

192 5132 745 5192 SubstomachatusG
755 5137 1247 5191 undolbadushaec
1260 5141 1567 5192 tantumAu
1577 5138 1794 5194 reliano

192 5226 350 5279 verba
381 5225 689 5298 rependit:
718 5225 981 5293 «Veniat,
1001 5225 1194 5280 veniat
1229 5227 1498 5281 dominus
1527 5230 1656 5281 tuus
1669 5229 1795 5283 Clo-

196 5309 420 5380 doveus,
445 5314 734 5386 quoniam
758 5315 830 5368 ad
853 5314 1282 5370 defendendam
1303 5316 1631 5371 libertatem
1666 5321 1800 5372 Bur-

197 5403 567 5469 gundionum
597 5420 757 5458 enses
788 5408 1020 5474 paratos
1047 5404 1666 5473 inveniet,et,Domino
1681 5407 1801 5461 Deo

198 5490 353 5546 nobis
365 5492 710 5559 auxiliante,
735 5494 807 5548 ad
835 5493 1294 5549 internecionem
1317 5493 1546 5550 decidet
1567 5495 1806 5551 audacia

200 5579 398 5650 ejus,et
437 5580 830 5638 vindicabitur
859 5583 1088 5656 sanguis
1103 5583 1367 5656 gentium
1394 5584 1802 5657 plurimarum,

1889 1935 2050 1972 mum
2081 1920 2333 1989 postulat
2357 1919 2566 1974 ancilla
2580 1923 2698 1988 tua,
2719 1920 2955 1976 domine
2973 1920 3053 1974 mi
3084 1923 3273 1986 rex,ut
3292 1916 3491 1973 Domi-

1885 2023 2027 2061 num
2039 2007 2164 2062 εωιί
2185 2010 2410 2078 patrem
2431 2009 2894 2080 omnipotentem
2920 2007 3242 2078 credas,qui
3265 2011 3318 2061 te
3339 2022 3495 2060 crea-

1886 2095 1984 2151 vit.
2017 2095 2235 2150 Deinde
2259 2099 2321 2150 ut
2348 2096 2663 2150 Dominum
2690 2097 2883 2152 Iesum
2916 2096 3227 2161 Christum,
3257 2094 3355 2166 qui
3387 2110 3492 2149 nos

1887 2184 2154 2251 redemit,
2197 2202 2231 2239 a
2261 2186 2428 2239 Patre
2479 2185 2549 2239 de
2566 2184 2718 2240 caelis
2744 2187 2986 2238 missum
3011 2184 3087 2239 ad
3113 2184 3356 2238 salutem
3377 2199 3494 2238 cre-

1891 2272 2153 2327 dentium
2171 2273 2516 2328 conﬁtearis.
2533 2274 2721 2328 Tertio
2770 2273 3049 2345 Spiritum
3067 2275 3331 2327 sanctum
3361 2271 3494 2327 etil-

1887 2353 2332 2409 luminationem
2347 2354 2609 2409 omnium
2615 2355 2904 2426 justorum
2919 2355 3280 2424 agnoscas,et
3291 2367 3495 2424 agnos-

1888 2458 2024 2497 cens
2043 2458 2281 2498 omnem
2304 2443 2472 2498 simul
2511 2460 2788 2498 venerare
2835 2441 3129 2497 divintatis
3158 2439 3342 2494 unica:
3369 2457 3493 2494 ma-

1882 2533 2176 2608 jestatem,
2205 2534 2264 2586 et
2287 2531 2345 2586 in
2367 2531 2552 2587 tribus
2578 2531 2838 2602 personis
2851 2530 3033 2586 Patris
3063 2532 3122 2584 et
3147 2528 3271 2583 Filii
3297 2527 3493 2599 etSpi-

1887 2618 2030 2674 ritus
2075 2620 2278 2688 sancti,
2325 2620 2466 2675 nihil
2497 2619 2674 2693 prius,
2727 2621 2808 2675 nil
2838 2619 3142 2692 posterius,
3190 2617 3270 2672 nil
3302 2617 3493 2672 minus

1890 2718 2209 2790 suspiceris,
2233 2719 2333 2773 sed
2357 2719 2747 2773 aeternitatem
2770 2719 2893 2772 tota
2912 2720 3108 2772 mente
3140 2719 3199 2771 et
3228 2731 3493 2788 coaequa-

1891 2806 2050 2861 litate
2073 2806 2491 2878 complectaris.
2519 2807 2584 2860 Et
2613 2805 2768 2860 idola
2798 2823 2925 2877 quae
2955 2822 3074 2860 non
3102 2807 3234 2858 sunt
3259 2802 3360 2870 dii,
3395 2803 3497 2858 sed

1892 2898 2054 2950 muta
2098 2895 2404 2950 simulacra
2449 2895 2783 2962 succendas,
2840 2893 3217 2964 ecclesiasque
3247 2891 3350 2946 Dei
3382 2891 3498 2946 mei

1893 2999 2032 3054 quas
2062 2983 2405 3038 succendisti
2436 2983 2771 3048 reaediflces,
2791 2985 2848 3036 et
2877 2981 3231 3052 baptismum
3254 2979 3496 3051 recipias

1893 3071 1950 3125 in
1982 3073 2218 3127 nomine
2251 3071 2440 3127 Patris
2461 3077 2518 3127 et
2552 3071 2676 3126 Filii
2707 3075 2765 3126 et
2790 3070 3032 3142 Spiritus
3061 3067 3262 3124 sancti.
3295 3069 3363 3122 Et
3385 3068 3497 3122 hoc

1893 3161 1966 3216 ad
1997 3161 2263 3216 ultimum
2295 3165 2430 3234 peto
2462 3165 2524 3216 ut
2552 3161 2812 3233 requiras
2852 3160 3151 3214 thesauros
3170 3157 3348 3230 patris
3378 3155 3495 3212 mei

1893 3253 1951 3306 et
1979 3250 2181 3306 matris
2213 3267 2380 3318 mea),
2414 3249 2973 3323 quosGundobaldus
2992 3247 3300 3302 avunculus
3330 3261 3494 3300 meus

1893 3340 2158 3410 nequiter
2175 3339 2737 3411 interfecit,quorum
2753 3337 3096 3408 sanguinem
3113 3335 3392 3391 Dominus
3409 3335 3491 3388 ul-

1891 3431 2152 3484 ciscatur.
2190 3452 2217 3478 »
2241 3430 2308 3483 Et
2348 3429 2429 3484 ait
2457 3445 2581 3484 rex:
2615 3451 2643 3479 «
2697 3429 2813 3482 Hoc
2853 3427 2925 3482 ad
2955 3441 3208 3497 praesens
3253 3423 3394 3479 mihi
3419 3422 3494 3478 vi-

1893 3517 2060 3572 detur
2105 3517 2304 3573 haberi
2334 3517 2565 3573 difﬁcile
2620 3519 2682 3571 ut
2715 3517 2852 3571 deos
2884 3532 3044 3570 meos
3077 3513 3405 3585 relinquam
3436 3514 3494 3566 et

1889 3605 2252 3661 Deumtuum
2269 3608 2478 3676 colam;
2507 3606 2606 3661 sed
2628 3608 2856 3671 caztera,
2890 3607 3190 3675 utpotero,
3223 3602 3494 3657 faciam»

1890 3693 1991 3749 Cui
2023 3698 2079 3749 et
2104 3695 2228 3750 illa:
2257 3715 2288 3747 «
2317 3697 2432 3749 Hoc
2462 3698 2566 3761 est,
2601 3694 2811 3766 inquit,
2864 3692 3186 3748 maximum
3216 3695 3274 3746 et
3303 3691 3496 3762 singu-

1889 3782 2521 3855 lare,quodpostulo,ut
2538 3783 2854 3837 Dominum
2873 3781 2999 3837 coeli
3017 3782 3304 3852 colas,per
3318 3794 3494 3851 quem

1887 3870 2025 3924 velis
2054 3871 2202 3926 nolis
2220 3888 2450 3943 regnas,
2479 3871 2536 3924 in
2567 3871 2728 3942 cujus
2751 3870 2988 3926 nomine
3019 3868 3490 3924 adversariorum

1890 3961 2076 4013 castra
2096 3959 2260 4014 facile
2283 3959 2598 4030 superabis.
2633 3979 2660 4008 ››

1963 4047 2060 4103 His
2085 4049 2167 4104 ita
2192 4048 2496 4120 peroratis,
2544 4046 2871 4102 cubiculum
2909 4043 3248 4116 introgressi
3277 4043 3492 4116 pariter

1893 4141 2298 4204 accubuerunt,
2334 4140 2391 4192 et
2405 4134 3190 4208 nuptialitersolemnisantes
3207 4132 3264 4187 in
3281 4131 3492 4204 gaudio

1892 4233 1950 4286 et
1977 4228 2175 4284 laetitia
2201 4227 2373 4282 totius
2394 4224 2793 4296 annispatium
2811 4223 3226 4294 expenderunt.
3259 4221 3494 4291 Expleto

1893 4322 2086 4391 itaque
2100 4317 2354 4384 anno,ad
2370 4315 2810 4370 Gundobaldum
2825 4313 3036 4369 iterum
3060 4304 3496 4368 ClodoveusAu-

1815 4380 1869 4439 D
1894 4380 2180 4466 relianum
2193 4380 2408 4477 dirigit,
2442 4404 2726 4459 mandans
2739 4400 3364 4458 utChrochildisuxoris
3380 4417 3496 4454 sua:

1893 4501 2190 4555 thesauros
2219 4496 2268 4550 ei
2285 4494 2821 4548 transmitteret.lra
2846 4493 3072 4547 fervens
3087 4490 3497 4546 Gundobaldus

1894 4584 2187 4642 Aureliani
2211 4584 2383 4639 verba
2412 4583 2497 4638 vix
2537 4582 2799 4650 sustinet,
2829 4585 2888 4636 et
2915 4580 2976 4634 in
3015 4581 3138 4634 haec
3164 4580 3338 4634 verba
3367 4581 3498 4632 tan-

1897 4677 2029 4731 dem
2061 4672 2418 4745 prorumpit:
2439 4693 2466 4720 «
2484 4670 2754 4742 Nunquid
2776 4671 2830 4724 in
2849 4669 3115 4724 manibus
3129 4665 3396 4723 Clodovei
3413 4682 3500 4720 re-

1897 4781 2080 4836 gnum
2095 4779 2290 4818 meuin
2312 4760 2593 4826 tradetur,
2609 4763 2706 4814 aut
2729 4757 3110 4814 thesaurimei
3128 4757 3156 4811 ‘I
3183 4771 3378 4810 nonne
3404 4754 3502 4809 ob-

1897 4857 2136 4908 testatus
2157 4848 2493 4918 sum,etdixi
2525 4847 3080 4915 tibi,Aureliane,ut
3120 4862 3239 4900 non
3272 4843 3503 4899 venires

1897 4942 2143 5013 amplius
2172 4940 2471 5010 explorare
2513 4936 2894 4991 substantiam
2947 4933 3113 5007 regni
3164 4933 3368 5000 nostri,
3415 4932 3504 4987 vel

1893 5030 2222 5103 principum
2250 5031 2584 5084 nostrorum
2613 5023 2947 5078 felicitatem
2965 5023 2992 5077 ?
3011 5022 3267 5077 Salutem
3297 5016 3504 5093 populi

1896 5119 2075 5176 nostri
2107 5120 2307 5183 testor,
2338 5114 2444 5170 nisi
2472 5115 2583 5168 cito
2600 5112 2904 5167 reverteris
2927 5115 2984 5165 et
3008 5109 3307 5165 recesseris
3329 5126 3362 5163 a
3387 5125 3502 5174 me,

1900 5225 2008 5280 ego
2036 5205 2381 5261 interficiam
2411 5207 2524 5258 te.»
2557 5201 2659 5256 Cui
2698 5199 3039 5255 Aurelianus
3066 5199 3145 5253 ita
3173 5196 3496 5268 respondit,

1903 5298 2096 5353 dicens
2120 5313 2131 5351 :
2158 5294 2345 5348 «Vivit
2373 5292 2645 5348 dominus
2665 5307 2828 5345 meus
2853 5289 3166 5345 Clodovcus
3187 5303 3284 5341 rex
3303 5289 3362 5340 et
3387 5285 3498 5357 pri-

1906 5390 2091 5442 mates
2111 5385 2276 5457 regni
2298 5382 2583 5454 ejus,quia
2606 5398 2723 5436 non
2751 5383 2802 5434 te
2835 5379 3034 5445 timeo,
3065 5377 3205 5431 dum
3234 5375 3504 5431 dominus

1906 5493 2070 5531 meus
2110 5473 2404 5530 advixerit.
2439 5471 2507 5525 Et
2553 5470 2632 5526 sic
2686 5467 2926 5523 mandat
2978 5465 3243 5537 proprius
3273 5468 3404 5518 tuus
3450 5464 3508 5515 et

1908 5582 2072 5622 meus
2097 5563 2368 5620 dominus
2399 5561 2732 5621 Clodoveus,
2761 5556 2896 5630 quia
2923 5555 3028 5611 tibi
3055 5557 3142 5609 est
3172 5565 3511 5609 occursurus

1909 5660 1973 5713 ut
2001 5657 2301 5712 thesauros
2320 5649 2510 5709 uxoris
2521 5665 2635 5706 suae
2659 5647 2919 5719 recipiat.
2947 5668 2975 5698 ››
2995 5644 3088 5701 His
3114 5641 3345 5709 auditis,
3379 5641 3515 5696 Bur-
