3862 6172
155 389 222 449 601
1295 381 1511 441 GESTA
1531 381 1978 442 FRANCORUM.

3266 391 3370 445 602

151 531 231 579 sus,
252 512 319 566 vel
343 510 509 565 futura
531 503 711 581 gloria
741 525 916 580 quam
949 507 1000 564 ei
1031 508 1088 564 in
1121 525 1222 565 sua
1247 509 1659 581 praedicatione
1679 514 1733 573 Α
1759 509 2058 583 abnegatis
2078 510 2289 567 diaboli
2316 510 2565 584 pompis,
2597 514 2653 566 et
2669 511 2886 567 feroces
2917 509 3144 566 animos
3176 511 3372 567 humi-

149 599 428 674 promiserat.
445 598 522 653 Ad
542 613 711 668 quem
743 598 1043 669 episcopus
1073 614 1084 651 :
1112 599 1300 666 «Non,
1324 598 1528 670 inquit.
1551 599 1660 654 hoc

147 694 203 744 est
216 687 474 758 paradisus,
491 702 656 756 quem
674 686 960 756 pollicitus
976 703 1102 740 sum
1116 687 1352 742 domino
1371 703 1498 742 meo
1513 687 1657 757 regi,

143 778 210 831 sed
231 781 297 830 est
341 775 561 829 Ecclesia
621 775 721 830 Dei
771 791 876 846 per
914 793 1087 847 quam
1147 776 1282 830 etin
1332 793 1446 848 qua
1495 776 1662 831 bonis

141 864 337 934 operibus
354 863 648 934 acquiritur
668 863 853 934 gloria
882 863 978 918 illa
1003 863 1340 918 indeficiens
1365 864 1529 934 regni
1567 881 1658 918 ce-

139 951 262 1016 lestis,
278 967 424 1022 quam
443 950 508 1004 ab
535 949 757 1022 origine
785 951 985 1005 mundi
1015 952 1356 1023 praeparavit
1385 953 1661 1007 Dominus

137 1040 196 1093 his
219 1039 294 1110 qui
319 1038 541 1109 diligunt
584 1056 739 1093 eum.
778 1062 804 1088 »
841 1041 1084 1094 Tantam
1133 1041 1381 1112 denique
1413 1041 1660 1112 gratiam

137 1127 500 1181 subministravit
515 1129 790 1183 Dominus
805 1129 861 1183 in
876 1131 1110 1199 populo,
1133 1134 1322 1184 utnon
1337 1131 1458 1200 jam
1479 1131 1659 1184 viceni

134 1217 189 1268 vel
205 1215 389 1270 centeni
421 1216 488 1270 ad
527 1217 717 1271 locum
765 1217 1084 1289 baptisterii
1126 1219 1525 1285 convenirent,
1560 1218 1659 1272 sed

136 1302 381 1356 universam
409 1319 549 1373 pene
580 1304 868 1360 civitatem
896 1305 956 1359 in
977 1323 1154 1376 unum
1186 1307 1516 1362 convolasse
1545 1323 1661 1362 cre-

131 1391 428 1457 deres,unam
459 1392 678 1448 dedisse
704 1395 1078 1462 sententiam,
1116 1412 1280 1466 pares
1303 1395 1533 1450 animos
1565 1397 1662 1450 ob-

131 1479 266 1532 tulisse
292 1479 546 1534 Creatori.
569 1480 834 1536 Interiori
865 1481 1044 1553 igitur
1072 1483 1281 1554 gaudio
1313 1484 1659 1539 conformati

128 1566 472 1636 applaudebant
496 1568 555 1622 in
572 1586 776 1636 unum,
807 1574 865 1624 et
879 1587 1078 1642 regem
1098 1588 1266 1625 suum
1283 1571 1370 1625 bis
1395 1572 1662 1627 adhorta.

128 1651 276 1707 bantur
300 1655 572 1726 alloquiis:
596 1657 919 1712 «Dominus
946 1661 1141 1713 noster
1157 1676 1252 1712 rex
1281 1663 1661 1730 prosequatur

127 1737 368 1810 inceptum,
419 1744 550 1815 quia
598 1747 655 1799 et
697 1762 802 1800 nos
839 1748 1114 1801 mortales
1159 1747 1296 1802 deos
1333 1747 1654 1817 abjicimus,

1759 600 1904 659 lians
1921 599 2196 655 Creatori.
2244 599 2382 655 Huic
2414 600 2704 656 devotioni
2735 600 3110 670 congaudens
3155 600 3370 672 episco-

1759 705 1882 760 pus,
1917 687 2202 760 protensis
2231 689 2496 743 manibus
2528 689 2586 742 in
2627 689 2870 742 sublime
2903 689 3003 743 Dei
3049 688 3370 760 potentiam

1760 775 2140 841 collaudabat,
2155 777 2211 829 et
2224 792 2422 846 regem
2439 775 2524 829 his
2540 775 2877 829 hortabatur
2890 775 3134 846 aloquiis
3157 791 3168 827 :
3189 774 3372 828 «Mitis

1760 862 2074 933 en,inquit,
2109 863 2333 933 depone
2361 865 2524 928 colla,
2553 863 2884 930 Sicamber;
2917 863 3372 917 idolavariacre-

1759 969 1876 1016 ma,
1899 953 2115 1006 cultum
2151 968 2423 1006 venerare
2447 951 2728 1006 divinum.
2754 951 3029 1005 Pristinos
3053 966 3296 1017 errores,
3316 954 3374 1005 et

1757 1041 1894 1094 fana
1918 1041 2113 1111 priora
2143 1041 2423 1111 relinque,
2453 1043 2510 1094 et
2554 1042 2778 1094 sanctas
2807 1040 2960 1093 mdes
2997 1040 3083 1093 vel
3111 1055 3259 1092 nunc
3289 1055 3374 1093 re-

1760 1146 1972 1183 novare
1985 1129 2270 1183 studeto.»
2286 1129 2462 1199 Igitur
2473 1145 2567 1182 rex
2584 1129 3046 1198 omnipotentem
3062 1127 3370 1181 Dominum

1759 1216 1816 1271 in
1851 1217 2129 1272 Trinitate
2165 1217 2456 1271 confessus
2493 1217 2810 1288 baptizatus
2835 1221 2920 1270 est
2964 1233 2997 1269 a
3027 1221 3221 1270 sancto
3264 1217 3368 1270 Re-

1759 1305 1939 1376 migio
1967 1306 2023 1358 in
2055 1305 2291 1360 nomine
2339 1305 2518 1358 Patris
2546 1308 2605 1358 et
2645 1304 2766 1358 Filii
2799 1308 2857 1358 et
2888 1303 3134 1375 Spiritus
3168 1303 3368 1368 sancti,

1759 1399 1820 1447 et
1846 1410 2005 1448 sacro
2033 1393 2341 1447 chrismate
2365 1393 2647 1447 delibutus
2690 1409 2820 1446 cum
2857 1393 3152 1461 signaculo
3191 1391 3370 1445 crucis

1759 1481 2021 1536 videlicet
2040 1481 2268 1536 Domini
2300 1481 2479 1540 nostri
2503 1483 2634 1535 Jesu
2669 1479 2895 1535 Christi.
2936 1479 3212 1550 Baptizati
3242 1481 3375 1532 sunt

1761 1569 1832 1624 de
1849 1570 2097 1623 exercitu
2111 1569 2261 1623 illius
2281 1569 2522 1638 amplius
2534 1585 2706 1640 quam
2723 1569 2834 1622 tria
2853 1567 3053 1632 millia,
3072 1567 3372 1637 baptizata:

1758 1660 1891 1712 sunt
1909 1661 2202 1712 etsororcs
2219 1657 2365 1710 illius
2377 1657 2689 1710 Alblofedis
2711 1660 2768 1710 et
2783 1655 3202 1720 Landechildis,
3215 1655 3370 1708 insu-

1757 1761 1862 1816 per
1879 1748 2028 1799 totus
2042 1746 2390 1798 Francorum
2424 1744 2686 1814 populus.
2707 1745 2849 1798 Nam
2873 1744 3155 1798 Dominus
3177 1745 3373 1796 noster

127 1843 304 1896 nngaces
325 1831 760 1899 contemnimus,
793 1835 1152 1889 manufactos
1175 1835 1516 1905 expellimus
1549 1852 1561 1888 :
1598 1838 1656 1890 et
1679 1851 1727 1908 Β
1755 1833 1911 1886 Jesus
1947 1832 2199 1886 Christus
2223 1831 2588 1886 abundanter
2615 1832 2699 1886 his
2720 1835 2980 1885 sanctam
3013 1831 3258 1901 gratiam
3279 1829 3369 1884 in-

125 1913 246 1969 Deum
258 1933 431 1973 verum
444 1936 615 1990 quem
632 1922 907 1991 praedicat
922 1923 1214 1993 Remigius
1233 1924 1657 1978 incontamina-

125 2005 459 2062 tacredulitate
489 2009 824 2080 recipimus,
857 2016 915 2065 et
944 2027 1075 2065 eum
1107 2011 1239 2066 fidei
1283 2011 1653 2065 veneratione

123 2093 488 2160 complectimur.
554 2096 714 2151 Hunc
772 2097 949 2151 Deum
995 2099 1150 2152 enim
1216 2098 1654 2152 Christianitatis

119 2178 348 2247 credimus,
369 2185 424 2236 et
447 2183 778 2251 adoramus,
813 2189 870 2240 et
887 2185 944 2240 in
963 2186 1068 2240 hac
1085 2186 1363 2257 religione
1388 2203 1564 2257 usque
1580 2186 1653 2240 ad

119 2267 355 2323 terminum
393 2272 516 2327 vitae
561 2287 910 2342 permanere
947 2275 1132 2345 parati
1177 2291 1396 2329 sumus.
1440 2296 1470 2324 »
1505 2274 1651 2338 Quid

114 2353 256 2420 plura?
268 2357 405 2412 venit
417 2359 486 2414 ad
503 2360 859 2432 baptismum
873 2363 1030 2434 quasi
1053 2379 1232 2418 novus
1243 2363 1652 2418 Constantinus

1755 1920 2050 1974 fundebat.
2087 1921 2198 1974 Hac
2229 1921 2524 1974 occasione
2563 1937 2677 1974 suae
2714 1920 2844 1973 fidei
2877 1920 3124 1989 gratiam
3162 1919 3372 1976 Gallica

1755 2009 2171 2066 disseminabat
2197 2009 2254 2063 in
2296 2010 2516 2063 tellure.
2553 2010 2692 2062 Ecce
2723 2025 2921 2078 regem
2953 2008 3250 2062 reddimus
3280 2009 3367 2062 in-

1754 2101 2052 2159 novatum,
2090 2114 2318 2152 necesse
2347 2101 2432 2152 est
2463 2097 2543 2150 uti
2570 2101 2627 2150 et
2655 2096 2926 2168 paginam
2955 2096 3170 2167 pariter
3197 2095 3367 2150 inno-

1752 2203 1969 2241 vemus.
1999 2185 2111 2240 Sed
2139 2185 2294 2257 prius
2309 2185 2796 2256 quietimodicum
2828 2184 3094 2238 membra
3114 2185 3370 2237 locantes

1753 2290 2041 2330 resumam
2051 2291 2112 2328 us
2125 2273 2348 2340 ﬂatum,
2367 2290 2480 2344 quo
2499 2273 2718 2327 facilius
2737 2273 2827 2326 die
2846 2272 3093 2327 crastino
3109 2269 3366 2325 materia:

1755 2366 1965 2418 nostra:
1987 2364 2278 2417 valeamus
2304 2363 2518 2416 referre
2550 2361 2867 2433 sequentia.

1286 2534 1654 2590 PROLOGUS
1695 2535 1878 2591 LIBRI
1905 2535 2154 2590 TERTll.

154 2670 368 2731 Nondum
387 2678 570 2734 noctis
601 2679 825 2736 detersa
842 2682 1084 2754 caligine
1108 2681 1180 2737 ad
1206 2682 1647 2755 persolvendum

113 2757 321 2830 debitum,
363 2765 493 2836 quia
537 2766 860 2838 importuni
887 2770 1246 2825 feneratores
1291 2769 1549 2824 insistitis
1592 2771 1652 2824 et

107 2844 368 2916 pigritantes
383 2859 538 2908 artus
555 2856 874 2924 excutitis,e
891 2859 1096 2913 lectulo
1117 2859 1440 2912 socordiam
1457 2875 1649 2912 meam

107 2936 234 2990 verbis
256 2943 627 3012 asperioribus
658 2944 1040 3017 increpantes,
1073 2963 1174 3000 cur
1190 2964 1306 3002 non
1323 2948 1448 3017 jam
1465 2947 1649 3001 adhuc

106 3035 206 3089 pene
229 3026 495 3086 dormiens
515 3033 884 3087 extenderim
915 3034 1123 3106 digitos
1152 3035 1225 3089 ad
1257 3035 1645 3101 scribendum,

1747 2681 1852 2736 bra
1881 2682 2165 2749 locavero,
2200 2681 2244 2736 si
2283 2698 2380 2736 vos
2409 2681 2726 2748 adfueritis,
2766 2684 2822 2735 et
2850 2681 3019 2752 jactis
3059 2682 3242 2754 globis
3279 2687 3368 2741 vel

1747 2769 2052 2841 lapidibus,
2085 2787 2156 2824 ne
2188 2770 2416 2825 modico
2439 2770 2600 2841 gregi
2622 2769 2940 2836 insidietur,
2965 2771 3165 2840 lupum
3181 2769 3368 2824 nobis-

1749 2874 1876 2912 cum
1906 2859 2359 2926 exturbaveritis,
2391 2862 2526 2912 tunc
2566 2859 2714 2912 forte
2745 2857 2977 2912 liberius
3004 2862 3176 2929 atque
3204 2874 3362 2912 com-

1750 2945 1975 2999 modius
1988 2947 2276 3000 exsolvere
2301 2949 2500 3017 potero
2526 2945 2679 3016 quod
2701 2945 2978 3014 repetitis.
3009 2946 3075 2997 Et
3103 2961 3175 2997 ne
3207 2943 3366 2998 vobis

1747 3033 1943 3088 videar
1990 3033 2282 3088 innectere
2316 3050 2529 3099 moras,
2563 3033 2698 3088 dum
2743 3031 2914 3087 nocui
2945 3031 3096 3086 aeris
3130 3032 3367 3085 nebulas

103 3126 189 3165 cum
219 3119 411 3172 noverit
447 3121 842 3193 unusquisque
879 3127 1130 3177 vestrum
1168 3140 1283 3195 qua
1315 3122 1645 3177 conditione
1671 3115 1718 3172 C
1747 3121 2131 3175 formidantes
2160 3122 2348 3175 Austri
2385 3121 2723 3192 spiramina,
2757 3120 2851 3192 qui
2884 3138 2978 3174 eas
3027 3119 3369 3174 submoveat

104 3206 418 3276 mvetur,qui
441 3208 715 3262 mercede
742 3209 1058 3264 conductus
1089 3210 1212 3264 aliis
1243 3209 1454 3265 servire
1486 3228 1643 3265 com-

101 3288 281 3350 pellitur.
301 3293 451 3347 Prius
473 3296 546 3349 ad
570 3300 801 3366 pastum
832 3297 1174 3352 reducemus
1201 3298 1467 3364 oviculas,
1489 3298 1645 3370 prius

103 3373 318 3440 als’niculos
351 3383 582 3438 modico
610 3385 752 3439 lacte
779 3385 1132 3456 potabimus,
1166 3386 1320 3456 prius
1360 3385 1640 3442 ettectulo

100 3474 161 3513 eos
174 3470 584 3540 contutabimus,
604 3476 660 3527 et
677 3489 806 3527 cum
825 3476 928 3528 sub
944 3474 1218 3529 frondosa
1231 3475 1432 3530 arbors
1460 3492 1641 3530 mem-

1747 3210 2192 3264 velaranearum
2218 3211 2357 3264 telas
2385 3210 2726 3281 disrumpat,
2744 3209 2947 3280 quibus
2961 3209 3154 3262 herbae
3181 3209 3369 3262 solent

1745 3298 1919 3365 infici,
1953 3300 2394 3369 praestolamur:
2430 3299 2550 3370 jam
2588 3315 2738 3352 nunc
2768 3299 2823 3352 in
2857 3299 3099 3352 alteram
3139 3299 3365 3369 partem

1743 3403 1850 3442 nos
1869 3388 2142 3443 ducentes
2171 3388 2548 3443 consistamus
2577 3387 2636 3442 in
2658 3404 2861 3453 unum,
2891 3389 2948 3440 et
2992 3385 3232 3440 taedium
3268 3401 3366 3439 ve-

1743 3480 1926 3531 strum
1953 3477 2058 3532 hac
2103 3478 2333 3533 modica
2366 3477 2647 3532 relatione
2687 3477 2910 3532 levabo.

1248 3683 1595 3770 LIBER
1656 3683 2166 3777 TERTIUS.

143 3868 398 3947 Baptizato,
429 3884 491 3935 ut
538 3879 809 3949 diximus,
843 3898 980 3953 rege
1013 3886 1208 3938 nostro
1250 3883 1555 3952 Clodoveo,
1585 3887 1643 3939 et

102 3957 290 4017 “Diverso
339 3970 594 4024 exercitu
644 3971 765 4041 ejus
808 3988 969 4026 sacro
1009 3971 1317 4027 chrismate
1361 3973 1640 4042 delibuto,

98 4048 206 4102 tante
224 4055 402 4126 regina
431 4059 647 4113 dicitur
676 4061 982 4115 exsultasse
1014 4061 1290 4132 tripudio,
1319 4066 1381 4116 ut
1410 4062 1468 4116 in
1503 4079 1643 4117 con-

99 4141 230 4200 εΡθεῑυ
257 4145 432 4200 omnis
461 4148 666 4220 populi
691 4150 812 4203 solo
840 4150 1250 4220 procumbens,
1278 4153 1336 4205 et
1374 4151 1641 4222 lacrymis

96 4228 318 4290 superfusa
346 4235 582 4290 Domini
612 4236 979 4292 benediceret
1001 4239 1391 4310 majestatem,
1417 4242 1552 4311 quia
1580 4240 1641 4296 in

97 4321 140 4359 ει
157 4313 376 4385 dignatus
398 4323 595 4379 fuerat
619 4325 939 4396 adimplere
969 4327 1123 4398 quod
1153 4327 1426 4398 scriptum
1444 4345 1564 4384 esse
1581 4328 1641 4384 in

95 4398 319 4466 Apostolos
337 4412 558 4484 legerat
576 4413 674 4484 qui
695 4413 858 4469 dicit:
880 4416 1195 4470 Saluabitur
1207 4419 1288 4470 vir
1308 4417 1532 4486 inﬁdelis
1543 4434 1642 4488 per

96 4490 291 4550 manem
333 4499 562 4570 ﬁdelem.
623 4503 698 4556 Ex
752 4506 887 4558 tunc
932 4504 1284 4560 Francorum
1346 4506 1521 4560 virtus
1584 4510 1643 4562 et

95 4575 309 4642 gloriaita
353 4590 609 4646 Domino
654 4596 1000 4665 procurante
1047 4595 1419 4665 magnificata
1470 4596 1640 4652 fuisse

95 4665 288 4754 refertur,
318 4682 507 4734 utnon
536 4681 725 4734 solum
749 4681 947 4736 vicinae
979 4686 1200 4754 gentes,
1231 4701 1428 4738 verum
1462 4685 1638 4741 etiam

94 4747 210 4826 longe
227 4771 450 4823 remotae
486 4786 696 4823 eorum
741 4771 1023 4826 amicitias
1053 4775 1410 4843 expeterent,
1446 4776 1503 4828 et
1542 4790 1639 4828 eos

94 4851 536 4920 consanguinitatis
561 4857 745 4928 gratia
766 4858 869 4912 sibi
889 4859 1153 4914 foederari
1183 4861 1267 4913 vel
1299 4861 1636 4915 consortiari

93 4939 308 5026 “liberant.
343 4943 504 4999 Unde
539 4946 783 5018 contigit
814 4951 875 5001 ut
899 4947 1280 5002 Theodericus
1311 4949 1483 5003 Italia:
1515 4967 1636 5017 rex,

94 5023 219 5111 lu
250 5029 396 5086 ltalia
423 5034 625 5088 Gothis
654 5035 982 5106 imperabat
1013 5041 1069 5091 et
1096 5037 1388 5104 Romanis,
1415 5038 1638 5092 Lande-

91 5102 268 5198 cln'ldem
299 5119 564 5178 Clodovei
596 5102 855 5178 sororem
888 5126 960 5179 ad
978 5125 1313 5197 conjugium
1343 5102 1636 5198 expeteret

91 5196 126 5243 εί
149 5204 406 5286 acciperet.
443 5213 492 5264 ls
525 5211 700 5282 igitur
738 5213 1125 5269 Theodoricus
1157 5196 1280 5286 quis
1331 5196 1506 5269 fuerit
1547 5217 1633 5270 vel

92 5283 192 5340 l"Ide
213 5295 477 5366 originem
508 5300 753 5367 duxerit,
787 5303 830 5356 si
863 5303 1102 5357 modicis
1130 5303 1319 5358 verbis
1369 5305 1631 5359 evolvero

89 5380 166 5424 δυο
188 5383 635 5444 VObisonerosum
666 5391 965 5457 habeatur,
993 5391 1310 5462 prresertim
1344 5411 1475 5447 cum
1508 5394 1630 5448 heri

86 5466 378 5529 Plemiserirn
400 5494 496 5531 me
536 5480 723 5550 aliqua
753 5480 1068 5535 relaturum
1102 5481 1171 5535 de
1195 5483 1481 5552 opusculis
1495 5483 1628 5536 vici-

87 5558 235 5641 “lfum
258 5568 533 5630 gentium.
563 5567 942 5623 Theodericus
972 5569 1150 5641 igitur
1185 5569 1314 5638 iste,
1339 5575 1399 5626 ut
1418 5571 1629 5627 ldatius

85 5635 228 5716 refert,
272 5666 333 5708 ex
372 5653 745 5716 Macedonum
779 5635 1076 5716 descendit
1110 5635 1355 5736 origine,
1391 5661 1622 5718 illorum

1741 3884 2028 3953 videlicet,
2071 3885 2168 3957 qui
2207 3901 2436 3940 summa
2470 3887 2624 3941 sorte
2659 3884 2728 3940 de
2779 3885 2950 3955 Troja
2986 3900 3118 3938 cum
3157 3881 3366 3939 nostris

1739 3974 2086 4045 aufugerant
2135 3977 2194 4029 et
2221 3974 2617 4029 Macedoniam
2659 3972 2834 4028 armis
2870 3973 3238 4038 domuerant,
3277 3972 3365 4025 in-

1739 4080 1912 4135 super
1965 4067 2024 4117 et
2063 4065 2456 4134 pervaserant.
2497 4063 2652 4116 Hanc
2693 4061 3041 4115 insectantes
3095 4059 3364 4128 Romani,

1741 4152 1887 4207 sicut
1915 4155 1973 4207 et
1993 4156 2228 4208 caeteras
2257 4153 2538 4220 nationes,
2561 4150 2756 4205 multis
2786 4167 2916 4204 eam
2953 4149 3162 4222 praeliis
3201 4147 3363 4203 attri-

1742 4245 1968 4310 verunt,
1994 4242 2245 4313 captivos
2271 4258 2463 4296 secum
2493 4241 2864 4307 adducentes,
2887 4241 2944 4293 et
2968 4238 3152 4310 spolia
3180 4237 3366 4293 multa

1741 4329 2012 4385 ferentes.
2039 4331 2330 4385 Adductus
2363 4334 2447 4385 est
2478 4330 2628 4384 inter
2657 4329 2910 4402 reliquos
2940 4344 3084 4400 puer
3124 4326 3364 4399 quidam

1741 4418 2123 4474 Theodericus
2147 4419 2408 4485 nomine,
2429 4421 2486 4473 et
2515 4419 2704 4489 puella
2731 4417 2998 4490 quaedam
3053 4432 3179 4488 quae
3225 4414 3366 4470 Lilia

1743 4508 2072 4563 vocabatur.
2107 4507 2205 4562 Hic
2244 4511 2396 4562 sorte
2425 4507 2690 4562 militaris
2714 4507 2924 4579 praedae
2957 4503 3209 4560 devoluti
3231 4507 3366 4557 sunt

1741 4594 1801 4649 in
1815 4599 2044 4668 partem
2066 4596 2228 4651 Idatii
2246 4596 2556 4668 patricii,et
2569 4595 2816 4651 ﬁdeliter
2827 4594 3127 4649 serviendo
3143 4591 3365 4647 domini

1740 4685 1825 4738 sui
1861 4685 2109 4755 gratiam
2149 4686 2401 4756 pleniter
2437 4687 2569 4739 sunt
2599 4684 2815 4756 adepti.
2846 4685 2979 4737 Erat
3015 4682 3144 4736 huic
3180 4680 3362 4735 [datio
3448 4734 3450 4736 ,

1743 4791 1882 4829 uxor
1903 4791 2140 4829 nomine
2177 4775 2433 4847 Eugenia
2461 4776 2670 4829 decora
2703 4774 2886 4839 valde,
2906 4773 3006 4827 sed
3029 4770 3256 4825 sterilis.
3277 4770 3361 4825 Ob

1738 4862 1886 4916 hanc
1924 4880 2155 4918 causam
2180 4864 2603 4934 adoptaverunt
2623 4863 2726 4917 sibi
2748 4863 2806 4916 in
2839 4861 3021 4915 filium
3051 4859 3360 4914 Theoderi-

1738 4968 1891 5019 cum,
1913 4952 2113 5006 l.iliam
2136 4953 2192 5006 in
2213 4952 2412 5018 filiam,
2444 4955 2501 5006 et
2517 4951 2791 5023 singulari
2813 4950 3118 5003 dilectione
3150 4951 3361 5003 excole.

1738 5039 1899 5094 bant.
1933 5040 2086 5104 Quos
2115 5057 2245 5095 cum
2293 5040 2529 5094 amandi
2561 5041 2688 5109 lege
2727 5041 3000 5093 consueta
3046 5037 3275 5092 nutibus
3307 5041 3365 5091 et

1738 5128 1934 5195 sibilis,
1962 5130 2110 5200 jocis
2146 5133 2203 5184 et
2237 5130 2594 5201 amplexibus
2633 5129 2904 5183 incubare
2943 5127 3359 5198 conspicerent,

1736 5219 2004 5290 conjugio
2027 5219 2282 5290 copulari
2296 5219 2704 5290 permiserunt.
2728 5219 2793 5272 Et
2806 5217 3089 5272 advocans
3108 5214 3364 5285 Eugenia

1735 5310 1989 5381 puellam
2045 5308 2186 5362 dixit
2234 5309 2284 5362 ei
2343 5310 2636 5375 secretius,
2682 5326 2812 5362 cum
2868 5308 2938 5361 ad
2993 5305 3099 5359 viri
3145 5306 3358 5359 coitum

1734 5397 2059 5463 accesseris,
2090 5414 2467 5468 quaecumque
2498 5398 2595 5451 tibi
2623 5401 2904 5453 nocturna
2925 5394 3138 5449 visione
3162 5410 3357 5448 occur-

1733 5485 1918 5539 rerint
1944 5485 2001 5538 in
2029 5484 2282 5540 crastino
2323 5486 2462 5540 mihi
2505 5486 2719 5540 referes
2753 5485 3040 5539 universa.
3076 5483 3362 5537 Putabant

1732 5573 1889 5628 enim
1934 5573 2121 5629 insani
2167 5576 2224 5628 et
2257 5575 2528 5630 vecordes
2554 5575 2820 5628 universa
2874 5569 3201 5644 provenire,
3234 5584 3361 5640 qua:

1740 5663 1932 5738 prima
1961 5667 2131 5721 nocte
2144 5680 2248 5738 cop
2258 5665 2524 5720 uletionis
2539 5662 2881 5720 somniasset
2900 5660 3107 5716 mulier
3121 5660 3357 5731 despon-
