3862 6172
509 381 613 436 603

1538 373 1907 430 RORICONIS
1935 370 2243 429 MONACHI
2277 371 2799 430 MOISSIACENSIS
3649 388 3730 443 505,

515 499 656 552 sata.
673 497 828 550 Hanc
850 493 1321 549 consuetudinem
1359 493 1429 548 ab
1458 493 1854 565 insipientibus
1876 497 1934 548 et
1954 493 2122 548 rusti-
2145 498 2198 556 Α
2217 494 2410 566 paucis
2440 493 2731 563 militibus,
2754 497 2961 565 optans
2997 493 3178 565 magis
3207 494 3342 549 mori
3365 511 3518 567 quam
3538 503 3733 573 amplius

517 585 595 639 cis
625 585 809 639 adhuc
833 582 1005 636 etiam
1028 581 1349 636 conservari
1379 581 1536 651 quasi
1579 599 1862 649 veracem,
1889 600 2018 635 cum
2060 599 2124 635 ex

518 675 638 727 toto
671 670 860 725 inanis
900 670 971 723 sit
1003 672 1060 723 et
1103 669 1444 740 abjicienda,
1504 669 1734 740 plurimi
1779 673 2123 724 asseverant.

515 760 669 814 Abiit
693 759 920 825 mulier,
954 763 1012 813 et
1045 758 1396 813 obdormivit
1422 759 1494 824 ei,
1535 762 1728 812 tamen
1749 759 1799 812 ei
1823 759 1880 812 in
1911 759 2128 814 somnis

516 848 716 902 ﬁctitia
744 847 905 920 quasi
934 847 1240 918 praesentia
1267 847 1662 900 demonstrata
1699 851 1848 901 sunt.
1891 847 2042 900 Vidit
2071 847 2128 900 in

518 937 737 992 somnis
755 936 914 1007 quasi
931 936 1001 989 de
1033 935 1302 988 umbilico
1337 936 1548 989 ventris
1577 935 1829 990 suiexire
1861 937 2127 990 arborem

518 1027 799 1080 excelsam
824 1028 880 1078 et
897 1023 1224 1090 sublimem,
1242 1023 1320 1077 ita
1338 1027 1398 1077 ut
1413 1041 1560 1095 pene
1588 1025 1825 1078 nubium
1841 1024 2127 1078 altitudini

514 1113 799 1184 coaequari
825 1112 1112 1167 videretur
1139 1129 1150 1164 :
1177 1111 1358 1166 lilium
1390 1112 1650 1167 videlicet
1672 1113 1924 1185 signans,
1946 1112 2041 1183 qui
2064 1129 2128 1166 ex

514 1211 678 1264 utero
711 1209 858 1263 illius
873 1209 1392 1278 generanduserat.
1411 1211 1476 1263 Et
1497 1210 1761 1281 evigilata
1784 1227 1902 1282 prae
1919 1227 2128 1280 pavore

518 1297 774 1351 narravit
817 1297 936 1351 viro
973 1314 1072 1351 suo
1112 1297 1426 1365 somnium,
1479 1298 1711 1369 insuper
1751 1303 1809 1352 et
1847 1302 2129 1352 secretum

521 1387 772 1441 dominae
807 1404 920 1440 suae
950 1387 1027 1440 nil
1071 1391 1297 1441 morata
1338 1388 1594 1441 nudavit.
1631 1387 1766 1451 Quae
1798 1403 1929 1442 cum
1958 1403 2130 1441 mane

516 1475 853 1528 surrexisset
876 1474 1078 1528 edocta
1115 1491 1147 1528 a
1192 1475 1424 1541 marito,
1463 1492 1578 1529 non
1611 1479 1672 1528 ut
1707 1478 1994 1540 evenerat,
2033 1475 2132 1529 sed

515 1562 723 1616 fallens
773 1563 1071 1616 dominam
1125 1580 1286 1616 suam
1324 1563 1374 1617 ei
1418 1565 1583 1617 aliter
1643 1567 1728 1618 est
1769 1565 1977 1618 locuta.
2027 1565 2130 1628 En,

516 1650 722 1721 inquit,
749 1651 987 1705 domina
1017 1668 1168 1717 mea,
1189 1654 1284 1705 tua
1323 1652 1496 1705 verba
1525 1667 1944 1717 rememorans,
1970 1651 2135 1720 juxta

444 1757 446 1759 ‘
517 1738 702 1791 virum
736 1739 842 1792 hac
874 1743 1042 1792 nocte
1075 1739 1420 1804 obdormivi,
1453 1743 1510 1793 et
1541 1739 1652 1793 vidi
1701 1756 1805 1812 per
1846 1741 2130 1793 somnium

2227 582 2434 644 vivere,
2454 600 2582 636 cum
2606 584 2733 652 jam
2789 582 3029 654 dispersi
3083 585 3264 636 essent
3287 583 3356 637 ad
3401 587 3734 655 praedandum,

2228 670 2387 741 quasi
2410 687 2474 723 ex
2507 670 2815 742 improviso
2848 669 3094 724 inimicis
3111 670 3418 737 occurrit,et
3442 689 3528 727 eos
3546 674 3740 745 impara-

2227 761 2315 812 tos
2345 758 2643 812 inveniens
2669 759 2844 813 veluti
2871 760 3070 830 vulgus
3125 758 3364 829 ignobile
3417 764 3677 830 superavit,
3699 769 3741 818 et

2230 861 2432 899 eorum
2455 863 2653 917 regem
2687 847 2878 918 gladio
2897 847 3215 912 trucidavit,
3231 865 3448 902 uxorem
3476 849 3671 921 insuper
3695 869 3743 906 ac

2230 935 2438 988 liberos
2469 931 2776 1000 interfecit,
2793 952 3156 1006 regnumque
3171 939 3225 989 et
3237 939 3454 1006 gentem
3469 937 3744 993 Herulorum

2231 1029 2287 1078 et
2310 1025 2560 1079 nominis
2574 1024 2914 1096 dignitatem
2929 1025 3001 1078 ad
3025 1025 3264 1079 nihilum
3293 1041 3457 1096 usque
3486 1026 3748 1093 deduxit,et

2231 1128 2433 1166 eorum
2465 1113 2655 1184 spoliis
2686 1113 2898 1167 ditatus
2927 1115 3031 1180 est,
3059 1112 3138 1166 ita
3169 1116 3230 1166 ut
3253 1113 3452 1168 Chroesi
3476 1129 3593 1185 epes
3615 1129 3748 1183 supe-

2231 1218 2382 1255 rasse
2409 1219 2466 1255 se
2491 1203 2769 1257 crederet.
2805 1203 2919 1256 Hoc
2947 1219 3078 1257 cum
3091 1204 3331 1256 relatum
3353 1203 3530 1256 fuisset
3555 1201 3748 1273 impera-

2231 1290 2362 1357 tori,
2389 1290 2654 1344 extimuit
2678 1290 2942 1362 protinus
2981 1307 3055 1345 ne
3084 1290 3344 1345 similiter
3386 1290 3625 1345 adversus
3651 1307 3753 1344 eum

2232 1377 2541 1449 aliquando
2562 1395 2726 1433 arma
2739 1378 3078 1448 corriperet,
3106 1381 3164 1433 et
3194 1395 3322 1432 eum
3351 1379 3457 1433 vita
3485 1378 3692 1449 privaret
3715 1381 3755 1431 et

2233 1466 2669 1538 imperio.Tunc
2697 1467 2871 1521 etiam
2900 1470 2958 1520 et
2987 1483 3317 1537 persuasum
3337 1465 3710 1538 estimperatori
3733 1480 3757 1516 a

2235 1557 2578 1629 quibusdam
2600 1556 2843 1622 aemulis,
2873 1556 3077 1626 quibus
3098 1555 3422 1611 Theoderici
3439 1555 3704 1610 liberalitas
3717 1557 3759 1606 et

2234 1645 2542 1717 prudentia
2555 1645 2908 1715 displicebat,
2925 1645 3021 1715 qui
3041 1661 3174 1699 eum
3189 1659 3410 1716 quoque
3429 1644 3760 1698 accusaverant

2235 1734 2477 1788 crimine
2502 1734 2771 1804 pessimo,
2801 1735 2863 1786 ut
2889 1733 3305 1788 Theodericum
3336 1732 3433 1786 sub
3457 1729 3758 1786 festinatione

519 1828 678 1900 quasi
705 1843 917 1898 equum
947 1831 1004 1882 et
1028 1843 1237 1898 equam
1266 1828 1526 1882 omnium
1553 1809 1876 1898 pulchiores
1908 1827 2135 1899 ingredi
2159 1813 2208 1870 Β
2236 1816 2378 1869 adse
2417 1815 2612 1868 venire
2658 1813 2996 1885 praeciperet
3016 1816 3075 1867 et
3093 1830 3228 1868 eum
3242 1813 3352 1867 vita
3373 1809 3761 1900 privaret.Theo-

518 1915 579 1969 in
614 1916 854 1970 domum
886 1916 1257 1970 dominorum
1285 1933 1571 1984 meorum,
1593 1934 1735 1988 quos
1761 1919 2135 1988 subsequeba-

515 2007 613 2058 tur
642 2005 827 2076 pullus
849 2005 1053 2058 habilis
1085 2008 1142 2059 et
1163 2005 1402 2059 lascivus
1435 2024 1536 2061 sua
1568 2006 1991 2077 pulchritudine
2042 2024 2132 2060 su-

517 2108 727 2164 perans
758 2110 961 2146 omnes
991 2110 1196 2164 greges
1232 2111 1534 2165 equorum.

591 2181 685 2235 His
723 2181 949 2248 auditis,
999 2182 1208 2236 ldatius
1249 2186 1305 2236 et
1347 2183 1602 2254 Eugenia
1647 2186 1993 2254 putaverunt
2030 2183 2133 2237 sibi

516 2269 773 2324 sobolem
789 2270 984 2324 adfutu
995 2273 1202 2336 ram,et
1215 2272 1286 2324 ob
1301 2272 1449 2324 hanc
1464 2272 2133 2343 gratiamTheodericum

518 2359 576 2410 et
598 2356 794 2411 Liliam
818 2358 1080 2412 libertate
1100 2359 1480 2427 donaverunt,
1503 2364 1559 2413 et
1592 2360 1784 2414 multis
1803 2359 2136 2414 muneribus

520 2445 864 2500 ditaverunt.
919 2446 1271 2516 Conceptum
1321 2464 1566 2519 puerum
1613 2447 1752 2502 Lilia
1795 2447 2036 2520 peperit,
2080 2451 2137 2501 et

517 2534 738 2588 vocavit
762 2551 894 2588 eum
926 2535 1162 2588 nomine
1195 2535 1915 2606 patrissuiTheodericum.
1950 2535 2138 2590 Crevit

521 2639 684 2694 puer,
709 2625 764 2677 et
780 2623 1093 2676 ablactatus
1127 2626 1230 2689 est,
1267 2627 1324 2678 et
1349 2623 1631 2694 adoptans
1663 2641 1795 2678 eum
1831 2625 2041 2678 ldatius
2075 2624 2134 2678 in

520 2710 725 2777 ﬁlium,
745 2727 875 2764 cum
896 2711 1057 2765 omni
1084 2711 1382 2782 diligentia
1403 2728 1534 2766 eum
1559 2713 1814 2767 enutrire
1838 2713 2130 2784 praecepit.

518 2799 643 2852 Fuit
662 2799 820 2853 enim
841 2798 1083 2853 decorus
1102 2803 1353 2870 aspectu,
1389 2803 1604 2855 statura
1635 2817 1925 2871 procerus,
1960 2819 2134 2855 saecu-

515 2872 622 2940 lari
667 2887 972 2956 prudentia
1007 2889 1064 2941 et
1115 2887 1424 2942 calliditate
1477 2888 1751 2954 munitus,
1786 2891 1843 2943 et
1881 2889 2137 2960 corporis

519 2974 700 3029 nimia
752 2975 1087 3030 fortitudine
1135 2975 1578 3048 circonspectus.
1623 2977 1903 3032 Defuncto
1965 2977 2139 3049 igitur

2237 1903 2459 1958 dericus
2486 1902 2660 1974 igitur
2693 1901 2831 1956 nihil
2873 1901 2990 1956 doli
3017 1902 3354 1973 suspicatus,
3393 1915 3515 1954 cum
3569 1900 3624 1953 l2
3667 1895 3762 1950 mil-

2235 2000 2382 2055 libus
2412 1999 2855 2054 fortissimorum
2897 1999 3249 2053 bellatorum
3283 1991 3764 2064 Constantinopolim

2235 2105 2412 2160 usque
2436 2087 2784 2160 properavit,
2833 2089 2891 2141 et
2921 2087 2997 2141 sic
3037 2086 3286 2142 occurrit
3330 2080 3652 2156 imperatori.
3686 2079 3766 2133 De-

2235 2182 2455 2232 cretum
2483 2180 2606 2230 erat
2623 2177 2694 2230 ab
2719 2175 2980 2230 universo
2998 2179 3202 2230 senatu
3234 2179 3433 2229 utcum
3456 2168 3768 2226 Theodericus

2235 2268 2386 2321 solus
2416 2264 2818 2336 ingrederetur
2839 2264 3142 2335 palatium,
3171 2261 3528 2318 membratim
3543 2255 3768 2312 scindere-

2236 2358 2328 2410 tur
2353 2357 2527 2420 totus,
2561 2357 2618 2408 et
2643 2353 2724 2406 ita
2743 2352 2813 2406 de
2833 2351 3025 2406 medio
3046 2352 3361 2407 viventium
3386 2350 3666 2404 tolleretur.
3689 2341 3771 2397 Sed

2238 2442 2534 2498 Ptolemaei
2567 2441 2736 2496 amici
2768 2441 2851 2495 sui
2883 2441 3120 2496 consilio
3145 2442 3503 2496 conservatus
3529 2439 3580 2490 et
3612 2430 3773 2488 astutia

2235 2532 2507 2587 liberatus
2557 2534 2660 2586 est.
2719 2529 2966 2584 Accessit
2995 2529 3155 2584 enim
3202 2529 3276 2584 ad
3323 2528 3710 2599 imperatorem,
3735 2521 3775 2570 et

2237 2637 2370 2675 eum
2396 2621 2484 2674 his
2516 2621 2793 2674 allocutus
2824 2621 2909 2672 est
2938 2617 3125 2672 verbis
3157 2634 3172 2671 :
3201 2640 3227 2668 ‹σ
3262 2617 3558 2688 Indignum
3584 2607 3775 2666 nimium

2237 2713 2322 2764 est
2347 2707 2634 2779 majestati
2666 2711 2888 2773 vestrae,
2924 2705 3162 2760 domine
3196 2706 3277 2760 mi
3313 2705 3626 2775 imperator,
3651 2701 3700 2751 ut
3722 2695 3777 2747 sic

2236 2797 2634 2852 fraudulenter
2659 2796 2836 2849 homo
2869 2794 2963 2848 ille
2995 2794 3376 2849 interﬁciatur
3403 2790 3662 2859 sinelege,
3689 2783 3777 2837 sine

2231 2884 2470 2956 judicio,
2493 2884 2572 2938 sic
2595 2886 2888 2954 separetur
2913 2900 2947 2937 a
2977 2882 3112 2944 suis,
3145 2882 3228 2937 sic
3263 2879 3606 2954 opprimatur
3650 2891 3677 2926 a
3711 2887 3782 2924 n0-

2239 2973 2385 3027 stris.
2420 2971 2582 3026 Prius
2643 2970 2907 3025 omnibus
2952 2987 3120 3024 causa
3176 2969 3436 3024 criminis
3479 2963 3778 3036 exponetur;

518 3063 698 3117 Idatio
737 3067 794 3117 et
831 3063 1104 3134 Eugenia,
1127 3064 1318 3133 jussus
1349 3068 1434 3119 est
1457 3065 1703 3120 militare
1732 3048 2134 3131 Theodericus,
2165 3089 2211 3148 Ο
2239 3061 2394 3132 prius
2426 3061 2499 3114 ad
2529 3076 2658 3114 suos
2688 3060 2982 3112 senatores
3004 3058 3181 3112 etiam
3218 3058 3289 3113 de
3306 3057 3461 3112 curia
3477 3048 3782 3148 nostranoble

519 3153 577 3206 et
595 3151 674 3205 sic
699 3151 901 3205 Leonis
931 3151 1299 3222 imperatoris
1317 3153 1564 3223 gratiam
1595 3153 1861 3221 emeruit,
1884 3158 1940 3207 et
1957 3154 2137 3224 impe-

519 3239 646 3294 riali
677 3240 888 3311 palatio
914 3241 1067 3310 apud
1099 3241 1663 3311 Constantinopolim
1693 3241 2064 3311 ingenuitatis
2086 3246 2143 3296 et

517 3328 769 3382 audaciae
815 3345 1030 3383 nomen
1065 3328 1169 3381 sibi
1215 3328 1514 3399 acquisivit
1555 3332 1611 3382 et
1651 3329 1904 3384 laudem.
1951 3331 2139 3384 Ptole-

519 3433 701 3471 maeus
749 3415 987 3487 quidam
1030 3433 1096 3470 ex
1155 3417 1446 3472 senatorio
1505 3417 1706 3471 ordine
1738 3417 1868 3471 huic
1901 3417 1960 3472 in
1998 3417 2139 3472 ami-

523 3502 719 3557 citiam
783 3503 1138 3573 singularem
1195 3504 1276 3558 ita
1335 3505 1632 3559 devinctus
1695 3521 1815 3560 esse
1871 3506 2139 3574 refertur,

522 3593 585 3644 ut
618 3606 751 3644 eum
792 3607 968 3662 usque
1027 3591 1099 3645 ad
1149 3591 1304 3645 diem
1352 3593 1437 3646 sui
1483 3593 1673 3647 obitus
1730 3611 1830 3647 suo
1905 3595 2142 3650 consilio

522 3681 580 3733 et
612 3677 918 3748 prudentia
966 3679 1036 3734 ab
1089 3679 1451 3734 obviantibus
1509 3681 1774 3753 periculis
1816 3682 2142 3738 invidorum

520 3768 710 3822 tutare
769 3770 1006 3821 conatus
1049 3767 1140 3822 sit.
1200 3769 1268 3822 Et
1317 3769 1454 3823 dum
1506 3770 1853 3840 quibusdam
1891 3771 2145 3826 Theode-

521 3855 624 3911 rici
657 3856 963 3928 prudentia
993 3857 1240 3927 placere,
1274 3857 1415 3912 dum
1454 3861 1512 3912 et
1548 3859 1888 3930 quibusdam
1918 3858 2143 3912 invidiae

521 3960 691 4000 causa
706 3943 995 3999 videretur
1025 3961 1291 4013 onerosa,
1311 3963 1412 4018 per
1433 3946 1823 4002 internuntios
1845 3945 2142 4001 communi

520 4033 758 4090 consilio
799 4034 870 4088 ab
894 4033 1245 4104 imperatore
1277 4034 1399 4087 Itali
1421 4034 1750 4105 petiverunt
1766 4041 1829 4088 ut.
1851 4035 1931 4089 eis
1959 4036 2141 4090 Theo-

522 4123 746 4178 dericus
776 4123 1046 4194 patricius
1076 4121 1492 4190 institueretur,
1523 4125 1807 4194 quatenus
1847 4124 1969 4194 ejus
2007 4140 2142 4195 pru-

522 4211 719 4266 dentia
733 4210 1011 4281 singulari
1035 4211 1105 4265 ab
1133 4210 1479 4266 instantibus
1502 4211 1747 4266 inimicis
1763 4215 2020 4266 tueretur
2033 4214 2142 4267 Ro-

524 4315 700 4352 mana
749 4299 1004 4353 libertas.
1049 4299 1268 4354 Placuit
1313 4300 1422 4354 hoc
1481 4299 1843 4372 imperatori,
1898 4303 1954 4356 et
2011 4318 2144 4356 eum

522 4386 770 4441 Romam
791 4386 1067 4457 dirigens,
1095 4388 1425 4458 patriciatus
1437 4389 1660 4444 honore
1678 4389 2020 4445 sublimatus
2040 4393 2143 4452 est,
2170 4369 2222 4428 D

523 4477 584 4528 et
603 4492 734 4529 cum
766 4476 985 4530 Herulis
1029 4476 1226 4548 praelia
1268 4479 1450 4532 multa
1475 4479 1789 4545 commisit,
1824 4483 1879 4534 et
1936 4497 2032 4534 eos
2075 4480 2147 4534 ad

522 4562 980 4619 internecionem
1004 4583 1182 4637 usque
1205 4566 1431 4624 delevit.
1463 4568 1625 4621 Unde
1647 4568 1889 4639 contigit
1927 4571 1986 4622 ut
2015 4585 2145 4622 cum

521 4652 612 4707 die
644 4653 895 4725 quadam
923 4655 1190 4710 adversus
1211 4673 1413 4710 eorum
1447 4673 1646 4728 regem
1672 4658 1934 4727 praelium
1953 4658 2145 4713 eonci-

523 4744 762 4810 tassent,
797 4747 854 4798 et
884 4761 950 4798 ex
982 4748 1225 4817 utroque
1263 4746 1510 4800 exercitu
1553 4746 1803 4815 plurima
1839 4747 2146 4802 hominum

522 4831 833 4887 multitudo
866 4833 1080 4888 mutuis
1101 4835 1429 4888 vulneribus
1458 4837 1876 4897 sternerentur,
1897 4835 2149 4891 sentiens

521 4920 908 4976 Theodoricus
935 4939 1169 4977 suorum
1198 4923 1421 4994 gladios
1453 4922 1726 4977 defecisse
1765 4926 1931 4994 terga
1970 4925 2147 4992 dedit,

523 5011 581 5063 et
611 5008 692 5063 ita
744 5025 875 5064 cum
925 5011 1038 5066 suis
1081 5011 1310 5082 fugiens
1355 5012 1687 5064 Ravennam
1726 5015 1809 5064 est
1840 5012 2146 5083 ingressus.

526 5096 712 5162 Quem
759 5115 889 5153 cum
933 5099 1221 5170 insperate
1271 5099 1409 5152 Lilia
1453 5102 1640 5154 mater
1676 5099 2031 5170 inspexisset,
2074 5101 2150 5155 sic

524 5203 659 5241 eum
691 5204 1036 5258 exasperans
1064 5191 1121 5242 et
1151 5187 1396 5242 illudens
1434 5187 1733 5260 increpare
1772 5189 1942 5259 ccepit
1979 5193 2034 5243 et
2066 5190 2150 5244 di-

523 5292 652 5330 cere
683 5292 695 5330 :
725 5298 752 5325 «
788 5275 948 5339 Quae,
979 5276 1185 5348 inquit,
1237 5294 1269 5331 o
1312 5277 1391 5331 mi
1437 5280 1591 5343 nate,
1639 5277 1933 5331 dementia
1978 5278 2056 5333 ita
2097 5282 2150 5334 te

522 5367 818 5437 compellit
853 5367 1011 5422 abire
1052 5367 1457 5439 praecipitem?
1486 5369 1609 5423 Non
1636 5369 1760 5439 jam
1796 5386 1908 5441 quo
1942 5370 2150 5441 fugias,

522 5455 632 5510 nisi
656 5459 717 5509 ut
755 5457 1058 5512 sublevatis
1090 5456 1332 5511 vestibus
1353 5458 1496 5512 meis
1528 5457 1868 5529 ingrediaris
1897 5462 2149 5529 uterum,

525 5543 598 5597 de
633 5561 748 5615 quo
773 5547 1038 5616 parvulus
1067 5545 1305 5602 oriendo
1334 5546 1616 5618 prodiisti.
1656 5569 1682 5595 ››
1718 5547 1881 5612 Quod
1915 5548 2008 5602 ille
2049 5566 2148 5602 au-

524 5631 707 5702 diens,
765 5636 823 5690 et
874 5633 1051 5692 nimia
1102 5635 1445 5693 verecundia
1497 5636 1782 5712 perfusus,
1831 5636 2148 5694 recollectis

2241 3151 2411 3205 liores
2443 3148 2766 3220 dirigantur
2784 3147 3018 3218 quirem
3050 3142 3693 3217 diligenterexaminent,
3715 3133 3781 3204 qui

2243 3239 2629 3294 offensionum
2657 3238 2852 3308 culpas
2885 3234 3272 3306 multiplicare
3302 3229 3785 3294 didicerunt,utcum

2243 3328 2314 3382 ab
2347 3327 2599 3399 utrisque
2633 3328 2820 3380 morte
2844 3325 3051 3395 dignus
3065 3324 3244 3378 fuerit
3263 3323 3564 3395 judicatus,
3587 3323 3699 3371 tunc
3722 3313 3787 3365 de-

2243 3415 2462 3471 centius
2492 3418 2664 3486 atque
2700 3413 2936 3468 liberius
2975 3415 3074 3466 aut
3130 3412 3332 3467 bestiis
3385 3408 3698 3479 subrigatur,
3721 3400 3790 3454 aut

2242 3504 2428 3575 capite
2460 3504 2752 3576 puniatur,
2770 3503 2857 3556 vel
2887 3501 3200 3574 suspendio
3215 3503 3433 3572 pereat.
3454 3495 3667 3551 Interim
3680 3490 3790 3581 vivus

2245 3596 2510 3648 teneatur
2558 3595 2614 3646 et
2653 3590 2892 3645 vinctus.
2924 3591 3006 3643 En
3037 3593 3092 3643 et
3119 3606 3232 3660 ego
3267 3605 3400 3643 cum
3430 3583 3618 3658 legatis
3643 3580 3794 3666 vestris

2245 3681 2402 3736 abire
2416 3685 2806 3752 paratussum.
2831 3700 2858 3728 »
2891 3678 3198 3749 Eliguntur
3227 3675 3477 3747 denique
3490 3671 3709 3744 quinque
3722 3662 3793 3752 viri

2246 3751 2556 3824 nobiliores
2587 3768 2658 3822 de
2685 3768 2842 3822 curia
2865 3765 3236 3837 imperatoris
3277 3764 3474 3837 qui,ut
3501 3751 3796 3831 suggesserat

2245 3859 2610 3925 Ptolemaeus,
2629 3857 2700 3911 ad
2715 3856 2930 3910 Gothos
2944 3856 3184 3910 Italosve
3201 3849 3562 3923 imperatoris
3582 3841 3799 3900 mandata

2246 3946 2559 4001 deferrent.
2588 3947 2751 4000 Jussu
2780 3942 3150 4016 imperatoris
3181 3941 3330 3998 abiit
3381 3955 3510 3995 cum
3549 3935 3622 3990 eis
3654 3926 3796 4022 Ptole-

2245 4053 2446 4103 maeus,
2480 4039 2537 4090 et
2568 4033 2945 4090 secretissime
2963 4031 3246 4103 prmmisit
3275 4045 3520 4103 puerum
3541 4023 3627 4098 qui
3653 4017 3800 4073 Gothis

2247 4125 2509 4180 universa
2539 4123 2950 4190 nuntiasset,et
2980 4121 3396 4192 quiintimaret
3421 4119 3628 4189 legatos
3645 4119 3799 4166 omnes

2247 4231 2368 4269 esse
2398 4213 2731 4267 vinciendos
2760 4210 2978 4284 pariter
3008 4213 3067 4265 et
3096 4209 3799 4288 Ptolemaeum,etquaruilt-

2248 4303 2382 4357 dam
2415 4319 2718 4373 poenarum
2762 4299 3150 4355 ostentatione
3183 4295 3610 4369 perterrendos,
3635 4285 3723 4343 nisi
3742 4285 3800 4380 eis

2248 4391 2518 4446 velociter
2531 4390 2833 4446 dominum
2847 4405 3012 4442 suum
3025 4386 3454 4442 Theodoricum
3474 4395 3662 4438 sanum
3689 4378 3732 4429 et
3744 4378 3802 4424 in-

2249 4482 2536 4536 columem
2572 4478 2843 4534 redderet
2873 4477 3287 4548 imperator,et
3317 4490 3450 4528 cum
3482 4461 3800 4542 prosperitate

2248 4586 2344 4625 eos
2369 4586 2574 4624 omnes
2604 4567 2702 4640 qui
2719 4583 2850 4621 cum
2881 4582 2948 4620 eo
2980 4567 3147 4620 erant
3172 4564 3245 4618 ad
3271 4561 3509 4635 propria
3533 4556 3697 4613 redire
3713 4565 3806 4641 per:

2249 4658 2525 4713 mitteret.
2565 4656 2711 4720 Quid
2742 4656 2908 4726 plura
2932 4655 2960 4709 ?
2996 4652 3246 4708 necdum
3269 4651 3446 4706 verba
3475 4645 3802 4707 ﬁnierautqlﬂ

2249 4747 2406 4802 missi
2429 4747 2658 4800 fuerant
2685 4747 3000 4809 senatores,
3034 4746 3091 4796 et
3116 4758 3248 4796 ecce
3297 4739 3552 4810 undique
3597 4729 3807 4818 vinciuli:

2248 4840 2362 4903 tur,
2425 4835 2498 4889 ad
2564 4832 3031 4904 suspendendum
3096 4846 3294 4885 cruces
3354 4830 3634 4900 aptantur,
3671 4813 3805 4889 gladii

2253 4926 2535 4979 acuuntur
2552 4924 2609 4976 et
2623 4922 2844 4976 diversa
2870 4919 3144 4974 mortium
3163 4935 3387 4990 genera
3416 4911 3774 4988 praeparantur
3796 4915 3805 4950 ε

2251 5030 2349 5067 eos
2362 5011 2578 5084 pariter
2598 5026 2840 5065 enecare
2863 5008 3311 5073 comminantes,
3329 5001 3807 5059 nisidominussuus

2253 5101 2468 5155 eisdem
2482 5099 2845 5160 redderetur,
2864 5101 2920 5152 et
2933 5099 3299 5152 sacramento
3332 5093 3588 5148 ﬁrmaret
3606 5090 3809 5156 impera-

2252 5194 2345 5245 tor
2371 5193 2432 5242 ut
2461 5205 2560 5243 eos
2598 5204 2802 5242 omnes
2833 5186 2928 5258 qui
2963 5203 3094 5240 cum
3133 5201 3200 5240 eo
3236 5186 3409 5238 erant
3429 5181 3720 5236 incolumes
3756 5165 3808 5220 ad

2252 5279 2486 5352 propria
2516 5277 2703 5333 redire
2736 5275 3119 5349 permitteret.

2324 5349 2416 5422 His
2446 5367 2720 5438 angustiis
2769 5368 3019 5420 arctatus
3066 5365 3411 5436 imperator,
3469 5360 3628 5415 vellet
3671 5349 3809 5406 nollet

2249 5456 2664 5512 Theodericum
2698 5455 2893 5510 Gothis
2927 5454 3197 5519 reddidit,
3234 5456 3294 5508 et
3338 5468 3436 5508 eos
3477 5461 3667 5505 omnes
3707 5450 3810 5493 cum

2250 5546 2632 5619 prosperitate
2646 5544 2949 5618 repatriari
2965 5542 3242 5616 permisit.
3263 5541 3409 5597 Cum
3441 5554 3576 5610 ergo
3603 5526 3811 5619 Theode-

2246 5613 2404 5692 ricus
2426 5652 2559 5692 cum
2597 5613 2760 5692 sociis
2800 5633 2874 5690 ad
2911 5613 3146 5708 propria
3187 5631 3523 5698 remeasset,
3575 5613 3813 5694 comperit
