3862 6172
129 379 194 434 605
265 319 267 322 ⁴
1303 361 1520 421 GESTA
1551 363 1600 418 Fl

1775 356 1998 420 IORUM.
3215 367 3317 422 606

118 500 254 552 Arares
274 493 318 546 in
361 487 559 544 Italiam
592 485 876 553 introisse,
908 487 1187 558 populum
1245 491 1303 542 et
1350 488 1597 558 patriam
1621 490 1677 550 Α
1701 486 1964 541 ordinem
1985 485 2699 556 recurramus,prcesertim
2752 504 2885 542 cum
2916 487 3105 542 adhuc
3131 489 3318 544 Theo-

118 585 353 640 devastasse,
373 577 524 631 urbes
560 575 841 646 plurimas
860 575 980 629 solo
1016 591 1348 646 coaequasse
1396 579 1453 629 et
1486 577 1597 630 Ro-

115 687 215 724 mam
246 683 384 738 usque
410 663 704 734 vestigium
736 664 876 718 velle
909 663 1280 734 protendere.
1341 664 1598 718 Tandem

115 755 323 826 resumptis
345 752 496 808 armis
526 757 584 805 et
609 752 821 806 viribus
848 769 944 806 eos
971 768 1175 806 omnes
1197 751 1266 806 de
1298 752 1486 822 patria
1505 770 1598 806 ex-

111 847 258 916 putit,et
272 858 416 912 usque
435 841 504 894 ad
522 840 958 895 Pannoniorum
991 840 1270 894 terminos
1288 840 1597 906 insecutus,

111 934 270 1003 etjuxta
301 946 474 985 eorum
531 929 843 983 exercitum
901 929 1150 983 tentoria
1211 928 1350 984 ﬁxit.
1386 930 1447 981 In
1509 929 1601 982 die

105 1023 217 1091 igitur
263 1018 494 1083 crastino,
537 1017 844 1087 assumptis
896 1034 1090 1070 secum
1150 1016 1431 1070 militibus
1484 1033 1598 1070 sex,

107 1110 292 1179 septimus
342 1107 445 1178 ipse
487 1105 686 1159 castris
733 1109 818 1160 est
855 1121 1116 1175 egressus
1171 1107 1233 1158 ut
1279 1107 1597 1158 Avarerum

101 1203 220 1250 castra
259 1212 344 1266 per
374 1195 744 1264 semetipsum
770 1195 1115 1264 exploraret.
1177 1192 1364 1247 Simili
1421 1193 1597 1248 modo

101 1289 321 1338 Amorum
358 1283 584 1355 quidam
615 1283 818 1336 Xerxes
874 1281 1112 1336 nomine
1171 1281 1539 1352 singulariter
1568 1298 1598 1335 e

95 1389 251 1426 suorum
268 1371 435 1426 castris
462 1374 550 1425 est
583 1373 932 1442 egressus,ut
960 1373 1018 1424 et
1048 1369 1168 1439 ipse
1195 1369 1357 1440 quasi
1390 1373 1596 1445 poten-

96 1461 261 1514 tissimus
280 1460 550 1532 praeliator
566 1458 887 1529 potentiam
910 1457 1381 1530 persequentium
1404 1475 1468 1512 ex
1476 1459 1598 1530 plo-

92 1552 202 1604 raret.
226 1547 377 1612 Quem
397 1565 524 1602 cum
549 1546 918 1618 singulariter
941 1547 1315 1601 aberrantem
1345 1546 1599 1600 Theode-

93 1636 184 1689 ricus
225 1637 544 1708 inspexisset,
605 1640 777 1690 trese
809 1636 922 1689 suis
976 1635 1280 1689 comitibus
1336 1635 1409 1688 ad
1462 1651 1597 1688 eum

92 1724 338 1792 capiendum
371 1724 446 1779 ire
476 1723 796 1788 mandavit,
846 1740 988 1794 quos
1018 1725 1168 1776 Avar
1197 1724 1350 1776 solus
1395 1722 1593 1792 fugam

1705 575 1881 629 derici
1909 573 2069 628 istius
2097 573 2395 630 historiam
2427 576 2500 630 ad
2527 577 2913 647 supplendum
2945 580 3158 631 nostrae
3179 594 3315 631 nar-

1700 662 1938 718 rationis
1968 663 2235 718 ordinem
2274 664 2438 718 nobis
2490 663 2875 719 necessariam
2937 665 3314 735 suspicemur.

1775 751 2282 822 Clodoveusigitur
2311 771 2467 808 anno
2497 755 2536 810 2
2584 753 2667 807 sui
2698 753 3060 824 baptismatis
3113 757 3316 808 contra

1701 840 2144 894 Gundobaldum
2162 844 2219 894 et
2245 841 2635 912 Godegisilum
2652 858 2815 895 arma
2835 841 3134 912 corripuit,
3168 845 3225 896 et
3255 841 3314 895 in

1703 945 1799 982 eos
1826 928 2009 982 aciem
2037 927 2311 998 dirigens,
2346 929 2418 983 ad
2462 929 2816 984 ulciscendos
2849 934 3067 984 veteres
3125 929 3318 985 uxoris

1703 1033 1816 1071 sum
1850 1016 2087 1086 injurias
2104 1017 2456 1071 Francorum
2489 1017 2717 1072 animos
2743 1019 2915 1085 acuit,
2948 1019 3312 1090 Burgundio-

1702 1121 1804 1158 nes
1847 1104 2136 1159 universos
2195 1109 2293 1159 aut
2335 1106 2527 1176 gladio
2581 1107 2888 1172 trucidare,
2943 1111 3042 1161 aut
3100 1107 3313 1162 tributo

1700 1193 1858 1264 gravi
1885 1193 2006 1262 subj
2017 1210 2191 1264 ugare
2221 1195 2783 1248 decernens.Contra
2799 1211 2972 1265 quem
2990 1195 3317 1250 Gundobal-

1702 1281 1874 1336 duset
1891 1282 2242 1353 Godegisilus
2261 1283 2576 1338 exercitum
2591 1301 2874 1354 magnum
2896 1287 3315 1355 praeparant,et

1701 1370 1774 1424 ad
1801 1387 1860 1424 se
1901 1370 2356 1439 defendendum,
2390 1372 2524 1426 licet
2550 1372 2938 1443 redarguente
2965 1371 3316 1426 conscientia

1697 1475 1933 1529 pcenam
1964 1457 2267 1513 fratricidii
2289 1464 2678 1526 mererentur,
2699 1477 2828 1513 cum
2853 1461 3010 1514 omni
3030 1459 3312 1513 bellorum

1697 1550 1978 1616 apparatu
2005 1548 2188 1602 aetatis
2217 1548 2510 1619 utriusque
2541 1549 2691 1602 viros
2706 1549 3144 1618 conglomerare
3171 1547 3315 1601 fece-

1697 1637 1851 1687 runt.
1880 1635 1945 1687 Et
1975 1634 2051 1688 sic
2100 1636 2339 1689 collecta
2396 1637 2555 1689 omni
2589 1636 2957 1690 multitudine
3016 1635 3315 1689 Divionem

1699 1738 1877 1792 usque
1909 1727 2314 1795 prOperarunt,
2359 1727 2416 1778 et
2446 1724 2717 1795 utrinque
2746 1725 2879 1780 totis
2908 1724 3120 1778 viribus
3177 1739 3316 1777 con-

88 1811 301 1880 ﬁngens,et
321 1813 515 1885 saepius
546 1813 671 1866 loca
692 1811 1394 1882 reﬂectens,singulariter
1421 1810 1597 1864 inter-
1621 1804 1671 1863 Β
1697 1815 1982 1865 certantes
2037 1815 2199 1882 terga
2231 1813 2520 1867 dederunt
2581 1813 3036 1884 Burgundiones,
3072 1816 3129 1865 et
3156 1813 3318 1864 tanta

88 1898 181 1951 fecit.
200 1900 322 1954 Alios
346 1901 673 1954 tresiterum
706 1899 863 1954 abire
884 1899 1156 1970 imperat,
1187 1899 1288 1953 sed
1318 1899 1514 1952 statim
1536 1901 1596 1952 ut

85 1986 225 2054 primos
267 1987 554 2054 fefellerat,
609 1987 808 2041 fallere
841 1986 1085 2041 tentavit
1136 1990 1194 2040 et
1252 1987 1412 2053 alios,
1448 1989 1506 2040 et
1535 1985 1592 2039 in

89 2074 196 2127 oculis
214 2075 518 2130 Theoderici
543 2092 642 2130 eos
682 2076 844 2129 hasta
877 2075 1086 2144 dejecit
1115 2077 1172 2128 et
1219 2075 1433 2146 gladio.
1464 2076 1597 2134 Post

83 2161 155 2214 hac
173 2164 508 2219 Theodericus
533 2181 664 2218 cum
690 2181 758 2218 eo
773 2163 1144 2236 singulariter
1177 2164 1500 2231 decertans,
1534 2164 1593 2217 in

82 2247 234 2304 brachio
248 2269 362 2307 eum
379 2253 1083 2323 vulneravit,tandemque
1099 2253 1384 2306 devictum
1401 2269 1595 2306 secum

78 2336 119 2389 ad
144 2343 525 2396 castrasuorum
558 2341 678 2411 ipse
702 2340 946 2394 reduxit.
983 2340 1156 2410 Cujus
1185 2340 1499 2411 prudentia
1541 2343 1598 2394 et

79 2425 321 2483 fortitudine
346 2431 680 2497 delectatus,
720 2430 908 2484 verbis
939 2446 1072 2484 eum
1127 2429 1484 2484 suavioribus
1514 2432 1600 2484 est

75 2512 254 2572 hortatus
279 2523 333 2572 ut
360 2536 489 2573 cum
540 2535 611 2573 eo
675 2518 911 2589 paciﬁca
965 2521 1326 2584 remaneret,
1356 2534 1600 2572 munera

75 2603 244 2670 plurima
270 2608 607 2676 promittens
645 2611 702 2661 et
729 2607 1003 2662 honores.
1036 2605 1140 2670 Qui
1174 2606 1600 2678 parvipendens

69 2704 199 2756 preces
222 2697 270 2748 et
294 2695 673 2762 munera,hoc
690 2695 874 2748 solum
906 2694 1161 2766 quotidie
1177 2695 1518 2764 precabatur
1538 2696 1600 2748 ut

70 2778 114 2829 ad
130 2781 270 2835 solum
294 2784 553 2853 prorium
581 2783 962 2838 Theodoricus
991 2783 1180 2837 redire
1211 2784 1595 2853 permitteret.

66 2864 219 2923 Etcum
253 2887 370 2925 eum
397 2874 689 2926 ullatenus
716 2871 968 2926 retinere
1002 2888 1118 2926 non
1142 2872 1598 2943 posset,tandem

67 2953 169 3008 abire
194 2960 509 3029 permisit,et
532 2960 655 3031 ipse
677 2976 806 3014 eum
826 2960 1158 3014 subsecutus
1183 2963 1268 3012 est
1317 2976 1494 3030 usque
1525 2959 1596 3014 ad

66 3039 214 3099 lstriam
242 3047 488 3104 fluvium.
564 3048 748 3112 Quem
789 3063 920 3101 cum
971 3049 1118 3101 Avar
1161 3051 1592 3115 transnatasset,
1620 3051 1668 3112 C

63 3141 289 3208 respiciens
311 3150 464 3200 retro
489 3146 575 3200 sic
603 3145 674 3199 ab
703 3146 888 3199 altera
917 3144 1480 3215 ripaTheodorieum
1513 3147 1597 3198 est

63 3235 256 3294 allocutus
283 3259 296 3295 :
325 3266 351 3292 ‹‹
372 3242 667 3306 Quoniam
696 3241 876 3296 libero
893 3258 985 3296 me
1017 3241 1256 3295 arbitrio
1289 3240 1592 3296 restituisti

60 3331 133 3396 im
157 3353 276 3391 nunc
305 3340 373 3393 ad
392 3344 447 3394 te
482 3344 764 3404 revertar,
797 3355 1011 3409 eroque
1042 3337 1144 3392 tibi
1178 3338 1594 3392 ﬁdelissimus.»

61 3424 225 3486 Reduxit
249 3451 372 3490 eum
393 3435 787 3490 Theodericus
800 3435 1330 3506 secum,multisque
1353 3434 1596 3488 ditatum

60 3529 305 3587 muneribus
333 3539 542 3589 contra
573 3533 881 3588 Wandalos
910 3537 968 3588 et
990 3534 1205 3588 Suevos
1226 3549 1360 3587 eum
1390 3531 1598 3602 saepius

58 3622 248 3682 comitem
274 3629 493 3698 habuit,
528 3631 814 3704 quoniam
832 3629 1034 3686 omnia
1065 3610 1437 3702 prosperailli
1462 3645 1598 3700 pro-

57 3720 184 3775 venire
215 3729 502 3785 cernebat.

96 3814 159 3872 His
181 3820 246 3878 ita
272 3826 466 3897 gestis,
506 3829 572 3882 et
599 3826 810 3899 fugatis
857 3823 1158 3892 Avaribus,
1191 3826 1438 3879 Romam
1466 3839 1598 3877 cum

54 3912 346 3977 Prosperitate
372 3916 774 3972 Theodericus
818 3932 1076 3970 reversus
1122 3918 1206 3970 est
1251 3914 1451 3969 victor.
1505 3912 1600 3966 His

54 3986 175 4051 ferme
205 3999 391 4059 diebus
435 4006 515 4061 ad
541 4005 897 4060 Clodoveum
946 4003 1330 4059 Theodericus
1379 4005 1600 4073 legatos

55 4089 598 4157 suosmisit,:nandans
627 4093 751 4148 utei
784 4109 1046 4149 sororem
1078 4109 1242 4147 suam
1263 4091 1600 4146 Landechil-

55 4164 136 4258 dein
159 4174 202 4229 in
223 4182 669 4258 matrimonium
693 4181 989 4248 tribueret,
1022 4184 1080 4236 et
1100 4199 1164 4237 ex
1195 4182 1303 4236 hoc
1327 4181 1480 4254 pacis
1505 4182 1599 4235 fir-

52 4256 288 4321 m'ssimum
316 4276 562 4342 pactum
582 4271 736 4326 inter
762 4288 822 4326 se
855 4270 1452 4326 sustodirent.Annuit
1481 4271 1602 4341 ejus

1696 1897 1924 1953 feritate
1947 1900 2325 1971 depOpulatus
2351 1905 2436 1954 est
2465 1918 2563 1955 eos
2581 1902 2932 1955 Francorum
2949 1901 3225 1954 exercitus
3257 1892 3322 1952 ut

1697 1985 1782 2039 vix
1811 1987 1986 2056 possit
2012 1988 2197 2059 colligi
2227 2005 2501 2042 numerus
2531 1990 2871 2044 occisorum.
2905 1986 3314 2041 Gundobaldus

1697 2065 1890 2136 itaque
1922 2068 1992 2120 de
2024 2069 2220 2138 praelio
2235 2069 2546 2139 fugiens,in
2567 2069 2923 2124 Avenionem
2937 2067 3230 2122 civitatem
3247 2082 3306 2119 se

1696 2154 1946 2221 reclusit,
1982 2159 2153 2225 atque
2166 2157 2637 2221 communivit,ac
2655 2156 2698 2210 si
2725 2155 3020 2226 tantoregi
3046 2154 3311 2209 resistere

1699 2246 1904 2315 posset.
1939 2244 2052 2299 Sed
2085 2261 2290 2299 manus
2304 2247 2425 2316 ejus
2455 2247 2802 2317 quandoque
2821 2263 2878 2300 se
2907 2245 3160 2315 effugere
3191 2259 3310 2296 non

1698 2347 1862 2401 posse
1886 2333 2328 2402 persentiens,et
2349 2334 2679 2388 offensionis
2701 2351 2815 2388 suae
2847 2333 3089 2388 modum
3124 2331 3308 2386 refor-

1698 2411 1948 2478 midans,
1977 2412 2250 2466 Aredium
2284 2413 2595 2483 quemdam
2631 2413 3004 2468 consiliarum
3035 2428 3202 2467 suum
3233 2410 3312 2464 vi-

1699 2515 1829 2552 rum
1862 2500 2182 2570 sapientem
2215 2504 2388 2571 atque
2439 2502 2791 2567 modestum,
2845 2501 2918 2556 ad
2967 2500 3316 2555 Clodoveum

1701 2586 1904 2641 direxit
1934 2587 2029 2658 qui
2055 2588 2314 2642 furentes
2326 2589 2372 2658 ej
2386 2606 2448 2642 us
2477 2589 2703 2644 animos
2729 2607 2830 2645 suo
2855 2587 3314 2644 moderatissimo

1699 2675 1927 2746 eloquio
1943 2676 2104 2744 (deest
2135 2676 2382 2747 aliquid).
2419 2677 2601 2730 ...viri
2625 2678 2902 2749 sapientis
2924 2678 3193 2748 mitigata
3223 2680 3310 2730 est

1700 2764 1784 2817 ira
1809 2764 1980 2834 regis,
2014 2767 2071 2818 et
2100 2781 2230 2818 cum
2255 2766 2651 2836 propositione
2675 2766 2944 2820 fatricidii
2977 2765 3135 2820 dedit
3157 2765 3311 2818 Gun-

1711 2852 1988 2906 debaldus
2011 2853 2249 2907 domino
2283 2857 2483 2907 DOslI‘O
2505 2853 2627 2924 regi
2663 2854 2787 2907 auri
2819 2858 2875 2908 et
2928 2853 3156 2924 argenti
3197 2869 3316 2922 pon

1700 2939 1840 2993 dera
1865 2941 2048 2993 multa
2074 2943 2131 2993 et
2168 2939 2474 3006 immensa,
2507 2957 2613 3010 pro
2660 2943 2991 3012 perpetrato
3055 2939 3318 2994 videlicet

1699 3028 1931 3093 scelere,
1962 3045 2034 3081 ne
2066 3027 2219 3099 regis
2247 3028 2473 3082 animus
2500 3029 2750 3099 amplius
2788 3031 3133 3083 moveretur.
3163 3029 3318 3082 Hanc

1698 3118 1890 3169 autem
1921 3116 2316 3170 conditionem
2349 3116 2502 3169 inter
2532 3134 2591 3170 se
2625 3120 2950 3170 statuerunt
2972 3120 3034 3170 ut
3056 3133 3161 3186 per
3188 3117 3308 3170 sin-

1697 3205 1859 3274 gulos
1887 3221 2068 3258 annos
2099 3204 2290 3258 saeculi
2315 3205 2715 3275 superventuri
2740 3206 3023 3259 tributum
3051 3207 3311 3276 Burgun-

1699 3292 1898 3346 diones
1932 3293 2165 3346 Francis
2189 3293 2570 3364 praesentibus
2619 3310 2681 3347 ac
2710 3293 2916 3347 futuris
2949 3295 3315 3349 exsolverent

1699 3380 2012 3436 Clodoveus
2034 3382 2207 3453 igitur
2228 3385 2466 3437 onustus
2487 3383 2706 3453 praeda,
2739 3383 2827 3436 his
2857 3386 3028 3454 atque
3060 3381 3315 3437 muneri-

1699 3468 1803 3522 bus
1833 3470 2168 3532 honoratus,
2202 3470 2383 3525 victor
2435 3471 2508 3525 ad
2533 3472 2771 3542 propria
2809 3471 3105 3526 remeavit.
3137 3472 3314 3525 Erant

1699 3561 1894 3612 autem
1908 3559 2284 3614 Gundobaldo
2299 3559 2401 3613 ﬁlii
2421 3558 2967 3631 duo,Sigismundus
2988 3563 3045 3614 et
3069 3559 3317 3632 Godegi-

1698 3646 1852 3701 silus.

1773 3737 1990 3791 Eodem
2020 3754 2154 3792 vero
2179 3741 2440 3809 tempore
2468 3738 2623 3810 apud
2653 3739 2937 3793 Viennam
2966 3739 3171 3793 urbem
3201 3742 3318 3792 ter-

1699 3829 1976 3881 raemotus
2006 3825 2212 3880 accidit
2242 3826 2549 3892 maximus,
2585 3829 2643 3880 et
2672 3829 2870 3882 multa!
2903 3827 3156 3882 ecclesias
3182 3827 3319 3880 sub-

1700 3932 1874 3969 versae
1906 3916 2279 3971 sunt.Domus
2309 3915 2542 3988 insuper
2558 3916 3095 3987 quamplurimaaita
3111 3915 3320 3970 eodem

1700 4007 1862 4059 motu
1890 4019 2176 4060 concussae
2214 4003 2570 4071 referuntur,
2605 4008 2666 4058 ut
2696 4004 2874 4059 etiam
2932 4005 3319 4059 fundamenta

1701 4093 1954 4164 ipsarum
1987 4092 2058 4147 ab
2107 4092 2240 4147 imis
2290 4094 2519 4148 sedibus
2549 4094 2925 4147 solverentur.
2958 4093 3071 4147 Nec
3131 4108 3316 4161 mora,

1702 4181 2039 4236 oberrantes
2063 4181 2180 4250 lupi
2210 4183 2266 4234 et
2289 4180 2414 4235 alia)
2443 4180 2637 4234 bestia:
2662 4180 2882 4234 feroces
2913 4183 3320 4234 terrmmotum

1703 4272 2146 4341 subsequuntur,
2182 4271 2238 4322 et
2269 4285 2372 4339 per
2398 4268 2637 4323 civitatis
2689 4272 2893 4340 portas
2922 4285 3052 4323 cum
3101 4268 3324 4340 impetu

51 4333 339 4412 Petitionibus
401 4359 691 4416 dominus
737 4364 933 4415 noster
997 4359 1333 4426 Clodoveus,
1389 4362 1445 4413 et
1470 4333 1602 4414 cum
1624 4333 1676 4392 D
1701 4333 2053 4413 formidabili
2079 4333 2486 4427 irrumpentes,
2500 4355 2545 4410 si
2573 4333 2748 4428 quem
2775 4357 3018 4412 fortasse
3051 4333 3319 4411 offendis-

49 4428 203 4494 h(more
229 4447 476 4503 maximo
504 4465 677 4502 suam
709 4465 971 4503 sororem
1021 4447 1074 4502 ei
1104 4447 1361 4502 tradidit.
1415 4447 1596 4512 Quam

51 4515 342 4612 Theodericus
363 4537 637 4608 benigne
678 4537 1010 4608 suscipiens,
1067 4553 1196 4592 eam
1230 4537 1332 4591 sibi
1371 4536 1604 4591 sociavit

51 4622 85 4659 1'3
107 4631 317 4678 uxorem.
359 4625 504 4689 Quae
537 4626 772 4696 peperit
803 4626 852 4680 ei
887 4627 1030 4680 filias
1049 4626 1209 4692 duas,
1243 4629 1300 4679 et
1352 4643 1482 4680 cum
1534 4643 1601 4680 eo

53 4701 202 4763 Pariter
220 4714 269 4763 et
299 4713 423 4784 ipsa
455 4714 885 4784 benignissime
916 4717 1253 4770 converSata
1284 4719 1387 4782 est,
1421 4715 1604 4769 donec

50 4798 185 4848 tarum
205 4816 365 4856 unam
398 4804 588 4858 beato
617 4802 988 4873 Sigismundo
1012 4803 1135 4874 regi
1171 4805 1227 4856 et
1254 4803 1496 4874 martyri
1545 4803 1605 4856 in

53 4883 409 4964 matrimonium
436 4893 766 4964 copularet.
796 4892 920 4945 Alia
951 4909 1085 4946 vero
1111 4909 1242 4946 cum
1283 4894 1469 4946 matre
1507 4909 1606 4946 sua

51 4960 152 5022 demi
173 4979 407 5034 residens
438 4985 583 5052 post
615 4985 870 5035 mortem
894 4980 1254 5047 Theoderici,
1307 4998 1437 5034 cum
1485 4981 1604 5036 viro

52 5055 210 5116 cuidam
236 5066 473 5138 ignobili
503 5069 803 5124 connubio
835 5069 1030 5124 illicito
1062 5070 1317 5140 copulari
1347 5075 1602 5141 cuperet,

51 5154 68 5190 Ξ
89 5155 225 5206 matre
237 5158 532 5224 prohibita
550 5161 656 5212 est.
674 5158 784 5212 Sed
805 5163 1146 5230 conceptam
1169 5159 1392 5214 saniem
1410 5163 1606 5214 mente

52 5237 289 5309 revolvam,
333 5246 624 5316 injuriam
681 5264 856 5318 quam
910 5249 1227 5318 pertulerat
1278 5249 1494 5303 refudit
1547 5249 1606 5304 in

49 5327 246 5408 mtrem,
276 5339 330 5388 et
359 5352 498 5390 eam
537 5337 701 5406 quasi
729 5336 1012 5391 nefariam
1043 5354 1266 5392 veneno
1295 5337 1601 5393 interfecit.

51 5411 163 5466 υνλῡό
188 5434 304 5475 cum
334 5423 723 5494 comperisset
743 5442 840 5479 rex
871 5425 967 5496 qui
998 5425 1147 5496 patri
1190 5443 1290 5480 suo
1333 5444 1609 5482 successe-

48 5501 118 5587 rat,
143 5507 264 5562 tanti
287 5511 499 5582 piaculi
518 5513 742 5567 malum
766 5513 962 5568 debita
984 5513 1199 5569 ultione
1223 5515 1472 5570 decrevit
1486 5532 1606 5570 esse

48 5586 406 5666 Vindicandum,
440 5602 503 5653 et
527 5614 661 5652 eam
683 5599 874 5656 balnei
904 5601 1094 5657 calore
1128 5601 1431 5674 proefocari
1459 5619 1609 5676 prae-

48 5675 166 5752 ίθΡίιο
193 5681 297 5745 Sed
323 5686 396 5749 de
433 5687 535 5748 his
566 5687 702 5750 satis
727 5688 965 5766 dictum,
995 5693 1054 5752 et
1076 5689 1206 5769 jam
1250 5691 1325 5751 ad
1347 5675 1604 5752 historiae

1705 4450 1832 4502 sent
1858 4447 2010 4500 hunc
2039 4445 2448 4500 miserabiliter
2467 4446 2768 4500 laniabant
2798 4450 2856 4500 et
2885 4462 3202 4518 puerorum
3226 4446 3328 4500 ali-

1704 4554 1846 4609 quos
1875 4538 1947 4591 ad
1973 4534 2253 4591 silvestria
2274 4535 2923 4604 protrahebant,catulis
2948 4535 3144 4607 utique
3177 4535 3317 4590 divi-

1705 4625 1942 4680 dendos.
1974 4627 2088 4680 Hac
2114 4628 2271 4696 peste
2303 4627 2522 4679 vastata
2550 4627 2636 4678 est
2653 4624 2843 4678 civitas
2860 4641 3008 4695 pene
3036 4641 3139 4696 per
3158 4625 3324 4679 unius

1705 4715 1841 4769 anni
1874 4715 2217 4787 spatinm,et
2249 4715 2371 4767 tota
2397 4713 2655 4783 ejusdem
2685 4713 2926 4766 civitatis
2955 4713 3139 4784 regio.

1777 4804 1992 4858 Eodem
2019 4819 2151 4857 vero
2173 4819 2349 4866 anno,
2377 4801 2718 4856 adveniente
2763 4802 3009 4873 paschali
3059 4801 3328 4856 solemni-

1705 4894 1842 4959 tate,
1877 4892 2016 4945 dum
2055 4891 2111 4945 S.
2144 4891 2537 4957 Mammertus,
2560 4890 2823 4960 ejusdem
2855 4891 3094 4945 civitatis
3116 4891 3328 4963 episco-

1705 4980 2090 5050 pus,Sabbato
2131 4981 2326 5033 sancto
2367 4995 2527 5033 more
2559 4979 2802 5033 solemni
2834 4979 3067 5034 offerret
3107 4981 3323 5035 sacrifi-

1706 5068 1858 5123 cium
1887 5067 2368 5138 Creatori,regale
2388 5067 2665 5138 palatium
2683 5067 2837 5121 urbis
2857 5067 3116 5138 ejusdem
3129 5069 3321 5122 divino

1707 5157 1839 5228 igne
1855 5160 2180 5211 crematum
2214 5160 2315 5210 est.
2339 5155 2552 5209 Videns
2582 5155 2758 5226 igitur
2783 5155 3323 5228 praefatuspontifex

1708 5263 1877 5318 super
1911 5245 2148 5300 miseros
2179 5246 2399 5299 accolas
2430 5244 2560 5316 pagi
2594 5244 2744 5299 illius
2771 5244 3027 5298 divinum
3051 5244 3323 5300 exarsisse

1706 5337 1988 5402 furorem,
2023 5339 2080 5388 et
2105 5335 2256 5389 feras
2291 5332 2717 5388 irrationabiles
2738 5333 2961 5387 ratione
2988 5332 3327 5388 utentesho-

1709 5425 1898 5479 mines
1928 5423 2309 5495 permissione
2341 5421 2442 5476 Dei
2488 5421 2908 5492 omnipotentis
2942 5420 3321 5475 irrationabili

1707 5513 1936 5569 feritate
1967 5514 2272 5579 vastantes,
2305 5511 2451 5566 tanti
2482 5509 2782 5566 infortunii
2804 5508 3132 5566 remedium
3157 5525 3191 5562 a
3224 5511 3326 5563 Do-

1711 5601 1872 5658 mino
1896 5601 2123 5656 monuit
2157 5617 2277 5656 esse
2308 5600 2708 5673 quaerendum.
2761 5597 3040 5671 Praecepit
3070 5613 3322 5670 namque

1709 5691 1924 5774 populo
1957 5690 2220 5750 universo
2259 5692 2323 5749 ut
2343 5705 2474 5747 cum
2499 5688 2723 5766 gemitu
2756 5684 3178 5746 etcontritione
3195 5683 3334 5762 spiri
