3940 6166
71 414 157 478 θοο
1404 390 1626 455 casm
1664 386 2118 458 mucosum.
3311 407 3418 471 oio

72 535 383 594 efﬁceretur
396 526 679 597 Alaricus,
704 527 763 583 et
778 520 1041 600 deinceps
1060 520 1121 581 in
1145 517 1508 579 confessione
1525 533 1674 575 veras
1702 520 1757 580 Α
1784 533 1989 575 eorum
2020 521 2081 575 et
2109 518 2339 577 animos
2398 518 2744 594 armaveris,
2788 522 3014 598 juratas
3045 520 3303 603 legiones
3350 534 3413 593 in

73 625 187 683 ﬁdei
212 636 621 697 perseverans,
655 617 836 673 fcedus
864 616 1151 670 alterutra:
1183 609 1336 685 pacis
1368 607 1470 664 tali
1489 608 1680 697 obserf
1780 610 2043 697 nostrum
2080 610 2434 682 sanguinem
2469 612 2714 681 acueris,
2770 616 2960 689 abque
3004 618 3277 678 dilatione
3332 625 3416 682 fa-

72 695 281 769 vatione
324 711 658 775 ﬁrmarent,
703 708 764 760 ut
792 704 988 759 Franci
1016 701 1234 775 pariter
1278 703 1455 771 atque
1511 695 1679 751 Gothi
1780 696 1987 751 ctionis
2015 702 2128 752 tuas
2177 698 2386 770 dignas
2422 716 2626 771 pcenas
2654 702 3056 774 accipies,cum
3078 707 3149 761 ad
3173 709 3280 765 hoc
3309 728 3411 767 au-

72 819 217 859 arrna
245 800 626 872 deponerent
651 794 868 867 quoties
894 792 965 847 ad
1015 787 1430 845 stabiliendum
1471 785 1676 852 foedus,
1777 802 1907 840 rum
1930 785 2593 841 dividendumFrancos
2616 794 2841 847 nostros
2870 794 3318 863 adduxero,cum
3336 801 3411 856 ad

72 892 143 945 vel
167 889 239 945 ad
264 884 726 958 colloquendum
764 881 914 936 acies
964 884 1223 950 utraeque
1275 873 1675 930 convenirent.
1777 874 1925 947 hanc
1938 873 2285 945 dignitatem
2302 874 2719 945 possidendam
2743 883 2968 936 nostros
2986 886 3405 955 nepotesaccen

70 978 217 1033 Gothi
240 978 446 1047 itaque
484 974 707 1027 assueta
734 968 1074 1024 inﬁdelitate
1097 965 1253 1037 pacis
1286 963 1511 1019 fcedera
1548 978 1678 1033 per-
1781 961 1940 1028 dero,
1975 978 2109 1017 cum
2141 962 2214 1017 ad
2264 962 2616 1019 dividendos
2668 966 2773 1021 hos
2828 970 3110 1026 terminos
3154 974 3406 1031 calamos

70 1066 288 1121 turbare
320 1062 649 1134 cupientes,
681 1062 735 1113 et
764 1073 963 1128 regem
984 1058 1249 1111 nostrum
1261 1053 1379 1108 vita
1405 1053 1465 1107 et
1490 1050 1678 1121 impe-
1779 1052 2008 1105 nostros
2034 1051 2122 1104 vel
2147 1050 2312 1104 funes
2338 1052 2659 1108 extendere
2684 1054 2895 1112 fecero.
2928 1077 2961 1109 »

68 1155 139 1209 rio
159 1152 415 1224 spoliare
434 1148 798 1213 meditantes,
828 1146 1087 1199 cultellos
1107 1140 1680 1215 permaximos,quos
1847 1138 1943 1192 His
1976 1138 2058 1193 ita
2087 1139 2395 1211 peroratis,
2436 1157 2673 1198 ascenso
2709 1161 2858 1217 equo
2889 1146 2965 1200 ad
2983 1148 3229 1205 Francos
3260 1167 3400 1207 eon-

66 1239 370 1312 vulgariter
384 1236 971 1304 hantsaccoscorrupto
987 1232 1262 1287 vocabulo
1277 1228 1676 1295 nominamus,
1778 1225 1920 1280 citus
1950 1225 2171 1292 abiens,
2196 1225 2469 1282 universa
2516 1229 2660 1284 sicut
2688 1238 3005 1289 evenerant
3030 1235 3265 1294 domino
3300 1257 3402 1296 suo

68 1328 239 1402 palliis
270 1326 680 1389 contexerunt,
700 1325 758 1376 ut
771 1320 1097 1376 hochabitu
1119 1316 1339 1391 palliati
1357 1316 1679 1386 sineimpe—
1768 1314 2062 1369 .Clodoveo
2096 1315 2406 1384 nuntiavit,
2436 1320 2497 1370 et
2523 1319 2645 1389 ejus
2676 1320 2904 1376 animos
2926 1323 2999 1377 ad
3044 1326 3402 1396 ampliﬁcan-

67 1416 316 1470 dimento
331 1414 664 1467 sternerent
678 1409 1031 1479 imparatum
1052 1406 1366 1463 exercitum
1381 1403 1672 1459 Clodovei.
1777 1403 1913 1458 dam
1948 1403 2299 1457 Francorum
2317 1405 2571 1475 gloriam
2590 1407 2965 1463 vehementer
2976 1412 3403 1481 accendit-,dum

67 1503 216 1569 Quod
245 1518 387 1556 cum
424 1500 699 1553 Paternus
725 1496 1038 1567 legatarius
1068 1492 1677 1566 praesensisset,genus
1775 1492 1849 1545 ad
1876 1490 2153 1546 videndos
2200 1496 2432 1546 montes
2464 1497 2793 1564 Pyrenaeos,
2823 1498 2911 1551 vel
2943 1499 3017 1553 ad
3066 1501 3404 1558 collustran-

66 1586 676 1648 tactionisadmiratus,
695 1585 940 1639 Francos
973 1584 1048 1638 ad
1080 1582 1311 1654 propria
1330 1580 1518 1636 redire
1532 1597 1676 1652 prere
1775 1579 1914 1633 dum
1948 1596 2108 1633 mare
2141 1580 2437 1635 Oceanum
2469 1598 2605 1638 eum
2634 1584 2904 1640 hortatur
2934 1587 3114 1643 abire.
3150 1590 3267 1645 Hoc
3298 1593 3409 1649 fuit

67 1681 206 1742 texit,
235 1681 296 1732 et
323 1677 456 1747 ipse
481 1673 760 1727 Alaricum
802 1672 889 1726 his
946 1669 1530 1726 sermocinationibus
1591 1671 1676 1722 est
1774 1668 2185 1722 scandalorum
2238 1668 2497 1735 initium,
2547 1671 2682 1725 inde
2740 1675 3187 1731 concertationis
3238 1695 3408 1737 causa

69 1781 388 1839 aggressus:
410 1785 441 1812 «
477 1761 753 1827 Quoniam
774 1759 1014 1839 paciset
1039 1755 1304 1813 amicitia:
1315 1758 1449 1828 jura
1466 1756 1675 1811 nostris
1777 1755 2078 1810 succrevit.
2107 1757 2222 1810 Hoc
2242 1755 2409 1826 origo
2444 1757 2770 1826 discordiae,
2827 1778 2943 1832 qua
2972 1767 3029 1817 et
3086 1764 3406 1824 Gothorum

71 1853 327 1909 ajvestris
341 1847 1228 1919 utilitatibusprovidendointer
1241 1850 1481 1917 utraque
1496 1861 1676 1916 regna
1696 1859 1748 1918 Β
1775 1842 1976 1897 feritas
2006 1846 2092 1895 est
2114 1842 2332 1910 attrita,
2366 1848 2427 1897 et
2452 1845 2709 1900 Alaricus
2740 1847 2856 1902 vita
2884 1850 3105 1918 pariter
3127 1855 3404 1923 spoliatus

69 1942 298 1996 stabilire
333 1938 677 2003 meditarer,
704 1939 761 1991 et
790 1939 850 1989 ul.
870 1952 942 1989 ex
978 1935 1131 1989 facto
1158 1934 1361 2005 patuit,
1395 1936 1668 1988 consueto
1779 1936 1837 1986 et
1867 1930 2171 2000 dignitate.
2202 1931 2269 1983 Et
2299 1932 2586 2002 quoniam
2607 1935 2943 1991 Theoderici
2968 1938 3122 2009 regis
3135 1944 3405 2011 quaedam

72 2028 355 2084 mendacio
373 2031 439 2082 et
464 2024 847 2079 fraudulentia
867 2022 1135 2097 utimini,
1155 2024 1215 2076 ut
1234 2025 1459 2076 nostros
1482 2021 1677 2093 pallia-
1778 2017 2065 2090 principia
2098 2018 2401 2073 retulimus
2462 2038 2591 2091 quae
2632 2026 2844 2077 nostrae
2896 2026 3219 2083 narrationi
3274 2048 3409 2088 con-

73 2120 129 2172 tis
153 2116 489 2171 vulneribus
521 2117 769 2167 sternere
795 2110 1120 2176 volueritis,
1155 2127 1227 2164 ne
1249 2114 1367 2163 tam
1400 2109 1586 2164 subito
1619 2112 1678 2163 et
1780 2122 1989 2178 gruere
2022 2108 2420 2175 sperabamus,
2470 2109 2597 2180 quis
2650 2110 2781 2165 ﬁnis
2807 2113 2930 2183 ejus
2984 2114 3160 2169 fuerit
3190 2119 3407 2189 pariter

72 2206 335 2277 insperate
349 2201 651 2273 rejiciatur
663 2198 1530 2269 istaconditio,qualemcunque
1548 2196 1677 2251 vici-
1780 2194 2140 2259 intimemus,
2165 2198 2228 2247 ut
2248 2195 2372 2265 ejus
2398 2196 2757 2253 formidabili
2790 2203 3057 2274 exemplo
3086 2216 3292 2275 pravos
3309 2210 3409 2281 ju-

76 2310 259 2347 nomm
281 2306 501 2362 regum
524 2306 628 2362 per
646 2287 1036 2342 internuntios
1062 2302 1230 2354 super
1250 2285 1355 2339 huc
1372 2302 1433 2339 re
1460 2284 1679 2356 pariter
1782 2283 1937 2338 dices
1953 2282 2333 2353 corrigamus.
2366 2284 2817 2358 Hiciniquorum
2841 2293 3234 2360 quorumdam
3266 2314 3405 2355 con-

72 2367 859 2441 cousulamus,quidquidipse
873 2364 1424 2435 decreveritabsque
1438 2364 1676 2418 frustra-
1782 2371 1909 2425 silio
1934 2370 2295 2439 depravatus,
2330 2372 2621 2427 Joannem
2653 2391 2867 2446 papam
2896 2381 2954 2431 et
2991 2379 3407 2452 Symmachum

72 2462 203 2515 tione
220 2460 617 2530 compleatur-
641 2478 668 2505 υ
684 2455 841 2520 QUOd
859 2456 1147 2509 Ρᾶὶθΐιιιιδ
1162 2455 1420 2506 oraverat
1441 2453 1681 2508 mandat
1772 2457 2269 2531 ,patricium,viros
2286 2458 2666 2529 Christianos,
2696 2463 2771 2518 ab
2802 2462 3237 2528 insidiatoribus
3252 2493 3416 2532 accu-

70 2548 327 2621 compleri
362 2546 697 2620 populis,et
714 2540 1141 2597 Theodericum
1173 2540 1344 2594 Italiae
1369 2557 1570 2611 regem
1594 2558 1670 2595 su-
1782 2550 1954 2613 satos,
1986 2562 2116 2599 cum
2150 2562 2215 2599 ex
2247 2549 2371 2601 toto
2403 2547 2527 2602 sine
2550 2549 2872 2607 offensione
2903 2554 3177 2622 viverent,
3210 2561 3411 2637 iniquo

71 2655 156 2708 per
170 2639 275 2692 hoc
290 2626 1439 2709 percunctanduminsinuat,etquidquid
1456 2629 1576 2700 ipse
1590 2629 1684 2683 de-
1780 2633 1998 2704 judicio
2030 2633 2627 2707 condemnavitatque
2654 2638 2945 2696 trucidare
2962 2648 3259 2717 praecepit.
3278 2626 3415 2708 P.ost

70 2730 246 2780 cernat
259 2717 1280 2797 praecipitexsequendumﬂuocum
1298 2718 1510 2789 pariter
1540 2734 1679 2789 per-
1784 2723 1908 2776 haec
1937 2736 2069 2774 cum
2115 2720 2423 2775 duceretur
2455 2723 2525 2777 ad
2559 2724 2799 2793 exitum,
2853 2744 2959 2783 nec
2985 2748 3109 2788 rem
3141 2735 3410 2808 hujusce-

74 2813 356 2880 rexissent,
382 2814 673 2867 Paternus
694 2805 1683 2875 videlicetetlegatusAlarici,istius
1784 2807 1946 2863 modi
1976 2811 2255 2877 purgaret
2273 2808 2657 2878 paenitudine,
2682 2812 2823 2868 ultio
2846 2814 2905 2868 in
2932 2833 3067 2872 eum
3091 2805 3287 2881 divina
3314 2828 3412 2882 de-

73 2902 337 2970 patet‘acto
362 2898 616 2971 negotio
638 2894 909 2969 cogitavit
926 2891 1312 2948 Theodericus
1339 2892 1493 2962 quod
1515 2893 1559 2948 si
1578 2894 1683 2948 hos
1785 2895 2008 2952 scendit
2030 2898 2087 2948 et
2110 2894 2374 2966 iniquum
2391 2897 2439 2966 ej
2451 2914 2514 2951 us
2539 2898 2807 2969 spiritum
2822 2917 2856 2955 a
2871 2918 3115 2976 corpore
3128 2909 3411 2970 violenter

67 2989 397 3044 fortissimos
413 3003 588 3058 reges
614 2986 916 3057 separaret
936 2982 1010 3037 ab
1029 2980 1274 3036 invicem
1302 2983 1358 3035 et
1383 2980 1535 3036 inter
1564 2998 1682 3047 eos,
1787 2982 2089 3048 abstraxit,
2142 2984 2200 3036 et
2237 2982 2381 3036 sicut
2409 2984 2579 3039 beato
2609 3002 2761 3057 papa
2801 2988 3078 3061 Gregorio
3116 2997 3409 3057 referente

76 3077 529 3134 altercationiset
545 3073 660 3129 odii
673 3068 1469 3136 afﬁ'aminaseminaret,dum
1482 3087 1539 3124 se
1556 3085 1686 3123 mu-
1710 3130 1757 3158 Π
1787 3069 2184 3143 cognovimus,
2211 3070 2424 3125 eodem
2457 3071 2548 3126 die
2576 3089 2689 3144 quo
2717 3074 2787 3129 de
2818 3075 2926 3130 hac
2956 3078 3081 3134 luce
3112 3084 3405 3158 migravit,

544 3161 839 3217 eventibus
876 3130 1584 3230 impugnarent,dumque
1622 3173 1682 3210 se
1709 3130 1758 3188 Ο
1786 3130 1890 3214 vi;
1892 3158 2131 3230 quidam
2162 3130 2222 3211 in
2254 3158 2444 3213 Sicilia
2474 3130 2742 3215 habitans
2768 3166 2826 3218 et
2851 3130 3406 3236 angeloruiiiovitai;

76 3257 290 3326 uterque
310 3250 607 3307 exercitus
621 3249 831 3304 mutuis
846 3245 1180 3301 vulneribus
1210 3248 1551 3311 sternerent,
1574 3245 1680 3298 ho-
1784 3250 1937 3303 inter
1963 3244 2231 3299 homines
2260 3263 2488 3317 gerens,
2550 3248 2688 3302 dum
2713 3250 2880 3320 juxta
2922 3260 3404 3319 consuetudinem

76 3343 314 3414 rumipse
334 3339 572 3396 medius
595 3341 793 3408 pacato
801 3337 934 3407 jure
953 3334 1287 3405 quiesceret.
1306 3334 1418 3388 Hoc
1431 3334 1681 3404 denique
1785 3333 2034 3390 orationi
2068 3333 2459 3403 incumberet,
2490 3337 2547 3388 et
2572 3338 2772 3408 raptus
2797 3337 2857 3392 in
2890 3340 3092 3411 spiritu
3124 3350 3257 3402 vota
3282 3367 3410 3422 sup-
3438 3410 3441 3415 _

79 3431 270 3492 statuit,
302 3431 416 3484 hoc
434 3426 711 3492 decrevit,
735 3424 898 3496 quasi
921 3440 990 3477 ex
1017 3422 1303 3475 sententia
1330 3423 1677 3493 prodiretur,
1783 3422 1951 3494 plicia
1982 3420 2307 3493 porrigeret
2364 3422 2642 3490 Creatori,
2674 3424 2816 3480 vidit
2875 3426 3067 3498 ipsum
3096 3420 3407 3497 Theoderi-

84 3523 132 3571 ut
154 3520 281 3574 hinc
321 3522 381 3574 et
426 3516 568 3571 inde
606 3514 962 3568 Francorum
990 3514 1048 3565 et
1075 3510 1389 3565 Gothorum
1424 3498 1717 3581 utraeque'
1784 3527 1916 3566 cum
1942 3509 2288 3565 discinctum
2329 3514 2387 3565 et
2417 3511 2822 3568 discalceatum
2877 3516 3082 3574 vinctis
3105 3526 3236 3591 post
3293 3529 3407 3581 ter-
3502 3576 3506 3581 λ

83 3605 606 3662 aciesconvenirent
634 3605 804 3674 atque
837 3601 1311 3666 circumstarent;
1332 3598 1388 3653 in
1434 3614 1680 3670 quorum
1785 3615 1922 3670 gum
1955 3597 2223 3652 manibus
2243 3598 2315 3652 ad
2348 3602 2787 3669 poenarumloca
2800 3606 3079 3673 pertrahi.
3110 3610 3177 3663 Et
3205 3611 3265 3666 hi
3292 3613 3406 3670 duo

88 3695 250 3749 medio
275 3696 512 3765 legatus
538 3690 804 3746 Clodovei
838 3704 989 3760 equo
1012 3686 1270 3741 residens
1301 3703 1524 3741 sursum
1586 3686 1683 3740 ha-
1786 3686 1913 3753 viri,
1958 3687 2209 3741 Joannes
2264 3686 2528 3741 videlicet
2585 3692 2643 3741 et
2700 3685 3105 3762 Symmachus,
3163 3700 3410 3771 turpiter

89 3788 208 3837 stam
234 3784 511 3854 erigeret,
531 3783 590 3834 et
622 3778 819 3834 tandiu
851 3778 908 3831 in
941 3776 1177 3829 circuitu
1208 3776 1329 3845 ejus
1364 3792 1567 3830 aurum
1592 3791 1682 3828 ar-
1787 3790 1920 3828 eum
1953 3774 2325 3844 appellabant
2355 3774 2634 3828 violenter
2672 3780 2845 3848 atque
2870 3784 3308 3848 pertrahebaut.
3340 3790 3410 3843 Et

91 3875 418 3943 gentumque
452 3885 561 3939 pro
594 3865 1015 3938 compositione
1038 3863 1307 3919 facinoris
1338 3863 1501 3919 Gothi
1532 3879 1687 3916 com-
1788 3863 1933 3917 sicut
1966 3878 2064 3915 eos
2086 3860 2294 3931 injusta
2330 3865 2522 3916 morte
2578 3863 2958 3921 damnaverat
3008 3869 3087 3925 ita
3134 3872 3238 3943 ipsi
3271 3892 3407 3931 eum

95 3962 383 4026 portarent,
408 3958 596 4011 donec
624 3971 795 4008 omne
820 3952 1099 4024 spiculum
1126 3951 1290 4021 hujus
1315 3951 1533 4022 gemini
1566 3967 1684 4004 me-
1788 3953 1917 4028 post
1950 3952 2197 4002 mortem
2222 3948 2295 4003 ad
2328 3948 2665 4020 supplicium
2683 3952 3100 4025 perduxerunt,
3134 3964 3193 4013 et
3220 3960 3279 4015 in
3304 3963 3406 4016 ba-

97 4045 195 4098 talli
222 4045 495 4116 congerie
528 4043 874 4115 operiretur,
908 4041 1021 4094 Hac
1053 4038 1383 4093 conditione
1419 4041 1689 4110 gravatus
1789 4038 2050 4091 rathrum
2075 4036 2445 4091 Vulcanisine
2473 4036 2844 4093 miseratione
2858 4042 3409 4112 projecerunt.Etde

98 4134 339 4200 Atax-iens,
372 4134 577 4189 odium
610 4148 782 4203 quam
816 4145 1020 4203 pacem
1048 4128 1222 4198 elegit
1251 4128 1460 4199 potius,
1493 4131 1550 4180 et
1577 4126 1687 4181 alio
1790 4124 1877 4179 his
1908 4124 2013 4178 ista
2044 4124 2353 4179 sufﬁciant.
2384 4125 2595 4179 Verum
2622 4126 2694 4180 ad
2725 4124 2979 4184 historia:
3015 4132 3285 4189 ordinem
3311 4152 3409 4190 re-

99 4220 287 4275 fraudis
329 4236 547 4292 genere
594 4222 905 4274 Paternum
944 4216 1210 4287 decipere
1254 4216 1594 4280 conabatur,
1644 4214 1690 4269 si
1791 4218 2100 4268 vertamur.
3431 4289 3439 4297 .

101 4311 226 4367 forte
258 4325 387 4361 casu
420 4307 615 4378 aliquo
645 4306 953 4360 laederetur
972 4303 1044 4357 ad
1075 4305 1327 4357 mortem
1360 4306 1417 4357 et
1454 4302 1533 4356 ita
1563 4301 1691 4354 ﬁni-
1867 4300 2375 4372 Clodoveusigitur
2390 4301 2995 4374 Paternilegatariisui
3014 4308 3249 4367 consilio
3282 4312 3406 4368 ani-

103 4399 235 4449 retur
253 4397 355 4449 ista
386 4394 705 4460 contentio,
734 4393 874 4447 dum
898 4409 1017 4446 non
1046 4394 1193 4445 esset
1222 4391 1316 4461 qui
1336 4389 1693 4444 renuntiaret
1715 4402 1767 4461 D
1793 4392 1984 4443 matus
1997 4392 2053 4443 et
2073 4389 2379 4460 prudentia
2398 4389 3129 4457 confortatus,Francorum
3143 4415 3409 4469 proceres

106 4481 476 4556 hujnsnegotii
501 4481 803 4536 veritatem
831 4479 1070 4534 domino
1087 4480 1283 4532 nostro
1301 4479 1609 4532 Clodovco.
1630 4478 1691 4529 In
1793 4477 1944 4549 apud
1961 4476 2205 4531 Parisios
2228 4493 2585 4548 congregare
2610 4479 2903 4550 praecepit,
2928 4487 2985 4537 et
3004 4486 3308 4543 astutiores
3320 4489 3406 4544 his

105 4572 458 4625 vetustissimo
499 4586 632 4623 eum
660 4569 866 4623 solario
910 4567 1186 4638 hospitari
1236 4566 1528 4638 prarccpit,
1561 4582 1690 4637 pcr-
1794 4564 1979 4618 verbis
2036 4565 2432 4634 alloqultur:«
2494 4564 2781 4627 Quoniam
2859 4570 3041 4625 animi
3106 4578 3275 4630 vestri
3326 4577 3405 4631 vi-

105 4658 233 4727 quod
261 4660 396 4714 dum
428 4659 658 4713 incaute
688 4657 969 4730 graditur,
998 4655 1357 4711 comminuto
1395 4655 1498 4709 sub
1529 4654 1693 4726 pedi-
1792 4669 1901 4725 gor
1923 4656 1980 4707 et
2011 4652 2366 4707 conﬁdentia
2396 4653 2537 4707 mihi
2579 4654 2727 4709 bene
2787 4663 3085 4730 comperta
3136 4662 3404 4732 habetur,

103 4743 186 4799 bus
203 4748 317 4818 ejus
338 4748 523 4820 ligno,
556 4762 772 4817 pronus
805 4746 877 4799 ad
908 4747 1126 4798 terram
1165 4743 1391 4809 cecidit,
1417 4747 1474 4797 et
1505 4744 1688 4796 fracto
1791 4741 1921 4796 ideo
1948 4759 2045 4795 vos
2076 4742 2420 4796 accersendo
2440 4741 2721 4797 mstimavi
2753 4745 2815 4798 ut
2845 4746 3054 4816 quibus
3071 4766 3300 4806 mecum
3323 4755 3408 4807 est

103 4830 308 4891 brachio
347 4834 480 4890 vitae
519 4837 836 4889 reservatus
880 4835 985 4900 est,
1030 4831 1283 4888 Domino
1324 4834 1685 4903 protegente.
1791 4848 1907 4886 una
1937 4830 2201 4885 voluntas
2229 4832 2287 4883 et
2326 4828 2583 4885 amicitia
2611 4830 2940 4902 singularis,
2973 4835 3153 4892 animi
3178 4840 3293 4894 mei
3318 4857 3409 4896 se-

102 4918 331 4995 Cumque
361 4924 453 4977 vix
469 4922 911 4988 convalesceret,
930 4936 1038 4980 nec
1052 4920 1191 4975 dum
1214 4922 1411 4975 sancto
1431 4921 1688 4987 vulnere,
1792 4921 1949 4975 creta
1963 4917 2477 4990 patefaciam.Volo
2492 4923 2856 4990 compertum
2876 4922 3134 4980 habeatis
3145 4928 3407 4985 animum

99 5008 160 5062 ad
191 5010 581 5066 ostendendos
622 5009 921 5065 thesauros
955 5025 1087 5064 suos
1126 5025 1260 5063 eum
1296 5009 1543 5081 quadam
1598 5007 1690 5062 die
1791 5025 1991 5064 meum
2019 5007 2249 5062 accendi
2281 5007 2700 5075 vehementius,
2743 5025 2874 5064 cum
2921 5012 3222 5071 considero
3279 5017 3407 5074 vita:

98 5094 233 5152 duxit
258 5099 548 5166 Alaricus,
582 5100 641 5154 et
673 5097 939 5170 aperiens
983 5113 1145 5151 arcas
1185 5096 1599 5172 demonstravit
1638 5088 1691 5151 ei
1792 5101 2006 5152 nostrae
2034 5098 2247 5150 statum
2292 5095 2415 5150 sine
2444 5095 2636 5167 aliquo
2655 5096 2841 5152 laudis
2861 5098 3027 5156 titulo
3041 5102 3115 5158 ad
3139 5121 3407 5163 occasum

96 5184 404 5242 divitiarum
429 5185 1172 5242 suaruminnumerahilem
1193 5183 1692 5256 quantitatem.Ad
1791 5184 2049 5257 quotidie
2083 5183 2261 5255 vergi,
2295 5186 2352 5238 et
2390 5182 2613 5238 feroces
2636 5187 2971 5242 nostrorum
2998 5190 3250 5248 militum
3279 5194 3406 5249 ani-

92 5271 180 5330 hos
214 5277 501 5331 Paternus
526 5275 789 5332 exsiliens
825 5277 883 5330 et
904 5274 1184 5342 alludens,
1206 5290 1323 5345 prae
1342 5273 1555 5346 gaudio
1575 5290 1695 5329 ma-
1791 5289 1919 5328 mos
1949 5270 2168 5327 desidia
2189 5271 2545 5339 mollescere,
2580 5275 2637 5327 et
2672 5277 2871 5330 metuo
2926 5294 2999 5332 ne
3027 5295 3158 5334 cum
3189 5280 3404 5338 inertes

93 5378 215 5419 num
242 5365 495 5421 tetendit
525 5365 599 5420 ad
625 5380 816 5420 arcam
849 5367 907 5419 et
937 5363 1129 5436 rapuit
1166 5380 1371 5418 aurum
1400 5362 1555 5436 quod
1586 5379 1690 5434 pu-
1791 5361 2019 5416 animos
2047 5377 2115 5414 ex
2169 5358 2557 5415 dissuetudine
2612 5362 2869 5432 capiunt,
2929 5381 3060 5420 cum
3098 5368 3404 5426 necessitas

88 5453 237 5521 gillus
262 5472 475 5528 capere
506 5456 736 5528 poterat
766 5471 780 5523 ;
815 5456 872 5508 et
909 5456 1240 5526 respectans
1280 5451 1590 5519 Alaricum,
1616 5451 1693 5506 sic
1790 5450 1939 5504 forte
1968 5447 2311 5520 poposcerit,
2344 5447 2565 5519 gladios
2591 5467 2794 5507 eorum
2830 5453 3129 5511 hebetatos
3155 5474 3220 5512 ac
3246 5459 3403 5516 rubi-

88 5556 201 5596 eum
255 5545 559 5600 audaciter
600 5543 910 5615 alloquitur
938 5561 997 5598 :u
1046 5542 1157 5598 Nisi
1198 5542 1309 5597 cito
1355 5540 1694 5597 conduxeris
1792 5538 1925 5611 gine
1953 5538 2252 5607 corruptos
2282 5535 2663 5593 inveniamus.
2698 5541 2875 5595 Arma
2897 5542 3027 5611 jam
3055 5549 3406 5603 resumenda

90 5631 241 5701 acies,
263 5631 584 5690 exercitum
599 5632 1083 5689 innumerabilem
1099 5630 1691 5700 adunavcris,dextras
1794 5630 1946 5695 sunt,
1979 5624 2153 5698 gladii
2185 5624 2450 5691 acuendi,
2511 5626 2586 5682 ad
2610 5628 2870 5685 laborem
2914 5631 3132 5689 militiae
3157 5649 3402 5708 corpora
