3940 6166
506 408 602 469 Oli

1481 400 1858 463 RORICONIS
1902 402 2216 465 MONACHI
2266 403 2783 469 MOISSIACENSIS

3748 407 3841 469 612

507 523 1129 587 suntreducenda.Non
1158 541 1258 583 vos
1284 523 1527 583 illiciant
1555 526 1959 583 blandimenta
1988 545 2116 584 mu-
2139 532 2196 592 Α
2226 529 2394 587 saria.
2426 533 2661 589 Munera
2690 534 2865 592 etiam
2917 534 3181 611 plurima
3224 533 3286 591 et
3326 546 3548 607 equum
3585 529 3845 588 velocissi-

504 620 734 687 lierum,
769 634 885 674 non
916 618 1289 690 parvulorum
1320 615 1540 688 vagitus
1559 619 1904 672 exterreant.
1960 617 2114 673 Licet

507 706 844 780 gentilitatis
873 723 1070 762 errore
1112 708 1454 762 tenerentur
1502 705 1685 760 nostri
1715 708 2001 778 parentes,
2031 723 2117 761 ar-

504 802 613 859 mis
638 807 697 861 et
726 799 938 854 vicibus
967 797 1243 853 domuere
1276 795 1569 865 superbos.
1590 795 1658 848 Et
1688 811 1813 861 nos,
1841 795 1939 867 qui
1959 794 2118 850 Chri-

505 899 658 952 stum
685 892 928 947 adorare
948 886 1076 958 jam
1101 883 1401 954 capimus,
1446 882 1543 954 qui
1576 883 1697 953 ejus
1724 883 1984 938 laudibus
2015 885 2114 939 de-

506 985 793 1041 lectamur
821 979 879 1033 et
921 972 1187 1030 amicitiis
1240 971 1508 1037 fruimur,
1540 970 1897 1043 condignum
1952 972 2115 1027 valde

503 1076 568 1128 ut
596 1065 995 1136 inimicosejus
1026 1077 1227 1117 exosos
1249 1060 1583 1114 habeamus.
1613 1060 1755 1114 Ecce
1803 1059 2114 1115 Galliarum

498 1162 729 1235 partem
761 1153 1099 1216 maximam,
1133 1164 1309 1221 quam
1360 1146 1730 1218 Aquitaniam
1784 1146 2111 1216 nominant,

500 1247 748 1322 populus
770 1239 1039 1305 infidelis,
1070 1236 1236 1292 Gothi
1263 1235 1526 1317 videlicet
1579 1235 1875 1303 insensati,
1908 1252 2112 1290 cruen-

500 1340 626 1391 tare
644 1332 932 1388 videntur.
969 1325 1075 1390 Qui
1100 1342 1203 1396 per
1229 1323 1507 1378 Arianam
1538 1323 1879 1395 pravitatem
1905 1324 2113 1378 Filium

500 1440 536 1479 a
566 1426 734 1478 Patre
766 1418 1171 1489 separant,nec
1197 1412 1473 1484 Spiritum
1487 1416 1751 1466 sanctum
1774 1428 1906 1466 cum
1946 1414 2114 1467 Patre

502 1515 563 1566 et
584 1510 723 1565 Filio
753 1506 1038 1578 aequalem
1083 1501 1441 1556 divinitatem
1472 1501 1688 1554 habere
1726 1500 2003 1567 fatentur,
2059 1505 2118 1555 et

501 1618 606 1677 per
632 1601 743 1653 hoc
772 1592 992 1649 inimici
1039 1590 1142 1645 Dei
1179 1606 1298 1644 esse
1350 1588 1823 1660 comprobantur.
1855 1587 2019 1652 Quod
2071 1588 2117 1643 si

497 1675 616 1747 uno
647 1685 842 1742 animo
874 1679 1062 1735 verbis
1091 1678 1302 1733 nostris
1328 1692 1629 1732 assensum
1649 1675 1919 1731 dederitis
1942 1680 1998 1730 et
2018 1692 2119 1732 vos

501 1794 568 1834 ex
595 1773 834 1830 nomine
868 1768 1192 1825 Christiano
1234 1766 1336 1821 Dei
1367 1765 1582 1820 amicos
1614 1782 1735 1821 esse
1766 1767 2120 1820 monstrave-

2222 635 2407 687 mum,
2430 637 2605 693 quem
2634 624 2867 679 amabat
2897 625 3253 698 plurimum,
3280 619 3608 677 transmisit
3635 636 3728 674 rex
3753 635 3845 691 per

2217 706 2439 777 legatos
2494 709 2570 763 ad
2620 710 2773 765 beati
2813 713 3041 768 Martini
3098 712 3443 777 basilicam,
3487 712 3547 763 et
3587 709 3665 763 ait
3708 708 3842 763 illis:

2216 814 2243 845 ο
2297 795 2439 850 Cum
2482 796 2724 869 ingressi
2776 799 2998 855 fueritis
3044 800 3213 856 beati
3266 797 3380 853 viri
3434 797 3772 864 oratorium,
3799 800 3849 852 et

2216 888 2415 939 nostra
2449 902 2693 941 munera
2723 889 3238 960 preesentaveritis,
3282 885 3577 959 quidquid
3617 886 3843 942 ecclesia!

2216 976 2418 1027 cantor
2446 974 2701 1044 primum
2755 993 2853 1031 ore
2886 975 3392 1049 pronuntiaverit,
3431 974 3707 1028 mandate
3734 991 3842 1028 me-

2216 1061 2440 1129 moriae,
2463 1066 2526 1117 ut
2552 1063 2694 1119 mihi
2722 1065 3056 1120 renuntiare
3079 1065 3308 1120 sciatis.
3339 1062 3608 1118 Forsitan
3636 1061 3845 1134 aliquod

2213 1147 2469 1206 victoriae
2494 1151 2729 1224 signum
2760 1170 2829 1209 ex
2853 1155 3053 1208 sancto
3083 1167 3382 1209 sermone
3407 1150 3664 1224 capietis.
3696 1172 3722 1199 «
3764 1150 3845 1203 His

2214 1235 2399 1305 dictis,
2433 1241 2617 1294 oravit
2641 1242 2715 1296 ad
2745 1240 3081 1310 Dominum,
3103 1245 3168 1296 et
3197 1240 3318 1295 ait:
3345 1262 3374 1290 «
3400 1238 3462 1294 Si
3492 1246 3576 1300 tu,
3600 1236 3842 1304 Domine.

2213 1330 2450 1396 gentem
2475 1328 2629 1382 hanc
2654 1329 3013 1384 incredulam
3032 1327 3183 1382 mihi
3216 1326 3567 1392 tradideris,
3601 1328 3658 1379 et
3692 1324 3846 1378 victo-

2214 1413 2364 1470 riam
2378 1416 2439 1469 in
2462 1417 2730 1471 manibus
2745 1417 2887 1472 meis
2900 1416 3138 1488 videris[
3148 1416 3202 1486 Γ.
3215 1457 3230 1483 ,
3251 1413 3553 1480 dederis],
3567 1415 3625 1467 et
3637 1411 3845 1482 adjutor

2218 1506 2275 1557 et
2285 1506 2581 1575 protector
2598 1505 2657 1558 in
2671 1505 2820 1560 bello
2837 1505 2979 1559 mihi
3014 1504 3335 1571 exstiteris,
3352 1503 3419 1557 in
3445 1502 3705 1572 ingressu
3716 1499 3845 1554 basi-

2218 1591 2341 1645 licae
2360 1592 2552 1647 Sancti
2570 1593 2791 1648 Martini
2808 1592 2947 1647 talia
2963 1592 3177 1647 nostris
3196 1591 3408 1664 pueris
3426 1588 3629 1645 audire
3640 1587 3842 1642 contin-

2219 1682 2319 1751 gat
2332 1680 2390 1734 in
2405 1680 2608 1752 quibus
2620 1680 3115 1753 aliquodl'victorize
3126 1680 3382 1752 signum
3399 1676 3841 1751 deprehendam,

2219 1772 2278 1823 et
2321 1786 2666 1841 cognoscam
2696 1770 2831 1842 quia
2858 1773 2920 1824 tu
2951 1770 3245 1842 propitius
3290 1767 3484 1823 fueris
3514 1766 3659 1821 mihi
3701 1780 3840 1819 servo

497 1865 645 1930 ritis,
678 1876 900 1916 sursum
940 1860 1167 1914 dextras
1197 1855 1423 1927 erigite,
1473 1857 1531 1908 et
1576 1855 1649 1909 ad
1698 1854 2117 1909 conterendum
2147 1837 2198 1895 Β
2220 1860 2341 1925 tuo,
2374 1837 2419 1906 »ν
2437 1857 2666 1912 Dimisit
2694 1837 2888 1930 itaque
2914 1837 3147 1929 pueros,
3184 1860 3249 1912 et
3276 1856 3583 1911 abierunt.
3608 1855 3840 1924 Cumque

498 1952 781 2027 populum
838 1946 1131 2002 infelicem
1184 1943 1406 2015 gladios
1454 1942 1646 1997 felices
1694 1942 1927 2009 exerite,
2010 1942 2118 1996 mi-

498 2059 608 2099 nus
661 2043 859 2095 cautos
910 2035 1085 2092 armis
1137 2036 1195 2088 et
1248 2031 1748 2087 adhortationibus
1800 2031 1967 2085 bonis
2028 2031 2116 2085 in-

494 2129 718 2187 struite.
752 2125 921 2182 Dabit
966 2123 1087 2196 ipse
1118 2138 1225 2193 pro
1273 2122 1430 2175 certo
1460 2118 1787 2186 victoriam,
1826 2119 1924 2191 qui
1955 2136 2121 2174 men-

493 2224 581 2275 tes
611 2220 826 2272 vestras
850 2229 949 2268 suo
996 2210 1171 2265 cultui
1209 2206 1510 2263 dedicavit.
1571 2208 1816 2261 Felicem
1874 2208 2119 2262 Romam

498 2305 709 2362 divitiis
736 2302 955 2374 pariter
985 2302 1043 2354 et
1079 2298 1351 2353 libertate
1382 2295 1765 2361 nudaverunt,
1821 2311 1927 2349 nec
1957 2295 2123 2350 nobis

498 2394 695 2449 minor
726 2389 912 2462 gloria
936 2386 1255 2458 parabitur,
1285 2383 1329 2437 si
1365 2398 1566 2453 regem
1592 2398 1794 2437 eorum
1846 2382 2122 2437 ferocissi-

498 2496 665 2536 mum
696 2476 965 2533 bellando
989 2472 1378 2538 vicerimus,et
1396 2486 1643 2541 regnum
1680 2471 1802 2541 ejus
1820 2474 1992 2543 atque
2012 2471 2124 2526 for-

497 2574 706 2625 tunam
733 2567 945 2620 nostra;
1002 2559 1208 2616 ditioni
1232 2558 1662 2630 subjecerimus.
1699 2580 1726 2607 »
1757 2559 1926 2630 Regis
1986 2577 2121 2632 pru-

500 2655 761 2713 dentiam
790 2667 996 2708 omnes
1010 2646 2122 2721 pariteramplectuntur,animositatem

500 2743 888 2807 admirantur,
917 2743 975 2793 et
1002 2737 1181 2792 ﬁdem
1211 2736 1401 2807 potius
1453 2738 1821 2790 venerantur.
1886 2738 2122 2791 Dextras

501 2848 706 2890 omnes
734 2830 793 2884 in
826 2827 1070 2882 sublime
1100 2824 1350 2896 erigunt,
1370 2824 1709 2879 mandatum
1730 2824 1884 2896 regis
1904 2826 2122 2880 accele-

504 2921 622 2978 rari
650 2916 1018 2982 denuntiant,
1049 2929 1283 2985 seseque
1311 2912 1453 2968 votis
1497 2914 1809 2985 stringunt,
1844 2916 1902 2967 et
1928 2913 1988 2967 ni
2026 2931 2123 2967 su-

504 3008 804 3084 peressent
833 3001 1329 3069 inﬁdeles,barbas
1347 3017 1465 3056 non
1485 3001 1730 3074 amplius
1758 3017 1880 3055 esse
1910 3002 2119 3055 raden-

2218 1946 2613 2016 pervenissent
2653 1947 2724 2002 ad
2766 1948 3095 2019 ingressum
3135 1946 3430 2012 basilicae,
3475 1943 3685 1998 emissa
3723 1958 3841 1995 voce

2220 2037 2422 2089 cantor
2449 2036 2884 2106 pronuntiabat,
2919 2035 3150 2091 dicens:
3188 2033 3563 2089 Pra'cz'nxisti
3598 2048 3694 2096 me,
3742 2029 3837 2084 Do-

2220 2124 2382 2190 mine,
2398 2125 2588 2178 eiriute
2605 2125 2676 2178 ad
2689 2124 2876 2178 bellum
2900 2142 2916 2191 ;
2946 2124 3323 2195 supplantasti
3356 2124 3688 2191 insurgentes
3705 2120 3755 2172 in
3770 2132 3840 2171 me

2220 2211 2406 2266 subtus
2444 2229 2547 2279 me,
2575 2219 2625 2266 ct
2679 2213 2924 2266 inimicos
2972 2229 3111 2266 meos
3147 2212 3359 2266 dedisti
3386 2210 3530 2263 mihi
3551 2208 3770 2271 dorsum,
3798 2211 3839 2257 et

2221 2298 2450 2354 odientes
2472 2317 2554 2354 me
2588 2300 2960 2370 disperdidisti.
3006 2300 3230 2355 Oblatis
3262 2300 3473 2370 itaque
3506 2294 3835 2357 muneribus,

2222 2389 2281 2440 et
2309 2389 2540 2444 oraculo
2573 2388 2766 2443 divino
2799 2388 3129 2455 confortati,
3167 2378 3314 2443 cum
3355 2384 3564 2441 laetitia
3589 2386 3645 2439 et
3681 2380 3841 2436 exsul-

2221 2476 2441 2531 tatione
2471 2476 2544 2530 ad
2572 2477 2880 2531 dominum
2896 2493 3063 2531 suum
3085 2479 3224 2531 sunt
3238 2474 3493 2542 reversi,
3518 2476 3578 2528 et
3601 2487 3725 2526 eum
3754 2469 3838 2522 tali

2224 2564 2427 2619 nuntio
2458 2564 2745 2619 reficiunt.
2778 2564 3209 2619 Inundaverant
3242 2567 3394 2618 tunc
3436 2578 3606 2634 aquae
3638 2574 3744 2631 pra:
3770 2555 3839 2610 ni-

2224 2652 2460 2707 mietate
2480 2652 2826 2724 pluviarum;
2846 2655 2903 2706 et
2931 2652 3174 2707 Vicenus
3204 2651 3427 2707 ﬂuvius
3453 2650 3515 2704 in
3534 2644 3834 2702 tantumexi

2224 2743 2481 2795 creverat
2512 2744 2572 2794 ut
2602 2739 2830 2811 penitus
2868 2739 3119 2794 inveniri
3150 2757 3274 2794 non
3304 2740 3509 2812 posset
3550 2737 3701 2790 locus
3739 2746 3835 2802 quo

2222 2828 2343 2883 sine
2366 2828 2593 2900 navigio
2618 2827 2963 2882 transmeari
2995 2831 3205 2900 posset.
3241 2828 3375 2892 Quo
3410 2842 3548 2881 cum
3580 2818 3833 2896 pervenis-

2220 2918 2306 2971 set
2318 2932 2416 2970 rex
2450 2919 2508 2970 et
2526 2917 2676 2970 ultra
2698 2915 2971 2988 progredi
2992 2932 3110 2971 non
3128 2917 3379 2983 valeret,
3396 2911 3655 2969 tentoria
3681 2907 3831 2978 ﬁgere

2220 3004 2496 3076 praecepit
2548 3007 2612 3058 ut
2642 3005 2731 3059 vel
2776 3007 3017 3077 pontem
3070 3006 3388 3072 sterneret,
3424 3002 3515 3057 vel
3565 2995 3827 3066 navigium

502 3081 605 3154 das
619 3093 1105 3168 proﬁtentur.Nec
1127 3105 1293 3144 mora
1309 3089 2118 3182 perpopulos‘volatedictum,
2149 3124 2197 3182 C
2222 3094 2579 3163 praepararet
2609 3109 2722 3164 quo
2754 3092 2895 3147 illud
2926 3108 3089 3165 aqua;
3117 3091 3409 3147 diluvium
3442 3104 3577 3144 cum
3608 3081 3830 3176 exercitu

502 3184 830 3259 praeparari
849 3182 1088 3253 jubetur
1102 3195 1268 3233 sexus
1299 3181 1542 3249 uterque
1569 3177 1642 3231 ad
1658 3178 1772 3232 tale
1799 3177 2119 3248 negotium.

506 3272 732 3331 Parvuli
750 3272 1038 3326 ducuntur
1066 3269 1124 3321 et
1148 3269 1383 3331 matres,
1414 3268 1472 3319 et
1498 3265 1700 3318 evulsis
1731 3270 1789 3320 et
1820 3265 2124 3321 eradicatis

509 3362 726 3419 aculeis
779 3357 1046 3413 heretica:
1093 3353 1408 3425 pravitatis,
1464 3352 1794 3406 inserantur
1843 3353 2121 3408 virtutum

510 3448 744 3513 surculi,
780 3450 838 3499 et
862 3443 1088 3498 novella
1116 3440 1395 3511 plantatio
1428 3440 1679 3493 fructum
1715 3440 1964 3495 Domino
1985 3458 2122 3496 cen-

504 3536 764 3609 tuplicet,
799 3548 973 3604 quem
1031 3528 1361 3583 adinventio
1423 3528 1576 3582 foeda
1618 3527 2001 3583 fraudaverat.
2036 3531 2124 3586 Ad

502 3626 628 3679 hinc
658 3621 855 3693 regina
883 3616 1186 3674 Crothildis
1217 3615 1463 3669 nimium
1488 3614 1806 3670 exhilarata
1834 3618 2126 3687 gaudebat

501 3712 561 3767 in
594 3709 863 3774 Domino,
897 3709 953 3760 et
968 3704 1281 3777 plaudebat
1305 3704 1462 3774 quod
1477 3707 1595 3757 tam
1616 3704 1930 3774 pretiosam
1956 3706 2122 3760 sobo-

503 3803 621 3856 lem
654 3814 757 3871 per
780 3794 1132 3868 baptismum
1174 3792 1460 3846 obtulerat
1483 3791 1763 3852 Creatori,
1794 3809 1921 3864 quae
1944 3793 2122 3849 etiam

501 3886 825 3948 inﬁdelium
854 3886 1098 3948 mentes,
1132 3897 1272 3951 quas
1304 3896 1504 3933 vomer
1542 3880 1955 3936 ecclesiasticus
2012 3884 2124 3937 sul-

503 3994 635 4033 care
668 3992 785 4030 non
821 3975 1068 4045 poterat,
1102 3968 1278 4024 armis
1303 3968 1578 4022 edomare
1609 3968 1966 4024 decerneret.
2016 3973 2123 4025 Ac-

503 4065 676 4124 cessit
696 4063 877 4135 igitur
912 4061 985 4115 ad
1015 4075 1240 4129 regem,
1274 4058 1331 4109 et
1361 4056 1442 4110 ait
1470 4055 1623 4110 illi:«
1655 4057 1823 4122 Audi,
1858 4059 2119 4125 obsecro,

504 4152 751 4211 Domine
780 4150 862 4204 mi
889 4166 1010 4210 rex,
1066 4144 1335 4201 ancillam
1366 4146 1548 4211 tuam,
1597 4148 1655 4198 et
1692 4144 1834 4215 jube
1869 4147 2122 4200 construi

505 4240 804 4297 ecclesiam
834 4237 893 4291 in
937 4238 1222 4290 honorem
1273 4232 1424 4286 beati
1458 4232 1610 4286 Petri
1660 4232 1931 4304 principis
1988 4250 2123 4305 apo-

505 4331 811 4388 stolorum,
843 4327 905 4378 ut
924 4322 1027 4377 tibi
1057 4321 1127 4375 sit
1158 4319 1533 4374 auxiliatorin
1564 4321 1735 4387 bello,
1776 4323 1833 4374 et
1862 4321 2119 4391 profecto

2223 3181 2574 3251 pertransire
2626 3181 2884 3236 deberet.
2935 3180 3172 3236 Sustulit
3250 3181 3418 3235 hunc
3449 3176 3706 3232 laborem
3742 3166 3823 3223 Dei

2224 3268 2403 3322 nostri
2427 3269 2745 3335 miseratio,
2774 3268 2916 3324 etin
2940 3270 3033 3324 die
3088 3269 3348 3324 crastina
3403 3263 3688 3321 matutina
3721 3259 3825 3328 jam

2222 3356 2346 3410 luce
2376 3356 2599 3424 diffusa,
2633 3374 2764 3412 ecce
2789 3374 3015 3412 cervam
3062 3356 3227 3411 mirae
3255 3348 3680 3427 magnitudinis
3704 3341 3825 3400 emi-

2224 3460 2331 3497 nus
2362 3445 2768 3516 conspicantur
2802 3462 2928 3516 quae
2958 3447 3114 3500 lento
3146 3462 3354 3516 gressu
3386 3454 3624 3497 amnem
3651 3436 3727 3489 est
3752 3431 3823 3484 in-

2224 3548 2436 3602 gressa,
2471 3537 2529 3587 et
2560 3550 2672 3604 quo
2704 3533 2947 3587 transire
2978 3533 3189 3587 debeat
3220 3532 3482 3603 populus
3513 3523 3716 3582 animal
3750 3519 3822 3571 in-

2224 3619 2403 3673 scium
2449 3624 2590 3674 nutu
2644 3620 2839 3675 divino
2882 3621 3264 3674 demonstrat.
3324 3620 3446 3673 Nec
3509 3627 3669 3668 mora
3706 3621 3819 3660 cun-

2222 3709 2345 3759 ctus
2361 3707 2638 3761 exercitus
2668 3724 2905 3762 amnem
2939 3706 3184 3773 transiit,
3210 3710 3269 3760 et
3297 3722 3436 3761 cum
3470 3699 3646 3758 animi
3668 3694 3820 3764 tripu-

2224 3792 2317 3848 dio
2339 3795 2645 3849 Dominum
2667 3796 2995 3865 gloriﬁcant
3024 3796 3081 3848 in
3113 3796 3372 3861 excelsis,
3396 3794 3495 3866 qui
3516 3778 3817 3844 utlsraeliti-

2224 3898 2353 3936 cum
2376 3884 2654 3955 pepulum
2679 3899 2781 3953 per
2810 3900 2968 3937 mare
2987 3883 3268 3951 Rubrum,
3299 3884 3383 3939 ita
3410 3883 3470 3936 et
3499 3880 3817 3955 Francorum

2223 3952 2500 4040 populum
2516 3970 3076 4041 perinundationem
3099 3971 3246 4026 tanti
3282 3968 3547 4026 ﬂuminis
3568 3964 3702 4018 viam
3733 3952 3817 4010 mi-

2223 4059 2481 4112 rabiliter
2507 4059 2865 4113 ostendendo
2880 4058 3125 4113 transire
3150 4059 3448 4131 praecepit.
3473 4053 3577 4120 Qui
3607 4041 3812 4131 cum

2224 4149 2447 4198 ctavam
2475 4144 2868 4217 pervenissent
2908 4145 2980 4199 ad
3030 4126 3260 4212 urbem,
3294 4126 3474 4216 longe
3509 4140 3580 4195 ab
3609 4126 3811 4191 ecclesia

2224 4232 2416 4287 Sancti
2459 4233 2653 4287 Hilarii
2678 4233 2930 4288 tentoria
2960 4234 3137 4304 figere
3187 4232 3465 4304 praecepit
3510 4224 3805 4283 Clodoveus-

2223 4322 2291 4375 Et
2316 4322 2703 4375 comminatus
2748 4325 2832 4376 est
2864 4320 3023 4376 omni
3063 4324 3302 4393 populo,
3346 4337 3420 4376 ne
3452 4320 3508 4373 in
3541 4316 3657 4386 ipso
3683 4316 3807 4376 P380

505 4417 678 4472 faciet
708 4412 989 4469 Dominus
1016 4407 1317 4462 victoriam
1364 4407 1420 4461 in
1450 4408 1719 4461 manibus
1772 4408 1901 4462 tuis.
1940 4431 1966 4456 »
2000 4410 2120 4463 Pla-
2147 4396 2200 4454 D
2223 4409 2469 4480 spolium
2493 4408 2729 4479 alicujus
2751 4410 3063 4476 auferrent,
3084 4426 3223 4464 neve
3257 4406 3582 4482 diriperent
3612 4397 3802 4452 domos,

506 4504 624 4561 cuit
655 4517 847 4557 sermo
902 4497 1121 4569 regina:
1154 4496 1213 4549 in
1245 4495 1422 4549 oculis
1472 4495 1761 4562 Clodovei,
1792 4501 1851 4550 et
1902 4498 2121 4552 elevata

506 4594 760 4663 bipenne
794 4603 967 4659 quam
1019 4601 1197 4639 manu
1237 4584 1493 4655 gerebat,
1527 4584 1729 4638 adnisu
1760 4601 1873 4656 quo
1934 4585 2121 4657 ροιυίι

508 4679 754 4755 projecit
783 4692 912 4730 eam
944 4690 977 4728 a
1007 4691 1089 4738 se,
1118 4675 1178 4726 et
1201 4671 1315 4725 ait:
1346 4694 1373 4722 ‹‹
1400 4673 1461 4725 In
1490 4672 1598 4726 hoc
1630 4673 1775 4739 loco,
1813 4673 2117 4745 adjuvante

508 4769 779 4832 Domino,
814 4765 870 4819 S.
906 4762 1059 4818 Petri
1079 4759 1400 4815 stabilietur
1421 4760 1679 4827 ecclesia,
1703 4778 1837 4815 cum
1868 4779 1898 4816 e
1920 4764 2116 4834 praelio

506 4859 685 4914 victor
732 4870 991 4910 reversus
1039 4851 1223 4905 fuero.
1267 4870 1295 4899 ››
1322 4849 1492 4905 Movit
1537 4849 1729 4921 itaque
1779 4851 2114 4927 exercitum,

505 4950 566 5002 et
613 4941 849 5000 Pictavis
922 4955 1099 5011 usque
1158 4953 1471 5009 properare
1528 4937 1796 4991 decrevit.
1864 4940 2119 4995 Alaricus

502 5051 640 5090 vero
683 5031 1000 5088 Gothorum
1086 5043 1183 5081 rex
1246 5028 1382 5080 tunc
1443 5026 1723 5097 temporis
1784 5028 2120 5085 morabatur

505 5123 741 5179 ibidem.

577 5212 836 5281 Cumque
863 5222 967 5280 per
998 5219 1211 5277 pagum
1241 5200 1592 5256 Turonicum
1615 5201 1890 5256 transiret
1913 5205 2123 5259 exerci-

502 5306 595 5358 tus
617 5295 908 5356 Clodovei,
938 5307 1041 5365 pro
1093 5288 1418 5344 reverentia
1470 5287 1527 5341 S.
1577 5289 1804 5343 Martini
1854 5295 2126 5364 praecepit

503 5407 603 5447 rex
633 5390 695 5441 ut
725 5382 947 5439 nemini
978 5379 1036 5433 in
1058 5378 1263 5432 eadem
1293 5376 1587 5448 provincia
1629 5376 1821 5448 aliqua
1850 5379 2124 5437 violentia

503 5477 838 5535 inferretur.
858 5468 972 5524 Sed
995 5483 1098 5521 nec
1123 5464 1364 5520 omnino
1419 5464 1637 5537 aliquid
1684 5465 1819 5522 inde
1870 5485 1977 5539 per
2007 5470 2120 5525 vim

501 5567 706 5629 tollere
740 5556 1195 5633 praesumpsisset
1232 5552 1532 5620 exercitus,
1568 5553 1673 5609 nisi
1706 5557 2115 5613 tantummodo

500 5653 745 5714 herbam
773 5664 901 5721 quae
941 5644 1102 5719 equis
1156 5659 1358 5707 eorum
1415 5642 1716 5703 videbatur
1764 5661 1884 5704 esse
1934 5662 2124 5702 neces-

2221 4513 2339 4551 non
2371 4512 2581 4567 pecora
2620 4497 3038 4566 prmdarentur,
3074 4514 3180 4551 nec
3206 4496 3503 4569 stipendia
3532 4488 3693 4545 etiam
3722 4490 3807 4550 P91”

2221 4585 2553 4639 violentiam
2602 4588 2895 4657 raperent.
2972 4586 3186 4640 Eadem
3246 4604 3382 4641 vero
3426 4583 3588 4637 nocte
3626 4572 3803 4657 pharus

2218 4672 2422 4745 igneus
2451 4673 2612 4744 quasi
2661 4654 2731 4727 de
2762 4673 3018 4745 sepulcro
3032 4673 3090 4728 S.
3125 4674 3321 4729 Hilarii
3344 4668 3540 4746 egredi
3558 4664 3690 4719 visus
3716 4654 3800 4746 est.

2219 4741 2276 4814 et
2296 4741 2760 4830 super—Clodovei
2794 4741 3109 4816 tentorium
3142 4768 3255 4833 p‘er
3286 4741 3581 4816 dimidiam
3606 4741 3800 4803 fereba-

2219 4865 2345 4903 ram
2387 4849 2676 4920 δρρθτιιίιν
2712 4850 2937 4917 ῐηίδδυδν
2962 4853 3023 4903 ut
3052 4849 3368 4917 credimus,
3398 4849 3456 4902 in
3489 4840 3797 4920 Francorum

2219 4918 2512 5017 auxilium,
2545 4941 2607 4990 ut
2637 4937 2745 4991 hoc
2771 4937 2970 4991 vexillo
2997 4938 3307 4992 confortati
3334 4938 3408 4993 ad
3428 4918 3796 5017 conterendam

2218 5008 2574 5080 incredulam
2607 5029 2844 5096 gentem
2878 5025 3067 5096 magis
3097 5043 3161 5080 ac
3190 5026 3380 5097 magis
3411 5008 3793 5097 accedereu‘lur.

2219 5114 2475 5168 Alaricus
2516 5094 2667 5168 forte
2714 5116 2851 5168 tunc
2897 5094 3120 5181 aberat,
3153 5118 3210 5168 et
3240 5094 3317 5169 ad
3364 5094 3794 5181 congl‘egan‘mn

2223 5200 2706 5256 innumerabilem
2724 5201 3039 5256 exercitum
3067 5202 3293 5272 legatos
3308 5178 3511 5272 ubique
3529 5178 3790 5272 direxerat:

2224 5292 2281 5343 et
2308 5293 2369 5344 ut
2398 5290 2477 5344 ita
2507 5290 2716 5356 dicam,
2741 5307 2859 5345 non
2883 5290 2956 5345 ad
2984 5261 3391 5357 resistendum,
3418 5261 3511 5344 sed
3548 5275 3713 5354 potius
3733 5261 3791 5318 ad

2223 5378 2738 5435 communiendum
2770 5396 3007 5434 suorum
3049 5379 3275 5433 animos
3322 5371 3588 5434 accendit,
3617 5365 3783 5449 θοιςξιῐξξ

2222 5468 2398 5523 fortia
2427 5468 2579 5522 facta
2606 5483 3098 5523 commemorans.
3126 5468 3371 5523 Gentem
3411 5465 3647 5520 nostram
3674 5440 3783 5501 dicit

2224 5575 2343 5613 esse
2358 5557 2783 5630 paucissimam,
2811 5558 2993 5612 latum
3016 5562 3075 5613 et
3086 5557 3398 5630 spatiosum
3429 5564 3579 5609 suum
3593 5543 3777 5598 denm“

2224 5646 2331 5702 tiat
2359 5646 2691 5717 imperium.
2715 5646 2873 5701 Sicut
2902 5628 3147 5702 Romam
3176 5644 3526 5705 attriverant,
3553 5628 3774 5689 itaFran'
