3940 6166
126 392 224 455 M3

1459 396 1685 465 GESTA
1726 398 2177 466 FRANCORUM.

3365 428 3473 491 614

127 536 327 578 corum
361 519 619 596 gloriam
648 518 898 583 insinuat
926 524 1358 617 conterendam.
1378 525 1511 583 Non
1525 527 1603 583 ad
1620 527 1809 617 bel-A
1918 526 2012 583 His
2058 529 2141 588 ita
2161 532 2543 604 bellantibus,
2578 534 2693 595 duo
2723 539 2892 600 Gothi
2920 547 3227 617 prosiliunt
3264 563 3332 610 ex
3361 555 3467 612 ad-

122 612 388 681 landum,
411 613 521 669 sed
550 614 624 670 ad
653 614 1026 687 praedandum
1044 632 1141 672 eos
1163 615 1500 671 adventasse
1521 615 1734 671 menti-

123 704 229 756 tur.
262 701 419 757 Mille
451 701 717 759 convitiis
746 710 969 760 nostros
999 704 1268 773 infamat,
1314 721 1452 759 suos
1471 705 1737 761 laudibus

120 789 340 845 extollit
371 791 700 848 immensis.
729 793 805 847 Ne
833 794 1098 864 parvulos
1127 810 1256 849 suos
1270 794 1583 848 latrunculi
1604 809 1733 865 spo-

118 877 276 944 lient,
326 894 504 934 arma
558 879 858 936 denuntiat
896 882 1330 952 prehendenda.
1384 881 1478 938 Sic
1508 882 1732 938 subste-

118 965 427 1022 machatus
459 969 708 1024 occurrit
732 970 940 1026 nostris
963 988 1084 1028 non
1116 975 1180 1027 ut
1201 972 1395 1040 feriat,
1424 972 1527 1027 sed
1558 972 1730 1028 utde-

114 1053 362 1125 glutiat;
398 1059 461 1109 et
514 1058 750 1112 vallatus
801 1058 1054 1115 militum
1085 1077 1324 1116 suorum
1356 1059 1731 1117 multitudine

113 1145 457 1199 nostrorum
484 1145 706 1201 exuvias
733 1149 1071 1220 suspirabat,
1103 1150 1345 1204 anhelus
1366 1150 1525 1222 quod
1549 1151 1726 1207 effuso

110 1230 401 1302 sanguine
427 1231 797 1290 foedarentur.
830 1238 1146 1309 Ignorabat
1169 1238 1588 1310 insanus,quod
1608 1239 1727 1311 ipse

108 1322 377 1373 nostrum
410 1321 675 1377 ductaret
700 1324 1035 1394 exercitum,
1080 1326 1179 1398 qui
1225 1343 1343 1381 non
1393 1327 1638 1383 confidit
1665 1328 1724 1383 in

106 1406 385 1487 millibus,
411 1408 515 1480 qui
537 1413 696 1466 tonat
712 1411 767 1467 in
785 1413 1061 1482 nubibus,
1095 1415 1192 1486 qui
1214 1418 1409 1471 movet
1426 1417 1720 1489 abyssum,

108 1498 161 1548 et
186 1495 356 1550 sedet
381 1484 451 1550 in
486 1498 647 1555 coelo.
677 1499 990 1556 Clodoveus
1018 1484 1197 1574 igitur
1238 1504 1437 1559 castris
1455 1484 1722 1577 egressus

108 1582 403 1639 Christum
458 1587 717 1656 gestabat
743 1586 801 1642 in
857 1592 1122 1661 pectore,
1152 1594 1209 1646 et
1254 1594 1442 1647 totum
1472 1593 1721 1649 lustrans

106 1671 423 1727 exercitum
458 1673 757 1730 ordinabat
784 1675 959 1731 acies
985 1680 1323 1735 electorum.
1360 1680 1720 1737 Fortissimos

107 1758 311 1814 milites
327 1763 392 1813 ut
406 1760 629 1816 feriant
643 1762 1082 1829 adhortabatur,
1108 1770 1165 1821 et
1201 1767 1519 1823 mediocres
1534 1787 1608 1824 ne
1622 1786 1719 1840 pa-

1838 632 2023 681 verso,
2043 622 2102 675 et
2125 638 2326 694 regem
2341 627 2619 681 nostrum
2636 628 2850 687 lanceis
2862 634 2978 690 suis
2995 636 3129 693 forti
3150 643 3459 700 conamine

1834 714 2261 778 percusserunt,
2291 730 2430 767 eum
2451 730 2526 767 ex
2555 714 2871 787 improviso
2902 726 3076 779 morti
3100 729 3325 785 tradere
3341 748 3459 787 me-

1835 795 2110 854 ditantes.
2142 799 2255 855 Sed
2279 802 2575 858 Dominus
2615 809 2987 879 omnipotens
3004 815 3156 870 hunc
3184 820 3454 890 protexit,

1834 888 1891 938 et
1918 886 2106 955 gloria
2118 888 2326 959 triplici
2357 895 2676 963 coopertus
2704 895 2848 952 ictus
2878 901 3020 955 tales
3030 918 3135 973 pro
3157 905 3335 961 nihilo
3367 886 3454 962 re;

1830 974 2073 1043 putavit,
2107 980 2165 1030 et
2189 976 2495 1033 Alaricum
2523 980 2667 1036 laeva
2688 985 3022 1058 corripiens,
3051 991 3252 1048 adnisu
3265 995 3452 1054 valido

1831 1061 2068 1117 deduxit
2097 1064 2379 1135 gladium,
2405 1071 2467 1121 et
2490 1068 2570 1123 sic
2601 1076 2771 1144 caput
2799 1074 2922 1145 ejus
2943 1080 3281 1150 amputavit.
3313 1083 3444 1138 Tol-

1828 1150 2028 1206 luntur
2054 1151 2266 1207 iterum
2298 1170 2469 1209 voces
2488 1156 2564 1211 ad
2585 1158 2793 1228 sidera,
2835 1166 2893 1218 et
2922 1169 3205 1223 renovatis
3234 1170 3449 1228 viribus

1828 1239 2030 1295 Franci
2048 1240 2258 1296 iterum
2276 1242 2625 1300 animantur
2641 1248 2715 1303 ad
2736 1251 3060 1308 caedes.Sed
3070 1254 3237 1311 Gothi
3260 1263 3451 1316 morte

1825 1327 1911 1383 sui
1933 1329 2090 1399 regis
2106 1328 2385 1402 inspecta,
2404 1333 2707 1390 turbinum
2724 1353 2891 1394 more
2910 1340 3018 1395 hac
3030 1341 3271 1415 illacque
3286 1346 3452 1404 diffu-

1823 1416 2010 1487 giunt,
2068 1420 2128 1472 et
2153 1418 2427 1489 projectis
2458 1424 2641 1477 armis
2663 1424 2952 1482 incassum
2979 1429 3174 1486 abdita
3200 1449 3447 1507 quaeque

1822 1505 2182 1559 collustrant.
2207 1507 2293 1570 Et,
2319 1510 2385 1561 ut
2421 1508 2483 1562 in
2508 1515 2767 1567 veterum
2798 1516 3035 1571 Patrum
3057 1505 3448 1596 historialegi-

1820 1595 1935 1659 tur,
1964 1611 2111 1648 unus
2137 1599 2403 1650 nostrum
2437 1613 2644 1653 eorum
2678 1602 2836 1657 mille
2884 1608 3358 1679 persequebatur,
3377 1595 3448 1669 iet

1821 1680 1934 1735 duo
1954 1682 2232 1752 fugabant
2253 1682 2457 1739 decem
2486 1686 2969 1747 millia.Cerneres
2984 1694 3446 1768 illudimpletum

1819 1768 1975 1839 quod
2004 1768 2075 1822 de
2106 1771 2510 1840 peccatoribus
2530 1772 2827 1846 Scriptura
2854 1782 3115 1847 testatur,
3151 1788 3279 1855 quia
3301 1796 3439 1844 sicut

105 1850 265 1901 veant
282 1847 822 1904 dictisinformabat
842 1852 1153 1907 alacribus.
1173 1855 1244 1908 Ut
1262 1856 1530 1927 egregius
1550 1858 1715 1912 miles
1744 1853 1793 1911 B
1816 1858 1942 1924 ﬂuit
1966 1873 2086 1909 cera
2116 1874 2148 1909 a
2186 1857 2329 1928 facie
2354 1861 2519 1927 ignis,
2546 1864 2620 1916 sic
2638 1872 2862 1932 pereant
2880 1847 3183 1936 peccatores
3229 1891 3262 1927 a
3302 1876 3444 1946 facie

105 1938 227 1989 ante
243 1935 533 1991 ductabat
555 1938 877 2006 exercitum,
897 1943 967 1993 ut
980 1940 1345 1998 ﬁdelissimus
1362 1944 1715 2000 Christianus

102 2023 293 2095 saepius
329 2024 666 2096 suspirabat
691 2027 762 2081 ad
792 2029 1029 2083 coelum.
1056 2030 1137 2085 Ne
1158 2034 1291 2086 ante
1328 2037 1555 2105 tempus
1575 2052 1711 2106 pro-

102 2115 365 2183 rumpant
391 2129 465 2167 ex
497 2113 643 2180 acie,
676 2115 956 2171 nobilium
981 2117 1263 2188 juvenum
1294 2122 1563 2178 ardentes
1584 2125 1709 2179 ani-

101 2215 214 2254 mos
237 2201 611 2273 comprimit,
647 2205 853 2257 etcum
883 2205 951 2258 in
986 2205 1141 2261 bello
1172 2208 1454 2277 steterint,
1487 2213 1711 2283 gladios

102 2303 164 2343 ne
190 2288 613 2345 obliviscantur
632 2290 1190 2349 hortatur.Rudibus
1200 2295 1452 2352 insinuat
1465 2300 1711 2371 qualiter

98 2371 309 2430 hostem
336 2376 584 2446 feriant,
617 2382 672 2433 et
697 2378 963 2453 designat
991 2383 1213 2453 pariter
1244 2388 1542 2457 quomodo
1566 2389 1711 2444 ictus

97 2462 340 2519 hostium
372 2464 673 2520 incassum
705 2466 963 2524 dissilere
992 2469 1232 2525 faciant.
1256 2474 1492 2530 Petrum
1535 2480 1710 2549 atque

97 2551 396 2607 lartinum
424 2552 659 2608 invocat
688 2558 750 2609 ut
768 2561 1150 2627 succurrant;
1194 2563 1251 2613 et
1266 2567 1596 2633 respectans
1612 2564 1710 2620 Hi-

102 2638 300 2694 larium
332 2644 403 2694 ut
437 2640 708 2696 vexillum
734 2642 925 2715 capiat
954 2647 1015 2699 et
1054 2645 1248 2700 ductet
1267 2650 1579 2706 exercitum
1602 2653 1714 2708 im-

97 2732 374 2797 precatur.
405 2728 527 2783 Nec
553 2729 782 2800 segnius
795 2731 972 2787 feriat
990 2732 1433 2807 Arianos,quam
1450 2744 1711 2795 ventrem

96 2830 328 2871 vacuum
359 2816 485 2872 suis
519 2817 1196 2890 disputationibusferire
1213 2832 1592 2885 consueverat
1616 2847 1713 2886 eo-

97 2919 216 2958 rum
245 2905 588 2976 principem
617 2906 908 2963 infelicem
938 2909 1162 2964 Arium.
1204 2912 1273 2966 Et
1292 2912 1519 2971 innixus
1546 2919 1713 2974 hasta

101 2991 337 3047 Francos
367 3009 587 3048 omnes
616 2992 894 3062 intuetur,
924 2999 984 3050 et
1013 2996 1306 3068 signaculo
1336 3008 1549 3060 nostrae
1575 3006 1712 3062 fidei

102 3077 324 3135 fidelem
355 3080 564 3152 signat
584 3082 926 3147 exercitum,
959 3086 1018 3139 et
1048 3089 1109 3139 ut
1138 3084 1199 3140 in
1229 3090 1711 3148 nomineDomini

102 3164 300 3222 feriant
320 3169 709 3241 imprecatur.
733 3173 777 3226 A
790 3172 990 3227 sthinc
1011 3176 1071 3227 et
1092 3173 1226 3229 inde
1242 3180 1558 3236 conseritur
1568 3200 1713 3254 prae-

103 3255 253 3323 lium,
276 3261 336 3311 et
349 3257 622 3312 buccinis
634 3259 890 3331 undique
908 3262 1479 3331 sonantibus,ccelum
1500 3272 1713 3326 clamo-

106 3343 246 3398 ribus
275 3345 587 3417 impletur,
613 3348 725 3401 tela
744 3349 946 3403 volant
965 3366 1071 3420 per
1099 3356 1420 3419 aera,terra
1432 3359 1712 3429 sanguine

107 3437 454 3488 cruentatur.
488 3434 740 3489 Audires
769 3436 906 3491 hinc
935 3438 1222 3508 gemitum
1245 3443 1714 3513 morientium,il-
1764 3464 1768 3469 ·

108 3518 208 3573 linc
232 3523 677 3577 vulneratorum
710 3524 987 3579 stridores
1007 3525 1715 3605 horresceres.Palpitabat

111 3606 230 3662 hinc
253 3610 590 3681 exsanguis,
613 3614 670 3664 et
697 3612 1206 3669 moriensvorabat
1221 3623 1435 3673 terram
1459 3624 1557 3675 aut
1575 3623 1715 3693 lapi-

114 3696 218 3749 des.
239 3699 408 3752 Alius
423 3698 750 3767 calcitrans,
771 3701 912 3755 dum
938 3701 989 3754 ei
1010 3703 1212 3757 mortis
1232 3706 1395 3760 tarda
1412 3711 1716 3765 molimina

114 3786 454 3852 viderentur,
487 3788 847 3858 angustiatus
863 3805 984 3859 prae
1007 3789 1204 3846 dolore
1224 3794 1715 3869 vulnerum,quid-

117 3872 236 3927 dam
265 3875 524 3929 effractis
554 3874 785 3945 spiculis
833 3878 1098 3947 rapiebat
1124 3895 1235 3950 quo
1266 3882 1449 3937 tristia
1480 3889 1716 3954 pectora

120 3963 617 4029 transverberaret,
640 3968 698 4018 et
721 3965 819 4018 tali
834 3967 1038 4020 mortis
1054 3969 1465 4025 acceleratione
1478 3972 1715 4029 finiebat

121 4049 407 4105 vulnerum
438 4050 745 4106 cruciatus.
784 4052 1101 4108 Clodoveus
1154 4055 1328 4126 igitur
1366 4059 1591 4115 hastam
1631 4062 1711 4116 vi-

121 4134 285 4191 brans’
307 4139 513 4193 obvios
543 4155 799 4210 quosque
832 4143 1260 4210 prosternebat,
1291 4149 1349 4199 et
1368 4163 1581 4202 nomen
1607 4151 1714 4204 Do-

124 4223 250 4278 mini
276 4226 487 4298 sazpius
517 4225 889 4281 inclamabat.
926 4227 1184 4300 Cumque
1206 4232 1558 4289 Francorum
1585 4238 1712 4291 ani-

126 4326 236 4364 mos
262 4313 334 4366 ad
365 4313 826 4369 internecionem
860 4316 1074 4371 odiosa:
1093 4320 1279 4390 gentis
1309 4323 1518 4379 sedulis
1544 4325 1716 4380 incla-

125 4398 461 4455 matiouibus
487 4401 916 4471 adhortaretur,
933 4408 992 4459 et
1021 4388 1243 4478 aliquos
1260 4408 1320 4463 in
1339 4412 1490 4466 bello
1524 4414 1714 4468 minus
1736 4388 1787 4445 D

122 4485 374 4541 sollicitos
391 4488 1073 4557 confortaret,Alaricum
1093 4495 1320 4551 eminus
1332 4499 1711 4571 conspicatur,

123 4576 169 4625 et
192 4590 335 4645 equo
369 4579 501 4646 post
529 4594 664 4632 eum
698 4578 929 4646 emisso,
963 4596 1097 4633 eum
1126 4583 1330 4639 lancea
1363 4588 1630 4656 percutit,
1658 4593 1717 4643 et

120 4659 457 4733 sicgladium
486 4665 773 4738 evaginat.
814 4669 955 4722 Ecce
986 4686 1152 4741 reges
1184 4671 1570 4731 ferocissimos
1608 4678 1714 4732 cir-

118 4754 392 4805 cumstans
416 4755 667 4824 pepulus
696 4755 1040 4823 mirabatur,
1074 4762 1131 4812 et
1160 4758 1240 4813 eis
1259 4760 1339 4814 ita
1373 4763 1716 4820 bellantibus

117 4838 319 4893 nullum
353 4842 626 4895 solatium
658 4843 1058 4914 impendebat.
1109 4846 1448 4903 Rimabatur
1475 4855 1715 4924 uterque

113 4922 282 4980 locum
309 4928 587 4995 vulneris,
618 4932 676 4983 et
704 4932 1045 5003 plerumque
1079 4951 1197 4987 non
1218 4935 1516 4992 inveniens
1535 4941 1717 4996 aversi

112 5013 362 5084 clypeum
396 5016 597 5086 gladio
631 5017 989 5073 decurtabat.
1024 5020 1282 5093 Cumque
1314 5024 1419 5078 hac
1450 5026 1717 5083 vicissitu-

110 5099 226 5155 dine
255 5104 407 5157 alter
439 5104 607 5158 alteri
636 5104 865 5159 fervens
891 5109 1242 5176 succederet,
1266 5115 1321 5165 et
1341 5116 1715 5187 utrarumque

104 5190 394 5258 galearum
438 5192 712 5263 planities
740 5193 1099 5249 scinderetur
1150 5197 1207 5250 in
1260 5204 1474 5269 partes,
1523 5220 1594 5256 ne
1627 5221 1718 5259 res

107 5278 405 5334 duceretur
425 5280 500 5334 ad
524 5280 793 5335 effectum
821 5283 1091 5354 ,antiquaa
1108 5285 1353 5341 feritatis
1372 5288 1544 5345 fortia
1569 5293 1719 5348 facta

105 5373 504 5412 rememorans
540 5358 882 5428 Clodoveus,
916 5362 1136 5417 elevato
1170 5365 1405 5421 brachio
1438 5386 1634 5425 ensem
1658 5373 1718 5426 li-

104 5444 223 5501 brat
253 5447 332 5502 ad
362 5448 593 5516 vulnus,
628 5452 687 5503 et
712 5449 954 5505 barbam
986 5456 1368 5526 mentumque
1407 5458 1622 5530 pariter
1652 5478 1716 5517 ac

104 5535 297 5591 lzrvam
319 5553 714 5608 manum,qua
741 5538 1009 5610 clypeum
1034 5543 1317 5612 gestabat,
1334 5548 1712 5603 excussitAla-

103 5626 215 5693 riui,
249 5628 309 5679 et
331 5625 416 5679 sic
432 5624 659 5679 resiluit
688 5625 746 5679 in
778 5630 1009 5698 partem
1040 5646 1054 5696 ;
1089 5629 1166 5684 ita
1192 5632 1374 5687 altera
1393 5640 1564 5705 caput
1593 5637 1714 5708 ejus

103 5717 409 5787 amputare
441 5714 792 5770 deliberans.

1814 1943 1944 2011 Dei,
1968 1950 2019 1997 et
2034 1945 2180 2013 justi
2199 1946 2412 2015 epulent
2423 1965 2511 2015 ur,
2532 1956 2581 2003 et
2606 1952 2839 2005 exultent
2864 1955 2919 2007 in
2934 1965 3210 2027 conspectu
3234 1943 3357 2031 Dei,
3391 1973 3443 2020 et

1814 2031 2137 2086 delectentur
2165 2034 2221 2085 in
2249 2032 2462 2088 laetz’tza.
2502 2038 2585 2091 lta
2616 2038 2930 2095 Clodoveus
2979 2043 3283 2104 inimicum
3342 2070 3435 2107 su-

1815 2119 2043 2191 perabit
2071 2121 2408 2189 exercitum,
2441 2127 2500 2177 et
2530 2140 2679 2194 pene
2729 2128 2803 2182 ad
2832 2128 3295 2193 internecionem
3348 2158 3437 2195 us-

1815 2224 1928 2279 que
1959 2207 2212 2263 deduxit.
2248 2208 2313 2263 Hi
2342 2226 2501 2279 vero,
2536 2213 2633 2284 qui
2660 2214 3016 2273 Francorum
3061 2221 3283 2292 gladios
3308 2245 3436 2285 eva-

1815 2297 2035 2362 serunt,
2070 2311 2203 2350 cum
2234 2298 2560 2355 Amalarico
2614 2302 2833 2357 Alarici
2864 2305 2982 2361 ﬁlio
3027 2307 3103 2362 ad
3142 2310 3439 2385 Hispanias

1816 2383 2224 2456 profugerunt,
2256 2386 2314 2438 et
2344 2387 2620 2443 eumdem
2664 2392 3066 2450 Amalaricum
3100 2396 3158 2452 in
3189 2383 3435 2471 paterno

1815 2471 1959 2526 solio
1974 2470 2381 2528 sublimarunt.
2413 2475 2688 2532 Maximus
2718 2481 2914 2535 autem
2942 2470 3328 2549 Arvernorum
3340 2510 3440 2565 po-

1813 2560 2002 2631 pulus,
2034 2558 2132 2630 qui
2157 2575 2290 2615 cum
2309 2564 2646 2634 Apollinare
2672 2567 2819 2622 duce
2845 2567 2904 2624 in
2923 2571 3280 2642 adiutorium
3302 2558 3439 2638 A-la-

1813 2647 1917 2702 rici
1946 2650 2202 2715 venerat,
2234 2648 2314 2703 ita
2343 2650 2403 2705 in
2435 2654 2642 2709 eodem
2660 2655 2863 2727 praelia
2894 2675 3027 2716 cum
3057 2665 3254 2722 multis
3276 2687 3439 2727 sena-

1814 2735 2037 2790 toribus
2090 2739 2176 2789 est
2204 2737 2453 2807 attritus,
2512 2745 2575 2796 ut
2623 2743 2712 2797 vix
2758 2760 2825 2798 ex
2856 2748 3021 2804 tanta
3060 2754 3434 2814 multitudine

1816 2822 2051 2877 nuntius
2094 2829 2436 2894 superesset,
2489 2828 2587 2899 qui
2642 2831 2751 2885 hoc
2790 2834 3059 2891 uxoribus
3113 2845 3431 2901 nuntiaret.

1815 2911 2051 2965 Factum
2079 2913 2164 2963 est
2192 2912 2460 2982 praelium
2490 2914 2641 2971 istud
2667 2917 2726 2971 in
2758 2934 2965 2992 campo
2977 2923 3313 2998 Vosaglinse
3334 2951 3429 2988 su-

1813 3014 1919 3071 per
1959 2996 2231 3053 Clinnum
2269 3000 2529 3070 ﬂuvium,
2588 3003 2813 3061 decimo
2863 2996 3151 3068 milliario'
3184 3018 3257 3072 ab
3288 3021 3429 3076 urbe

1816 3087 2065 3141 Pictava.

1886 3176 1999 3228 Hac
2036 3175 2208 3245 igitur
2233 3181 2462 3246 patrata
2489 3179 2744 3248 victoria,
2774 3182 2955 3239 filium
2968 3203 3136 3245 suum
3166 3193 3425 3252 Theode-

1814 3262 2022 3329 ricum,
2052 3278 2229 3333 quem
2256 3282 2324 3319 ex
2344 3268 2666 3324 concubina
2677 3275 3307 3342 genuerat,Clodoveus
3327 3300 3428 3339 rex

1816 3368 1946 3405 cum
1978 3354 2143 3421 parte
2173 3353 2259 3407 sui
2291 3354 2570 3410 exercitus
2597 3357 2670 3411 ad
2700 3359 3032 3416 Arvernum
3078 3366 3296 3440 dirigit,
3330 3372 3429 3444 qui

1819 3439 1867 3493 ei
1900 3438 2154 3494 civitates
2199 3445 2258 3495 et
2301 3443 2617 3516 municipia
2664 3446 2737 3500 ad
2790 3448 3138 3509 Rhodanum
3192 3438 3429 3515 fluvium

1818 3543 1998 3599 usque
2023 3527 2307 3598 subjiciat.
2332 3530 2438 3594 Qui
2468 3533 2649 3604 patris
2674 3534 2758 3589 sui
2788 3538 3081 3595 mandatis
3124 3544 3431 3619 obtempe-

1817 3631 1946 3668 rans
1975 3615 2147 3669 urbes
2174 3618 2461 3673 universas
2492 3636 2525 3673 a
2542 3621 2750 3676 finibus
2763 3624 3081 3682 Gothorum
3103 3615 3430 3704 usqueBure

1816 3703 2095 3773 gundiam
2127 3706 2411 3776 sagaciter
2438 3708 2763 3780 subjugavit
2787 3715 2842 3765 et
2874 3703 3227 3774 Francorum
3260 3723 3428 3780 ditio-

1816 3791 1876 3844 ni
1906 3791 2215 3846 substituit.
2252 3793 2566 3848 Clodoveus
2592 3795 2767 3866 igitur
2803 3815 2903 3853 rex
2935 3802 3317 3877 Burdegalem
3347 3812 3427 3866 ci-

1816 3879 2051 3933 vitatem
2082 3878 2436 3948 ingrediens,
2488 3899 2591 3953 per
2620 3883 2877 3939 hiemem
2908 3887 3127 3946 ibidem
3158 3890 3429 3952 demoraJ

1816 3970 1904 4020 tus
1921 3969 2027 4033 est,
2046 3970 2102 4020 et
2122 3967 2425 4039 fatigatum
2463 3971 2523 4024 in
2554 3971 2706 4026 bello
2732 3973 2936 4029 refecit
2966 3980 3424 4039 exercitum.Un-

1816 4055 1885 4109 de
1918 4056 2293 4126 progrediens
2321 4059 2587 4113 Tolosam
2620 4059 2846 4127 invasit,
2873 4064 2929 4116 et
2954 4065 3255 4122 thesauros
3286 4074 3424 4127 Ala-

1814 4143 1915 4197 rici
1945 4141 2052 4210 his,
2085 4145 2180 4214 qui
2208 4145 2473 4200 eamdem
2499 4147 2853 4218 provinciam
2897 4155 3209 4220 possessuri
3239 4163 3425 4228 erant,

1816 4230 2068 4285 dividere
2099 4232 2391 4304 praecepit.
2423 4233 2680 4306 Cumque
2714 4236 3071 4294 Ecolesinam
3111 4241 3424 4317 civitatem,

1817 4334 1943 4388 quae
1968 4318 2297 4374 rebellionis
2328 4320 2627 4376 audaciam
2654 4339 2842 4377 assum
2851 4331 3065 4396 pserat,
3112 4335 3429 4419 expeteret,

1816 4408 1873 4459 et
1904 4422 2034 4460 eam
2062 4406 2238 4461 armis
2269 4412 2324 4462 et
2354 4408 2652 4464 obsidione
2684 4428 3017 4482 expugnare
3067 4406 3424 4490 decerneret,

1814 4498 2038 4549 tantam
2088 4496 2339 4567 gratiam
2389 4497 2441 4551 ei
2489 4497 2668 4552 virtus
2700 4499 2895 4555 divina
2949 4507 3232 4561 concessit
3277 4510 3427 4567 utin

1817 4583 1938 4652 ejus
1969 4584 2280 4638 adventum
2300 4585 2447 4638 muri
2468 4585 2728 4655 ejusdem
2742 4587 2984 4645 civitatis
3000 4596 3429 4660 ruerent.Quod

1815 4670 2073 4726 videntes
2119 4672 2412 4744 oppidani,
2469 4676 2526 4728 et
2582 4692 2709 4729 rem
2762 4675 2956 4732 divino
2990 4684 3132 4735 nutu
3164 4685 3422 4741 evenisse

1815 4759 2132 4826 credentes,
2166 4777 2285 4815 sese
2316 4778 2531 4832 suaque
2562 4763 2773 4817 dedere
2806 4764 3116 4831 Clodoveo,
3151 4774 3208 4824 et
3270 4775 3425 4830 urbis

1816 4846 2203 4901 munitionem
2233 4850 2513 4902 machinis
2533 4851 2943 4921 protrivernnt,
2982 4858 3040 4909 et
3077 4857 3291 4914 Gothos
3317 4861 3426 4915 mi-

1816 4933 1941 4988 lites
1974 4935 2310 4990 munitionis
2347 4938 2607 5006 ejusdem
2638 4939 2763 5010 regi
2800 4941 3019 5010 pariter
3067 4946 3422 5006 obtulerunt.

1819 5021 1969 5084 Quos
1999 5038 2200 5077 omnes
2232 5025 2418 5094 capite
2445 5026 2641 5097 plexos
2671 5029 2842 5082 morti
2876 5031 3136 5101 tradidit,
3170 5039 3227 5089 et
3252 5039 3424 5109 Pyre-

1818 5126 1974 5164 nmos
2003 5114 2229 5165 montes
2286 5130 2464 5184 usque
2516 5116 2869 5186 Perperaum
2903 5120 3227 5191 subjiciens,
3261 5127 3429 5182 urbes

1818 5201 1874 5252 et
1901 5199 2130 5253 castella
2171 5201 2473 5269 subruens,
2516 5204 2827 5275 municipia
2872 5224 3114 5280 qumque
3169 5212 3425 5285 depopu-

1819 5287 1962 5353 lans,
1996 5286 2250 5358 praedam
2285 5287 2773 5346 innumerabilem
2802 5296 2859 5348 et
2902 5297 3083 5367 spolia
3109 5300 3292 5356 multa
3313 5301 3426 5357 suis

1820 5375 2094 5428 militibus
2122 5391 2285 5446 aeque
2316 5376 2674 5447 dispertiens.

1892 5461 1980 5515 llis
2013 5462 2187 5533 igitur
2214 5462 2295 5516 ita
2324 5466 2581 5535 patratis,
2615 5484 2746 5524 cum
2791 5471 2863 5525 ad
2907 5474 3091 5528 solum
3123 5477 3424 5549 proprium

1814 5550 2004 5604 redire
2038 5549 2402 5618 deliberaret,
2432 5554 2643 5611 electos
2662 5557 2872 5612 milites
2887 5564 3059 5631 atque
3085 5562 3427 5623 fortissimos

1815 5654 1944 5691 cum
1973 5637 2218 5707 parvulis
2249 5642 2419 5710 atque
2441 5643 2781 5699 mulieribus
2808 5646 2879 5699 ad
2897 5653 3428 5716 pervasascivitates

1818 5723 2217 5779 custodiendas
2248 5729 2305 5780 et
2334 5726 2407 5783 ad
2447 5729 2883 5803 reprimendam
2914 5734 3231 5793 Gothorum
3261 5743 3422 5799 saevi-
