3862 6172
524 401 626 460 615

1124 385 1498 451 RORICONIS
1532 386 1844 448 MONACHI
1867 381 2388 444 MOISSIACENSIS
2418 383 2637 442 GESTA
2669 377 3114 443 FRANCORUM.
3649 390 3732 450 618

526 523 670 580 tiam
703 518 1030 592 dereliquit,
1064 521 1123 574 et
1141 514 1438 572 immensis
1459 512 1793 570 muneribus
1812 507 2122 580 ampliavit.
2144 512 2200 570 Α
2227 527 2331 580 εει,
2364 524 2477 580 Sed
2504 523 2732 580 favente
2768 522 3037 590 Domino,
3069 522 3156 578 cui
3186 521 3391 578 noram
3429 523 3534 596 eius
3557 525 3652 582 vita
3673 528 3736 584 di.

599 613 690 668 Sic
720 613 914 683 itaque
945 608 1232 664 exsultans
1259 605 1318 660 in
1341 603 1589 660 Domino
1608 604 1666 656 et
1686 601 1742 654 in
1757 597 1954 654 Iustitia
1971 598 2126 652 dele-

525 706 724 758 ctatus.
775 697 1018 754 Turonis
1068 699 1154 752 est
1197 710 1506 766 regressus.
1541 695 1598 745 et
1654 690 1837 743 multa
1886 703 2127 741 munera

521 791 757 862 supplex
789 787 998 843 obtulit
1025 783 1358 850 confessori,
1416 785 1761 849 centumque
1813 777 2024 831 solidos
2053 775 2125 828 ad

525 878 933 934 redimendum
957 890 1172 946 equum
1199 888 1365 927 suum
1391 866 1794 924 matriculariis
1824 865 1958 919 dare
1979 880 2124 934 prae-

524 968 694 1039 cepit.
729 966 840 1020 Sed
864 981 968 1019 nec
996 963 1155 1029 solvi,
1181 978 1286 1016 nec
1308 960 1483 1015 etiam
1517 955 1734 1012 moveri
1761 955 1947 1027 potuit
1975 955 2122 1007 loco.

523 1054 692 1112 Dedit
722 1054 933 1110 iterum
973 1054 1228 1117 centum,
1253 1053 1310 1105 et
1338 1047 1556 1103 moveri
1590 1043 1775 1118 potuit
1805 1047 1862 1098 et
1887 1041 2121 1098 absolvi.

522 1145 704 1210 Quem
731 1159 861 1197 cum
888 1141 1212 1213 recepisset,
1235 1157 1300 1194 ex
1321 1135 1638 1192 abundanti
1655 1129 2126 1190 laetitiaresolutis

521 1233 578 1288 in
605 1233 805 1298 risum,
838 1231 975 1286 talia
1022 1230 1227 1284 dicitur
1280 1243 1554 1299 respousa
1586 1223 1844 1278 dedisse:
1896 1243 1924 1270 «
1984 1221 2124 1274 Vere

520 1322 720 1375 beatus
747 1319 1019 1375 Martinus
1049 1321 1105 1372 et
1130 1316 1336 1371 auxilio
1364 1315 1686 1385 promptus,
1713 1315 1771 1365 et
1799 1309 1856 1363 in
1889 1306 2124 1379 negotio

520 1410 724 1462 Charus
753 1409 1056 1461 habetur.»
1087 1407 1152 1458 Et
1185 1403 1499 1458 ascendens
1525 1411 2127 1471 equum,purpurare-

520 1497 753 1552 dimitus
780 1501 838 1551 et
867 1512 1004 1550 auro
1037 1511 1101 1548 ac
1126 1494 1393 1548 diadema
1444 1489 1675 1561 regium
1713 1489 1775 1542 in
1810 1486 1994 1557 capite
2024 1501 2122 1555 ge-

518 1588 696 1650 stans,
724 1601 828 1657 pro
873 1582 1248 1638 exsultatione
1310 1579 1559 1634 victoriae
1617 1577 1688 1631 ob
1737 1573 2121 1629 reverentiam

517 1672 697 1726 sancti
752 1671 980 1726 Martini
1013 1669 1138 1724 auri
1166 1672 1223 1722 et
1268 1667 1492 1738 argenti
1523 1665 1836 1736 plurimum
1865 1662 1922 1716 in
1949 1660 2118 1725 atrio,

517 1761 672 1832 quod
702 1764 786 1814 est
819 1761 972 1814 inter
1003 1757 1300 1813 ecclesiam
1334 1755 1389 1809 S.
1449 1753 1672 1810 Martini
1723 1757 1781 1806 et
1829 1751 2115 1806 civitatem

519 1851 800 1921 prasente
822 1849 1034 1920 populo
1066 1846 1292 1917 sparsit,
1311 1848 1367 1899 et
1396 1844 1559 1915 regia
1590 1840 1986 1896 muniﬁcentia
2005 1839 2118 1892 dis-

517 1936 880 2008 pensavit.Ab
903 1937 1023 2007 ipso
1053 1934 1226 2006 igitur
1253 1932 1342 1987 die
1369 1930 1614 2002 suscepit
1635 1947 1768 1984 eum
1787 1927 2122 1983 Anastasius

513 2025 831 2097 imperator
860 2023 918 2077 in
945 2021 1259 2077 amicitiam
1293 2020 1666 2090 singularem,
1700 2023 1757 2072 et
1786 2035 1903 2072 non
1933 2019 2119 2072 solum

516 2131 612 2168 rex
641 2115 739 2166 aut
767 2112 984 2178 consul,
1016 2111 1115 2164 sed
1145 2114 1203 2164 et
1229 2111 1519 2179 Augustus
1548 2107 1620 2160 ab
1639 2107 1842 2162 eodem
1876 2107 2122 2177 impera-

514 2203 641 2256 tore
663 2200 852 2270 jussus
881 2202 965 2253 est
994 2197 1289 2268 appellari.
1345 2197 1412 2250 Et
1437 2195 1537 2249 tali
1567 2195 1753 2265 gloria
1782 2195 2119 2248 sublimatus

516 2292 651 2342 ante
677 2289 1000 2358 sepulcrum
1022 2285 1177 2340 beati
1208 2283 1432 2339 Martini
1466 2299 1657 2354 genua
1688 2283 1808 2335 ﬁxit
1829 2285 1884 2335 et
1914 2282 2114 2336 oravit.

516 2376 584 2428 Et
614 2373 691 2428 sic
717 2376 856 2429 urbe
888 2389 1244 2446 progressus,
1275 2369 1517 2425 Parisios
1538 2369 1730 2434 rediit,
1755 2371 1812 2423 et
1848 2369 2117 2424 eamdem

515 2463 808 2518 civitatem
825 2461 990 2532 regni
1010 2461 1093 2515 sui
1116 2461 1312 2514 sedem
1344 2475 1463 2513 esse
1481 2457 2117 2512 constituit.Ecclesiam

511 2569 644 2608 vero
659 2550 850 2606 Sancti
864 2549 1014 2604 Petri
1032 2565 1207 2620 quam
1228 2564 1286 2600 se
1301 2547 1583 2600 facturum
1602 2546 1945 2616 promiserat
1956 2548 2120 2599 ante-

514 2656 687 2712 quam
720 2637 1170 2710 progrederetur
1190 2635 1263 2688 ad
1278 2634 1494 2688 bellum
1513 2633 1807 2688 etdecenti
1839 2633 2121 2702 composi-

510 2729 670 2784 tione
696 2730 1027 2782 construere
1055 2723 1209 2789 fecit,
1241 2726 1301 2777 et
1329 2725 1721 2777 constructam
1760 2721 2120 2776 ornamentis

511 2819 683 2886 atque
708 2813 1030 2868 redditibus
1053 2809 1407 2864 sufficienter
1429 2808 1744 2880 ampliavit.
1776 2809 1995 2863 Dehinc
2017 2810 2118 2863 ad-

509 2919 704 2958 versus
752 2899 1107 2972 Bagnerium
1139 2903 1311 2971 atque
1361 2898 1688 2952 Richarium
1723 2897 1882 2952 duxit
1912 2898 2121 2952 exerci-

506 2995 654 3058 tum,
671 2989 766 3061 qui
801 2989 952 3059 apud
969 2978 1343 3042 Camaracum
1365 2987 1828 3052 morabantur,et
1843 3001 1943 3039 eos
1957 2989 2117 3043 omni

2225 613 2554 685 splicuerat,
2584 615 2882 684 correptus
2911 614 3000 666 est
3029 615 3088 666 et
3141 610 3354 682 ligatus,
3411 615 3462 668 et
3504 613 3736 672 Clodoveo

2225 704 2623 775 praesentatus.
2659 701 2800 755 Cum
2830 717 2942 772 quo
2974 702 3033 754 et
3063 699 3374 754 Richarium
3394 704 3544 772 atque
3572 703 3736 758 Pharo.

2227 805 2368 843 nem"
2391 789 2979 860 comprehenderunt,
3012 791 3076 843 et—
3099 787 3309 841 vinctos
3328 787 3520 858 pariter
3541 791 3644 859 regi
3668 791 3742 845 oh-

2225 877 2498 931 tulerunt.
2524 877 2674 940 Quos
2706 876 2985 949 capitibus
3015 876 3203 948 puniri
3233 876 3564 947 praecepit,et
3588 876 3738 932 itane-

2223 964 2400 1019 fando
2433 965 2662 1020 crimini
2685 965 2861 1019 ﬁnem
2882 965 3171 1036 imposuit.
3193 964 3417 1034 Insuper
3437 966 3488 1017 et
3503 964 3744 1020 thesauros

2224 1069 2426 1112 eorum
2453 1070 2518 1108 ac
2547 1054 2838 1109 civitatem
2867 1053 3116 1125 propriae
3133 1053 3329 1107 ditioni
3351 1051 3590 1114 restituit,
3615 1054 3743 1124 Apud

2226 1141 2677 1196 Cenomanicam
2703 1159 2932 1213 quoque
2967 1141 3251 1195 civitatem
3283 1139 3534 1211 Ragnerii
3561 1140 3746 1211 propin-

2226 1245 2368 1300 quus
2391 1230 2629 1301 quidam
2646 1230 2982 1284 morabatur
2993 1228 3353 1301 Ragnimirus
3369 1227 3600 1292 nomine,
3613 1243 3748 1297 quem

2223 1318 2443 1388 pariter
2459 1319 2574 1372 vita
2592 1317 2833 1390 privavit
2858 1322 2916 1372 et
2941 1334 3122 1388 regno
3157 1335 3171 1372 :
3204 1319 3275 1372 ne
3301 1315 3749 1371 scintillavidelicet

2224 1405 2405 1477 iniqui
2463 1407 2741 1477 germinis
2797 1422 3098 1460 remanere
3129 1405 3428 1470 videretur,
3464 1420 3577 1475 qua:
3614 1402 3753 1457 scelus

2223 1494 2583 1548 horrendum
2615 1495 2913 1548 suscitaret
2944 1495 3002 1548 in
3052 1494 3312 1564 populos,
3347 1495 3402 1546 et
3430 1491 3753 1546 Sodomorum

2222 1580 2821 1648 Gomorrhaeorumve,
2855 1581 3008 1651 quod
3035 1581 3202 1648 absit,
3225 1578 3547 1634 exterminio
3564 1577 3756 1630 damna-

2222 1672 2444 1722 rentur.
2482 1669 2740 1740 Cumque
2772 1669 3098 1739 proditores
3129 1667 3394 1740 Ragnerii
3422 1664 3755 1736 cognovissent

2221 1756 2374 1826 quod
2401 1757 2456 1810 in
2488 1757 2671 1828 pretio
2704 1757 2850 1811 tanti
2881 1756 3151 1811 facinoris
3181 1773 3256 1810 res
3280 1755 3524 1809 vitiatum
3561 1752 3757 1822 accepis-

2220 1847 2366 1910 sent,
2387 1847 2806 1915 conquerentes
2840 1844 3085 1898 nimium
3116 1847 3175 1898 et
3204 1860 3330 1898 sero
3358 1841 3754 1914 paenitentes,ac-

2219 1936 2513 1986 cesserunt
2542 1932 2615 1986 ad
2669 1949 2891 2003 regem,
2951 1936 3011 1988 et
3039 1932 3288 2004 qualiter
3331 1929 3551 1985 indicati
3579 1928 3761 1982 fuerant

2218 2020 2650 2076 intimaverunt.
2679 2021 2892 2084 Quibus
2916 2021 3233 2075 Clodoveus
3250 2021 3328 2075 ita
3343 2014 3757 2089 respondens,ail:

2219 2127 2251 2161 α
2277 2109 2410 2162 Tale
2437 2124 2642 2162 aurum
2672 2108 2882 2162 merito
2915 2109 3226 2179 recepistis,
3255 2108 3349 2180 qui
3380 2105 3654 2161 dominum
3687 2118 3758 2155 ve-

2219 2199 2400 2250 strum
2430 2197 2607 2250 morti
2641 2196 2980 2251 tradidistis.
3011 2197 3096 2252 Sit
3115 2197 3247 2268 jam
3278 2195 3432 2251 vobis
3455 2193 3577 2248 satis
3595 2195 3758 2245 vestras

2217 2284 2442 2339 animas
2471 2301 2811 2353 reservasse,
2841 2289 2899 2339 et
2929 2302 3046 2340 non
3078 2301 3186 2357 pro
3218 2288 3378 2340 tanto
3417 2281 3638 2338 crimine
3655 2295 3762 2334 con-

2218 2371 2398 2441 digna
2427 2372 2705 2443 supplicia
2733 2373 3086 2443 persolvisse.
3118 2391 3152 2426 δ

2290 2459 2383 2512 His
2409 2459 2584 2530 igitur
2603 2461 2863 2532 patratis,
2891 2461 3052 2516 febre
3076 2461 3388 2533 corripitur
3407 2459 3700 2522 Clodoveus,
3723 2459 3764 2509 et

2219 2547 2290 2601 de
2306 2547 2396 2601 die
2420 2546 2477 2600 in
2497 2548 2652 2602 diem
2681 2549 3252 2621 sentienslangorem
3274 2549 3767 2620 ingravescere,con-

2217 2633 2785 2690 vocatisFrancorum
2809 2637 3166 2706 proceribus,
3191 2653 3436 2708 regnum
3455 2650 3606 2688 suum
3622 2630 3767 2686 divisit

2219 2723 2276 2777 in
2304 2725 2519 2793 partes,
2540 2727 2597 2777 et
2615 2724 2746 2778 ﬁliis
2767 2724 2880 2778 suis
2897 2729 3147 2796 quatuor
3166 2725 3406 2780 easdem
3430 2725 3607 2794 partes
3625 2718 3768 2775 distri-

2218 2809 2362 2864 buit.
2399 2810 2766 2866 Childeberto
2798 2828 2930 2866 vero
2981 2811 3098 2866 filio
3128 2827 3260 2879 suo,
3293 2827 3464 2883 quem
3489 2809 3638 2865 unice
3673 2805 3768 2860 dili-

2217 2897 2674 2968 gebat,Parisios
2704 2898 2962 2966 tradidit,
2987 2902 3045 2954 et
3059 2898 3454 2954 Clodomirem
3486 2896 3772 2968 apudAure-

2215 2985 2354 3039 liam
2387 2985 2640 3040 residere
2665 2986 2956 3058 praecepit.
2983 2986 3277 3042 Clothario
3302 2985 3615 3041 Suessiones
3632 2981 3770 3043 dedit,

504 3077 783 3149 dignitate
814 3075 1072 3131 saeculari
1105 3081 1163 3129 et
1191 3075 1306 3130 vita
1355 3075 1572 3146 pariter
1603 3073 1972 3128 confirmavit
1997 3090 2118 3128 esse
2139 3103 2184 3165 Ο
2218 3075 2276 3127 et
2296 3073 2672 3141 Theoderico,
2696 3091 2871 3145 quem
2889 3091 2954 3129 ex
2976 3073 3307 3130 concubina
3331 3068 3773 3145 genuerat,Remis

508 3165 832 3222 nudandos.
875 3165 1012 3218 Erat
1059 3161 1165 3217 istc
1211 3162 1528 3233 Ragnerius
1583 3162 1835 3216 eii'renus
1867 3161 1924 3215 in
1955 3163 2114 3216 luxu-

508 3254 676 3320 riam,
693 3256 751 3308 et
777 3253 1030 3308 habebat
1043 3251 1430 3306 consiliarium
1455 3249 1768 3321 quemdam
1789 3250 2116 3304 Pharonem

511 3341 748 3396 nomine
776 3339 948 3395 simili
978 3339 1251 3410 spurcitia
1269 3339 1636 3392 lutulentum.
1661 3335 1874 3391 Oderat
1886 3353 1982 3391 eos
2004 3339 2114 3392 Do-

511 3429 723 3494 minus,
756 3431 813 3482 et
844 3427 973 3481 ideo
1002 3427 1074 3481 ab
1102 3426 1437 3480 hominibus
1466 3425 1566 3479 Dei
1600 3424 1782 3480 amari
1804 3441 1921 3478 non
1951 3429 2116 3497 pote-

507 3519 658 3571 rant.
689 3517 1002 3585 Propterea
1030 3518 1088 3568 et
1115 3514 1317 3567 Franci
1350 3513 1692 3583 superiores,
1736 3529 1878 3583 quos
1925 3513 2113 3567 domi-

509 3607 649 3657 natu
675 3603 1017 3673 premebant
1044 3601 1265 3672 iniquo,
1317 3600 1565 3654 nimium
1597 3599 1834 3670 indigne
1864 3600 2116 3655 ferentes

508 3690 719 3744 talibus
741 3688 927 3755 subdi,
957 3691 1319 3743 accesserunt
1350 3687 1418 3741 ad
1439 3687 1809 3753 Clodoveum,
1851 3690 1908 3742 et
1932 3688 2112 3758 petie-

508 3777 728 3831 runtab
752 3793 819 3831 eo
842 3793 1087 3830 munera
1117 3780 1177 3830 ut
1203 3793 1333 3830 eum
1361 3776 1491 3830 dolo
1519 3775 1590 3829 ad
1615 3776 1952 3829 certandum
1975 3792 2111 3829 con-

505 3868 596 3919 tra
613 3869 838 3918 nostros
861 3864 1248 3934 impellerent,
1265 3864 1416 3918 etita
1440 3864 1560 3917 sine
1585 3865 1833 3918 tumultu
1858 3863 2111 3918 maximo

505 3955 565 4007 et
593 3952 717 4006 vitae
743 3953 890 4006 illius
919 3953 1049 4006 ﬁnis
1070 3952 1473 4024 imponeretur
1495 3956 1552 4004 et
1577 3951 1824 4005 crimini.
1854 3951 2114 4006 Dediteis

502 4041 699 4112 itaque
729 4057 827 4094 rex
857 4040 1133 4106 armillas,
1166 4043 1224 4093 et
1248 4038 1770 4109 balteoscuprinos,
1807 4041 1864 4091 et
1885 4039 2112 4092 electri-

503 4146 607 4183 nos
644 4129 885 4182 subdole
925 4127 1299 4199 compositos,
1366 4130 1424 4180 et
1456 4127 1702 4197 desuper
1735 4142 1875 4180 auro
1909 4130 2110 4187 tectos,

504 4215 718 4278 Quibus
771 4215 1013 4284 receptis
1055 4214 1412 4281 muneribus,
1465 4218 1761 4284 coeperunt
1817 4213 2112 4267 adhortari

501 4303 851 4372 Ragnerium
884 4307 944 4355 ut
965 4303 1232 4356 adversus
1254 4301 1601 4357 Clodoveum
1623 4319 1785 4356 arma
1798 4303 2115 4372 corriperet

2215 3160 2506 3215 civitatem
2538 3166 2710 3232 atque
2745 3162 3115 3217 Camaracum
3150 3162 3412 3219 indulsit.
3443 3161 3674 3230 Cumque
3699 3171 3774 3226 per

2217 3250 2570 3304 Francorum
2629 3266 2897 3322 proceres
2938 3252 3120 3305 luctus
3169 3252 3384 3322 ingens
3437 3249 3664 3304 oriretur
3699 3259 3774 3316 pro

2214 3337 2363 3392 tanti
2394 3337 2547 3410 regis
2575 3339 2858 3405 abscessu,
2890 3339 3184 3409 suspirans
3215 3339 3293 3393 ad
3322 3338 3526 3393 coelum
3564 3351 3648 3389 rex
3674 3331 3774 3385 ﬁde-

2213 3425 2318 3480 lis:
2349 3447 2377 3475 ‹‹
2411 3427 2516 3492 Eu,
2548 3426 2757 3497 inquit,
2808 3427 3054 3481 Domine
3079 3427 3257 3494 Deus,
3291 3425 3565 3480 miserere
3597 3420 3711 3484 mei,
3737 3421 3777 3471 et

2213 3514 2488 3585 populum
2513 3515 2686 3580 hunc,
2711 3514 2808 3585 qui
2829 3514 2886 3567 in
2903 3519 3001 3568 tuo
3027 3515 3271 3570 nomine
3293 3513 3441 3569 sacri
3465 3504 3776 3582 baptismatis

2212 3602 2659 3671 regeneratione
2685 3604 2964 3672 purgatus
2993 3604 3099 3669 est,
3147 3605 3215 3657 tu
3266 3602 3390 3675 ipse
3435 3597 3779 3673 guberna;tu

2216 3693 2441 3743 nostros
2475 3688 2731 3742 haeredes
2763 3692 3044 3760 perpetua
3073 3689 3331 3744 tuitione
3367 3682 3780 3744 circumda.Cro-

2212 3776 2460 3830 childem
2494 3793 2627 3830 vero
2652 3777 3063 3842 nostram,imo
3083 3780 3274 3842 tuam,
3295 3780 3354 3832 et
3370 3775 3503 3848 quia
3518 3779 3662 3828 tuam
3682 3768 3779 3825 ideo

2211 3864 2414 3918 melius
2437 3869 2716 3932 nostram,
2735 3863 2814 3918 ita
2840 3864 2942 3918 tibi
2969 3867 3355 3931 commendo,
3387 3869 3448 3918 ut
3470 3878 3591 3917 eam
3610 3856 3781 3914 tuearis

2214 3953 2359 4007 sicut
2389 3952 2709 4023 propriam,
2744 3952 2889 4006 sicut
2919 3953 3336 4018 domesticam,
3367 3953 3510 4007 sicut
3536 3943 3783 4009 ﬁlianmel

2217 4040 2360 4093 sicut
2390 4040 2680 4093 ancillam.
2713 4041 2793 4093 Tu
2831 4056 2959 4093 eam
3021 4040 3165 4094 mihi
3203 4041 3508 4112 providisti
3538 4051 3683 4092 servo
3712 4037 3784 4083 tuo

2212 4131 2384 4197 atque
2406 4127 2688 4181 tradidisti
2715 4144 2729 4193 ;
2763 4127 2864 4181 tibi
2891 4144 3022 4181 eam
3055 4128 3265 4195 reddo,
3300 4145 3406 4200 per
3427 4142 3596 4199 quam
3624 4126 3674 4178 et
3699 4124 3783 4172 tum

2213 4215 2354 4284 legis
2385 4215 2616 4268 decreta
2639 4215 2940 4285 cognovi.»
2963 4216 3056 4270 His
3075 4216 3267 4282 dictis,
3299 4216 3551 4270 reddidit
3565 4211 3786 4283 spiritum

2213 4306 2270 4356 et
2299 4303 2552 4373 sepultus
2583 4307 2669 4356 est
2701 4303 2757 4356 in
2794 4303 3025 4357 basilica
3062 4303 3264 4358 Sancti
3299 4303 3646 4374 Petri,quam
3695 4297 3784 4366 ipse

502 4393 560 4444 et
587 4390 1048 4459 egredereturad
1065 4391 1306 4455 bellum,
1329 4390 1676 4443 mentientes
1694 4407 1891 4460 regem
1910 4390 2116 4443 adven-
2136 4381 2186 4438 D
2213 4393 2634 4455 construxerat,
2668 4406 2824 4444 anno
2851 4390 3142 4444 tricesimo
3177 4392 3266 4446 sui
3293 4383 3786 4463 regni,l)ominoJc-

501 4480 624 4531 tare
658 4494 790 4531 cum
827 4478 1040 4548 paucis,
1067 4496 1124 4532 se
1144 4479 1338 4532 multis
1371 4479 1646 4533 militibus
1677 4496 1795 4533 esse
1827 4478 2114 4551 constipa-

501 4570 648 4621 tum.
684 4565 850 4629 Quod
879 4583 1014 4620 cum
1041 4567 1290 4620 audisset
1343 4567 1687 4637 Ragnerius,
1733 4568 2008 4621 audacter
2037 4565 2111 4620 ad

501 4671 760 4726 pugnam
792 4654 876 4721 iit,
911 4658 969 4709 et
999 4655 1268 4710 adversus
1292 4659 1518 4710 nostros
1565 4655 1774 4710 acriter
1820 4655 2110 4727 praeliatus

2213 4495 2277 4530 su
2311 4479 2538 4532 Christo
2573 4483 2856 4550 regnante
2895 4479 2952 4533 in
2995 4484 3376 4550 perpetuum,
3409 4481 3498 4534 cui
3528 4481 3609 4532 est
3634 4476 3787 4528 honul'

2215 4568 2270 4618 et
2295 4566 2480 4638 gloria
2511 4567 2568 4621 in
2604 4568 2814 4622 saecula
2841 4568 3210 4623 saeculorum.
3245 4571 3462 4625 Amen.

2053 4824 2308 4899 Explicit.
