3940 6166
444 316 550 375 627

1576 287 1845 388 amomi
1871 299 2184 360 immani
2209 299 2704 360 FLORIACENSIS
3642 312 3730 369 ωε

454 434 585 493 tion
610 434 684 491 de
713 433 771 491 S.
806 430 1071 499 Vincent,
1098 432 1164 487 et
1191 446 1268 486 un
1300 428 1464 484 autre
1483 443 1581 484 sur
1609 427 1693 482 les
1721 424 1988 481 miracles
2007 425 2144 487 deA
2183 424 2421 482 Aimoin
2455 426 2528 481 de
2554 423 3018 482 Saint-Germain
3034 425 3131 482 des
3154 425 3291 484 Prés
3317 428 3351 481 ὰ
3375 425 3731 504 quiilsappar-

463 524 521 580 S.
556 522 833 579 Germain
859 522 930 577 de
961 518 1140 575 Paris.
1181 517 1317 574 Mais
1356 516 1427 571 ils
1456 533 1530 571 ne
1560 515 1638 571 lui
1679 517 1783 570 ont
1819 513 1924 569 fait
1958 513 2080 569 l‘at-

464 611 745 669 tribution
797 610 867 666 de
908 625 1001 665 ces
1047 607 1216 665 écrits
1247 605 1417 680 qu’en
1448 605 1501 660 le
1543 603 1906 661 confundant
1943 621 2079 661 avec

2185 514 2470 573 tiennent.

1629 911 2545 1106 AIMOIN
2566 914 2643 1103 Ι

834 1218 1940 1387 HISTORLZE
2044 1218 3412 1419 FRANCORUM

1471 1500 1936 1625 LIBRI
2022 1498 2839 1641 QUATUOB

775 1733 968 1811 (Apud
995 1736 1289 1793 Andream
1319 1737 1633 1805 DUCHESNE,
1661 1735 1924 1792 Historia:
1951 1735 2296 1792 Francorum
2323 1736 2616 1808 Scriptores
2655 1737 2929 1805 coaetanci,
2960 1739 3099 1793 tom.
3130 1737 3223 1804 Ill,
3271 1751 3408 1807 pag.
3444 1732 3514 1806 l.)

1092 2017 2021 2171 AIMOINI
2121 2016 3141 2177 MONAGHI

1604 2268 1675 2305 AD
1703 2266 1954 2305 ABBONEH
1983 2266 2230 2305 ABBATEH
2284 2267 2682 2307 FLORIACENSEH

733 2392 858 2479 IN
953 2390 1405 2480 LIBRUM
1463 2391 1615 2480 DE
1674 2385 2060 2480 GESTIS
2107 2390 2826 2483 FBANCORUM
2896 2395 3498 2484 EPISTOLA.

547 2670 801 2729 Domino
831 2671 1149 2728 venerabili
1180 2673 1239 2727 et
1265 2670 1324 2727 in
1367 2670 1577 2728 Christi
1615 2669 1921 2728 dilectione
1959 2671 2086 2727 fun-
2107 2672 2158 2731 B
2186 2672 2411 2743 partiri.
2428 2673 2582 2739 Quos
2601 2692 2669 2730 ea
2686 2676 2951 2731 contexui
2968 2675 3193 2731 ratione
3220 2681 3287 2732 ut
3313 2694 3561 2751 sequens
3573 2690 3776 2746 semper

479 2760 640 2829 dato,
670 2763 883 2816 Annon:
920 2761 1137 2829 abbati,
1177 2760 1353 2817 totius
1390 2761 1585 2834 gregis
1612 2761 1752 2817 illia
1785 2761 1901 2817 Deo
1932 2776 2086 2816 com-

479 2848 639 2905 missi
661 2848 943 2906 minimus
965 2850 1261 2919 Amomus,
1291 2853 1586 2922 perpetuae
1617 2866 1829 2905 munus
1853 2849 2087 2905 felicita-

477 2937 570 2994 tis.

548 3027 856 3100 Praeceptis
910 3027 1287 3085 beatitudinis
1335 3031 1473 3097 tuae,
1521 3028 1850 3085 beatissime
1894 3030 2085 3095 Pater,

477 3118 665 3193 parui,
687 3118 895 3190 quibus
905 3135 1264 3192 prmceperas
1286 3122 1365 3186 ut,
1379 3117 1742 3190 ingeniolum
1766 3117 2086 3173 exercendo

479 3225 702 3275 meum,
735 3208 893 3280 quod
920 3208 1213 3263 tribuente
1244 3206 1468 3262 Christo
1505 3223 1612 3279 per
1651 3210 1763 3261 tum
1814 3205 2089 3261 sollicitu-

481 3298 630 3354 dinis
649 3300 1004 3369 tuorumque
1035 3295 1446 3367 discipulorum
1468 3295 1731 3351 laborem
1750 3295 1823 3350 ad
1847 3294 2091 3350 meliora

485 3382 793 3459 profecisse
813 3382 1206 3450 arbitrabaris,
1231 3398 1323 3436 res
1339 3384 1529 3454 gestas
1550 3381 1739 3452 gentis
1756 3381 1871 3435 sive
1886 3398 2090 3453 regum

486 3476 862 3539 Francorum,
895 3488 1023 3543 quae
1044 3474 1102 3525 et
1127 3486 1234 3542 per
1284 3470 1538 3525 diversos
1566 3486 1778 3542 sparsae
1807 3470 2005 3538 libros,
2038 3473 2096 3525 et

485 3561 704 3617 inculto
737 3563 904 3613 erant
928 3574 1197 3614 sermone
1228 3557 1553 3629 descriptae,
1576 3557 1638 3612 in
1664 3558 1832 3613 unius
1862 3558 2095 3630 redige-

491 3665 619 3705 rem
641 3663 849 3718 corpus
874 3645 1153 3718 opusculi,
1186 3662 1253 3701 ac
1279 3646 1353 3701 ad
1403 3645 1870 3702 emendatiorem
1912 3646 2100 3701 latini-

492 3737 628 3793 tatis
651 3751 984 3791 revocarem
1009 3734 1285 3791 formam.
1309 3735 1490 3791 Institi
1517 3734 1695 3807 igitur
1724 3740 1789 3791 ut
1817 3735 1999 3808 potui,
2019 3739 2100 3812 at;

495 3843 607 3899 que
632 3824 856 3880 utinam
884 3826 1004 3878 tam
1033 3822 1343 3879 efficaciter
1373 3840 1549 3896 quam
1592 3824 1840 3880 libenter
1874 3824 1886 3878 l
1920 3826 2097 3880 Porro

450 3938 455 3944 ι
495 3916 569 3971 de
600 3914 785 3986 Opere
835 3917 933 3968 tua
958 3913 1276 3985 paternitas
1303 3912 1513 3969 viderit
1547 3916 1779 3968 rectene
1823 3930 1896 3967 an
1940 3930 2100 3969 secus

497 3971 741 4076 egerim.
763 4003 882 4075 Ego
913 3971 1110 4058 autem
1139 4001 1313 4058 solius
1328 4001 1677 4057 obedientiaa
1699 4001 1768 4073 (si
1793 4005 1990 4057 tamen
2009 4018 2102 4057 vo-
2124 3971 2165 4027 Ο

497 4094 719 4148 luntate
750 4095 1075 4165 conatuque
1101 4108 1234 4147 eam
1265 4090 1547 4161 decoravi)
1597 4090 1932 4146 testimonio
1963 4106 2100 4145 con-

498 4185 693 4238 tentus
722 4198 872 4237 sum.
906 4179 1343 4236 Admonitionis
1372 4180 1566 4253 itaque
1603 4182 1719 4235 tum
1749 4196 1867 4235 non
1893 4178 2100 4233 imme-

502 4287 654 4339 mor,
674 4287 789 4342 qua
803 4269 1117 4343 smpissime
1142 4270 1404 4325 hortatus
1424 4286 1484 4324 es
1509 4272 1574 4324 ut
1592 4269 1764 4323 situm
1780 4267 2103 4323 Germaniae

501 4361 591 4416 vel
615 4357 832 4428 Galliae,
860 4358 920 4414 in
942 4359 1147 4431 quibus
1166 4358 1289 4415 hinc
1305 4375 1434 4431 qua:
1454 4358 1782 4414 referentur
1797 4360 1924 4414 acta
1950 4360 2103 4426 sunt,

503 4466 623 4505 non
650 4446 1183 4522 praetermitterem,
1222 4463 1292 4503 ea
1322 4464 1451 4520 qua:
1480 4447 1542 4503 in
1569 4447 1901 4504 auctoribus
1936 4446 2105 4515 Julio,

505 4536 689 4594 Plinio
712 4552 778 4591 ac
802 4535 1000 4592 Orosio
1017 4535 1279 4591 invenire
1297 4536 1458 4609 potui
1490 4537 1789 4607 colligens,
1806 4535 1939 4591 huic
1965 4552 2108 4607 opu-

505 4626 660 4682 sculo
683 4624 990 4680 inserendo
1012 4624 1293 4679 voluntati
1307 4624 1676 4680 sublimitatis
1691 4628 1805 4680 tuae
1826 4623 2112 4679 satisface-

505 4732 568 4770 re
596 4714 972 4769 commodum
1004 4712 1159 4768 duxi.
1192 4712 1286 4767 His
1317 4712 1494 4785 igitur
1523 4712 1759 4783 adjunxi
1779 4730 1907 4785 quae
1935 4711 2112 4767 Julius

508 4803 579 4858 de
604 4803 1026 4859 Germanorum
1044 4801 1454 4874 Gallorumque
1470 4802 1730 4856 moribus
1751 4817 1815 4856 ac
1836 4800 2113 4856 institutis

504 4891 564 4946 in
590 4891 739 4946 libro
761 4907 877 4947 suae
894 4889 1187 4946 interserit
1204 4890 1487 4945 Historiae.
1511 4891 1596 4945 Ab
1624 4906 1856 4962 egressu
1881 4905 2112 4962 quoque

506 4980 860 5036 Francorum
893 4997 924 5035 e
951 4979 1122 5051 Troja
1151 4995 1329 5051 usque
1355 4980 1429 5035 ad
1450 4979 1511 5034 id
1532 4978 1812 5051 temporis
1824 4995 1938 5050 quo
1960 4976 2111 5049 Pipi-

507 5085 615 5124 nus
642 5068 830 5140 Magni
877 5068 1063 5124 Caroli
1108 5070 1277 5139 pater
1328 5084 1574 5141 regnare
1620 5067 1810 5140 coepit,
1844 5071 2112 5122 cunctam

505 5174 702 5213 rerum
728 5160 1023 5229 gestarum
1050 5155 1261 5213 seriem
1292 5156 1350 5212 in
1385 5161 1634 5231 quatuor
1661 5155 1887 5213 decrevi
1915 5155 2114 5212 Libros

2185 2762 2446 2835 priorem
2478 2765 2798 2834 quantitate
2829 2765 2914 2819 sui
2936 2768 2995 2819 et
3011 2781 3257 2820 numero
3278 2782 3488 2837 regum
3509 2768 3774 2818 transcen-

2188 2851 2355 2905 deret
2387 2867 2400 2905 :
2435 2851 2592 2905 verbi
2625 2852 2832 2923 gratia,
2857 2852 3047 2923 primo
3069 2853 3415 2908 continente
3437 2852 3680 2924 quinque
3706 2865 3777 2903 re-

2188 2955 2327 3011 gum
2361 2943 2554 3007 actus;
2588 2940 3143 2996 secunduscontinet
3159 2958 3290 3009 sex;
3320 2942 3527 2996 tertius
3550 2943 3773 3001 sentem;

2189 3030 2428 3099 quartus
2459 3045 2594 3083 vero
2627 3032 2757 3083 octo
2790 3032 2848 3084 et
2868 3047 2936 3085 eo
2968 3030 3234 3101 amplius.
3261 3030 3633 3101 Genealogias
3656 3042 3775 3099 quo-

2192 3132 2303 3187 que
2332 3132 2564 3189 regum,
2600 3134 2728 3189 quae
2761 3123 3002 3192 prOpter
3049 3119 3460 3175 similitudines
3503 3117 3776 3173 nominum

2192 3205 2357 3260 valde
2382 3206 2637 3261 confusae
2680 3210 2870 3274 erant,
2913 3210 3132 3279 quanta
3169 3208 3331 3278 potui
3370 3205 3664 3279 diligentia
3686 3204 3779 3258 dis-

2196 3293 2358 3361 tinxi,
2406 3312 2887 3368 unumquemque
2937 3297 3020 3351 vel
3070 3297 3252 3369 patris
3298 3298 3561 3363 nomine,
3589 3295 3669 3349 vel
3696 3293 3782 3347 Se-

2198 3382 2377 3437 nioris
2400 3382 2721 3439 Juniorisve
2741 3384 3132 3455 appellatione
3150 3385 3222 3439 ab
3246 3387 3431 3440 altero
3455 3384 3780 3455 distinguens

2198 3472 2699 3542 quemadmodum
2733 3473 2982 3545 diligens
3008 3474 3190 3527 lector
3214 3473 3274 3527 in
3303 3475 3424 3529 suis
3449 3471 3780 3529 animadver-

2199 3562 2322 3614 tere
2345 3563 2534 3632 potest
2563 3561 2724 3615 locis.
2757 3561 2818 3616 1d
2839 3560 3127 3633 praecipue
3157 3577 3503 3618 conservare
3527 3559 3703 3615 curavi
3732 3558 3781 3609 ut

2198 3646 2259 3701 in
2287 3648 2561 3704 omnibus
2581 3648 2669 3704 his
2689 3649 2851 3704 libris
2874 3650 3094 3705 mentio
3111 3650 3277 3705 fieret
3306 3649 3598 3707 Benedicti
3626 3643 3782 3702 Patris

2201 3735 2374 3791 certis
2401 3753 2467 3791 ex
2494 3738 2698 3806 causis,
2729 3738 2819 3792 cui
2853 3756 2962 3811 ego
2992 3748 3190 3793 meum
3223 3739 3389 3808 scire,
3422 3754 3611 3795 meum
3641 3749 3782 3809 posse

2203 3841 2518 3897 meumque
2558 3825 2746 3881 vivere
2790 3831 2920 3898 post
2959 3828 3143 3882 Deum
3188 3832 3493 3901 acceptum
3523 3828 3659 3882 fero.
3689 3824 3781 3876 Nec

2204 3913 2412 3986 ignoro
2433 3915 2648 3969 multos
2669 3915 2794 3969 fore
2814 3916 2932 3988 qui,
2953 3916 3121 3971 solita
3147 3916 3388 3972 libidine
3420 3916 3677 3972 omnibus
3699 3911 3781 3965 de-

2204 4002 2634 4069 trahendi,huic
2653 4003 2932 4058 volumini
2954 4004 3273 4077 genuinum
3287 4005 3536 4077 infigant
3551 4004 3778 4058 dentem.

2206 4089 2371 4153 Quod
2400 4090 2581 4144 vitare
2612 4108 2729 4146 non
2748 4093 2983 4162 poterit,
3002 4092 3108 4147 nisi
3132 4094 3232 4165 qui
3251 4093 3395 4149 nihil
3423 4092 3656 4150 omnino
3672 4086 3784 4143 scri-

2205 4178 2851 4235 bet.Calumniabuntur
2867 4181 3024 4235 enim
3052 4184 3342 4254 tempora,
3367 4180 3783 4237 convertentor—

2207 4266 2428 4334 dinem,
2452 4284 2544 4322 res
2561 4273 2827 4339 arguent,
2850 4269 3094 4341 syllabas
3114 4270 3527 4338 eventilabunt,
3550 4271 3603 4323 et
3627 4261 3783 4338 (quod

2208 4354 2472 4411 accidere
2497 4357 2840 4429 plerumque
2882 4358 3043 4427 solet)
3087 4357 3509 4429 negligentiam
3546 4352 3779 4411 librario-

2208 4460 2339 4498 rum
2367 4444 2439 4499 ad
2466 4447 2761 4499 auctorem
2788 4445 3065 4499 referent.
3089 4444 3298 4500 Dicent
3317 4446 3518 4501 etiam:
3543 4466 3570 4495 «
3602 4446 3675 4497 En
3700 4455 3784 4494 no-

2214 4535 2331 4587 ster
2355 4532 2855 4604 historiographus
2888 4550 3178 4605 novusque
3200 4538 3400 4589 auctor
3440 4535 3533 4607 qui
3564 4532 3781 4587 aliorum

2210 4621 2399 4677 verbis
2425 4637 2529 4693 pro
2552 4619 2667 4675 suis
2695 4621 2945 4678 utitur.»
2968 4622 3082 4677 Hoc
3105 4622 3337 4694 quidem
3369 4640 3464 4678 me
3477 4623 3663 4677 fecisse
3682 4632 3782 4671 non

2214 4726 2365 4781 nego
2393 4725 2581 4780 neque
2627 4725 2722 4764 me
2754 4710 2813 4764 id
2843 4709 3030 4780 uiget;
3065 4727 3128 4764 ac
3156 4711 3366 4766 deinde
3397 4713 3671 4765 facturum
3698 4719 3782 4758 au-

2214 4801 2400 4853 tumo.
2438 4799 2629 4853 Habeo
2654 4798 2941 4854 bonorum
2974 4800 3329 4870 exemplum,
3358 4818 3470 4872 quo
3504 4797 3637 4854 mihi
3664 4794 3714 4848 id
3734 4791 3785 4845 Ii-

2215 4904 2343 4943 cere
2370 4887 2560 4943 facere
2591 4888 2748 4958 quod
2776 4887 2854 4942 illi
2885 4889 3146 4944 fecerunt
3171 4892 3332 4961 puto.
3364 4889 3475 4944 Nec
3518 4879 3786 4943 sententiis

2216 4976 2647 5032 detrahentium
2676 4976 2812 5031 satis
2850 4993 3119 5033 moveor:
3163 4981 3264 5032 tua
3294 4979 3461 5034 laude
3486 4978 3569 5032 vel
3599 4974 3784 5043 vitupe-

2216 5065 2441 5120 ratione
2469 5066 2668 5121 doctus
2693 5081 2816 5120 esse
2842 5065 3147 5120 sufﬁciens.
3164 5066 3323 5134 Vale,
3345 5068 3510 5121 Pater
3533 5074 3782 5119 veneran-

2217 5154 2309 5222 de,
2343 5158 2401 5210 et
2430 5152 2719 5228 prosperis
2749 5154 2821 5208 ad
2843 5156 2978 5210 vota
3003 5154 3349 5210 successibus
3395 5157 3562 5227 polle.

1570 5371 1809 5445 Explica
1836 5369 2051 5443 epistola
2083 5369 2154 5426 ad
2181 5368 2455 5426 Abbonem
2483 5368 2744 5424 abbatem.
