3940 6166
186 360 280 415 629

1180 339 1510 400 HISTORIA
1538 342 2000 401 FRANCORUM.
2039 372 2104 386 -
2134 343 2525 402 PROCEMIA.

3442 360 3547 417 630

714 476 3533 507 _______._..____________________________

614 618 1311 765 INCIPIT
1401 609 1958 807 SITUS
2054 612 3095 756 GERMANI/E

1430 869 1653 958 VEL
1726 860 2251 963 GALLLE.

1042 1077 1125 1133 De
1169 1076 1401 1132 diversis
1443 1073 1749 1132 auctoribus
1782 1067 1847 1125 ab
1885 1067 2338 1147 Ιιιέςιονιόθναρήο
2388 1084 2643 1150 exceptus.

1372 1243 1464 1300 AC
1501 1241 1781 1302 PRIMUM
1808 1241 1907 1298 DE
1935 1242 2319 1303 GERMANIA.

235 1545 351 1599 Car.
380 1544 424 1596 Ι.
453 1534 781 1595 Germania
809 1531 1004 1588 omnis
1039 1528 1098 1583 in
1151 1523 1405 1598 quinque
1435 1521 1816 1592 populorum
1837 1528 1892 1586 Α
1919 1525 2210 1580 Dacorum
2241 1528 2300 1582 et
2321 1526 2644 1585 Anartium.
2681 1529 2822 1586 Hinc
2852 1549 2911 1588 se
2958 1533 3137 1588 ﬂectit
3162 1532 3526 1587 sinistrorsus

178 1635 465 1690 conventus
495 1625 804 1690 dividitur,
838 1638 870 1676 e
897 1618 1102 1691 quibus
1132 1612 1301 1688 primi
1331 1614 1463 1667 sunt
1485 1608 1821 1695 Vindelici,

178 1722 372 1779 Deinde
419 1715 675 1782 Cimbri,
731 1714 867 1785 post
923 1709 1029 1763 hos
1068 1705 1370 1768 Teutones,
1429 1716 1495 1754 ac
1545 1696 1825 1769 perinde

181 1804 660 1876 Peucini,ultimis
687 1799 963 1858 omnium
975 1785 1680 1853 existentibusBasternis,
1717 1790 1822 1860 qui

182 1901 408 1957 conﬁnes
437 1898 583 1951 sunt
613 1891 802 1947 Dacis.
837 1884 1166 1957 Porrigitur
1197 1883 1385 1936 autem
1398 1876 1725 1934 Germania
1756 1879 1819 1934 in

180 1986 597 2061 longitudinem
618 1984 721 2037 686
746 1977 1009 2033 millibus
1030 1968 1334 2061 passuum}:
1363 1966 1815 2061 in-lati‘tudinem

183 2054 562 2135 SiS‘millibus.
609 2072 842 2126 Amnes
863 2066 926 2119 in
959 2080 1029 2118 ea
1059 2059 1200 2116 clari
1230 2055 1479 2129 atquein
1507 2054 1813 2111 Oceanum

183 2166 532 2223 decurrentes
548 2159 859 2223 Guthalus,
881 2150 1139 2222 Visurgis
1166 2152 1224 2203 et
1252 2145 1571 2201 Rhenuan
1603 2144 1811 2200 Rheno

181 2258 348 2313 autem
366 2253 491 2324 ipso
518 2252 764 2304 centum
784 2258 975 2316 prope
995 2235 1355 2295 habenturin
1377 2231 1812 2324 longitudinem

179 2320 673 2412 insula—quarum
697 2330 1073 2390 nobilissima
1100 2329 1185 2381 est
1218 2327 1561 2412 Batavorum
1593 2323 1653 2375 et
1679 2320 1812 2377 aliae

180 2411 638 2506 quamplurimas,
691 2440 825 2497 quae
856 2418 1202 2475 sternuntur
1225 2414 1379 2469 inter
1425 2411 1694 2506 Rhenum
1744 2426 1815 2464 ac

180 2498 407 2578 lilevum.
447 2522 537 2574 Ita
559 2531 704 2572 vero
738 2508 1119 2584 appellantur
1143 2503 1307 2569 ostia,
1333 2503 1392 2557 in
1411 2516 1541 2573 qua:
1574 2498 1816 2553 Rhenus

178 2611 229 2666 in
268 2606 668 2683 septentrione
705 2601 767 2657 in
811 2600 977 2654 lacus
1007 2592 1212 2658 varios,
1258 2591 1330 2646 ab
1368 2586 1691 2683 _occidente
1747 2584 1812 2641 in

180 2674 393 2755 amnem
422 2697 650 2752 Mosam
682 2708 743 2745 se
784 2683 1034 2760 spargit,
1078 2679 1335 2734 medium
1365 2676 1520 2732 inter
1548 2674 1693 2740 haec,
1750 2678 1813 2729 et

182 2787 455 2846 modicum
481 2780 720 2839 nomini
731 2794 837 2833 suo
857 2770 1194 2830 custodiens
1219 2769 1466 2823 alveum.
1497 2761 1691 2819 Oritur
1706 2778 1809 2818 au-

1925 1612 2161 1668 diversis
2191 1631 2225 1668 a
2247 1616 2487 1671 ﬂumine
2518 1617 2871 1689 regionibus,
2904 1624 3331 1695 multarumque
3378 1637 3520 1692 gen-

1926 1701 2072 1755 tium
2098 1702 2239 1757 ﬁnes
2269 1707 2508 1777 propter
2532 1708 2995 1777 magnitudinem
3028 1710 3284 1782 attingit.
3330 1710 3527 1782 Neque

1927 1790 2232 1862 quisquam
2254 1796 2338 1846 est
2358 1793 2526 1863 hujus
2572 1795 2890 1853 Germaniae
2923 1799 3100 1871 quise
3155 1804 3255 1854 aut
3306 1798 3532 1854 audisse

1927 1883 2026 1933 aut
2056 1880 2261 1936 adiisse
2292 1881 2523 1938 initium
2550 1884 2716 1955 hujus
2768 1886 2922 1943 silva:
2936 1889 3107 1956 dicat,
3138 1904 3270 1943 cum
3304 1887 3533 1943 dierum

1926 1967 2039 2023 iter
2072 1972 2370 2042 sexaginta
2398 1974 2755 2043 processerit,
2789 1980 2889 2031 aut
2920 1994 3033 2049 quo
3061 1994 3126 2031 ex
3160 1978 3285 2032 loco
3314 1977 3536 2033 oriatur

1925 2059 2235 2131 acceperit.
2258 2060 2542 2133 Multaque
2585 2063 2644 2117 in
2675 2080 2742 2119 ea
2800 2083 3018 2137 genera
3069 2066 3326 2121 ferarum
3385 2066 3541 2121 nasci

1923 2149 2171 2215 constat,
2208 2165 2337 2219 quas
2370 2150 2603 2223 reliquis
2660 2152 2719 2207 in
2749 2154 2891 2209 locis
2924 2155 3042 2211 visa
3086 2171 3203 2210 non
3250 2158 3400 2212 sunt.
3462 2156 3541 2211 Ex

1920 2236 2149 2307 quibus,
2172 2251 2301 2309 qua:
2327 2240 2577 2294 maxime
2606 2240 2878 2298 differant
2907 2245 2979 2301 ab
3001 2244 3127 2300 aliis
3151 2246 3210 2299 et
3236 2245 3540 2304 memoriae

1917 2323 2227 2396 prodenda
2256 2325 2539 2396 videntur,
2569 2329 2690 2385 heac
2721 2336 2893 2388 sunt:

1990 2414 2089 2467 Est
2117 2413 2223 2467 bos
2253 2416 2403 2471 cervi
2431 2416 2637 2489 ﬁgura,
2667 2422 2829 2491 cujus
2856 2440 2891 2477 a
2922 2422 3121 2479 media
3145 2421 3337 2479 fronte
3388 2423 3544 2482 inter

1917 2518 2087 2558 aures
2117 2518 2298 2558 unum
2319 2522 2498 2562 cornu
2520 2508 2713 2564 existit
2739 2513 3019 2568 excelsius
3062 2513 3363 2587 magisque
3389 2515 3541 2573 dire-

1915 2594 2078 2646 ctum
2099 2590 2188 2645 his
2218 2609 2344 2664 quae
2374 2596 2541 2651 nobis
2571 2598 2707 2652 nola
2731 2603 2866 2655 sunt
2892 2602 3194 2671 cornibus,
3224 2607 3283 2658 et
3326 2605 3398 2661 ab
3421 2606 3544 2677 ejus

1914 2695 2172 2746 summo,
2203 2680 2351 2737 sicut
2375 2685 2605 2755 palmae,
2639 2687 2790 2741 rami
2827 2689 2944 2745 late
2976 2690 3402 2750 diffunduntur.
3436 2696 3545 2751 Ea-

1914 2767 2172 2839 dem_est
2202 2769 2437 2827 feminae
2487 2774 2779 2847 marisque
2822 2782 3065 2848 natura;
3110 2782 3315 2839 eadem
3348 2785 3543 2844 forma

182 2882 281 2933 tem
296 2895 362 2933 ex
377 2866 820 2945 Lepontiis,qui
850 2864 1028 2934 Alpes
1048 2858 1392 2923 incolunt,et
1410 2855 1588 2923 longo
1615 2851 1809 2945 spati-0
1845 2856 1895 2914 B
1913 2856 2382 2931 magnitudoque
2408 2878 2711 2918 cornuum.
2744 2865 2892 2920 Sunt
2922 2868 3065 2923 item
3093 2886 3220 2940 quae
3246 2876 3545 2945 appellan-

182 2984 269 3040 per
285 2966 423 3020 ﬁnes
442 2939 873 3021 Helvetiorum,
900 2944 1402 3040 Mediomatricum
1427 2945 1600 3037 atque
1615 2939 1811 3040 Trevi-

184 3027 361 3110 rerum
390 3052 612 3109 citatus
639 3047 847 3101 fertur.
878 3041 947 3095 Et
967 3035 1066 3092 ubi
1095 3035 1321 3091 Oceano
1348 3027 1804 3103 appropinquat,

184 3142 233 3197 in
258 3143 442 3214 plures
500 3135 716 3193 deﬂuit
757 3123 1180 3214 partes,multis
1222 3118 1667 3192 ingentibusque
1719 3115 1814 3171 in-

188 3212 326 3298 sulis,
359 3234 421 3285 ut
440 3224 820 3301 praemissum
855 3218 965 3283 est,
991 3212 1503 3301 cffectis,gquar_um
1524 3220 1659 3301 pars
1689 3221 1813 3260 ma-

188 3295 345 3391 gnaa
395 3295 544 3373 feris
595 3307 982 3378 barbarisque
1012 3299 1343 3387 nationibus
1390 3295 1688 3391 incolitur;
1721 3310 1815 3391 eg-

188 3382 371 3480 quibus
394 3408 540 3462 sunt
576 3400 678 3474 qui
703 3396 840 3453 solis
871 3392 1120 3467 piscibus
1168 3382 1340 3460 atque
1362 3385 1483 3480 ovis
1508 3383 1700 3480 avium
1732 3382 1812 3437 vi-

193 3473 300 3550 v-ere
329 3473 770 3553 existimantur,
794 3482 1108 3552 multisque
1134 3474 1492 3549 capitiburin
1516 3473 1812 3528 Oceanum

191 3583 315 3640 ﬂuit.
341 3585 505 3638 Intra
558 3573 936 3633 Germaniam
974 3586 1107 3625 vero
1160 3564 1304 3621 nulli
1334 3562 1572 3619 inferius
1602 3560 1810 3615 nobili-

189 3676 288 3727 tate
312 3669 473 3727 Herci
485 3667 658 3723 nium
671 3664 888 3735 jugum
909 3655 1400 3732 praetenditurﬂe
1424 3668 1537 3724 quo
1551 3647 1816 3704 videlicet

184 3752 305 3832 iugo
327 3758 512 3814 Julius
548 3754 763 3819 Caesar,
798 3749 857 3804 in
889 3745 1141 3802 Historia
1193 3742 1328 3799 belli
1388 3739 1605 3807 Gallici,
1657 3737 1813 3832 quod

190 3825 309 3903 silva
352 3846 681 3917 adopertus
731 3839 805 3894 sit
850 3836 1134 3908 variisque
1186 3833 1446 3888 ferarum
1498 3825 1810 3917 generibus

190 3914 493 4003 abundans,
527 3933 645 3987 hoc
666 3928 844 3984 modo
866 3924 1063 3981 scribit
1090 3941 1103 3978 :
1134 3945 1163 3975 «
1192 3922 1291 3989 Ea,
1322 3918 1531 3992 inquit,
1555 3931 1683 3988 quae
1701 3914 1809 3968 fer-

191 4024 430 4080 tilissima
455 4017 795 4079 Germaniae
853 4018 988 4070 sunt
1034 4015 1164 4069 loca
1220 4011 1436 4065 circum
1476 4003 1805 4062 Herciniam

192 4112 391 4181 silvam,
423 4125 616 4185 quam
678 4101 1043 4161 Eratostheni
1091 4104 1151 4155 et
1205 4096 1546 4171 quibusdam
1596 4091 1804 4185 Graecis

1914 2948 2008 3000 tur
2040 2947 2211 3002 alces.
2242 2948 2453 3004 Harum
2517 2953 2603 3005 est
2627 2953 2946 3010 consimilis
2999 2958 3185 3029 capris
3238 2959 3426 3032 ﬁgura
3483 2966 3543 3019 et

1914 3035 2160 3090 varietas
2212 3037 2480 3109 pellium;
2510 3039 2612 3094 sed
2642 3043 3048 3113 magnitudine
3098 3048 3269 3116 paulo
3299 3052 3534 3106 antece-

1916 3125 2425 3197 dunt,mutilmque
2454 3130 2588 3181 sunt
2607 3131 2897 3199 cornibus,
2925 3135 2984 3187 et
3011 3149 3180 3188 crura
3199 3133 3322 3190 sine
3366 3138 3538 3194 nodis

1916 3212 2285 3285 articulisque
2315 3216 2567 3285 habent;
2606 3234 2795 3290 neque
2827 3220 3034 3293 quietis
3065 3237 3236 3276 causa
3260 3239 3534 3295 procum-

1914 3303 2082 3369 bunt,
2112 3319 2323 3374 neque,
2358 3304 2403 3358 si
2427 3321 2541 3376 quo
2576 3304 2812 3363 afﬂictae
2844 3326 2978 3365 casu
3004 3309 3386 3378 conciderint,
3419 3315 3537 3371 eri-

1914 3408 2050 3463 gere
2067 3407 2189 3446 sese
2219 3395 2318 3445 aut
2343 3393 2642 3449 sublevare
2698 3402 2959 3469 possunt.
3011 3397 3105 3453 His
3135 3401 3268 3453 sunt
3297 3401 3536 3459 arbores

1913 3496 2019 3552 pro
2050 3479 2352 3547 cubilibus,
2386 3482 2460 3536 ad
2490 3498 2586 3536 eas
2616 3500 2675 3539 se
2709 3487 3204 3559 applicant,atque
3223 3486 3304 3541 ita
3336 3492 3535 3560 paulu-

1913 3569 2033 3623 lum
2053 3568 2228 3623 modo
2280 3570 2572 3626 reclinatw
2600 3572 2863 3644 quietum
2885 3575 3142 3648 capiunt.
3175 3572 3433 3638 Quarum
3465 3595 3531 3634 ex

1912 3656 2160 3727 vestigiis
2191 3673 2322 3711 cum
2349 3662 2433 3712 est
2464 3659 2934 3718 animadversum
2959 3680 2993 3717 a
3019 3662 3392 3719 venatoribus
3416 3682 3530 3737 quo

1910 3761 1968 3799 se
1986 3745 2243 3816 recipere
2274 3749 2698 3818 consueverint,
2719 3768 2923 3807 omnes
2952 3768 3021 3806 eo
3054 3752 3178 3805 loco
3203 3756 3300 3806 aut
3331 3754 3403 3808 ab
3436 3771 3530 3810 ra-

1911 3832 2133 3887 dicibus
2160 3833 2443 3888 subruunt
2469 3839 2568 3890 aut
2613 3838 2959 3894 abscindunt
3008 3838 3265 3905 arbores,
3299 3843 3530 3897 tantum

1908 3925 1970 3975 ut
1991 3937 2219 3975 summa
2247 3922 2464 3994 species
2479 3941 2679 3981 earum
2700 3927 2977 3982 stantium
3000 3925 3384 3998 relinquatur.
3408 3931 3529 3986 Huc

1905 4026 2035 4064 cum
2066 4026 2125 4064 se
2155 4012 2569 4067 consuetudine
2616 4016 3051 4081 reclinaverint,
3112 4014 3379 4071 inﬁrmas
3425 4034 3518 4073 ar-

1903 4098 2073 4154 bores
2098 4098 2355 4170 pondere
2377 4101 2666 4172 afﬂigunt,
2700 4108 2871 4176 atque
2892 4121 3006 4158 una
3027 4102 3161 4175 ipsa:
3183 4104 3517 4161 concidunt.

193 4199 329 4256 fama
363 4179 580 4256 notam
612 4212 733 4251 esse
762 4193 954 4260 video,
975 4206 1157 4263 quam
1184 4188 1264 4242 illi
1297 4184 1583 4243 Orciniam
1611 4179 1803 4253 appel-
1829 4192 1875 4250 C
1898 4187 2157 4242 Tertium
2180 4192 2265 4242 est
2288 4206 2469 4260 genus
2500 4206 2701 4246 earum
2734 4208 2863 4264 quae
2889 4191 2976 4247 uri
3009 4192 3398 4264 appellantur.
3454 4194 3524 4249 Hi

193 4292 315 4360 lant,
333 4292 537 4364 Volgze
555 4288 897 4355 Tectosages
949 4278 1464 4368 nuncupaverunt,
1499 4277 1671 4346 atque
1712 4268 1801 4368 ibi

195 4359 586 4437 consederunt.
626 4376 765 4440 Quae
790 4389 933 4445 gens
958 4386 1138 4442 usque
1174 4367 1247 4422 ad
1293 4367 1401 4422 hoc
1454 4367 1685 4433 tempus
1712 4359 1801 4413 his

194 4469 399 4526 sedibus
446 4484 579 4525 sese
608 4464 891 4525 continet,
923 4473 1326 4530 summamque
1359 4455 1534 4510 habet
1559 4447 1799 4523 justitiae

196 4561 244 4613 et
263 4559 473 4614 bellicae
492 4548 1217 4624 laudisopinionem.Nunc
1248 4544 1483 4618 quidem
1510 4542 1570 4596 in
1592 4537 1799 4594 eadem

198 4646 391 4719 inopia,
422 4647 709 4720 egestate,
752 4637 1055 4715 patientia,
1087 4652 1196 4708 qua
1251 4630 1542 4700 Germani,
1568 4642 1799 4720 perma-

201 4714 349 4806 nent;
378 4714 597 4793 eodem
622 4732 772 4787 victu
802 4733 861 4785 et
884 4728 1037 4782 cultu
1066 4722 1324 4795 corporis
1344 4722 1603 4776 utuntur.
1634 4714 1803 4814 Gallis

200 4829 371 4880 autem
401 4820 835 4897 provinciarum
859 4812 1257 4889 prepinquitas
1286 4812 1355 4865 et
1385 4812 1804 4865 transmarina-

201 4930 315 4968 rum
351 4928 551 4969 rerum
582 4908 791 4965 notitia
818 4907 1001 4962 multa
1050 4902 1124 4957 ad
1152 4899 1381 4971 copiam
1445 4899 1617 4968 atque
1673 4909 1804 4947 usus

202 5003 440 5076 largitur.
466 5023 496 5053 ››
532 4994 949 5070 Qui,paulatim
973 4988 1271 5049 assuefacti
1297 4985 1566 5076 superari
1575 4982 1802 5076 multis-

206 5071 301 5163 que
327 5092 454 5147 victi
481 5088 717 5163 praeliis,
757 5101 862 5140 nec
892 5099 951 5137 se
978 5080 1213 5154 quidem
1245 5077 1353 5149 ipsi
1395 5092 1526 5131 cum
1555 5072 1663 5128 illis
1693 5071 1803 5127 vir-

209 5181 311 5235 tute
342 5180 709 5252 comparant.
734 5174 909 5244 Hujus
938 5167 1214 5225 Herciniaz
1242 5167 1417 5233 silvae,
1447 5180 1575 5252 qua:
1630 5177 1809 5232 supra

210 5251 587 5324 demonstrata
616 5267 721 5328 est,
754 5260 997 5318 latitudo
1030 5272 1240 5312 novem
1272 5254 1498 5310 dierum
1556 5251 1667 5306 iter
1718 5267 1810 5305 ex-

214 5357 384 5427 pedito
416 5359 590 5429 patet.
620 5355 742 5409 Non
787 5350 943 5407 enim
995 5346 1161 5401 aliter
1196 5344 1347 5400 ﬁniri
1380 5344 1589 5414 potest,
1618 5354 1810 5411 neque

216 5462 491 5502 mensuras
515 5445 790 5501 itinerum
844 5441 1146 5494 noverunt.
1183 5433 1375 5491 Oritur
1401 5434 1473 5488 ab
1523 5429 1811 5486 Helvetio-

217 5551 350 5605 ιιιιιιι,
379 5539 438 5590 et
460 5536 788 5593 Nemetum,
837 5531 894 5583 et
921 5525 1332 5582 Rauriacorum
1364 5522 1576 5576 ﬁnibus
1628 5520 1813 5574 recta-

222 5639 320 5694 que
356 5623 604 5682 ﬁuminis
632 5618 874 5691 Danubii
890 5616 1151 5688 regione,
1181 5616 1239 5669 et
1259 5610 1540 5687 pertingit
1571 5608 1646 5665 ad
1670 5608 1811 5667 ﬁnes

1838 5493 1889 5552 D

1901 4281 2034 4333 sunt
2058 4278 2459 4349 magnitudine
2482 4281 2653 4352 paulo
2685 4281 2839 4337 infra
2859 4282 3223 4354 elephantos,
3256 4283 3446 4355 specie
3463 4288 3520 4339 et

1900 4367 2092 4422 colore
2125 4369 2181 4420 et
2206 4366 2393 4438 ﬁgura
2417 4367 2585 4422 tauri.
2614 4370 2818 4440 Magna
2848 4371 2930 4425 vis
2958 4387 3164 4426 eorum
3190 4374 3301 4437 est,
3319 4374 3513 4428 etma-

1901 4472 2017 4527 gna
2037 4454 2333 4525 velocitas;
2369 4473 2556 4528 neque
2587 4458 2812 4513 homini
2867 4476 3055 4531 neque
3136 4459 3277 4514 feras
3338 4478 3516 4532 quam

1900 4544 2302 4618 conspexerint
2359 4550 2622 4618 parcunt.
2657 4549 2767 4603 Hos
2815 4549 3066 4604 studiose
3100 4552 3300 4620 captos
3338 4549 3516 4605 foveis

1901 4634 2272 4690 interﬁciunt.
2319 4634 2432 4690 Hoc
2465 4652 2524 4689 se
2576 4637 2774 4692 labore
2822 4638 3034 4692 durant
3079 4637 3501 4707 adolescentes,

1903 4727 2074 4796 atque
2103 4724 2212 4779 hoc
2241 4740 2454 4795 genere
2505 4726 2825 4782 venationis
2868 4744 2925 4781 se
2962 4729 3250 4782 exercent.
3286 4728 3353 4781 Et
3414 4727 3512 4799 qui

1905 4812 2185 4886 plurimos
2218 4828 2285 4867 ex
2315 4811 2850 4881 liisinterfecerint,
2882 4814 3080 4869 relatis
3122 4814 3181 4869 in
3214 4814 3511 4887 publicum

1904 4901 2173 4958 cornibus
2193 4918 2320 4973 quae
2351 4900 2465 4955 sint
2495 4903 2848 4970 testimonio,
2873 4920 3153 4974 magnam
3177 4904 3376 4959 ferunt
3393 4906 3518 4959 lau-

1906 4992 2059 5046 dem.
2085 4990 2199 5045 Sed
2228 5006 2550 5045 assuescere
2582 4990 2654 5044 ad
2679 4991 2947 5046 homines
2977 4995 3034 5046 et
3070 4992 3355 5048 mansueti
3385 4993 3516 5047 ﬁer-

1906 5097 1980 5136 ne
2006 5079 2226 5153 parvuli
2251 5079 2486 5151 quidem
2502 5081 3013 5153 excepti,possunt.
3035 5082 3375 5154 Amplitudo
3396 5081 3515 5136 cori

1908 5186 2111 5234 nuum,
2139 5172 2197 5225 et
2230 5168 2435 5240 ﬁgura,
2463 5172 2522 5224 et
2574 5169 2789 5241 species
2834 5170 3084 5224 multum
3115 5186 3149 5223 a
3180 5173 3513 5224 nostrorum

1910 5262 2088 5316 boum
2118 5258 2388 5313 cornibus
2417 5257 2627 5312 differt.
2657 5259 2785 5312 Haec
2811 5258 3064 5315 studiose
3094 5257 3422 5328 conquisita
3438 5256 3509 5310 ab

1911 5337 2084 5393 labris
2132 5340 2373 5409 argento
2413 5336 2888 5407 circumcludent,
2939 5341 3110 5410 atque
3143 5335 3511 5410 amplissimis

1919 5427 2098 5501 epulis
2127 5443 2231 5500 pro
2265 5426 2481 5500 poculis
2511 5431 2772 5483 utuntur.

2323 5518 2405 5573 De
2432 5517 2663 5571 moribus
2694 5516 3104 5573 Germanorum.

1999 5610 2062 5664 ll.
2097 5608 2176 5663 De
2204 5606 2461 5664 moribus
2490 5623 2719 5680 quoque
2748 5604 3054 5662 hominum
3086 5621 3150 5660 ac
3177 5607 3335 5662 cultu
3364 5604 3520 5661 idem
