3862 6172
458 331 557 391 631

1564 333 1833 395 AlMOINl
1858 335 2171 395 MONACHI
2196 335 2693 396 FLORIACENSIS

3604 352 3694 412 632

468 460 671 515 auctor
698 452 759 512 in
796 456 1002 513 eadem
1038 455 1185 513 libro
1214 456 1338 515 hinc
1382 457 1579 514 refert.
1621 459 1911 527 Germani,
1971 460 2068 528 ait,
2094 460 2148 520 A
2179 459 2330 515 bella
2351 459 2652 529 inferrent,
2702 460 2937 535 propter
2989 458 3289 519 hominum
3330 464 3695 527 multitudinem

410 606 417 611 ,
465 549 716 604 multum
748 565 781 602 a
807 547 1220 603 consuetudine
1257 547 1545 604 Gallorum
1575 549 1868 605 differunt.
1926 551 2068 605 Nam

458 655 647 710 neque
715 636 968 705 druides,
1003 654 1148 710 quos
1191 655 1297 693 nos
1344 638 1687 705 sacerdotes,
1715 640 1801 693 vel
1854 639 2071 694 divinos

454 730 608 781 vates
641 743 941 799 possumus
968 742 1193 793 vocare,
1232 727 1470 794 habent,
1500 730 1564 781 ut
1612 727 1693 782 illi
1755 728 1852 800 qui
1897 729 2068 783 rebus

456 814 660 870 divinis
691 820 963 886 prmsunt,
996 832 1185 886 neque
1210 816 1499 871 sacriﬁciis
1524 818 1775 872 student.
1812 819 1890 873 De
1924 817 2066 871 deo-
2106 856 2109 861 ι

455 921 588 959 rum
606 921 853 960 numero
874 922 972 959 eos
994 906 1146 961 solos
1159 906 1378 960 ducunt
1392 922 1536 977 quos
1553 909 1817 972 cernunt,
1847 908 1904 961 et
1928 924 2065 977 quo-

455 1010 587 1049 rum
618 996 816 1066 aperte
845 993 1050 1067 Opibus
1066 994 1567 1064 juvantur,So]em
1605 994 1838 1062 scilicet,
1859 996 2061 1049 etVul-

457 1100 693 1150 canum,
717 1087 773 1138 et
801 1084 1041 1138 Lunam.
1078 1083 1345 1155 Reliquos
1374 1082 1482 1138 néc
1505 1083 1663 1139 fama
1696 1087 2060 1154 acceperunt.

454 1172 583 1227 Vita
613 1172 802 1227 omnis
834 1171 892 1226 in
938 1171 1339 1227 venationibus
1393 1175 1565 1244 atque
1618 1172 1679 1226 in
1730 1172 1932 1227 studiis
1979 1172 2063 1227 rei

454 1260 720 1315 militaris
771 1260 1045 1315 consistit.
1078 1261 1163 1315 Ab
1194 1260 1441 1333 parvulis
1496 1261 1689 1315 labori
1741 1278 1804 1316 ac
1837 1261 2063 1316 duritiae

454 1348 706 1404 student.
764 1348 870 1413 Qui
893 1348 1212 1403 diutissime
1256 1348 1586 1419 impuberes
1616 1354 2066 1420 permanserunt

454 1437 769 1492 maximam
800 1437 952 1492 inter
978 1455 1109 1492 suos
1138 1437 1371 1493 laudem
1397 1438 1610 1492 ferunt.
1672 1439 1787 1494 Hoc
1810 1439 1903 1493 alii
1946 1443 2060 1494 sta-

455 1530 670 1594 turam,
695 1526 788 1580 alii
817 1525 963 1581 vires
982 1541 1299 1597 nervosque
1312 1526 1644 1582 conﬁrmari
1675 1529 2063 1598 putant.Intra

457 1632 677 1670 annum
695 1632 830 1671 vero
858 1617 1196 1670 vicesimum
1220 1615 1457 1671 feminae
1489 1616 1758 1672 notitiam
1772 1617 2059 1686 habuisse,

455 1704 514 1759 in
546 1704 890 1777 turpissimis
951 1705 1167 1759 habent
1212 1705 1402 1759 rebus.
1462 1705 1635 1777 Cujus
1665 1706 1751 1761 rei
1792 1708 1949 1762 nulla
1993 1724 2061 1761 es

2173 566 2205 603 a
2217 550 2419 623 grique
2446 550 2703 623 inopiam
2718 555 2877 607 trans
2888 551 3156 607 Rhenum
3171 553 3406 609 colonias
3429 555 3693 615 mitterent.

2173 639 2455 694 Hactenus
2479 640 2549 693 de
2578 639 2905 708 Germania,
2933 657 3061 712 quas
3087 640 3147 696 in
3181 642 3443 698 veteribus
3485 647 3697 718 reperire

2171 727 2483 799 potuimus,
2516 728 2771 801 pandere
2800 728 3149 784 curavimus.
3184 730 3336 786 Nunc
3363 732 3426 787 de
3445 732 3598 789 Gallia
3634 735 3700 790 di-

2169 817 2438 872 cendum.
3614 828 3619 835 ‘

2764 961 2854 1014 DE
2908 960 3177 1015 GALLlA.

2234 1084 2323 1138 IlI.
2356 1082 2596 1138 Galliam
2628 1100 2868 1139 omnem
2902 1084 2956 1138 in
2984 1087 3232 1156 quatuor
3261 1085 3555 1157 provincias
3590 1086 3702 1143 Oro-

2165 1170 2278 1225 sius
2305 1173 2412 1227 hoc
2438 1172 2614 1227 modo
2646 1171 3093 1239 dividit:Gallia,
3127 1172 3406 1245 inquiens,
3424 1174 3708 1246 Belgicaha-

2162 1261 2261 1314 bet
2289 1261 2359 1315 ab
2392 1260 2612 1316 oriente
2643 1261 2890 1316 limitem
2931 1261 3190 1316 ﬂuminis
3226 1262 3398 1316 Rheni
3422 1266 3474 1317 et
3514 1264 3705 1318 Germa-

2165 1349 2360 1414 niam;
2391 1350 2461 1403 ab
2493 1366 2655 1417 euro,
2686 1350 2857 1421 Alpes
2871 1350 3197 1416 Penninas;
3230 1350 3712 1423 ameridie,provin-

2164 1436 2314 1491 ciam
2340 1437 2804 1503 Narbonensem;
2842 1439 2912 1492 ab
2933 1439 3511 1511 occasu,provinciam
3533 1439 3712 1509 Lugdu-

2164 1541 2442 1592 nensem;
2477 1542 2510 1579 a
2555 1526 2747 1580 circio.
2798 1527 3092 1582 Oceanum
3146 1527 3555 1593 Britannicum;
3584 1544 3612 1581 a
3645 1544 3714 1581 se-

2165 1614 2884 1687 ptentrione,Britanniam
2903 1616 3171 1671 insulam.
3190 1617 3364 1671 Gallia
3381 1616 3716 1688 Lugdunensis

2165 1705 2335 1759 ducta
2364 1721 2467 1775 per
2498 1706 2832 1776 longum,et
2848 1722 2948 1777 per
2971 1706 3153 1760 latum
3172 1706 3396 1772 inﬂexa,
3421 1705 3717 1778 Aquitatiam

457 1793 780 1861 occultatio,
830 1794 985 1865 quod
1016 1797 1074 1848 et
1105 1793 1429 1865 promiscue
1463 1793 1521 1848 in
1571 1795 1907 1849 ﬂuminibus
1936 1813 2062 1869 per-
2091 1777 2143 1835 B
2166 1793 2519 1866 provinciam
2552 1794 3042 1867 semicingitﬂaec
3071 1795 3251 1850 habet
3278 1795 3347 1850 ab
3370 1794 3571 1849 oriente
3621 1795 3719 1849 Bel-

454 1884 709 1950 luuntur,
734 1886 792 1937 et
825 1882 1068 1955 pellibus
1083 1885 1180 1937 aut
1200 1882 1386 1955 parvis
1409 1884 1739 1938 rhenonum
1760 1887 2062 1956 tegumen-

454 1971 524 2026 tis
542 1975 799 2039 utuntur,
841 1989 1058 2043 magna
1079 1971 1335 2044 corporis
1367 1975 1528 2043 parte
1562 1973 1738 2027 nuda.
1798 1974 2063 2045 Agricul-

456 2064 605 2116 turae
635 2078 753 2116 non
785 2061 1047 2127 student,
1066 2061 1370 2132 majorque
1399 2077 1535 2133 pars
1556 2078 1758 2115 eorum
1786 2062 1966 2116 victus
2002 2063 2061 2116 in

455 2149 620 2213 lacte,
650 2166 814 2205 caseo
847 2165 1135 2220 carneque
1189 2148 1463 2204 consistit.
1512 2150 1707 2221 Neque
1760 2149 2065 2221 quisquam

458 2239 581 2311 agri
613 2239 850 2293 modum
873 2242 1117 2303 certum,
1139 2241 1238 2292 aut
1263 2239 1426 2301 ﬁnes,
1450 2238 1627 2292 habet
1662 2238 2068 2310 proprios.Sed

460 2327 831 2398 magistratus
871 2343 933 2379 ac
994 2325 1281 2399 principes
1310 2328 1369 2380 in
1420 2342 1603 2380 annos
1634 2327 1889 2398 singulos
1925 2344 2067 2397 gen-

459 2414 608 2469 tibus
619 2414 1180 2486 cognationibusque
1198 2414 1632 2486 hominum,qui
1654 2432 1769 2469 una
1783 2416 2064 2483 coierunt,

459 2507 742 2574 quantum
767 2506 825 2557 et
846 2519 959 2574 quo
998 2504 1125 2558 loco
1182 2503 1366 2557 visum
1414 2507 1500 2558 est
1552 2504 1677 2575 agri
1721 2504 2067 2572 attribuunt,

459 2595 630 2664 atque
660 2593 789 2664 post
838 2607 1059 2646 annum
1105 2591 1217 2646 alio
1252 2591 1497 2647 transire
1529 2595 1765 2663 cogunt.
1796 2591 1926 2663 Ejus
1986 2594 2069 2648 rei

458 2679 670 2733 multas
699 2677 948 2732 afferunt
1001 2694 1230 2733 causas:
1260 2695 1352 2745 ne,
1388 2679 1613 2734 assidua
1646 2683 2065 2738 consuetudine

459 2766 631 2839 capti,
675 2767 927 2821 studium
970 2767 1349 2839 belligerandi
1422 2769 1772 2840 agricultura
1816 2787 2072 2826 commu-

460 2858 614 2925 tent;
633 2874 706 2911 ne
727 2858 872 2910 latos
893 2856 1034 2910 ﬁnes
1047 2872 1253 2928 parare
1272 2857 1562 2923 studeant,
1590 2858 2068 2931 potentioresque

455 2945 794 3001 humiliores
811 2945 1261 3017 possessionibus
1285 2946 1602 3016 expellant:
1639 2962 1711 3000 ne
1751 2948 2072 3003 accuratius

460 3034 532 3089 ad
552 3034 771 3105 frigora
808 3037 980 3106 atque
1038 3037 1207 3089 aestus
1238 3034 1500 3089 vitandos
1548 3034 1854 3103 aediﬁcent,
1885 3053 2073 3108 neque

474 3123 691 3179 oriatur
720 3121 992 3195 pecunias
1016 3123 1315 3194 cupiditas,
1338 3140 1452 3194 qua
1477 3140 1545 3178 ex
1563 3140 1623 3176 re
1649 3124 1929 3180 factiones
1960 3126 2072 3180 dis-

469 3212 876 3283 sensionesque
896 3215 1239 3279 nascuntur;
1264 3215 1326 3267 ut
1343 3211 1522 3266 animi
1553 3213 1823 3285 aequitate
1842 3215 2073 3286 plebem

471 3301 826 3368 contineant,
859 3316 989 3355 cum
1024 3317 1150 3354 suas
1180 3299 1419 3371 quisque
1450 3316 1587 3372 opes
1617 3317 1748 3356 cum
1800 3303 2076 3374 potentis-

466 3390 625 3443 simis
654 3388 869 3459 zequari
899 3389 1109 3444 videat.

543 3477 878 3532 Civitatibus
897 3476 1151 3533 maxima
1171 3478 1294 3532 laus
1313 3481 1416 3545 est,
1450 3495 1627 3551 quam
1653 3479 1928 3535 latissime
1965 3482 2072 3536 cir-

474 3582 602 3620 cum
632 3583 689 3620 se
708 3565 938 3620 vastatis
968 3566 1176 3621 ﬁnibus
1206 3566 1546 3621 solitudines
1565 3569 1920 3624 habere.Hoc
1948 3587 2075 3642 pro-

470 3656 663 3727 prium
685 3654 910 3710 virtutis
942 3655 1294 3723 existimant,
1328 3658 1588 3727 expulsos
1618 3657 1772 3728 agris
1798 3659 2076 3715 ﬁnitimos

468 3744 694 3811 cedere,
712 3761 900 3816 neque
921 3761 1276 3816 quemquam
1295 3762 1479 3818 prope
1505 3746 1718 3802 audere
1738 3749 2070 3804 consistere.

471 3832 650 3888 Simul
676 3833 784 3887 hoc
815 3849 873 3887 se
901 3833 1027 3888 fore
1056 3833 1297 3888 tutiores
1326 3835 1701 3904 arbitrantur,
1755 3838 2075 3908 repentina:

470 3921 815 3977 incursionis
844 3922 1056 3977 timore
1078 3922 1477 3978 sublato.Cum
1504 3924 1721 3979 bellum
1763 3925 1954 3980 civitas
1979 3930 2079 3982 aut

468 4009 694 4065 illatum
712 4010 1811 4086 defendit,autinfert,magistratus,qui
1842 4015 1893 4068 ei
1925 4016 2076 4070 bello

470 4099 728 4172 prmsint,
751 4103 813 4154 ut
843 4099 973 4155 vitm
1004 4100 1274 4172 necisque
1305 4102 1559 4155 habeant
1584 4105 1950 4173 potestatem,
1984 4106 2079 4159 de-

473 4190 753 4260 liguntur.
781 4192 842 4243 In
874 4206 1012 4262 pace
1043 4191 1231 4244 nullus
1247 4193 1332 4244 est
1347 4190 2075 4263 communismagistratus,

471 4280 573 4333 sed
600 4279 888 4350 principes
924 4278 1232 4348 regionum
1263 4281 1434 4351 atque
1458 4295 1744 4351 pagorum
1774 4281 1923 4335 inter
1948 4299 2079 4337 suos

2168 1882 2396 1953 gicam;
2431 1881 2744 1949 ameridie,
2782 1885 3009 1955 partem
3034 1881 3345 1955 provinciae
3362 1882 3711 1949 Narbonensis,

2169 1987 2283 2042 qua
2312 1972 2510 2025 Arelas
2542 1971 2738 2025 civitas
2756 1971 2865 2025 sita
2886 1974 2998 2038 est;
3034 1975 3090 2031 et
3122 1971 3181 2025 in
3212 1972 3356 2026 mari
3383 1970 3575 2027 Gallico
3601 1970 3720 2024 Rho-

2168 2059 2304 2113 dani
2336 2059 2575 2114 flumine
2592 2059 2886 2132 accipitur.
2907 2059 3294 2115 Narbonensis
3309 2059 3604 2131 provincias
3620 2074 3721 2131 pars

2168 2147 2476 2202 Galliarum
2500 2148 2673 2203 habet
2703 2149 2774 2202 ab
2829 2147 3057 2203 oriente
3095 2149 3270 2219 Alpes
3309 2147 3540 2213 Cottias;
3566 2148 3627 2201 ab
3651 2163 3722 2200 oc-

2170 2237 2785 2309 cidente,Hispaniam;
2815 2253 2849 2291 a
2868 2236 3043 2291 circio
3070 2237 3471 2308 Aquitaniam;
3498 2238 3726 2307 aseptcn-

2170 2324 2382 2392 trione,
2418 2325 2898 2397 Lugdunensem;
2933 2325 3310 2396 abaquilone,
3340 2324 3605 2397 Belgicam
3624 2323 3724 2376 Gal-

2169 2413 2348 2468 liam:
2384 2432 2417 2469 a
2448 2414 2690 2469 meridie
2720 2431 2878 2468 mare
2929 2414 3238 2482 Gallicum,
3294 2414 3445 2485 quod
3481 2415 3557 2467 est
3607 2412 3726 2465 inter

2170 2501 2497 2557 Sardiniam
2524 2506 2582 2557 et
2633 2502 2848 2556 insulas
2909 2503 3205 2569 Baleares;
3237 2503 3453 2557 habens
3500 2501 3552 2555 in
3579 2500 3732 2554 fronte

2170 2591 2826 2664 quaRhodanusﬂuvius
2850 2591 2908 2645 in
2943 2607 3104 2646 mare
3134 2591 3485 2659 exit,insulas
3522 2587 3730 2645 Stoecha-

2172 2679 2629 2751 das.Aquitanite
2652 2679 3385 2756 provinciaobliquocursu
3421 2678 3618 2751 Ligeris
3651 2680 3733 2730 ﬂu-

2176 2769 2372 2835 minis,
2408 2769 2507 2840 qui
2540 2785 2606 2823 ex
2636 2768 2886 2840 plurima
2918 2772 3080 2840 parte
3116 2770 3403 2825 terminus
3433 2769 3547 2839 ejus
3573 2769 3661 2831 est,
3687 2766 3732 2818 in

2174 2858 2376 2912 orbem
2400 2857 2610 2929 agitur.
2638 2858 2765 2913 Haec
2796 2874 2830 2912 a
2853 2858 3024 2913 circio
3084 2858 3504 2930 Oceanum,qui
3539 2855 3735 2927 Aquita-

2174 2946 2333 3001 nicus
2354 2946 2509 3001 sinus
2531 2946 2770 3014 dicitur;
2804 2947 2875 3001 ab
2923 2963 3146 3013 occasu,
3177 2948 3474 3020 Hispanias
3508 2945 3687 3011 habet;
3712 2958 3737 2995 ει

2174 3035 2571 3108 septentrione
2593 3040 2651 3090 et
2672 3035 2917 3103 oriente,
2951 3036 3435 3107 Lugdunensem;
3468 3035 3534 3089 ab
3558 3048 3676 3087 euro
3695 3032 3738 3083 et

2178 3122 2444 3190 moridie,
2469 3125 2655 3179 Narbo
2667 3140 2904 3179 nensem
2921 3124 3283 3195 provinciam
3298 3120 3737 3195 contingitJulius

2175 3230 2308 3268 vero
2330 3212 2536 3280 Caesar,
2561 3213 2657 3285 qui
2685 3229 2815 3267 cum
2840 3213 3100 3283 ejusdem
3140 3217 3312 3269 terrae
3346 3213 3541 3268 incolis
3568 3211 3737 3265 decen-

2176 3302 2271 3356 nio
2302 3302 2518 3355 bellum
2550 3302 2743 3371 gessit,
2778 3302 3170 3356 concordante
3199 3318 3395 3356 secum
3427 3300 3598 3355 Plinio
3622 3296 3737 3351 mul-

2174 3389 2362 3462 tisque
2389 3389 2512 3444 aliis
2533 3390 2904 3462 phiIOSOphis,
2938 3393 3054 3445 tres
3084 3392 3321 3445 tantum
3342 3391 3459 3445 vult
3497 3404 3607 3443 esse
3633 3400 3738 3458 pro-

2182 3479 2406 3534 vincias.
2441 3480 2611 3550 Cujus
2636 3479 2754 3534 'nos
2792 3478 3003 3552 scripta
3061 3479 3296 3547 eodem,
3343 3495 3455 3551 quo
3485 3478 3595 3550 ipse
3639 3489 3741 3527 usus

2177 3571 2281 3636 est,
2304 3568 2395 3623 hic
2422 3568 2728 3623 inserimus
2757 3568 3185 3640 ordine,aliqua
3212 3565 3735 3635 tantummodo,quat

2177 3657 2271 3711 ille
2313 3657 2371 3711 in
2413 3657 2537 3712 aliis
2567 3674 2683 3712 sua:
2737 3656 2995 3711 Historiae
3027 3656 3164 3711 locis
3196 3657 3268 3712 de
3327 3655 3630 3711 civitatibus
3654 3650 3743 3704 sive

2178 3744 2513 3802 fluminibus
2528 3745 2793 3813 dixit,seu
2824 3762 2951 3817 qua:
2971 3746 3191 3801 Plinius
3213 3745 3383 3801 aliter
3399 3761 3462 3801 ac
3492 3744 3578 3799 ille
3605 3738 3745 3795 sensit

2180 3835 2645 3907 interponentes.

2497 3924 2582 3978 De
2636 3922 2819 3977 Gallia
2863 3924 3157 3979 secundum
3190 3923 3472 3979 Caesarem.

2250 4013 2335 4067 IV.
2365 4011 2542 4066 Gallia
2568 4014 2654 4067 est
2681 4011 2873 4066 omnis
2894 4011 3071 4068 divisa
3089 4012 3145 4066 in
3167 4016 3365 4086 partes
3389 4016 3519 4078 tres,
3542 4018 3745 4082 quarum

2180 4117 2355 4156 unam
2376 4101 2634 4155 incolunt
2664 4102 2877 4173 Belgae;
2912 4103 3180 4169 alteram,
3211 4101 3484 4174 Aquitani
3509 4118 3522 4167 ;
3552 4095 3745 4152 tertiam

2180 4188 2297 4262 qui,
2326 4190 2581 4261 ipsorum
2613 4189 2811 4261 lingua
2843 4190 3036 4256 Celtzr,
3071 4193 3273 4245 nostra
3309 4191 3448 4246 Galli
3493 4185 3747 4261 appellan-

2178 4282 2291 4334 tur.
2312 4279 2467 4333 Hanc
2489 4295 2717 4350 quoque
2734 4283 2957 4350 partem
2974 4278 3190 4333 Plinius
3207 4279 3635 4351 Lugdunensem
3646 4270 3745 4327 Gal-

464 4368 559 4439 jus
606 4367 806 4422 dicunt
835 4367 1368 4439 controversiasque
1400 4367 1693 4422 minuunt.
1754 4370 2078 4427 Latrocinia
2103 4374 2154 4432 D
2179 4367 2313 4423 liam
2346 4384 2466 4422 esse
2490 4367 2710 4424 asserit.
2737 4366 2804 4420 Hi
2853 4383 3060 4421 omnes
3087 4367 3311 4440 lingua,
3364 4364 3638 4429 institutis,
3687 4360 3747 4412 le-

472 4456 693 4509 nullam
724 4454 943 4509 habent
967 4454 1294 4523 infamiam,
1313 4472 1441 4527 quae
1458 4459 1620 4511 extra
1640 4458 1788 4513 ﬁnos
1803 4460 2077 4531 cujusque

470 4543 711 4598 civitatis
733 4543 912 4609 ﬁunt;
949 4546 1121 4614 atque
1155 4560 1221 4597 ea
1274 4543 1592 4613 juventutis
1651 4547 1983 4601 exercenda:
2014 4562 2079 4600 ac

471 4631 705 4687 desidiae
738 4630 1070 4686 minuenda:
1095 4648 1264 4685 causa
1286 4632 1410 4687 ﬁeri
1436 4633 1965 4706 praidicantAtque
1987 4635 2076 4689 ubi

471 4720 595 4793 quis
620 4739 683 4775 ex
705 4720 1059 4791 principibus
1090 4720 1148 4775 in
1182 4721 1418 4776 consilio
1452 4722 1658 4777 dixerit
1680 4742 1734 4777 se
1760 4724 1946 4778 ducem
1963 4725 2082 4794 fore

468 4810 568 4881 qui
594 4811 743 4881 sequi
770 4810 934 4863 velint
948 4810 1343 4878 proﬁteantur;
1377 4814 1737 4882 consurgunt
1773 4811 1831 4866 hi
1868 4812 1965 4884 qui
2025 4816 2082 4866 et

470 4914 700 4952 causam
723 4901 779 4951 et
808 4897 1110 4952 hominem
1143 4899 1412 4970 probant,
1462 4917 1745 4972 suumque
1805 4900 2079 4954 auxilium

470 4986 833 5059 pollicentur,
863 4988 1035 5057 atque
1064 4986 1434 5042 multitudine
1448 4988 1983 5052 collaudantur.Qui
2013 5005 2080 5042 ex

468 5077 556 5131 his
589 5077 767 5131 secuti
800 5092 915 5130 non
932 5079 1085 5143 sunt,
1122 5076 1180 5130 in
1214 5076 1573 5131 desertorem
1625 5093 1688 5131 ac
1716 5077 2081 5148 proditorum

469 5182 715 5220 numero
747 5165 1055 5231 ducuntur,
1106 5166 1489 5237 omniumque
1519 5166 1607 5219 his
1651 5181 1849 5219 rerum
1880 5170 2082 5236 postea

466 5255 608 5309 ﬁdes
641 5255 971 5324 derogatur.
1009 5253 1305 5326 Hospitem
1334 5253 1547 5309 violare
1587 5255 1673 5309 fas
1705 5270 1823 5307 non
1874 5256 2081 5326 putant

468 5343 575 5406 Qui
609 5360 835 5414 quaque
859 5343 929 5395 de
948 5359 1117 5395 causa
1136 5343 1207 5395 ad
1229 5358 1325 5397 eos
1345 5342 1609 5396 venerint
1624 5343 1696 5396 ab
1715 5342 1927 5413 injuria
1950 5361 2079 5415 pro-

466 5433 688 5499 hibent,
723 5435 950 5485 sanctos
977 5431 1429 5504 habent,hisque
1447 5431 1713 5486 omnium
1741 5432 1949 5487 domus
1974 5449 2073 5504 pa-

466 5525 608 5588 tent,
645 5521 933 5590 victusque
957 5520 1436 5579 communicatur.
1471 5523 1548 5576 Ac
1586 5521 1694 5575 fuit
1724 5524 1895 5576 antea
1922 5525 2070 5578 tem-

462 5627 568 5684 pus
599 5625 732 5665 eum
756 5609 1073 5664 Germanos
1097 5609 1239 5664 Galli
1264 5610 1469 5667 virtute
1507 5615 1864 5684 superarent,
1917 5613 2067 5668 ultro

2180 4456 2346 4529 gibus
2368 4456 2518 4511 inter
2563 4472 2620 4509 se
2651 4454 2944 4509 diﬁ'erunt.
3006 4455 3195 4511 Gallos
3256 4456 3650 4526 Lugdunenses
3691 4446 3747 4499 ab

2180 4544 2482 4615 Aquitanis
2500 4545 2793 4598 Garumna
2809 4545 3050 4613 flumen,
3074 4561 3108 4598 a
3137 4545 3329 4616 Belgis
3345 4545 3592 4599 Matrona
3614 4541 3662 4593 et
3677 4536 3750 4589 Se-

2181 4649 2374 4705 quana
2391 4632 2609 4686 dividit.
2646 4632 2863 4686 Horum
2891 4632 3157 4687 omnium
3185 4631 3486 4688 fortissimi
3514 4630 3633 4684 sunt
3658 4624 3751 4678 Bel-

2182 4739 2291 4793 gae,
2323 4724 2631 4793 prOpterea
2663 4720 2818 4791 quod
2840 4737 2874 4774 a
2902 4721 3058 4774 cultu
3071 4725 3247 4793 atque
3273 4719 3623 4776 humanitate
3643 4728 3747 4786 pro-

2182 4809 2387 4865 vincia
2406 4809 2740 4880 longissime
2767 4809 3366 4882 absunt,minimeque
3396 4810 3468 4864 ad
3515 4824 3604 4861 eos
3629 4817 3749 4857 mer-

2183 4904 2405 4954 catores
2425 4916 2575 4970 sazpe
2603 4902 2960 4965 commeant,
2994 4900 3162 4971 alque
3196 4916 3268 4954 ea
3300 4916 3428 4971 quas
3467 4897 3537 4953 ad
3565 4888 3750 4949 effemi-

2183 4987 2407 5042 nandos
2433 4987 2662 5043 animos
2692 4987 2989 5058 pertinent
3019 4988 3368 5061 important.
3432 4980 3751 5049 Proximiquc

2181 5080 2315 5131 sunt
2343 5076 2665 5145 Germanis,
2690 5076 2787 5148 qui
2836 5080 2994 5130 trans
3030 5077 3297 5131 Rhenum
3349 5076 3618 5136 incolunt,
3647 5080 3751 5122 cum

2183 5165 2387 5237 quibus
2434 5165 2804 5220 continenter
2857 5166 3074 5220 bellum
3102 5168 3335 5236 gerunt.
3369 5165 3489 5229 Qua
3514 5163 3579 5215 de
3614 5168 3753 5212 causa

2181 5253 2416 5309 Helvetii
2440 5271 2667 5326 quoque
2685 5254 2919 5326 reliquis
2941 5255 3129 5309 Gallos
3160 5253 3373 5308 virtute
3397 5245 3751 5326 praecedunt,

2181 5344 2336 5415 quod
2359 5344 2479 5398 fere
2510 5343 2861 5416 qnotidianis
2887 5343 3098 5416 prmliis
3161 5360 3291 5396 sum
3333 5340 3619 5396 Germanis
3643 5349 3754 5387 con-

2180 5433 2448 5499 tendunt,
2482 5450 2612 5487 cum
2648 5437 2745 5487 aut
2766 5451 2799 5487 a
2818 5433 2934 5487 suis
2954 5432 3160 5486 ﬁnibus
3188 5449 3289 5486 eos
3311 5429 3628 5503 prohibent,
3657 5424 3735 5476 aut

2174 5520 2279 5593 ipsi
2311 5521 2368 5575 in
2401 5538 2604 5575 eorum
2657 5520 2865 5576 ﬁnibus
2912 5521 3127 5576 bellum
3154 5524 3386 5593 gerunt.
3422 5519 3482 5573 Hi
3537 5532 3639 5571 una
3688 5525 3743 5562 cx

2170 5612 2332 5685 parte
2359 5609 2600 5667 llumine
2628 5611 2827 5665 Rheno
2845 5609 3126 5666 latissimo
3149 5612 3321 5682 atque
3343 5606 3610 5665 altissimo
3635 5615 3751 5655 cou-
