3862 6172
203 392 281 448 633

1131 379 1453 438 HISTORIA
1488 376 1933 437 FRANCORUM.
1962 407 2035 422 --
2064 377 2429 438 ΡΒΟἝΜΙΑ.

3327 383 3435 441 634

199 510 421 573 tinentur,
445 502 533 578 qui
563 518 780 576 agrum
820 501 1143 558 Helvetium
1186 518 1221 557 a
1247 501 1549 557 Germanis
1586 500 1727 557 divi-
1749 506 1804 567 Α
1836 502 1999 557 Alter
2026 502 2230 559 ﬂuvius
2260 506 2347 559 est
2382 502 2536 576 apud
2561 503 2765 577 Belgas
2809 504 3027 575 Axona,
3063 501 3299 559 ultimos
3325 504 3436 560 Re-

197 600 280 666 dit;
305 598 461 652 altera
479 611 541 648 ex
572 596 758 666 parte,
794 595 996 647 monte
1021 593 1157 647 Jura
1186 591 1488 658 altissimo,
1522 590 1619 663 qui
1648 592 1734 646 est

196 692 309 744 inter
336 686 605 756 Sequanos
624 686 681 737 et
701 682 1015 749 Helvetios;
1056 681 1245 743 tertia,
1277 682 1402 735 lacu
1434 681 1729 736 Lemanno

193 782 236 833 et
255 775 459 832 ﬂumine
486 772 782 837 Rhodano,
816 770 913 843 qui
947 769 1307 842 provinciam
1354 772 1612 825 nostram
1658 769 1729 824 ab

192 864 404 921 Helvetiis
439 860 653 918 dividit.

241 953 398 1008 Gallia:
426 968 535 1006 una
568 966 720 1022 pars,
755 964 931 1020 quam
964 964 1062 1004 eos
1091 949 1189 1020 qui
1224 947 1547 1019 specialiter
1588 947 1731 1003 Galli

187 1044 402 1098 dicuntur
415 1040 671 1094 obtinere
683 1038 901 1092 dictum
919 1037 1258 1103 est,initium
1272 1037 1470 1111 capita
1490 1036 1730 1092 ﬂumine

188 1131 436 1191 Rhodano,
461 1126 788 1181 continetur
827 1126 1122 1180 Garumna
1152 1126 1414 1192 ﬂumine,
1436 1125 1731 1181 Oceanum

184 1221 228 1275 in
248 1218 427 1273 ﬁnibus
448 1216 752 1286 Belgarum
770 1213 1039 1285 attingit;
1069 1214 1245 1269 etiam
1272 1214 1345 1268 ab
1372 1213 1652 1285 Sequanis
1675 1216 1734 1269 et

184 1306 395 1363 Helvetiis
412 1306 627 1359 ﬂumen
650 1303 915 1357 Rhenum
936 1301 1122 1374 vergit
1146 1319 1179 1357 a
1194 1302 1608 1373 septentrione.
1627 1303 1729 1357 Ur-

130 1392 143 1400 ’
181 1400 256 1454 bes
280 1397 329 1451 in
356 1412 419 1449 ea
446 1394 630 1447 multa
658 1408 724 1445 ac
750 1392 1059 1463 opulentas.
1084 1391 1197 1446 Sed
1227 1407 1293 1445 ex
1321 1390 1414 1444 his
1427 1390 1731 1463 praecipua

181 1488 282 1540 sunt
301 1486 599 1553 nostroque
612 1497 688 1534 an
699 1496 731 1534 ο
745 1480 870 1551 plus
882 1479 1129 1551 cognitae
1150 1496 1163 1534 :
1179 1479 1521 1551 Lugdunum
1531 1479 1734 1546 ,Cabil-

178 1574 307 1639 Ionis,
330 1571 513 1626 Hedua
531 1586 661 1641 quae
683 1571 742 1623 et
762 1568 1230 1640 Augustodunus,
1253 1567 1516 1636 Senonis,
1544 1567 1734 1622 Autis-

176 1663 412 1727 siodorus,
432 1660 654 1726 Meldis,
672 1659 896 1725 Trecas,
920 1657 1187 1720 Parisius,
1212 1658 1551 1724 Carnotum,
1583 1658 1731 1712 Gen-

176 1752 337 1817 nahus,
369 1748 457 1804 ubi
493 1763 653 1803 nunc
683 1746 1025 1814 Aurelianis,
1053 1747 1471 1817 Rothomagus,
1496 1746 1731 1813 Ebroas,

1834 607 2066 647 morum
2098 592 2242 647 ﬁnes
2270 592 2687 663 praeterﬂuens.
2722 593 2874 649 Silva
2917 608 3146 666 quoque
3174 593 3437 650 Arduen-

1833 699 1928 749 na,
1965 699 2091 754 quaa
2124 685 2209 737 est
2241 683 2417 739 totius
2458 683 2650 738 Galliae
2684 683 2957 750 maxima,
2990 686 3161 755 atque
3217 700 3251 737 a
3295 683 3436 756 ripis

1832 772 2018 826 Rheni
2077 772 2400 845 ﬁnibusque
2451 772 2813 827 Trevirorum
2873 771 3123 827 millibus
3188 772 3436 844 amplius

1832 860 2165 931 quingentis
2193 860 2252 915 in
2284 860 2713 933 longitudinem
2751 863 2929 931 patet.
2963 862 3093 916 Haec
3135 861 3207 916 de
3249 861 3435 933 Belgis

1831 949 1966 1003 satis
1991 949 2195 1004 dixisse
2216 948 2308 1016 sit,
2323 949 2644 1005 dummodo
2677 948 2748 1003 de
2774 948 3081 1021 Aquitania
3111 967 3239 1023 quae
3259 949 3438 1022 digna

1828 1038 1966 1091 sunt
1995 1037 2296 1092 memoriae
2321 1038 2651 1093 tradantur.

1902 1126 2234 1199 Aquitania,
2258 1129 2321 1181 ut
2336 1126 2518 1182 Plinio
2533 1129 2705 1200 atque
2715 1129 2742 1184 J
2749 1126 2862 1183 ulio
2876 1127 3122 1196 videtur,
3146 1144 3179 1183 a
3193 1129 3433 1183 Garum-

1828 1232 1908 1271 na
1926 1217 2170 1272 ﬂumine
2187 1235 2367 1290 usque
2385 1219 2458 1273 ad
2482 1220 2787 1290 Pyrenaeos
2808 1220 3037 1274 montes
3071 1221 3128 1273 et
3146 1234 3275 1274 eam
3300 1234 3433 1291 par-

1832 1308 1953 1359 tem
1989 1322 2117 1377 quae
2145 1306 2216 1360 ad
2250 1306 2582 1378 Hispaniam
2615 1306 2888 1378 pertinet,
2919 1309 3137 1378 spectat
3161 1306 3313 1363 inter
3340 1323 3433 1362 oc-

1832 1409 2027 1449 casum
2052 1395 2190 1450 solis
2207 1396 2755 1467 etseptentrionem.
2774 1397 2904 1450 Plus
2926 1398 3124 1450 tamen
3152 1396 3263 1451 hoc
3292 1399 3439 1451 tem-

1831 1497 1975 1554 pore
2007 1484 2420 1540 determinatio
2448 1484 2655 1552 Orosii,
2676 1484 2936 1556 superius
2952 1483 3163 1539 anobis
3189 1484 3439 1541 declara-

1832 1573 1912 1638 ta,
1942 1575 2192 1628 tenetur.
2228 1572 2558 1628 Secundum
2578 1591 2754 1646 quam
2778 1572 3177 1641 traditionem,
3197 1572 3257 1629 in
3270 1572 3442 1645 Aqui-

1831 1659 1994 1715 tania
2024 1661 2399 1716 continentur
2418 1662 2590 1717 urbes
2627 1662 2905 1735 egregiae:
2931 1662 3439 1729 Narbona,Arver-

1834 1764 1962 1815 nus,
1983 1765 2109 1820 quae
2130 1766 2283 1804 nunc
2301 1749 2671 1805 Clarusmons
2682 1754 2935 1819 vocatur,
2953 1750 3195 1817 Cadurx,
3213 1751 3438 1819 Tolosa,

174 1835 813 1904 Oximus,Cenomannis,
833 1835 1164 1901 Lexovium,
1189 1834 1736 1902 Namnetis,Rhedo-
1758 1827 1811 1887 B
1833 1836 2073 1904 Gavalis,
2107 1838 2383 1906 Rotenus,
2418 1838 2707 1906 Lemovix,
2740 1839 3132 1911 Petragorica,
3179 1839 3440 1907 Pictavis,

174 1930 508 1996 nis,Venetus,
530 1925 928 1991 Abrincatina,
943 1925 1150 1984 ,Andus
1171 1941 1298 1996 quas
1323 1923 1731 1995 etAndegavis,

172 2018 387 2084 Turonis,
400 2013 1087 2087 Bituriges,Niviodunus,
1108 2029 1276 2084 quam
1288 2012 1526 2084 quidam
1545 2012 1735 2067 Niver-

172 2107 238 2161 nis
262 2123 367 2161 esse
392 2108 622 2178 putant.
657 2103 872 2157 Harum
901 2103 1349 2174 Augustodunus
1393 2104 1450 2156 et
1492 2101 1736 2157 Senonis

171 2209 357 2263 magna:
385 2192 707 2264 antiquitus
736 2190 891 2262 apud
935 2189 1123 2244 Gallos
1171 2190 1333 2244 fuere
1375 2188 1735 2244 auctoritatis

169 2286 303 2352 atque
322 2280 619 2353 potentiae,
639 2279 783 2334 adeo
799 2283 862 2334 ut
888 2296 1002 2333 una
1023 2295 1246 2345 earum,
1264 2279 1323 2333 id
1345 2282 1427 2332 est
1448 2279 1734 2349 Augusto-

168 2369 337 2435 dunus,
368 2385 548 2440 quam
580 2367 759 2423 Julius
804 2368 1064 2421 Heduam
1098 2366 1382 2433 nominat,
1418 2365 1735 2421 amicitiam

165 2458 323 2529 pepuli
341 2456 589 2512 Romani
604 2455 1139 2528 amplectendo,toti
1155 2472 1302 2528 pene
1314 2455 1737 2523 Gallias,eorum

165 2546 269 2601 nixa
293 2546 504 2609 favore,
540 2545 871 2617 principata
896 2544 987 2599 sit.
1012 2546 1192 2600 Porro
1221 2543 1486 2611 Senonis,
1526 2543 1738 2598 viribus

164 2634 683 2706 conﬁsasuis,ipsam
702 2635 946 2688 Romam
972 2633 1309 2705 orbiscaput
1331 2631 1594 2687 obsidere
1618 2647 1737 2685 non

163 2722 702 2796 pertimuerit,quam
726 2726 782 2777 et
804 2721 973 2793 cepit.
991 2722 1135 2776 Urbs
1148 2737 1281 2776 vero
1296 2721 1420 2775 Bitu
1428 2719 1553 2792 riga
1566 2723 1738 2791 atque

160 2811 422 2882 Turonica,
444 2815 773 2869 secundum
793 2813 976 2869 Orosii
995 2813 1426 2880 difﬁnitionem,
1444 2812 1543 2885 qui
1562 2811 1738 2884 Aqui-

161 2902 343 2957 taniam
367 2919 400 2957 a
416 2903 667 2958 ﬂumine
694 2902 909 2974 Ligeris
932 2919 1110 2974 usque
1134 2902 1207 2957 ad
1226 2903 1529 2973 Pyrenaeos
1549 2901 1739 2956 deter-

160 2990 313 3045 minat
339 2997 596 3058 montes,
630 3008 922 3063 quamque
953 2991 1223 3046 moderni
1250 2992 1587 3062 sequuntur,
1620 3006 1738 3043 non

159 3077 202 3131 in
225 3079 418 3135 Celtica
443 3080 655 3142 Gallia,
687 3081 788 3135 sed
824 3080 1010 3151 magis
1039 3079 1097 3134 in
1122 3078 1432 3151 Aquitania
1455 3081 1589 3133 sunt
1603 3092 1738 3148 pro-

159 3168 330 3224 vincia.
352 3170 628 3225 Flumina
657 3169 715 3223 in
738 3168 1107 3240 Lugdunensi
1137 3168 1316 3223 Gallia
1344 3167 1618 3239 plurima;
1642 3165 1742 3221 sed

156 3273 208 3311 ex
230 3258 301 3313 eis
320 3260 711 3331 praecipuum,
743 3259 1074 3324 Rhodanus,
1107 3257 1205 3328 qui
1229 3257 1352 3327 ejus
1375 3257 1448 3311 ab
1476 3254 1743 3311 orientali

154 3347 289 3412 parte
316 3347 609 3401 terminus
647 3350 751 3403 est.
771 3345 936 3410 Quod
966 3349 1158 3401 autem
1191 3344 1375 3400 verbis
1403 3343 1532 3399 Julii
1550 3342 1741 3415 posui-

157 3447 276 3500 mus,
314 3436 409 3508 qui
443 3434 813 3508 provinciam
842 3438 1103 3490 nostram
1127 3435 1198 3489 ab
1230 3432 1495 3488 Helvetiis
1521 3432 1741 3499 dividit,

157 3523 341 3577 terram
361 3525 527 3579 illam
554 3523 957 3595 intelligimus,
978 3539 1105 3595 quae
1118 3523 1229 3578 hoc
1252 3522 1492 3578 nomine
1507 3521 1744 3594 proprio

154 3612 322 3668 sortita
350 3617 473 3683 est;
514 3613 735 3667 deinde
758 3612 970 3680 Araris,
992 3612 1088 3685 qui
1120 3628 1224 3684 per
1240 3612 1386 3666 ﬁnes
1413 3611 1746 3666 Heduorum

154 3703 198 3751 et
215 3699 627 3774 Sequanorum
658 3701 985 3757 incredibili
1030 3701 1270 3756 lenitate
1310 3701 1367 3755 in
1400 3700 1747 3755 Rhodanum

153 3784 337 3857 inﬂuit,
367 3791 454 3846 ita
484 3794 556 3845 ut
595 3791 773 3845 oculis
802 3790 858 3844 in
877 3792 1067 3844 utram
1092 3793 1318 3862 partem
1351 3788 1748 3860 ﬂuatjudicari

151 3876 218 3930 vix
232 3880 418 3948 possit.
441 3879 624 3944 Quod
648 3896 753 3934 nos
775 3895 1005 3951 quoque
1028 3877 1447 3950 perspeximus,
1477 3895 1541 3932 ac
1562 3877 1747 3933 admi-

151 3966 238 4019 rati
262 3984 458 4023 sumus
489 3970 680 4023 tanta:
721 3966 1140 4039 magnitudinis
1171 3966 1409 4022 ﬂuvium
1435 3969 1557 4021 tam
1583 3966 1747 4021 tardo

150 4060 284 4111 metu
314 4061 744 4128 proﬂuentem.
780 4058 913 4111 Post
939 4073 1073 4112 eum
1106 4059 1291 4111 exstat
1307 4056 1496 4127 Liger,
1514 4055 1611 4128 qui
1634 4058 1748 4110 ter-

152 4155 252 4197 ram
282 4144 438 4200 illam
463 4162 602 4218 quae
622 4144 774 4200 inter
794 4144 958 4199 illum
977 4147 1035 4199 et
1061 4143 1388 4217 Sequanam
1399 4144 1575 4215 jacet,
1600 4160 1750 4217 pene

148 4229 366 4289 insulam
387 4235 602 4290 efﬁcit.
625 4233 793 4288 Silvae
816 4235 1043 4302 multas;
1078 4233 1179 4288 sed
1202 4234 1553 4288 eminentior
1581 4235 1750 4288 caete-

151 4318 214 4373 ris
238 4324 519 4381 Perticus.
557 4325 627 4378 Et
652 4323 761 4377 hoc
792 4322 1030 4395 quidem
1054 4323 1125 4377 dc
1161 4322 1340 4378 Gallia
1361 4322 1591 4391 Celtica,
1624 4340 1752 4395 quae

1836 1926 2191 1998 Burdegalis,
2217 1928 2519 1997 Santonia,
2550 1931 2607 1983 et
2642 1928 3192 1999 Engolisma.Fluvii
3214 1945 3444 2004 quoque

1834 2014 1991 2069 haud
2030 2015 2189 2087 parvi
2241 2015 2492 2071 nominis
2551 2016 2609 2071 in
2661 2017 2866 2072 eadem
2907 2019 3041 2071 sunt
3090 2017 3387 2090 provincia
3426 2034 3441 2074 :

1836 2104 2057 2170 Elaver,
2088 2104 2188 2176 qui
2219 2122 2335 2159 non
2365 2107 2546 2160 multo
2580 2106 2777 2160 minor
2806 2106 2992 2179 Ligeri
3015 2107 3137 2179 ejus
3169 2107 3446 2180 excipitur

1838 2193 2015 2249 alveo.
2039 2193 2331 2248 Dordonia
2362 2193 2562 2260 etiam,
2596 2195 2697 2266 qui
2726 2212 2791 2249 ex
2825 2197 3025 2250 monte
3057 2196 3155 2268 qui
3172 2195 3289 2251 Dor
3315 2195 3447 2250 dici-

1836 2284 2016 2350 tur,et
2034 2286 2119 2337 est
2137 2282 2195 2336 in
2214 2282 2428 2337 ﬁnibus
2443 2283 2856 2351 Arvernorum,
2886 2284 3110 2339 duobus
3134 2284 3451 2340 scaturiens

1836 2370 2113 2438 fontibus,
2144 2386 2393 2442 quorum
2427 2371 2525 2424 uni
2546 2388 2761 2427 nomen
2794 2375 2880 2427 est
2907 2372 3047 2441 Dor,
3067 2372 3230 2427 alteri
3247 2373 3447 2440 Dom'a,

1838 2459 1936 2531 qui
1966 2459 2116 2514 haud
2150 2459 2349 2531 procul
2395 2477 2428 2514 a
2472 2464 2671 2515 monte
2729 2461 2851 2533 ipso
2902 2461 3354 2533 conjunguntur,
3388 2461 3445 2516 in

1837 2550 2192 2603 Garumnam
2222 2547 2429 2603 inﬂuit.
2454 2548 2712 2621 Denique
2734 2549 3047 2622 Aquitania
3065 2549 3218 2605 dicta
3247 2553 3353 2613 est,
3381 2564 3448 2606 eo

1840 2636 1997 2710 quod
2028 2652 2147 2707 prae
2166 2636 2386 2691 caeteris
2405 2638 2713 2708 provinciis
2726 2638 2982 2693 fontibus
3000 2637 3451 2710 ﬂuminibusque

1840 2726 2133 2781 exuberet.
2151 2726 2247 2780 Est
2266 2726 2324 2779 in
2349 2742 2417 2781 ea
2435 2729 2488 2780 et
2510 2726 2670 2794 silva,
2690 2728 2969 2783 vocabulo
2988 2728 3306 2795 Leccenna,
3330 2744 3448 2782 non

1842 2815 2289 2870 contemnendae
2318 2814 2761 2885 magnitudinis,
2791 2816 3140 2887 Biturigibus
3166 2819 3337 2887 atque
3354 2818 3454 2870 Ar-

1840 2906 2029 2961 vernis
2046 2905 2324 2974 confinis;
2347 2905 2402 2961 in
2420 2924 2534 2978 qua
2549 2924 2727 2980 usque
2758 2908 2933 2963 hodie
2966 2908 3288 2964 ostenditur
3313 2908 3455 2980 lapi-

1843 2995 1951 3050 dea
1964 2995 2553 3050 domusBrunichildis
2574 2996 2788 3067 reginae
2801 2996 3095 3069 quondam
3103 2997 3453 3052 Francorum

1844 3098 2073 3137 amoeno
2111 3082 2266 3151 satis,
2302 3088 2365 3138 ut
2392 3100 2498 3138 nos
2530 3101 2759 3156 quoque
2788 3084 3131 3158 aspeximus,
3165 3084 3274 3139 sita
3303 3085 3449 3140 loco.

1843 3171 1987 3225 Nam
2020 3171 2283 3226 ﬂuviolus
2333 3188 2463 3226 eam
2502 3173 2902 3243 praeterﬂuens
2940 3173 3156 3245 irrigua
3199 3190 3233 3228 a
3274 3174 3454 3228 latere

1845 3257 2022 3314 efﬁcit
2050 3262 2237 3331 prata,
2260 3274 2591 3333 messesque
2623 3277 2656 3315 a
2677 3260 2871 3316 fronte
2898 3261 3175 3335 oppositae
3207 3259 3451 3334 cingun-

1845 3351 1938 3403 tur
1966 3347 2107 3404 silva
2136 3348 2429 3404 venationi
2456 3365 2734 3422 congrua.
2754 3350 2866 3405 Has
2891 3366 3095 3406 omnes
3136 3350 3460 3424 provincias

1846 3436 1984 3493 dum
2034 3438 2238 3495 Franci
2290 3443 2685 3510 occupassent,
2741 3438 2801 3494 in
2860 3440 3000 3494 duas
3051 3438 3457 3495 tantummodo

1846 3530 2042 3600 partes
2069 3527 2412 3595 dividentes,
2444 3544 2574 3582 eam
2606 3544 2734 3600 quae
2782 3528 3240 3601 septentrionem
3265 3545 3458 3583 versus

1846 3617 2105 3673 tenditur
2136 3621 2193 3673 et
2220 3617 2374 3673 inter
2400 3617 2617 3673 Mosam
2649 3621 2708 3674 et
2721 3619 2991 3674 Rhenum
3010 3627 3113 3689 est,
3142 3618 3452 3684 Austriam;

1850 3705 2009 3761 illam
2041 3722 2198 3774 vero,
2233 3723 2361 3779 quas
2386 3722 2419 3761 a
2446 3706 2599 3763 Mosa
2621 3706 2696 3762 ad
2725 3707 2976 3779 Ligerim
3026 3723 3204 3781 usque
3235 3707 3455 3778 pertin-

1851 3794 1955 3866 git,
1984 3794 2307 3849 Neustriam
2363 3799 2732 3850 vocaverunt.
2796 3797 2932 3850 Pars
2982 3799 3181 3850 tamen
3230 3794 3458 3866 Lugdu-

1850 3883 2043 3938 nensis
2071 3883 2294 3951 Galliae,
2327 3899 2502 3957 quam
2534 3884 2977 3956 Burgundiones
3018 3886 3458 3956 occupaverant,

1851 3972 2198 4044 Burgundiaa
2217 3988 2433 4028 nomen
2463 3972 2725 4027 retinuit.
2748 3972 3059 4046 Aquitania
3087 3989 3315 4046 quoque
3341 3971 3458 4027 avi-

1851 4063 1979 4115 tum
2009 4078 2130 4116 non
2160 4064 2245 4116 est
2271 4061 2511 4133 dignata
2538 4077 2756 4116 nomen
2784 4063 3031 4118 mutare.

1924 4149 2019 4204 His
2051 4151 2121 4205 de
2152 4149 2264 4205 situ
2290 4150 2615 4204 Germaniae
2644 4151 2734 4204 vel
2765 4149 2979 4218 Galliae,
3011 4151 3183 4220 prout
3216 4149 3273 4204 in
3300 4147 3460 4203 libris

1851 4240 2113 4294 veterum
2144 4238 2491 4310 investigare
2520 4238 2834 4310 potuimus,
2855 4237 3116 4305 ostensis,
3134 4253 3307 4305 nunc,
3332 4254 3460 4309 qua:

1850 4326 2031 4382 Julius
2060 4327 2131 4383 de
2172 4326 2549 4399 antiquorum
2594 4325 3011 4382 consuetudine
3066 4326 3152 4381 vel
3206 4325 3463 4382 moribus

149 4411 195 4462 et
215 4412 621 4485 Lugdunensis
646 4416 903 4468 vocatur.
922 4413 1082 4467 Nunc
1108 4412 1179 4467 de
1209 4411 1437 4484 Belgica
1456 4412 1752 4484 provincia
1771 4413 1825 4473 D
1851 4415 2095 4472 senserit
2119 4416 2434 4483 Gallorum,
2467 4415 2643 4488 ipsius
2672 4416 3020 4489 explicemus
3049 4414 3254 4471 verbis.

155 4497 451 4557 videamus.

207 4589 381 4662 Belgae
403 4593 482 4647 ab
508 4590 789 4646 extremis
809 4590 1001 4645 Galliae
1025 4589 1234 4645 ﬁnibus
1253 4591 1537 4645 oriuntur.
1564 4590 1749 4647 Perti-

152 4682 269 4731 uent
290 4683 494 4734 autem
528 4680 606 4734 ad
635 4679 973 4733 inferiorem
1005 4682 1229 4750 partem
1258 4678 1513 4734 fluminis
1544 4679 1749 4748 Rheni,

150 4769 517 4840 spectantque
555 4767 611 4821 in
641 4768 1100 4837 septentrionem
1144 4769 1202 4821 et
1231 4767 1519 4822 orientem
1545 4768 1748 4823 solem.

151 4851 306 4910 Urbes
330 4859 463 4928 ejus
490 4857 727 4927 inclytae
755 4873 819 4911 ac
832 4856 1089 4925 famoszn,
1111 4856 1351 4912 Colonia
1371 4855 1754 4928 Agrippinen-

150 4940 225 5009 sis,
251 4944 526 5018 Tungris,
559 4944 841 5011 Treveris,
873 4944 1052 5011 Metis,
1103 4961 1232 5016 quae
1272 4948 1329 4999 et
1360 4944 1750 5000 Mediomatri-

151 5046 281 5100 cum,
296 5034 523 5100 Remis,
548 5032 875 5100 Laudunus,
895 5032 1240 5102 Suessionis,
1257 5032 1581 5101 Ambianis,
1602 5032 1754 5089 Viro-

153 5121 395 5191 mandus,
430 5123 737 5192 Belvagus,
769 5122 1135 5189 Atrebatum,
1172 5121 1467 5194 Lingonis,
1485 5125 1543 5177 et
1572 5140 1753 5195 pagus

153 5208 559 5278 Helvetiorum,
593 5228 767 5283 quem
808 5227 963 5265 nunc
993 5212 1304 5267 Alamanni
1334 5212 1755 5284 incolunt.Ejus

155 5301 429 5367 provincia
445 5300 635 5367 ﬂuvii,
656 5300 912 5368 Scaldus,
945 5300 1225 5370 Matrona,
1246 5304 1419 5373 atque
1438 5303 1591 5359 Mosa
1618 5318 1753 5374 pro-

156 5389 317 5444 ﬂuens
330 5408 397 5444 cx
415 5393 627 5444 monte
642 5389 987 5461 Vosego,qui
1002 5392 1086 5443 est
1102 5389 1160 5443 in
1185 5390 1389 5445 finibus
1402 5391 1753 5463 Lingonum,

155 5480 199 5529 et
226 5482 383 5549 parte
417 5479 681 5551 quadam
715 5496 780 5532 ex
802 5479 999 5533 Rheno
1031 5484 1262 5552 recepta
1284 5498 1411 5553 qua!
1434 5484 1757 5555 appellatur

154 5564 399 5636 Vacalus,
420 5569 601 5638 vulgo
629 5571 821 5622 autem
846 5567 1057 5623 dicitur
1083 5568 1289 5636 Vualz's,
1312 5569 1560 5626 insulam
1582 5571 1757 5627 efﬁcit

160 5650 516 5721 Batavorum,
553 5672 675 5727 quze
704 5655 913 5711 rustico
952 5673 1219 5713 sermone
1252 5662 1489 5715 vocatur
1518 5660 1749 5719 Battua.

2270 4503 2355 4559 De
2384 4505 2711 4559 institutione
2738 4504 3041 4560 Gallorum.

1922 4594 1987 4648 V.
2023 4593 2117 4648 Ait
2138 4609 2312 4665 ergo:
2339 4594 2399 4648 In
2426 4593 2609 4660 omni,
2632 4593 3122 4666 inquiens,Gallia,
3146 4609 3347 4661 eorum
3362 4594 3464 4649 ho-

1854 4681 2082 4737 minum
2117 4685 2215 4754 qui
2248 4681 2440 4755 aliquo
2462 4685 2597 4736 sunt
2623 4699 2866 4737 numero
2896 4686 3067 4754 atque
3087 4681 3333 4749 honore,
3362 4699 3463 4755 ge-

1855 4786 1999 4826 nera
2024 4775 2158 4826 sunt
2188 4771 2322 4826 duo.
2359 4770 2503 4825 Nam
2536 4770 2694 4842 plebs
2717 4787 2866 4842 pene
2897 4786 3192 4825 servorum
3218 4771 3466 4826 habetur

1853 4861 2002 4926 loco,
2027 4877 2155 4932 quae
2180 4860 2323 4914 nihil
2349 4860 2523 4914 habet
2548 4876 2653 4932 per
2682 4876 2762 4928 se,
2781 4860 2938 4914 nullo
2958 4859 3266 4915 adhibetur
3285 4860 3468 4916 consi-

1852 4950 1956 5008 lio.
1991 4950 2426 5022 Plerique,cum
2446 4955 2543 5004 aut
2563 4966 2677 5006 aere
2704 4948 3030 5017 alieno,aut
3060 4949 3465 5024 magnitudine

1854 5038 2229 5100 tributorum,
2265 5042 2363 5095 aut
2394 5038 2604 5111 injuria
2648 5038 3043 5113 potentiorum
3091 5041 3463 5113 premuntur,

1855 5145 1976 5184 sese
1999 5128 2058 5183 in
2077 5129 2409 5183 servitutem
2427 5128 2496 5183 ad
2506 5127 3027 5183 dicunt.Nobilibus
3046 5128 3106 5183 in
3132 5130 3237 5184 hos
3255 5129 3459 5183 eadem

1855 5220 1988 5272 sunt
2017 5217 2215 5273 omnia
2238 5217 2393 5288 jura,
2422 5235 2549 5290 quae
2567 5216 2818 5273 dominis
2838 5217 2895 5273 in
2914 5235 3124 5273 servos.
3150 5216 3261 5273 Sed
3287 5216 3357 5271 de
3374 5215 3463 5271 bis

1856 5306 2079 5362 duobus
2110 5305 2420 5379 generibus
2474 5309 2721 5362 alterum
2766 5309 2853 5361 est
2892 5306 3186 5375 druidum,
3215 5306 3460 5360 alterum

1857 5394 2137 5466 equitum.
2158 5394 2424 5449 Illirebus
2448 5392 2654 5450 divinis
2676 5393 3461 5467 intersunt,sacriﬁciapubli-

1857 5500 1923 5537 ca
1950 5499 2014 5537 ac
2040 5483 2260 5555 privata
2284 5487 2620 5557 procurant,
2641 5476 2955 5556 religiones
2980 5484 3455 5555 interpretantur.

1856 5571 1943 5626 Ad
1972 5572 2079 5627 hos
2108 5587 2355 5645 magnus
2386 5572 2841 5629 adolescentium
2894 5588 3170 5627 numerus
3209 5569 3457 5641 discipli-

1858 5677 1946 5716 nas
1978 5678 2146 5717 causa
2192 5662 2509 5731 concurrit;
2546 5678 2879 5734 magnoque
2910 5661 2970 5718 hi
3016 5660 3150 5717 sunt
3178 5658 3333 5733 apud
3361 5674 3460 5714 eos
