3862 6172
457 356 561 411 635

1541 353 1806 411 ΑῘΜΟΙΝΙ
1833 353 2054 424 ΜΟΝΑ(

2168 355 2665 414 FLORIACENSIS
3597 369 3681 425 333

445 474 692 533 honore.
721 475 863 531 Nam
881 474 1001 530 fere
1016 473 1085 530 de
1102 475 1372 533 omnibus
1395 479 1796 534 controversiis
1813 473 2056 550 publicis
2078 483 2131 541 Α
2153 496 2212 533 se
2242 480 2648 534 immolaturos
2669 479 3371 554 vovent.Administrisqne
3395 484 3460 538 ad
3472 502 3531 540 ea
3549 491 3686 544 sacri-

454 565 800 638 privatisqne
833 565 1208 623 constituunt.
1238 567 1305 620 Et
1333 566 1378 620 si
1427 568 1582 639 quod
1617 572 1702 622 est
1739 567 2053 622 admissum

447 653 686 720 facinus,
719 654 764 707 si
797 654 980 708 cazdes
1004 655 1235 722 facta,si
1268 655 1337 708 de
1363 656 1722 723 hmreditate,
1743 657 1813 710 de
1844 656 2055 709 ﬁnibus

442 742 830 797 controversia
841 742 1061 810 est,iide
1073 760 1124 796 rn
1139 743 1192 796 di
1199 743 1736 814 scernunt,prmmia
1748 759 2059 815 poenasque

447 831 823 886 constituunt.
852 830 910 885 Si
933 832 1060 903 quis
1081 834 1177 885 aut
1197 831 1448 902 privatus
1463 835 1560 886 aut
1577 833 1821 902 populus
1844 848 2048 886 eorum

449 919 682 974 decreto
728 936 847 974 non
893 920 1135 988 steterit,
1187 919 1479 974 sacriﬁciis
1520 920 1889 974 interdicunt.
1925 921 2054 974 Haec

448 1024 625 1079 poena
657 1009 812 1080 apud
852 1026 951 1064 eos
997 1013 1081 1063 est
1109 1008 1463 1079 gravissima.
1495 1008 1710 1073 Quibus
1738 1009 1819 1063 ita
1849 1011 1933 1062 est
1963 1008 2050 1062 in-

451 1095 782 1163 terdictum,
816 1096 877 1150 hi
908 1114 1150 1152 numero
1179 1097 1496 1168 impiorum
1527 1114 1593 1152 ac
1631 1097 2051 1151 scelerarorum

445 1184 755 1239 habentur.
773 1185 868 1239 His
899 1202 1100 1239 omnes
1128 1185 1434 1252 decedunt,
1455 1184 1676 1239 aditum
1699 1201 2052 1239 sermonem-

451 1289 562 1345 que
593 1272 922 1344 diﬁ‘ugiunt,
956 1290 1028 1327 ne
1056 1273 1192 1345 quid
1223 1291 1289 1328 ex
1315 1273 1663 1343 cogitatione
1692 1271 2053 1328 incommodi

450 1361 758 1434 accipiant;
790 1379 979 1434 neque
998 1363 1086 1417 his
1101 1363 1428 1434 petentibus
1455 1363 1547 1434 jus
1577 1363 2052 1434 redditur,neqne

450 1451 597 1504 ullus
608 1451 798 1505 honor
811 1451 1394 1506 communicatur.His
1407 1456 1602 1505 autem
1620 1451 1890 1505 omnibus
1904 1451 2054 1505 drui-

451 1537 619 1591 dibus
650 1542 859 1609 prmcst
889 1557 1054 1607 unus,
1091 1540 1188 1611 qui
1218 1556 1510 1593 summam
1562 1539 1712 1593 inter
1752 1555 1849 1593 eos
1880 1539 2054 1593 habet

452 1626 999 1681 auctoritatem.Hoc
1022 1632 1274 1693 mortuo,
1299 1628 1343 1681 si
1367 1626 1492 1698 quis
1514 1644 1581 1681 ex
1603 1627 1837 1698 reliquis
1868 1628 2049 1680 excel-

450 1711 537 1778 lit,
576 1713 846 1785 dignitati
888 1715 1174 1782 succedit;
1208 1719 1306 1770 aut
1344 1715 1389 1768 si
1436 1717 1570 1768 sunt
1618 1716 1809 1784 plures
1863 1731 2049 1786 pares,

2155 569 2284 623 ﬁcia
2315 569 2612 642 druidibus
2643 573 2903 635 utuntur,
2935 570 3089 642 quod
3108 586 3209 642 pro
3233 571 3340 626 vita
3356 573 3687 642 hominis,nisi

2159 659 2272 712 vita
2302 658 2557 712 hominis
2577 658 2872 725 reddatur,
2893 674 3010 712 non
3044 676 3206 730 posse
3243 659 3464 716 deorum
3486 662 3684 720 immor-

2159 746 2360 800 talium
2393 763 2608 800 numen
2634 745 2847 816 placari
2867 745 3550 820 arbitrantur,puhliceque
3563 752 3688 820 ejus-

2158 834 2288 888 dem
2320 835 2548 905 generis
2574 834 3069 888 habentiustituta
3088 834 3474 892 sacrificia.Alii
3491 837 3687 894 immani

2156 923 2556 996 magnitudine
2584 923 2888 977 simulacra
2931 924 3168 991 habent,
3208 941 3440 995 quorum
3467 930 3689 982 contexta

2152 1012 2466 1067 viminibus
2496 1013 2760 1066 membra
2783 1011 2918 1066 vivis
2942 1011 3272 1067 hominibus
3291 1016 3690 1084 complent.0ui-

2153 1102 2259 1156 bus
2307 1101 2609 1167 succensis,
2654 1099 3026 1155 circumventi
3071 1102 3308 1155 ﬂamma
3348 1102 3694 1158 exanimantur

2151 1193 2438 1246 homines.
2476 1190 2766 1261 Supplicia
2797 1207 2998 1244 eorum
3031 1189 3128 1262 qui
3158 1190 3216 1244 in
3247 1191 3392 1244 furto
3422 1194 3513 1244 aut
3546 1191 3594 1244 in
3632 1192 3697 1245 la-

2154 1281 2399 1335 trocinio
2422 1283 2521 1333 aut
2539 1280 2730 1351 aliqua
2747 1296 2897 1334 noxa
2919 1283 3053 1334 sunt
3073 1278 3701 1351 comprehensi,gratiora

2153 1368 2260 1423 diis
2290 1368 2717 1422 immortalibus
2747 1384 2867 1422 esse
2914 1367 3288 1422 arbitrantur.
3326 1367 3432 1422 Sed
3461 1383 3577 1421 cum
3603 1367 3700 1437 ejus

2153 1457 2382 1527 generis
2399 1457 2560 1528 capia
2585 1455 2798 1521 deﬁcit,
2826 1455 2998 1509 etiam
3031 1455 3105 1510 ad
3127 1455 3509 1509 innocentium
3527 1455 3702 1526 suppli-

2153 1546 2240 1600 cia
2270 1545 2644 1600 descendunt.
2679 1547 2860 1598 Deum
2893 1543 3145 1597 maxime
3173 1542 3499 1597 Mercurium
3524 1544 3702 1598 colunt.

2153 1635 2328 1704 Hujus
2354 1636 2487 1688 sunt
2516 1632 2767 1703 plurima
2797 1632 3125 1687 simulacra.
3159 1633 3318 1686 Hunc
3371 1632 3610 1686 omnium
3636 1631 3703 1684 in-

2151 1726 2457 1777 ventorum
2487 1721 2697 1775 artium
2728 1721 2941 1787 ferunt,
2965 1722 3118 1774 hunc
3140 1721 3361 1776 viarum
3387 1722 3545 1790 atque
3573 1718 3710 1773 itine-

450 1801 722 1873 snlt‘ragio
755 1803 1058 1870 druidum;
1111 1820 1534 1874 nonnunquam
1565 1803 1742 1856 etiam
1775 1803 1952 1856 armis
1983 1803 2052 1857 de
2080 1833 2129 1890 B
2156 1828 2286 1865 rum
2315 1811 2541 1876 ducem,
2573 1811 2725 1864 hunc
2759 1810 2831 1864 ad
2873 1813 3121 1880 quaestus
3171 1808 3426 1881 pecunia;
3466 1810 3707 1861 mercatu.

448 1889 776 1961 principatu
807 1891 1190 1948 contendunt.
1236 1892 1300 1944 Hi
1342 1894 1496 1945 certo
1535 1891 1669 1946 anni
1699 1895 1964 1963 tempore
1996 1893 2053 1944 in

451 1978 664 2032 ﬁnibus
693 1979 1033 2046 Carnutum,
1071 1997 1198 2051 quae
1230 1980 1391 2052 regio
1433 1981 1607 2034 totius
1641 1979 1832 2034 Gallias
1865 1979 2058 2034 media

451 2067 720 2130 habetur,
752 2069 1058 2124 considunt
1087 2070 1145 2124 in
1177 2071 1302 2124 loco
1335 2071 1818 2124 consecrato.Huc
1852 2085 2056 2123 omnes

453 2154 707 2226 undique
740 2157 835 2227 qui
863 2158 1281 2211 controversias
1307 2159 1527 2212 habent
1553 2158 1925 2222 conveniunt,
1959 2173 2055 2210 eo-

453 2260 698 2315 rumque
720 2244 1334 2324 judiciis‘decretisque
1388 2248 1614 2316 parent.
1654 2245 1967 2314 Disciplina
1998 2243 2057 2296 in

455 2332 750 2387 Britannia
783 2337 1014 2404 reperta
1043 2338 1214 2404 atque
1241 2333 1376 2387 inde
1402 2333 1461 2387 in
1491 2333 1729 2387 Galliam
1783 2325 2059 2386 translata

455 2438 578 2476 esse
609 2421 986 2476 existimatur.
1012 2423 1078 2475 Et
1100 2439 1253 2476 nunc
1284 2422 1380 2493 qui
1411 2421 1741 2492 diligentius
1773 2438 1902 2475 eam
1931 2437 2059 2474 rem

455 2526 804 2581 cognoscere
834 2512 1052 2576 volunt,
1089 2512 1424 2582 plerumque
1452 2510 1548 2564 illo
1582 2509 1838 2564 discendi
1891 2526 2060 2564 causa

456 2598 1166 2669 proﬁciscuntur.Druides
1192 2616 1225 2652 a
1252 2600 1402 2654 bello
1418 2600 1614 2653 abesse
1644 2602 2061 2653 consueverunt

455 2703 642 2758 neque
657 2687 872 2741 tributa
902 2703 1015 2742 una
1047 2704 1176 2741 cum
1201 2687 1435 2759 reliquis
1457 2687 1953 2760 pendunt.Militiaz
1971 2705 2061 2742 va-

456 2774 742 2829 cationem
764 2775 1145 2848 omniumque
1159 2793 1354 2830 rerum
1367 2776 1586 2830 habent
1601 2775 2056 2830 immunitatem.

452 2864 648 2917 Tantis
674 2863 898 2918 excitati
926 2864 1192 2936 praemiis,
1234 2868 1291 2918 et
1316 2882 1419 2918 sua
1448 2867 1653 2936 sponte
1688 2864 1857 2918 multi
1889 2863 1946 2917 in
1975 2864 2059 2918 di-

452 2951 748 3023 sciplinam
766 2953 1202 3020 conveniunt,et
1214 2970 1246 3007 a
1263 2953 1597 3024 parentibus
1608 2952 2060 3025 propinquisque

455 3040 1060 3112 mittuntur.Magnum
1083 3041 1161 3096 ibi
1187 3058 1500 3096 numerum
1516 3058 1782 3095 versuum
1809 3041 2060 3094 ediscere

2158 1915 2362 1970 rasque
2421 1899 2632 1952 habere
2683 1898 2795 1952 vim
2848 1897 3164 1952 maximam
3211 1896 3571 1951 arbitrantur.
3607 1896 3714 1948 Post

2157 1989 2309 2042 hunc
2339 1987 2694 2058 Apollinem,
2727 1989 2786 2040 et
2819 1987 3080 2052 Martem,
3117 1990 3175 2039 et
3212 1986 3426 2049 Jovem,
3453 1988 3507 2038 et
3546 1982 3714 2037 Miner-

2157 2092 2309 2129 vam.
2341 2077 2420 2128 De
2464 2073 2552 2127 his
2598 2073 2866 2128 eamdem
2909 2073 3028 2129 fere
3071 2089 3249 2145 quam
3291 2071 3516 2143 relique:
3553 2072 3718 2141 gentes

2157 2164 2372 2217 habent
2403 2162 2764 2233 opinionem,
2798 2162 3125 2232 Apollinem
3172 2161 3407 2215 morbos
3453 2159 3716 2230 depellere,

2156 2253 2470 2307 Minervam
2487 2268 2729 2323 operum
2745 2255 2915 2321 atque
2934 2249 3312 2305 artiﬁciorum
3331 2248 3490 2303 initia
3507 2246 3719 2308 tradere,

2157 2342 2356 2395 Jovem
2382 2340 2695 2412 imperium
2714 2341 2938 2394 cceleste
2953 2340 3418 2410 tenere,Martem
3430 2337 3570 2391 bella
3588 2350 3722 2404 gere-

2159 2446 2242 2483 re.
2267 2429 2563 2495 Huic,cnm
2591 2429 2787 2498 praelio
2809 2427 3084 2482 dimicare
3105 2427 3722 2493 constituerunt,eaquze

2158 2517 2309 2572 bello
2335 2517 2594 2588 ceperint
2614 2518 2955 2588 plerumque
2979 2516 3285 2582 devolent;
3321 2531 3445 2586 quas
3472 2525 3728 2582 superave-

2159 2605 2278 2660 rint
2314 2605 2592 2660 animalia
2621 2608 2789 2676 capta
2828 2605 3158 2670 immolant,
3193 2603 3555 2674 reliquasque
3570 2614 3657 2682 res
3682 2596 3726 2649 in

2162 2711 2341 2748 unum
2372 2694 2562 2748 locum
2595 2693 2924 2747 conferunt.
2958 2692 3139 2747 Multis
3188 2692 3250 2746 in
3299 2689 3607 2745 civitatibus
3645 2685 3728 2738 ha-

2161 2799 2292 2836 rum
2324 2799 2518 2836 rerum
2558 2785 2872 2836 exstructos
2928 2781 3180 2834 tumulos
3230 2779 3372 2834 locis
3427 2772 3729 2831 consecratis

2162 2870 2481 2940 conspicari
2519 2869 2668 2924 licet.
2712 2871 2906 2940 Neque
2949 2886 3102 2939 saepe
3159 2867 3370 2923 accidit
3409 2870 3470 2920 ut
3512 2863 3734 2934 neglecta

2163 2959 2444 3030 quispiam
2479 2958 2782 3030 religione,
2815 2961 2914 3012 aut
2943 2960 3110 3027 capta
3141 2955 3298 3027 apud
3353 2972 3410 3008 se
3464 2951 3730 3010 occultare,

2162 3052 2261 3101 aut
2290 3047 2475 3118 posita
2501 3049 2704 3102 tollere
2736 3047 3010 3113 auderet;
3046 3045 3567 3116 gravissimumque
3595 3039 3638 3093 ei
3665 3033 3732 3090 rei

454 3129 739 3184 dicuntur.
760 3131 956 3201 Itaque
979 3147 1162 3185 annos
1179 3130 1383 3201 viginti
1399 3131 1660 3185 nonnulli
1685 3130 1742 3183 in
1761 3129 2061 3200 disciplina
2083 3117 2129 3176 C
2161 3117 2507 3207 supplicium
2540 3152 2672 3190 cum
2695 3135 2948 3189 cruciatu
2979 3134 3364 3189 constitutum
3395 3133 3496 3186 est.

455 3221 824 3288 permanent,
854 3235 1041 3291 neque
1071 3220 1156 3274 fas
1205 3236 1326 3274 esse
1367 3218 1703 3273 existimant
1741 3235 1810 3272 ea
1857 3216 2061 3271 litteris

455 3307 894 3373 mandare,cum
920 3307 980 3361 in
1007 3307 1240 3378 reliquis
1271 3307 1391 3360 fere
1417 3308 1588 3360 rebus
1620 3305 1860 3377 publicis
1878 3306 2062 3376 priva-

455 3394 644 3465 tisque
667 3395 986 3450 rationibus
1016 3395 1223 3450 Graecis
1269 3395 1480 3449 litteris
1519 3398 1775 3448 utantur.
1810 3394 1871 3448 ld
1918 3393 2060 3448 mihi

459 3481 681 3536 duabus
711 3483 782 3536 de
812 3482 995 3536 causis
1034 3482 1342 3536 instituisse
1368 3482 1655 3548 videntur,
1689 3481 1845 3553 quod
1872 3498 2059 3553 neque

456 3569 516 3623 in
542 3571 777 3641 vulgum
805 3569 1168 3640 disciplinam
1201 3571 1390 3624 efferri
1411 3571 1608 3637 velint,
1625 3587 1812 3641 neque
1839 3587 1936 3625 eos
1962 3571 2057 3642 qui

458 3658 704 3725 discunt,
739 3658 945 3712 litteris
976 3659 1450 3725 conﬁsos,minus
1476 3659 1776 3713 memoriae
1807 3660 2054 3713 studere.

457 3746 622 3810 Quod
651 3747 772 3801 fere
791 3747 1078 3820 plerisque
1108 3748 1336 3816 accidit,
1364 3751 1425 3802 ut
1445 3748 1712 3820 praesidio
1735 3748 2058 3803 litterarum

460 3835 818 3908 diligentiam
854 3836 910 3890 in
937 3837 1330 3908 praediscendo
1368 3853 1432 3890 ac
1473 3837 1821 3892 memoriam
1853 3837 2057 3891 remit-

455 3927 602 3978 tant.
638 3927 698 3978 ln
733 3925 934 3996 primis
966 3927 1073 3981 hoc
1105 3928 1306 3981 volunt
1322 3921 1670 3998 persuadere
1702 3944 1807 3980 non
1840 3929 2059 3981 interire

455 4015 685 4082 animas,
719 4015 807 4069 sed
835 4015 902 4068 ab
928 4015 1046 4068 aliis
1061 4021 1184 4085 post
1204 4022 1426 4068 mortem
1453 4016 1680 4068 transire
1707 4014 1776 4066 ad
1804 4015 1954 4081 alios,
1980 4019 2060 4069 at-

455 4119 565 4174 que
592 4104 700 4158 hoc
728 4103 977 4158 maxime
1010 4105 1083 4159 ad
1110 4103 1378 4158 virtutem
1399 4103 1630 4157 excitari
1662 4107 2056 4174 putant,metu

456 4191 660 4246 mortis
705 4193 1002 4248 exstincto.
1051 4193 1223 4247 Multa
1268 4198 1550 4262 praeterea
1581 4191 1651 4246 de
1682 4191 1962 4246 sideribus
1993 4208 2058 4246 ac

456 4297 658 4333 eorum
691 4284 874 4349 motu,
903 4281 974 4334 de
1001 4280 1204 4335 mundi
1227 4297 1292 4335 ac
1314 4285 1600 4335 terrarum
1629 4281 2054 4352 magnitudine,

459 4367 529 4421 de
560 4385 755 4422 rerum
782 4371 1009 4438 natura,
1040 4369 1111 4424 de
1154 4369 1400 4424 deorum
1442 4369 1865 4424 immortalium
1910 4369 1962 4422 vi
1993 4387 2058 4424 ac
2085 4409 2137 4466 D

455 4459 738 4527 potestate
769 4457 1084 4527 disputant,
1116 4461 1174 4511 et
1195 4457 1486 4527 juventuti
1515 4458 1771 4511 tradunt.

527 4545 788 4599 Alterum
818 4561 1002 4616 genus
1025 4549 1110 4599 est
1136 4546 1668 4617 equitum.Hi,cum
1697 4549 1782 4600 est
1813 4549 2058 4612 usus,at-

457 4649 568 4705 que
595 4632 827 4705 aliquod
851 4634 1067 4688 bellum
1095 4634 1315 4700 incidit,
1340 4634 1494 4707 quod
1514 4633 1634 4688 fere
1666 4638 1800 4689 ante
1826 4634 2060 4689 Caesaris

456 4723 768 4776 adventum
802 4723 1111 4794 quotannis
1144 4723 1401 4777 accidere
1447 4723 1685 4790 solebat,
1716 4727 1777 4777 ut
1825 4727 1923 4778 aut
1952 4723 2060 4794 ipsi

456 4810 696 4882 injurias
724 4812 1028 4879 inferrent,
1061 4815 1159 4866 aut
1187 4812 1371 4866 illatas
1395 4813 1820 4884 propulsarent,
1855 4830 2061 4869 omnes

457 4897 514 4952 in
540 4899 690 4954 bello
709 4904 1041 4968 versantur;
1069 4903 1471 4972 atque,eorum
1498 4905 1559 4954 ut
1583 4900 1822 4972 quisque
1840 4918 2057 4973 genere

457 4987 746 5060 copiisque
801 4989 1206 5060 amplissimus,
1248 4989 1329 5043 ita
1383 4989 1668 5062 plurimos
1723 4989 1939 5044 circum
1995 5007 2056 5044 se

453 5077 750 5131 ambactos
797 5077 1146 5150 clientesque
1179 5078 1371 5135 habet.
1405 5079 1561 5132 Hanc
1593 5095 1770 5132 unam
1801 5078 2050 5149 gratiam

452 5166 895 5238 potentiamque
936 5169 1239 5221 noverunt.

901 5252 984 5308 De
1023 5255 1302 5310 Gallorum
1335 5255 1611 5324 religione.

526 5343 612 5396 Vl.
631 5342 793 5398 Natio
820 5347 905 5398 est
925 5344 1188 5398 omnium
1211 5345 1502 5399 Gallorum
1523 5345 1839 5399 admodum
1861 5344 2058 5399 dedita

455 5431 852 5503 religionibus,
877 5437 1069 5504 atque,
1091 5434 1165 5488 ob
1193 5451 1323 5488 eam
1345 5433 1700 5504 causam,qni
1724 5434 2056 5488 suntaffccti

457 5521 817 5593 gravioribus
849 5522 1083 5591 morbis,
1111 5523 1323 5595 quique
1351 5523 1408 5576 in
1439 5523 1648 5593 proeliis
1679 5521 2056 5595 periculisque

457 5612 779 5679 versantur,
814 5615 912 5666 aut
939 5627 1042 5684 pro
1068 5611 1309 5667 vict-imis
1338 5609 2059 5679 hominesimmolant,aut

2636 3224 2718 3277 De
2750 3222 3029 3277 Gallorum
3053 3225 3281 3292 origine.

2230 3313 2341 3365 Vll.
2367 3311 2505 3366 Galli
2530 3329 2588 3366 se
2607 3329 2811 3366 omnes
2843 3312 2915 3366 ad
2939 3312 3064 3366 Dite
3094 3315 3262 3382 patre
3291 3310 3597 3381 prognatos
3615 3318 3734 3374 prae-

2162 3399 2327 3454 dican
2337 3399 2556 3470 t,idqne
2569 3400 2639 3454 ab
2655 3399 2950 3454 druidibus
2971 3400 3270 3471 proditum
3292 3394 3596 3453 dicunt.0b
3613 3393 3737 3446 hanc

2161 3505 2392 3543 causam
2416 3489 2598 3558 spatia
2617 3489 2937 3542 omnistem
2949 3488 3102 3560 poris
3115 3503 3238 3542 non
3258 3501 3503 3542 numero
3522 3482 3734 3542 dierum,

2162 3577 2262 3631 sed
2292 3577 2548 3631 noctium
2580 3577 2811 3630 ﬁniunt.
2847 3577 2976 3632 Dies
3007 3577 3252 3643 natales,
3287 3579 3347 3630 et
3394 3571 3662 3628 mensium
3694 3568 3738 3619 et

2161 3682 2449 3720 annorum
2476 3665 2641 3719 initia
2661 3665 2739 3720 sic
2761 3666 3088 3730 observant,
3111 3668 3175 3719 ut
3204 3668 3442 3719 noctem
3456 3663 3570 3716 dies
3581 3658 3739 3713 subse-

2160 3755 2455 3825 quatur.ln
2476 3754 2708 3825 reliquis
2734 3753 2862 3808 vitae
2886 3752 3162 3807 institutis
3178 3753 3292 3807 hoc
3315 3753 3439 3806 fere
3481 3768 3513 3805 a
3540 3743 3738 3816 reliquis

2161 3841 2454 3908 diiferunt,
2483 3842 2638 3912 quod
2664 3858 2794 3896 suos
2821 3842 3052 3907 liberos,
3084 3840 3191 3894 nisi
3242 3858 3379 3895 cum
3422 3834 3736 3894 adoleverint

2161 3933 2223 3984 ut
2255 3947 2464 3984 munus
2496 3929 2716 3984 militias
2748 3931 3031 3984 sustinere
3072 3931 3320 4002 possint,
3368 3931 3558 4000 palam
3595 3923 3658 3978 ad
3688 3931 3734 3973 5e

2161 4019 2449 4072 adirenon
2471 4018 2786 4088 patiuntur,
2810 4018 3107 4090 filiumque
3128 4018 3342 4088 puerili
3381 4020 3546 4072 astate
3573 4015 3625 4067 in
3656 4027 3738 4082 pu-

2163 4107 2306 4162 blico
2326 4107 2386 4160 in
2405 4110 2711 4178 conspectu
2734 4107 2912 4178 patris
2933 4105 3196 4162 assistere
3219 4111 3396 4178 turpe
3415 4095 3738 4160 ducunt.Viri

2161 4198 2405 4267 quantas
2423 4195 2693 4266 pecunias
2711 4197 2783 4250 ab
2814 4195 3080 4250 uxoribus
3099 4195 3252 4250 dotis
3274 4195 3516 4250 nomine
3537 4204 3740 4258 accepe-

2159 4287 2314 4351 runt,
2349 4288 2537 4338 tantas
2569 4301 2633 4338 ex
2665 4285 2778 4338 suis
2823 4284 2990 4340 bonis
3030 4284 3422 4340 aestimatione
3462 4284 3606 4337 facta
3630 4292 3738 4332 cum

2160 4373 2388 4428 dotibus
2409 4373 2861 4428 communicant.
2895 4374 3070 4444 Hujus
3091 4374 3286 4428 omnis
3301 4371 3646 4444 conjunctim
3660 4383 3739 4437 pc-

2161 4460 2342 4514 cunim
2373 4461 2520 4514 ratio
2549 4461 2795 4515 habetur
2821 4461 3155 4534 fructusque
3188 4466 3533 4526 servantur;
3562 4462 3614 4512 et
3636 4458 3741 4508 uter

2160 4564 2361 4603 eorum
2388 4549 2502 4602 vita
2525 4549 2896 4619 superaverit,
2922 4551 2994 4604 ad
3014 4567 3145 4604 eum
3168 4567 3308 4620 pars
3331 4548 3618 4619 utriusque
3635 4556 3741 4597 cum

2159 4636 2437 4690 fructibus
2467 4636 2827 4708 superiorum
2873 4642 3203 4711 temporum
3254 4638 3538 4710 pervenit.
3569 4631 3671 4687 Viri
3696 4629 3738 4682 in

2163 4742 2386 4792 uxores,
2414 4725 2573 4780 sicuti
2593 4726 2650 4778 in
2682 4726 2916 4794 liberos,
2941 4728 3069 4782 vitae
3106 4727 3384 4799 necisque
3424 4726 3634 4781 habent
3659 4735 3742 4791 p0-

2165 4815 2671 4872 testatcm.Etcum
2691 4816 3108 4886 paterfamilias
3127 4816 3441 4872 illustriore
3463 4817 3583 4869 loco
3605 4813 3745 4866 natus

2163 4903 2872 4976 decessit,ejuspropinqui
2901 4904 3276 4972 conveniunt,
3298 4908 3360 4959 et
3387 4905 3459 4959 de
3495 4903 3688 4962 morte,
3711 4893 3746 4947 si

2160 5008 2250 5046 res
2275 4992 2334 5045 in
2371 4992 2756 5063 suspicionem
2784 4993 2959 5060 venit,
2994 4994 3064 5047 de
3100 4993 3381 5048 uxoribus
3424 4993 3479 5046 in
3509 4989 3744 5045 servilem

2161 5081 2399 5135 modum
2432 5081 2810 5153 qumstionem
2844 5083 3078 5138 habent.
3097 5083 3162 5136 Et
3190 5082 3233 5136 si
3263 5085 3627 5155 compertum
3656 5077 3746 5138 est.

2159 5168 2280 5240 igni
2310 5173 2481 5241 atque
2514 5170 2784 5224 omnibus
2817 5171 3120 5225 tormentis
3153 5171 3514 5225 excruciatas
3550 5164 3746 5223 interﬁ-

2159 5257 2337 5312 ciunt.
2365 5259 2589 5312 Funera
2611 5261 2742 5313 sunt
2762 5276 2864 5330 pro
2893 5260 3045 5313 cultu
3067 5260 3366 5314 Gallorum
3393 5256 3685 5330 magniﬁca
3700 5254 3748 5304 et

2159 5350 2515 5417 sumptuosa,
2549 5351 2606 5400 et
2635 5347 2834 5402 omnia
2866 5365 2992 5420 quae
3025 5348 3161 5403 vivis
3209 5349 3374 5402 cordi
3419 5347 3586 5401 fuisse
3617 5340 3744 5396 arbi-

2160 5437 2405 5501 trantur,
2454 5435 2509 5488 in
2546 5435 2742 5507 ignem
2790 5436 3068 5503 inferunt,
3117 5437 3295 5491 etiam
3336 5434 3642 5498 animalia;
3672 5445 3744 5493 ac,

2159 5525 2326 5596 paulo
2356 5542 2529 5596 supra
2554 5526 2701 5579 hanc
2729 5525 3252 5589 memoriam,servi
3271 5525 3602 5589 etclientes,
3621 5534 3744 5591 quos

2160 5613 2229 5667 ab
2253 5612 2340 5667 his
2367 5613 2604 5669 dilectos
2623 5631 2743 5670 esse
2761 5615 3085 5682 constabat,
3105 5612 3278 5686 justis
3302 5612 3600 5669 funeribus
3627 5623 3745 5662 con-
