3862 6172
175 367 255 424 037
1192 364 1516 422 HISTORIA
1539 365 1995 424 FRANCORUM.
2032 396 2105 408 —
2132 366 2262 422 LIB.
2288 368 2332 424 I.

3318 373 3423 432 638

168 490 306 559 lectis,
333 506 433 546 una
458 490 881 548 cremabantur.
903 491 1040 558 Quae
1068 492 1322 548 civitates
1335 493 1701 549 commodius
1721 496 1777 555 Α
1803 494 2163 567 antepositis,
2186 511 2305 551 non
2331 495 2592 552 videatur
2620 495 2823 553 lectori
2846 509 3159 554 onerosum
3179 495 3425 553 duorum

167 597 286 637 suam
307 580 695 651 rempublicam
721 581 1127 637 administrare
1153 582 1575 649 existimantur,
1604 583 1704 637 ha-

166 672 268 724 bent
293 669 487 738 legibus
515 672 798 736 sanctum,
829 670 871 724 si
905 670 1030 741 quis
1060 669 1198 742 quid
1236 670 1306 724 de
1345 670 1640 741 republica
1669 686 1705 723 a

166 756 365 813 ﬁnitimis
394 773 617 812 rumore
643 760 745 812 aut
773 758 933 813 fama
957 758 1258 830 acceperit,
1292 758 1373 811 uti
1400 758 1473 813 ad
1516 757 1702 829 magi-

162 849 349 901 stratum
365 844 595 911 deferat,
622 862 762 901 neve
793 862 925 900 cum
959 864 1074 918 quo
1105 845 1214 900 alio
1262 846 1654 900 communicet
1683 864 1698 914 ;

162 936 405 1008 quodsaape
422 934 683 991 homines
699 937 1037 993 temerarios
1054 934 1541 1009 atqueimpeditos
1552 934 1707 991 falsis

157 1024 722 1094 rumoribuslterreri,et
737 1025 811 1079 ad
830 1025 1050 1079 facinus
1063 1024 1276 1096 impelli
1287 1027 1366 1091 ,et
1383 1024 1453 1079 de
1467 1024 1708 1079 summis

158 1114 287 1169 rebus
314 1112 599 1167 consilium
631 1130 837 1186 capere
876 1114 1176 1186 cognitum
1212 1117 1316 1167 est.
1349 1113 1708 1184 Magistratus

155 1218 248 1273 qua:
272 1200 373 1255 visa
388 1203 517 1255 sunt
541 1203 850 1269 occultant,
879 1219 1121 1274 quaeque
1135 1217 1257 1256 esse
1271 1218 1338 1255 ex
1357 1218 1457 1255 usu
1479 1201 1705 1273 judica-

154 1289 295 1343 verint
320 1289 668 1345 multitudini
697 1291 974 1362 produnt.
1004 1293 1084 1347 De
1113 1290 1409 1363 republica
1448 1290 1557 1345 nisi
1606 1306 1709 1363 per

156 1378 409 1433 concilium
438 1379 596 1451 loqui
630 1396 745 1434 non
779 1381 1134 1435 conceditur.

472 1469 560 1523 De
595 1468 711 1522 aliis
744 1467 1023 1523 Gallorum
1052 1472 1325 1524 institutis.

204 1556 312 1611 VIII.
342 1558 503 1623 Item,
538 1556 692 1612 idem
723 1558 844 1628 ipse
874 1559 984 1613 alio
1004 1558 1061 1612 in
1082 1558 1441 1631 locoinquit:
1462 1558 1556 1611 Est
1581 1557 1711 1623 hoc,

152 1643 361 1714 inquam,
385 1644 589 1700 Galicaa
625 1646 1073 1714 consuetudinis,
1087 1648 1169 1701 uti
1185 1650 1243 1702 et
1262 1647 1507 1702 viatores
1526 1644 1705 1699 etiam

149 1731 309 1786 invitos
336 1733 642 1789 consistere
664 1738 896 1806 cogant,
916 1735 1119 1807 etquid
1141 1736 1381 1808 quisque
1397 1749 1600 1789 eorum
1630 1733 1701 1787 de

1800 583 2252 639 clarissimorum
2279 587 2547 657 exempla
2566 586 2909 641 subnectere
2940 585 3220 653 virorum,
3241 583 3426 640 Orosii

1803 675 1974 743 atque
1993 672 2346 739 Sallustii,de
2366 673 2575 728 virtute
2588 676 2816 745 prolata
2832 673 3427 738 Gallorum.Quamvis

1803 759 1959 813 enim
1984 759 2040 814 id
2071 761 2369 830 prmfactio
2398 778 2515 816 non
2546 763 2921 835 sp0ponderit
2948 780 3008 817 se
3039 767 3319 829 acturam,
3338 765 3425 818 ta-

1804 863 1939 902 men
1953 865 2273 920 congruum
2286 850 2634 906 aestimatum
2651 856 2737 907 est
2753 853 3000 908 duorum
3015 854 3114 907 aut
3125 851 3301 908 trium
3315 854 3428 907 tes-

1803 936 2050 992 timonia
2065 937 2573 1006 inserere,ut,dum
2596 957 2797 995 eorum
2822 940 2997 995 virtus
3018 957 3233 1012 magna
3252 939 3427 995 fuisse

1806 1025 2063 1093 docetur,
2100 1027 2289 1097 major
2334 1027 2612 1083 fortitudo
2646 1030 2997 1085 Francorum
3023 1030 3123 1102 qui
3154 1045 3252 1085 eos
3276 1029 3425 1085 vice-

1805 1115 2091 1182 runt,fore
2117 1115 2462 1171 declaretur.
2507 1117 2603 1170 Ait
2633 1117 2882 1190 denique
2913 1118 3142 1175 Orosius
3169 1136 3182 1174 :
3218 1141 3246 1169 «
3272 1118 3425 1183 Quo-

1807 1203 2183 1276 tiescumque,
2213 1204 2500 1277 inquiens,
2527 1206 2665 1260 Galli
2714 1212 3052 1263 exarserunt
3082 1211 3286 1263 contra
3312 1209 3424 1264 Ro-

1811 1308 2036 1355 manos,
2065 1292 2281 1348 scilicet
2306 1293 2443 1348 totis
2483 1294 2687 1366 opibus
2716 1295 2849 1362 suis,
2880 1295 2962 1351 ita
2999 1295 3177 1352 Soma
3216 1296 3428 1351 detrita

1812 1383 1898 1435 est
1941 1384 2005 1435 ut
2034 1381 2138 1436 sub
2191 1382 2462 1452 praesenti
2492 1399 2645 1437 nunc
2688 1381 3063 1439 concursione
3108 1384 3427 1440 Gothorum

1813 1470 2001 1539 magis
2018 1470 2225 1525 debeat
2248 1470 2581 1526 meminisse
2593 1472 2905 1527 Gallorum.
2920 1493 2948 1522 »
2973 1473 3107 1527 Ideo
3128 1489 3264 1528 vero
3286 1489 3430 1544 prm-

1813 1561 2037 1613 sentem
2084 1558 2223 1613 dicit
2267 1560 2706 1615 concursionem
2751 1561 3089 1628 Gothorum,
3122 1561 3251 1633 quia
3308 1562 3431 1632 ejus

1810 1646 2172 1718 temporibus
2200 1648 2366 1702 Gothi
2390 1649 2647 1719 primum
2676 1650 2922 1705 Romam
2947 1652 3229 1723 ceperunt
3256 1666 3431 1722 ;quos

1812 1738 2013 1805 postea
2032 1735 2232 1790 Franci
2249 1736 2526 1804 vicerunt,
2552 1741 2613 1792 ut
2634 1738 2690 1792 in
2708 1739 3081 1810 sequentibus
3114 1738 3430 1793 declarabi-
3526 1807 3533 1810 ν

151 1836 436 1893 quacunque
464 1839 531 1877 re
563 1822 810 1877 audierit
834 1827 932 1879 aut
953 1825 1289 1895 cognoverit
1317 1825 1580 1895 quaerant
1612 1838 1624 1875 :
1658 1823 1716 1875 et
1739 1822 1792 1880 B
1814 1824 2231 1879 tur.Sallustius
2255 1829 2450 1879 autem
2473 1825 2551 1879 ita
2571 1826 2767 1881 scribit
2791 1843 2804 1881 :
2834 1846 2864 1879 α
2886 1829 2994 1881 Per
3019 1826 3174 1881 idem
3200 1830 3431 1898 tempus

151 1915 441 1966 mercatores
452 1910 516 1966 in
532 1912 757 1983 oppidis
772 1914 972 1983 vulgus
987 1911 1714 1983 circumsistat,qnibusque

149 2013 194 2051 ex
215 2000 519 2071 regionibus
549 2000 803 2066 veniant,
821 2018 1079 2073 quasque
1112 2001 1191 2056 ibi
1222 2018 1315 2055 res
1334 1997 1715 2070 cognoverint

147 2088 467 2156 pronuntiare
511 2093 745 2160 cogant.
778 2089 873 2143 His
901 2090 1073 2144 rebus
1106 2093 1277 2161 atque
1323 2087 1714 2143 auditionibus

146 2176 365 2245 permoti,
387 2178 458 2233 de
518 2178 762 2232 summis
818 2195 969 2250 saepe
1015 2179 1188 2233 rebus
1222 2176 1459 2232 consilia
1486 2176 1711 2242 ineunt,

146 2278 340 2332 quorum
371 2279 465 2320 eos
497 2282 532 2319 e
572 2265 812 2337 vestigio
849 2267 1130 2336 poenitere
1170 2283 1399 2321 necesse
1432 2266 1538 2329 est,
1580 2277 1713 2317 cum

142 2348 323 2405 incertis
343 2355 600 2409 motibus
617 2355 889 2421 serviant,
915 2358 973 2409 et
988 2356 1247 2427 plerique
1260 2355 1334 2409 ad
1354 2354 1714 2408 voluntatem

144 2453 304 2495 eorum
318 2440 444 2496 ficta
466 2442 882 2514 respondeant.
899 2443 993 2498 His
1015 2442 1086 2498 de
1100 2443 1246 2498 libro
1264 2442 1395 2497 Julii
1416 2443 1714 2498 sententiis

1814 1912 1968 1966 haud
1984 1912 2225 1967 dubium
2239 1913 2375 1985 quin
2386 1914 2639 1985 ,quando
2654 1915 2869 1969 bellum
2884 1915 3430 1986 contraJugurtham

1815 2016 1848 2053 a
1896 2000 2171 2055 Romanis
2230 2002 2559 2072 gerebatur,
2590 2019 2623 2056 a
2677 2003 2915 2057 ducibus
2953 2002 3184 2061 nostris.
3216 2002 3428 2067 Quinto

1816 2089 2084 2159 Scipione
2115 2092 2175 2144 et
2204 2090 2477 2145 Memmio
2501 2090 2726 2157 Maulio,
2762 2091 3030 2145 adversus
3057 2092 3243 2147 Gallos
3277 2093 3430 2146 male

1816 2180 2137 2249 pugnatum
2152 2181 2255 2232 est.
2274 2178 2396 2242 Quo
2422 2181 2581 2232 metu
2600 2178 2789 2233 omnis
2805 2178 3430 2247 Italiajcontremuerat.

1814 2265 2015 2337 Illique
2038 2269 2097 2320 et
2121 2283 2297 2339 usque
2316 2267 2390 2321 ad
2421 2270 2680 2322 nostram
2706 2267 3053 2323 memoriam
3076 2269 3324 2323 Romani
3352 2269 3430 2323 sic

1815 2354 2092 2421 habuere,
2125 2356 2236 2410 alia
2269 2355 2468 2410 omnia
2514 2355 2709 2411 virtuti
2751 2374 2866 2412 sum
2896 2373 3083 2428 prona
3111 2374 3266 2425 esse;
3295 2375 3430 2414 eum

1818 2444 1988 2499 Gallis
2016 2461 2122 2515 pro
2148 2446 2350 2513 salute,
2384 2463 2502 2502 non
2534 2463 2640 2519 pro
2673 2446 2859 2518 gloria
2895 2446 3124 2515 certari.
3160 2470 3188 2496 π

466 2643 891 2787 INCIPIT
972 2649 1597 2787 PROOEMIUM
1678 2650 2227 2787 HISTOIRIE
2309 2651 3022 2790 FRANGORUM.

190 2880 426 2953 Regnum
446 2884 832 2950 Francorum,
848 2883 1356 2954 antiquaTrojanze
1376 2883 1567 2955 gentis
1583 2900 1716 2955 pro-
1741 2888 1788 2947 C
1817 2901 1878 2939 re
1912 2884 2267 2940 daemonum.
2290 2886 2432 2939 Nam
2452 2885 2706 2940 Creatori
2729 2887 2916 2957 potius
2946 2903 3118 2959 quam
3152 2892 3431 2944 creaturae

136 2969 260 3038 sapia
278 2972 807 3037 nobilitatum,cum
828 2971 1082 3025 virorum
1096 2972 1301 3027 ferocis
1317 2972 1574 3044 corporis
1590 2972 1714 3027 ani-

136 3057 294 3129 mique
321 3061 555 3127 virtute,
586 3063 710 3114 tum
734 3060 983 3114 maxime
1003 3077 1207 3132 regum
1240 3062 1718 3116 excellentissima

136 3160 323 3216 semper
350 3149 604 3221 viguisse
635 3148 916 3220 potentia,
942 3149 1067 3203 luce
1087 3149 1292 3203 clarius
1318 3153 1559 3204 constat.
1578 3149 1714 3213 Quae

136 3249 215 3303 pro
234 3241 376 3292 certo
409 3238 599 3301 natio,
624 3237 755 3291 licet
785 3254 854 3292 eo
888 3254 999 3308 quo
1029 3241 1293 3292 censetur
1309 3238 1547 3292 nomine
1578 3255 1719 3310 pra:-

131 3321 258 3378 ferox
285 3343 400 3381 esse
434 3328 714 3381 noscatur
745 3343 759 3392 ;
790 3326 1250 3381 mansuetudinis
1272 3329 1470 3381 tamen
1498 3326 1719 3397 ejusin-

133 3409 286 3480 signia
302 3414 442 3468 adeo
469 3415 726 3478 elucent,
748 3417 809 3467 ut
830 3413 1135 3467 rebellium
1154 3415 1301 3467 colla
1320 3414 1573 3467 hostium
1601 3432 1718 3469 non

128 3498 221 3552 tam
234 3500 435 3556 vindici
448 3502 631 3555 ferire
650 3517 927 3555 mucrone
947 3518 1122 3573 quam
1157 3501 1262 3556 sibi
1285 3501 1565 3573 subjicere
1600 3519 1720 3556 ma-

130 3584 281 3641 luerit.
309 3590 552 3656 Verum,
586 3592 648 3643 ut
679 3589 1103 3657 diximus,cum
1123 3607 1372 3661 regnum
1391 3592 1722 3660 praecellen-

126 3672 308 3733 tissima
332 3679 609 3735 ﬂoruerit
635 3678 979 3733 auctoritate
1011 3679 1382 3751 vitorumque
1414 3679 1724 3749 praevalida

128 3763 610 3831 animositate,non
626 3770 743 3821 tam
762 3766 1251 3838 finiumampliare
1265 3766 1448 3837 spatia
1464 3784 1723 3829 suorum,

126 3867 265 3921 quam
279 3861 584 3912 extrarum
601 3856 706 3910 sibi
720 3855 1018 3925 acquirere
1032 3854 1721 3910 studuitdominationem

126 3942 648 4007 gentium.Vividam
668 3960 921 4015 namque
938 3943 1088 3998 bello
1106 3944 1364 3997 dextram
1384 3943 1720 4015 praeferens,

124 4032 167 4079 et
191 4048 409 4101 parcere
454 4036 633 4088 norat
677 4031 968 4103 subjectis,
1011 4034 1069 4085 et
1099 4032 1389 4086 debellare
1417 4032 1715 4103 superbos.

128 4116 235 4177 Qua
262 4140 376 4177 non
422 4121 731 4178 immerito
754 4120 996 4175 domina
1010 4121 1320 4174 multarum
1347 4120 1523 4174 evasit
1547 4120 1731 4175 natio-

127 4211 397 4278 num,dum
431 4229 560 4269 non
577 4210 674 4266 diu
698 4225 861 4281 passa
880 4212 965 4263 est
984 4211 1169 4264 semet
1186 4208 1525 4264 idololatria
1559 4208 1733 4263 servi-
1754 4208 1808 4266 D

1816 2973 1983 3028 subdi
2008 2973 2217 3027 rectius
2243 2974 2479 3039 ducens,
2500 2973 2642 3044 ipsa,
2664 2977 2725 3027 ut
2751 2974 2830 3028 ita
2859 2974 3075 3029 dictum
3101 2976 3192 3042 sit,
3211 2977 3295 3031 sui
3314 2976 3433 3047 pri—

1818 3062 2048 3117 mordia
2081 3061 2247 3133 regni
2280 3061 2504 3116 Christo
2537 3062 2765 3132 auspice
2795 3066 3002 3134 ccepta,
3035 3064 3209 3118 cultui
3258 3064 3433 3137 ipsius

1819 3150 2083 3204 dedicare
2116 3149 2337 3204 maluit.
2358 3150 2499 3203 Hinc
2516 3150 2588 3204 ad
2621 3150 2828 3204 altiora
2847 3168 2904 3205 se
2924 3151 3228 3223 subrigens
3241 3153 3432 3208 catho-

1818 3237 1940 3291 licas
1966 3238 2097 3293 fidei
2132 3254 2357 3304 norma,
2400 3237 2629 3292 ardenti
2684 3255 2783 3293 usa
2838 3238 3146 3306 desiderio,
3180 3256 3252 3295 ea
3299 3257 3433 3296 cum

1820 3326 1985 3397 regni
2000 3326 2265 3381 terminis
2288 3328 2351 3379 ut
2363 3326 3002 3393 dilataretur,ardenter
3017 3328 3432 3383 efficit.Rerum

1820 3432 1954 3470 vero
1986 3415 2373 3469 secundarum
2411 3431 2678 3487 processu
2706 3415 2950 3469 excitata
2996 3415 3279 3488 impetum
3315 3434 3433 3472 non

1821 3503 2156 3560 refrenabat
2180 3520 2373 3565 suum,
2394 3503 2495 3557 sed
2517 3502 2835 3575 adjungere
2864 3503 3140 3559 finitimos
3165 3506 3314 3560 bello
3338 3522 3432 3561 co-

1822 3596 1977 3647 actos
1997 3593 2445 3664 haudquaquam
2502 3591 2983 3647 dissimulandum
3022 3592 3433 3662 arbitrabatur,

1824 3681 2008 3735 donec
2042 3681 2507 3735 Alamannorum
2543 3697 2708 3752 gens,
2765 3681 3182 3736 dominationis
3226 3682 3435 3755 jugum

1823 3768 1974 3822 ferre
2011 3768 2357 3834 detrectans,
2386 3770 2603 3823 bellum
2634 3768 2893 3823 immane
2942 3769 3225 3824 excitavit.
3271 3771 3433 3834 Quod

1826 3855 2059 3927 quidem
2085 3872 2181 3910 rex
2204 3856 2468 3927 inclytus,
2502 3856 2835 3923 Clodoveus,
2856 3857 2954 3928 qui
2976 3857 3208 3929 quintus
3228 3876 3435 3930 regum

1828 3943 2004 4015 ipsius
2032 3944 2221 4015 gentis
2239 3961 2484 4015 regnum
2505 3945 2760 4011 tenebat,
2784 3946 3024 3999 solerter
3047 3946 3120 3999 ad
3136 3945 3435 4002 victoriam

1830 4049 2008 4104 usque
2059 4032 2345 4104 perduxit.
2374 4033 2487 4087 Sed
2548 4034 2670 4087 haec
2726 4032 2961 4103 proprio
3007 4033 3231 4105 digesta
3283 4035 3432 4089 refe-

1830 4124 2030 4177 rentur
2060 4120 2119 4176 in
2146 4121 2293 4177 loco.
2326 4121 2485 4176 Nunc
2515 4120 2773 4176 Historiae
2804 4120 2946 4176 ordo
2982 4124 3220 4177 texatur.

1453 4328 1694 4401 Ezplz‘cit
1722 4328 2073 4384 Proazmz’um.

664 4520 1356 4660 INCIPIT
1442 4521 2009 4662 LIBER
2104 4519 2854 4661 PRIMUS.

640 4745 861 4799 CAPUT
895 4746 1178 4801 PRIMUM.

181 4844 250 4901 De
267 4854 424 4918 gestis
474 4851 838 4975 Francorizln},
866 4858 917 4906 et
958 4855 1158 4923 primo,
1186 4853 1249 4907 de
1291 4853 1650 4924 Trojanorum

784 4941 1079 4975 zsnerszone.

784 4941 1079 4994 zsperszone.

182 5006 295 5062 Post
321 5011 695 5082 triumphum
726 5013 975 5067 victoria:
1005 5028 1178 5084 quam
1202 5011 1379 5067 Graeci
1407 5013 1476 5067 de
1503 5013 1723 5069 excidio

129 5104 337 5163 egerunt
359 5101 575 5171 Trojze,
594 5102 759 5154 multi
787 5101 993 5155 civium
1022 5117 1231 5156 eversa:
1256 5101 1431 5168 urbis,
1455 5102 1552 5173 qui
1580 5102 1725 5156 effu-

130 5195 240 5247 gere
262 5187 489 5241 cladem
523 5192 761 5257 potuere
789 5187 1426 5259 necis,quaquaversum
1459 5192 1730 5260 poterant

132 5268 264 5324 sedes
287 5273 391 5328 sibi
424 5292 690 5346 quaerere
738 5276 1147 5347 procurabant.
1184 5277 1396 5331 Eorum
1451 5277 1710 5348 quidam,

131 5358 360 5417 Antenor
381 5364 649 5431 nomine,
681 5382 798 5419 non
832 5365 1044 5419 infinus
1074 5382 1310 5436 genere,
1332 5366 1604 5437 abjuncta
1620 5366 1726 5421 sibi

134 5446 391 5504 sociorum
422 5469 735 5507 numerosa
749 5453 1141 5519 multitudine,
1162 5455 1396 5509 navibus
1418 5456 1597 5509 altum
1626 5472 1724 5526 pe-

137 5530 208 5585 tiit
233 5553 408 5594 mare.
439 5540 700 5597 Tandem
729 5545 859 5613 post
888 5559 1133 5613 magnos
1184 5543 1371 5615 pelagi
1426 5543 1726 5615 variosque

139 5619 337 5681 labores
402 5629 614 5684 Tanais
670 5630 913 5703 ingressi
954 5630 1098 5686 ostia
1136 5631 1408 5701 ﬂuminis,
1454 5631 1728 5688 Meotides

1816 4751 2245 4802 transmeantes
2274 4747 2533 4818 paludes,
2568 4746 2625 4800 in
2657 4746 2867 4801 finibus
2889 4745 3324 4802 Pannoniorum
3341 4761 3434 4799 ca-

1819 4836 2141 4890 strametati
2173 4839 2324 4890 sunt.
2358 4835 2599 4889 Arrideu
2610 4837 2663 4889 te
2682 4839 2879 4889 autem
2896 4835 3245 4889 eislocorum
3264 4850 3439 4890 amm-

1824 4924 2343 4991 nitate,stationem
2362 4924 2502 4978 inibi
2524 4923 2946 4978 constituerunt
2964 4923 3439 4990 suam,a:dificata

1824 5012 2078 5079 civitate,
2106 5029 2280 5084 quam
2307 5011 2687 5066 Sicambriam
2717 5016 3082 5067 vocaverunt.
3121 5012 3258 5067 Post
3287 5013 3436 5066 mul-

1826 5105 2020 5157 torum
2045 5118 2179 5155 vero
2200 5101 2846 5173 curriculatemporum,
2868 5100 3434 5157 contraValentinia-

1829 5207 1993 5257 num,
2027 5190 2124 5262 qui
2178 5189 2424 5244 Romani
2453 5190 2687 5244 tenebat
2741 5188 2971 5261 imperii
3024 5189 3434 5261 principatum,

1825 5280 2141 5333 Alanorum
2164 5295 2307 5349 gens
2337 5281 2647 5333 contumax
2679 5278 2975 5334 rebellavit
3001 5277 3239 5333 audacia
3268 5277 3437 5348 perfl-

1828 5366 2059 5424 dorum.
2093 5367 2246 5431 Quos
2276 5366 2369 5421 ille
2399 5366 2597 5439 praelio
2622 5370 2940 5439 superatos,
2961 5365 3218 5421 Meotidis
3247 5365 3438 5437 coegit

1827 5458 2093 5527 expetere
2114 5455 2352 5510 latibula
2366 5454 2749 5525 paludis.llluc
2767 5471 2993 5528 quoque
3011 5471 3108 5509 eos
3120 5470 3250 5508 cum
3273 5470 3433 5508 exer-

1826 5543 1969 5598 citus
1987 5543 2352 5599 multitudine
2382 5544 2688 5610 insecutus,
2718 5543 2856 5598 dum
2883 5543 2992 5597 situ
3013 5546 3071 5598 et
3100 5541 3434 5596 difficultate

1825 5636 2106 5701 locorum,
2134 5632 2443 5705 quominus
2464 5631 2545 5687 eis
2566 5647 2774 5687 nocere
2795 5634 3006 5702 posset,
3030 5627 3432 5703 impediretur,
