3940 6166
437 351 545 410 039
1530 342 1800 402 AIMOINI
1829 340 2143 401 MONACHI
2168 342 2665 402 FLWIAGENSIS
3610 358 3699 414 640

435 474 719 548 Trojanos
753 471 1138 530 Sicambriam
1168 470 1495 528 habitentes
1518 471 1578 527 in
1606 470 1879 526 auxilium
1918 486 2054 526 evo-
2079 472 2134 532 Α
2157 486 2315 527 rassc
2328 472 2433 527 sibi
2454 471 2701 528 visisunt
2728 473 3103 530 Postmodum
3126 475 3478 543 tamen,cum
3492 479 3709 550 majores

435 568 548 620 cat.
581 565 695 620 Hos
742 562 1008 619 hortatur
1047 564 1360 635 monetque
1389 564 1455 617 ut
1482 560 1595 617 suis
1640 560 2049 616 tantummodo
2150 560 2354 631 cepiac,
2380 560 2595 631 junctis
2623 561 2729 617 sibi
2756 562 3009 618 Heraclio
3041 580 3109 618 ac
3126 563 3437 629 Joviniano,
3468 566 3711 625 Romanas

436 652 589 708 viam
623 651 903 725 pandant,
932 667 1035 724 per
1062 668 1238 724 quam
1268 667 1498 707 securos
1531 652 1724 707 hostes
1752 653 1811 705 et
1827 650 1905 704 nil
1936 650 2050 704 tale
2152 647 2373 703 militia:
2389 649 2761 721 principibus,
2780 652 2853 706 ad
2866 667 2924 705 se
2940 650 3202 718 ivissent;
3222 653 3511 707 commissa
3525 671 3716 727 pugna,

436 740 1055 813 verentes‘invadendo
1080 740 1434 812 opprimant.
1457 740 1543 796 llli
1564 756 1680 796 non
1707 740 1767 794 id
1787 741 1974 795 solum
1991 754 2051 794 se
2155 741 2382 794 tantam
2412 756 2479 793 ex
2509 740 2786 795 Romanis
2809 739 3006 795 Franci
3030 742 3304 812 stragem,
3335 741 3532 813 fugatis
3575 745 3721 799 Hera-

437 832 713 898 facturos,
754 846 956 886 verum
986 846 1047 884 se
1082 830 1296 885 Alanos
1324 830 1459 885 hinc
1506 831 1842 902 expulsuros
1878 846 2051 901 spon-
2155 828 2264 883 clio
2314 845 2379 884 ac
2431 827 2755 895 Joviniano,
2789 829 3117 896 ediderunt,
3168 831 3231 883 ut
3280 829 3487 885 cunctis
3516 830 3723 887 circuitu

440 920 602 976 dent.
621 921 950 991 Imperator
972 916 1253 974 decennio
1269 917 1349 975 eis
1378 918 1615 987 tributa,
1634 919 1679 974 si
1698 918 1758 973 id
1778 919 2052 988 efﬁciant,
2161 917 2494 973 nationibus
2522 919 2644 973 haec
2674 918 3039 975 audientibus
3070 920 3353 973 terrorem
3375 935 3483 975 sua:
3535 919 3725 976 virtutis

438 1008 723 1080 indulget.
753 1007 987 1079 Trojani
1018 1006 1228 1062 ﬁducia
1243 1007 1485 1086 animati
1501 1008 1659 1080 quod
1673 1007 1866 1063 forent
1890 1007 2057 1079 gnari
2159 1004 2505 1061 incuterent.
2535 1007 2646 1062 Nec
2668 1006 2777 1061 fuit
2808 1007 2865 1062 in
2902 1006 3191 1081 reliquum
3212 1023 3353 1078 gens
3380 1023 3499 1080 qua:
3516 1007 3729 1065 Francos

437 1096 974 1166 locorum,simulet
990 1112 1300 1150 munerum
1320 1096 1704 1167 promissione
1720 1097 2060 1165 allecti,Ala-
2150 1093 2285 1165 jure
2313 1095 2447 1150 belli
2475 1096 2579 1150 sub
2600 1096 2748 1168 jugo
2774 1097 3063 1168 redigeret
3090 1094 3309 1151 tributi.

441 1186 807 1242 nislocorum
830 1183 1106 1240 ﬁrmitate
1120 1184 1431 1241 ﬁdentibus
1449 1186 1840 1259 eximproviso
1859 1203 2057 1259 super-
2233 1184 2385 1239 Sane
2412 1184 2731 1257 Arhogates
2761 1185 3019 1256 ejusdem
3069 1183 3261 1257 gentis
3299 1200 3494 1240 omnes
3537 1185 3602 1239 ad
3636 1185 3731 1239 Ro-

442 1274 707 1341 veniunt,
738 1273 973 1329 caedunt
1000 1277 1491 1348 prosternuntque
1519 1277 1731 1331 multos
1763 1278 2055 1344 mortales,
2161 1289 2371 1328 manos
2397 1291 2457 1328 se
2488 1274 2753 1341 contulit,
2786 1277 2845 1329 et
2872 1274 3049 1329 victus
3079 1274 3233 1329 bello
3260 1289 3295 1328 a
3329 1272 3545 1328 Francis
3567 1273 3730 1345 primo

444 1367 801 1436 ceterosque
827 1361 889 1416 in
919 1356 1124 1433 fugam
1176 1365 1335 1418 actos
1387 1380 1421 1418 a
1468 1364 1676 1435 palude
1726 1367 2056 1439 pertubant.
2159 1377 2470 1434 congressu
2501 1363 2744 1435 aufugit.
2779 1362 3158 1418 Postmodum
3188 1364 3384 1417 tamen
3404 1361 3543 1416 inita
3570 1361 3733 1416 denuo

444 1453 778 1524 imperator
809 1449 1084 1505 virtutem
1115 1452 1306 1523 gentis
1334 1452 1751 1527 audaciamque
1796 1455 2058 1523 miratus,
2161 1467 2359 1523 pugna
2390 1468 2506 1507 non
2542 1468 2779 1522 parvam
2805 1450 3240 1506 multitudinem
3264 1466 3438 1505 manu
3466 1449 3734 1516 fudit,cum

446 1540 604 1612 quod
635 1540 780 1608 loca,
805 1555 933 1611 qua:
962 1540 1137 1594 totius
1163 1540 1316 1594 orbis
1344 1541 1585 1597 victores
1614 1542 1861 1598 Romani
1889 1560 2059 1616 expa-
2160 1541 2402 1596 residuis
2422 1556 2556 1595 vero
2589 1556 2791 1612 pacem
2814 1540 3064 1595 ﬁrmavit
3095 1555 3108 1595 ε
3142 1538 3227 1594 uti
3245 1538 3302 1595 in
3329 1539 3440 1594 vita
3467 1538 3607 1595 beati
3628 1541 3737 1594 Am-

447 1628 683 1695 vissent,
716 1644 837 1683 non
868 1629 1056 1683 solum
1094 1629 1336 1692 intrare,
1367 1647 1569 1685 verum
1608 1635 1665 1686 et
1708 1631 2061 1687 immanissi-
2161 1631 2339 1686 brosii
2359 1630 2585 1702 plenius
2609 1630 2854 1684 inveniri
2886 1632 3056 1686 valet.

450 1733 579 1772 mos
605 1717 799 1773 hOStes
825 1718 1107 1789 expellere
1120 1735 1238 1773 non
1265 1718 1641 1787 dubitassent,
1666 1719 1845 1775 Attica
1865 1719 2065 1793 lingua
2098 1790 2129 1793 _
2232 1719 2570 1775 Treviorum
2603 1720 2809 1775 urbem
2839 1718 3064 1788 Franci,
3096 1719 3350 1776 factione
3393 1717 3540 1773 Lucii
3579 1733 3736 1772 cons:-

454 1807 724 1874 Francos,
752 1805 811 1860 id
839 1808 925 1862 est
946 1804 1188 1871 feroces,
1224 1809 1595 1880 nuncupavit.
1958 1790 1975 1793 ⁷
2091 1790 2324 1877 Blaris,
2381 1811 2588 1866 eodem
2638 1814 2901 1882 tempore
2946 1812 3345 1882 pervaserunt.
3378 1807 3481 1875 Qui
3509 1805 3737 1863 videlicet

1099 1896 1324 1952 CAPUT
1354 1899 1423 1955 Il.
2166 1899 2367 1954 Lucius
2387 1898 2786 1971 indignatione
2806 1902 3156 1966 commotus,
3170 1914 3239 1952 eo
3253 1896 3406 1970 quod
3420 1894 3742 1968 cognovisset

631 1983 713 2038 De
741 1983 1084 2039 Francorum
1114 1985 1467 2057 appellatione
1496 1986 1664 2040 altera
1694 1988 1890 2058 opinio.
2167 1989 2241 2044 ab
2269 1987 2456 2055 Avito,
2478 1987 2789 2043 Galliarum
2812 1988 3089 2058 Augusto,
3124 2002 3362 2041 uxorem
3389 2000 3545 2039 suam
3572 1986 3740 2055 stupro

524 2072 771 2139 Quidam
806 2089 940 2128 vero
970 2078 1232 2129 auctores
1248 2073 1729 2148 referuntquoda
1749 2074 2065 2131 Francione
2168 2078 2541 2143 maculatam,
2575 2078 2747 2147 atque
2784 2075 3102 2130 cavillando
3131 2074 3236 2128 sibi
3255 2073 3501 2128 audisset
3521 2087 3642 2126 eum
3673 2070 3742 2124 di-

453 2179 591 2235 rege
618 2162 799 2218 vocati
829 2166 961 2217 sunt
1009 2161 1230 2230 Franci,
1269 2162 1526 2219 dicentes
1575 2165 1729 2236 quod
1763 2164 2002 2236 digressi
2035 2183 2069 2221 a
2168 2169 2396 2221 contem
2423 2164 2577 2237 quod
2607 2163 2818 2219 calidas
2845 2162 3080 2236 quidem
3101 2163 3347 2219 haberet
3375 2164 3634 2228 thermas,
3662 2157 3741 2213 sed

449 2252 624 2324 Troja
677 2267 879 2321 regem
923 2250 1054 2319 sibi,
1088 2252 1320 2323 Frigam
1350 2252 1609 2321 nomine,
1641 2253 2064 2309 constituerint.
2170 2255 2292 2328 ipse
2316 2254 2528 2326 frigido
2562 2254 2870 2318 lavaretur,
2902 2252 3009 2306 ista
3032 2251 3376 2325 pepetravit.

454 2341 574 2397 Sub
605 2356 740 2413 quo,
769 2339 1056 2411 inquiunt,
1086 2340 1168 2394 eis
1192 2340 1387 2396 Asiam
1413 2342 1879 2413 pervagantibus,
1912 2359 2069 2415 quaa-
2811 2342 3033 2412 CAPUT
3053 2342 3142 2397 ιν.

458 2429 596 2483 dam
629 2445 695 2483 ex
722 2428 858 2500 ipsis
882 2444 1015 2501 pars
1038 2428 1193 2484 inter
1215 2430 1552 2485 Macedones
1593 2434 1807 2486 sortem
1853 2431 2074 2487 habita-
2350 2435 2434 2490 De
2464 2431 2873 2501 Pharamundo,
2886 2434 3065 2504 primo
3097 2431 3440 2487 Francorum
3469 2447 3594 2500 rege.

460 2517 636 2573 tionis
685 2516 926 2588 accepit.
953 2515 1212 2581 Quorum
1261 2517 1473 2573 viribus
1525 2518 1674 2573 aucti
1716 2520 2070 2589 Macedones,
2244 2525 2463 2595 Regem
2492 2538 2650 2588 vero,
2678 2525 3017 2576 caeterarum
3049 2537 3217 2577 more
3242 2514 3748 2584 nationum,Franci

460 2606 796 2678 quantasub
814 2604 1078 2678 Philippo
1096 2610 1162 2667 .et
1178 2608 1504 2664 Alexandro
1527 2608 1758 2680 regibus
1772 2610 1924 2665 bella
1953 2627 2076 2683 ges-
2174 2612 2282 2668 sibi
2308 2611 2586 2684 eligentes
2639 2609 3138 2677 Pharamundum,
3169 2606 3529 2665 Marchomiri
3573 2604 3746 2669 ﬁlium,

460 2699 662 2750 serunt
676 2709 953 2768 prospera
966 2696 1332 2769 perspicuum
1361 2698 1626 2753 habetur.
1654 2700 1832 2754 Porro
1855 2700 2077 2772 reliqua
2176 2701 2317 2757 solio
2354 2700 2670 2755 sublimant
2706 2700 2890 2771 regio.
2921 2698 3019 2755 Cui
3072 2699 3226 2754 ﬁlius
3272 2696 3531 2753 successit
3580 2691 3749 2749 Clodio

463 2783 653 2855 portio
685 2800 816 2839 cum
847 2784 1122 2857 praefacto
1141 2785 1403 2858 principe
1434 2786 1674 2860 Europm
1699 2791 1893 2859 partes
1910 2788 2072 2856 adiit,
2177 2789 2445 2846 Crinitus.
2474 2790 2574 2843 Illo
2596 2787 2657 2842 in
2697 2790 2980 2860 tempore,
3019 2788 3372 2843 Francorum
3412 2801 3568 2857 reges
3607 2779 3753 2836 crinit

463 2876 521 2928 et
549 2872 704 2928 inter
734 2873 1027 2930 Oceanum
1073 2878 1130 2931 et
1171 2875 1474 2931 Thraciam
1505 2893 1678 2948 super
1711 2878 1911 2934 littora
1964 2881 2075 2934 Da-
2178 2878 2556 2932 habebantur.
2585 2875 2883 2930 Finitimos
2904 2875 3093 2948 itaque
3108 2869 3750 2937 bellulacessendo,Tho-

464 2961 626 3017 nubii
655 2962 933 3018 consedit.
969 2963 1109 3029 Quae
1138 2965 1362 3020 duobus
1390 2982 1424 3021 a
1454 2981 1513 3020 se
1540 2966 1732 3021 electis
1756 2967 2077 3039 regibus,in
2179 2965 2506 3038 ringorum,
2529 2965 2627 3037 qui
2648 2964 3017 3019 Germaniam
3049 2963 3332 3031 incolunt,
3364 2962 3506 3017 ﬁnes
3533 2960 3753 3031 depopu-

465 3050 713 3143 duarum
746 3051 1021 3143 sedivisit
1049 3052 1288 3108 nomina
1301 3054 1585 3125 gentium.
1610 3056 1677 3109 Et
1702 3072 1817 3111 una
1842 3056 2078 3129 quidem
2103 3083 2151 3143 α
2180 3056 2384 3121 iantes,
2400 3053 2695 3108 castellum
2729 3051 3024 3124 quoddam
3055 3051 3406 3124 Disbargum
3429 3046 3652 3143 nomine
3675 3060 3753 3141 oc:

467 3139 626 3195 natio
671 3141 1047 3209 Torchorum,
1103 3158 1138 3196 a
1171 3142 1455 3199 Torchoto
1514 3160 1651 3216 rege
1684 3163 1697 3213 ;
1732 3144 1845 3200 alia
1889 3161 2023 3200 vero
2046 3162 2081 3201 a
2107 3130 2151 3143 u
2181 3146 2415 3216 cupant,
2439 3142 2498 3196 in
2517 3159 2630 3215 quo
2652 3158 2752 3196 rex
2773 3141 2971 3197 Clodio
2986 3142 3181 3197 sedem
3208 3141 3295 3198 sui
3318 3130 3755 3205 constituitregni

469 3228 807 3292 Francione,
862 3229 1214 3285 Francorum
1253 3232 1463 3304 adepta
1514 3249 1732 3288 nomen
1795 3235 1900 3301 est,
1951 3251 2080 3307 quas
2831 3230 3055 3286 CAPUT
3083 3229 3145 3284 V.

467 3319 701 3386 Alanos,
734 3320 797 3372 ut
842 3317 1110 3388 diximus,
1144 3336 1178 3373 a
1205 3321 1463 3377 Meotidis
1493 3321 1710 3394 expulit
1737 3320 2042 3393 palulibus.
2182 3320 2513 3377 DeRomanz'
2525 3320 2733 3392 imperii
2759 3320 2987 3388 excidio,
3014 3326 3063 3374 et
3085 3318 3427 3375 Francorum
3472 3316 3759 3372 incremento

1111 3407 1334 3465 CAPUT
1355 3412 1445 3467 Ill.
2709 3409 2804 3462 sub
2832 3406 3087 3463 Clodiano
3114 3422 3256 3477 rege.

473 3494 558 3550 De
587 3493 947 3564 Francorum,
980 3501 1335 3570 antequamin
1360 3499 1595 3555 Galliam
1626 3502 1883 3567 venerint,
1905 3502 2082 3571 gestis.
2258 3501 2337 3555 Eo
2369 3500 2430 3555 in
2459 3499 3030 3571 tempore,Romano
3056 3497 3308 3568 imperio
3337 3515 3372 3552 a
3397 3496 3579 3551 ferrea
3605 3487 3758 3545 ﬁrmi-

550 3583 841 3639 Decennio
872 3599 1009 3640 sane
1040 3590 1258 3656 exacto,
1290 3587 1449 3643 misit
1482 3588 1800 3659 imperator
1821 3588 1918 3661 qui
1948 3603 2085 3644 con-
2186 3592 2305 3646 tate
2331 3589 2392 3644 in
2424 3592 2733 3644 testaceam
2767 3587 3067 3644 decidente
3107 3586 3505 3658 fragilitatem,
3536 3584 3760 3651 Burgun-

474 3674 637 3729 sueta
661 3672 732 3729 de
778 3677 952 3745 gente
998 3675 1350 3755 Francorum
1391 3677 1689 3750 exigerent
1729 3677 1964 3733 tributa.
2004 3677 2089 3733 Illi
2189 3678 2390 3734 diones
2416 3678 2881 3750 Lugdunensem,
2909 3676 3074 3732 Gothi
3103 3674 3510 3748 Aquitanicam
3540 3681 3764 3745 pervase-

479 3761 664 3833 pretio
692 3762 777 3818 sui
817 3764 1113 3837 sanguinis
1143 3783 1201 3822 se
1232 3782 1301 3822 eo
1335 3768 1551 3823 levatos
1587 3766 1863 3835 fatentur,
1913 3784 2088 3840 seque
2189 3769 2322 3823 rant
2351 3766 2743 3840 provinciam;
2761 3782 2942 3838 eaque
2965 3768 3188 3821 tantum
3215 3761 3652 3837 parsGalliarum
3677 3755 3763 3808 Ro-

478 3850 721 3924 vectigal
752 3868 869 3909 non
899 3855 1208 3919 soluturos,
1236 3872 1341 3928 pro
1372 3872 1486 3927 quo
1509 3855 1862 3911 remittendo
1887 3856 2090 3912 mortis
2191 3873 2381 3912 manas
2411 3857 2645 3911 suberat
2674 3854 2900 3923 ditioni,
2920 3872 3093 3927 quam
3107 3840 3764 3909 Rheniﬂuentaacamnis

478 3940 787 3998 discrimen
800 3944 1055 4017 perpessi
1070 3944 1282 4002 forent.
1311 3944 1749 4016 Hisindignatus
1764 3944 2091 4001 Caesarsuo-
2190 3945 2405 4018 Ligeris
2435 3943 2830 4000 determiuant
2885 3946 2997 3998 Rex
3028 3945 3222 3998 autem
3283 3941 3480 3999 Clodio
3527 3934 3765 4007 angustos

476 4046 609 4086 rum
640 4030 870 4088 instruit
893 4033 1097 4102 aciem,
1126 4050 1254 4105 qua:
1281 4035 1338 4088 et
1380 4032 1591 4088 viribus
1628 4034 1781 4090 foret
1814 4034 2087 4099 exercita,
2190 4034 2355 4107 regni
2376 4034 2521 4089 ﬁnes
2540 4034 2781 4089 dilatare
2800 4033 3500 4107 cupiens,exploratoresa
3520 4025 3761 4091 Disbargo

479 4122 538 4174 et
568 4123 744 4176 tantae
769 4122 929 4193 genti
961 4122 1189 4178 obviam
1225 4121 1308 4177 ire
1340 4124 1561 4195 parata.
1596 4123 1707 4178 Nec
1733 4123 1963 4191 morati,
1986 4124 2088 4178 ob-
2190 4126 2350 4178 trans
2378 4123 2645 4177 Rhenum
2678 4121 2892 4194 dirigit,
2925 4126 2983 4177 et
3012 4121 3130 4194 ipse
3163 4137 3295 4176 cum
3327 4117 3569 4176 exercitu
3595 4112 3761 4168 subsc-

477 4208 632 4264 viam
658 4213 799 4265 eunt
815 4212 1018 4266 Franci
1052 4210 1346 4266 Romanis.
1376 4214 1577 4285 Pugna
1599 4211 1658 4267 in
1681 4212 1967 4276 manibus,
1986 4228 2092 4267 nec
2189 4214 2351 4267 cutus
2369 4211 2744 4267 Cameracum
2762 4211 2967 4266 urbem
2989 4209 3267 4277 obtinuit;
3302 4217 3656 4281 quoscunque
3675 4198 3764 4251 RO-

481 4300 1014 4371 comperendinata,
1035 4300 1298 4371 quamvis
1314 4300 1413 4355 uni
1430 4300 1591 4372 genti
1614 4301 1885 4356 adversus
1898 4302 2091 4373 plures
2192 4316 2503 4356 manorum
2529 4298 2724 4355 obvios
2755 4298 2977 4367 habuit,
3006 4297 3132 4353 neci
3154 4298 3409 4354 tradidit.

479 4390 683 4458 gentes
708 4388 906 4460 praelio
919 4389 1332 4445 decertandum
1346 4390 1515 4445 foret.
1541 4389 1745 4445 Franci
1763 4407 1899 4444 sane
1912 4390 2091 4444 robur
2112 4377 2165 4436 D
2819 4388 3041 4442 CAPUT
3063 4387 3151 4440 Vl.

370 4551 376 4557 ἠ
482 4474 728 4532 aliarum
758 4477 1063 4532 nationum
1096 4477 1370 4534 Romanis
1398 4477 1650 4534 subsidio
1690 4477 1911 4534 venisse
1951 4493 2089 4532 con-
2749 4475 3096 4532 DeMcrooco
3128 4494 3266 4548 rege.

482 4564 701 4636 spicati,
731 4563 1056 4621 cedendum
1078 4564 1183 4620 sibi
1214 4567 1340 4623 loco
1379 4565 1571 4622 utilius
1598 4565 1972 4633 mstimantes,
2007 4564 2093 4621 Si-
2258 4565 2825 4633 Posthzec,Clodione
2839 4582 2975 4638 rege
3006 4562 3766 4630 vitadecendentedlleroveus

483 4654 804 4711 cambriam
835 4652 1048 4726 egressi
1078 4654 1232 4725 ripas
1258 4654 1443 4710 Rheni
1490 4654 1747 4710 ﬂuminis
1790 4671 2097 4725 occupave-
2197 4656 2319 4728 ejus
2348 4657 2536 4711 afﬁnis
2565 4655 2729 4727 regni
2762 4655 3110 4710 Francorum
3127 4654 3515 4728 gubernacula
3533 4641 3764 4714 suscepit-

486 4748 662 4812 runt;
699 4743 869 4799 duces
907 4744 1103 4798 autem
1125 4743 1233 4799 sibi
1260 4743 1734 4815 Marchomirum,
1764 4744 2096 4799 Sunnorem
2199 4745 2482 4817 Regnavit
2511 4748 2704 4800 autem
2740 4743 2936 4799 Clodio
2966 4761 3068 4815 per
3096 4747 3164 4799 20
3192 4759 3476 4799 annorum
3502 4731 3766 4794 curricula.

487 4837 544 4888 et
572 4830 1006 4899 Genebaudum,
1032 4835 1161 4905 post
1182 4833 1352 4888 funus
1385 4832 1698 4888 memorati
1728 4831 1882 4904 regis
1930 4832 2100 4887 Fran-
2201 4834 2325 4900 Qua
2352 4835 2695 4906 tempestate
2725 4832 2902 4888 etiam
2934 4832 3120 4888 Hunni
3149 4833 3415 4887 Rhenum
3446 4822 3771 4885 transeuntes

486 4920 667 4976 cionis
688 4919 990 4993 eligentes,
1016 4920 1271 4994 plurima
1294 4922 1717 4976 Germanorum
1738 4920 1951 4993 oppida
1977 4937 2101 4994 per—
2198 4923 2358 4981 Metis
2433 4922 2723 4977 civitatem
2781 4923 3179 4989 concremant,
3215 4920 3457 4975 Treviris
3501 4908 3767 4994 diripiunt,

490 5024 705 5065 vasere.
741 4993 1267 5082 Quorumiquidem
1300 5025 1594 5077 numerus,
1636 5025 1767 5067 cum
1799 4993 1991 5083 primo
2014 5009 2099 5065 di-
2196 5014 2531 5084 Tungrense
2545 5011 2844 5066 devastant
2868 5010 3340 5066 territorium.lta
3361 5025 3464 5080 per
3481 5006 3648 5062 totam
3663 4993 3769 5052 Gal-

491 5097 799 5171 gressionis
828 5114 944 5153 sua:
974 5099 1047 5154 ab
1076 5097 1206 5154 Asia
1256 5101 1521 5171 tempore
1556 5098 1644 5153 vix
1684 5097 1757 5153 ad
1795 5098 2099 5155 duodecim
2201 5087 2337 5157 liam
2355 5100 2795 5156 saevabellorum
2828 5086 3771 5159 exardescebantincendia.Ubiql|8

491 5186 676 5243 millia
701 5191 1061 5243 armatorum
1100 5187 1504 5256 aestimaretur,
1537 5187 1596 5243 in
1634 5189 1861 5243 tantam
1890 5188 2104 5244 coaluit
2200 5191 2404 5259 luctus,
2436 5188 2647 5263 ubique
2671 5188 2857 5257 dolor,
2887 5193 2943 5244 et
2969 5188 3217 5261 plurima
3243 5186 3657 5252 mortisimago.
3682 5177 3772 5229 Au-

494 5276 933 5347 numerositam,
990 5281 1051 5333 ut
1092 5276 1227 5350 ipsis
1274 5277 1450 5333 etiam
1504 5277 1823 5347 Germanis,
1857 5278 2103 5352 proceri-
2200 5279 2586 5335 relianensem
2642 5294 2871 5351 quoque
2924 5278 3200 5332 adeuntes
3257 5275 3460 5330 urbem
3508 5264 3771 5326 obsidione

489 5369 608 5421 tato
630 5365 905 5422 etvirtute
925 5383 1232 5439 corporum
1248 5366 1782 5439 prmeminentibus,
1802 5367 2102 5423 formidini
2202 5368 2496 5432 claudunt,
2543 5370 2601 5421 et
2631 5384 2703 5421 ne
2731 5366 2856 5439 quis
2884 5369 3005 5421 tute
3035 5364 3382 5437 egrediatur,
3415 5358 3587 5435 portis
3610 5354 3770 5408 custos

494 5459 661 5513 esset.
696 5450 850 5522 Quos
892 5461 1157 5528 tempore
1177 5456 1480 5513 Theodosii
1512 5458 1768 5514 Nannius
1799 5461 1856 5513 et
1885 5456 2104 5520 Quinti-
2204 5454 2545 5522 diavallatis,
2573 5456 2827 5510 studioso
2850 5456 3154 5511 conamine
3174 5452 3493 5527 provident.
3521 5447 3641 5501 Erat
3661 5444 3774 5495 tunc

497 5563 622 5614 nus,
655 5545 916 5619 magistri
947 5527 1218 5616 militum,
1252 5548 1488 5603 collecto
1517 5547 1767 5602 exercitu
1796 5544 2104 5601 Germania
2204 5542 2489 5617 temporis
2511 5542 2771 5615 ejusdem
2804 5544 3048 5598 civitatis
3066 5543 3294 5617 prazsul,
3326 5540 3527 5596 virtute
3552 5527 3770 5590 admira-

495 5636 711 5711 pellere
741 5635 928 5692 moliti
967 5639 1118 5693 sunt.
1150 5635 1303 5701 Quos
1330 5636 1522 5709 prima
1537 5635 1772 5709 quidem
1803 5634 1921 5690 acie
1945 5649 2107 5705 supe-
2206 5630 2354 5700 bilis,
2387 5632 2659 5689 Anianus.
2696 5633 2865 5705 Cujus
2894 5633 3114 5688 meritis
3141 5635 3199 5687 et
3227 5627 3576 5687 orationibus
3596 5622 3773 5676 imma-
