3940 6166
231 420 313 475 eu
1269 409 1606 470 HISTORIA
1636 404 2093 470 FRANCOBUM.
2120 447 2190 460 --
2219 418 2351 476 LIB.
2383 422 2424 476 L
3416 433 3527 518 8‘52

230 539 345 594 nissi
353 556 468 594 mas
480 539 806 593 Hunnorum
821 538 1126 610 phalanges
1139 535 1581 624 omnipotentia
1593 531 1805 624 Christi
1827 537 1882 597 A
1906 533 2210 596 Chiderico
2242 549 2614 615 cognoverat,
2648 546 2985 609 criminibus
2996 548 3384 622 insimulatus,
3403 551 3529 624 Egi-

227 628 292 682 ita
310 627 572 700 protrivit,
604 630 668 681 ut
697 626 896 700 quibus
945 623 1170 698 profugi
1225 625 1503 681 habitent
1533 625 1591 678 in
1630 623 1805 679 terris
1889 626 1984 683 dio
2013 628 2191 684 mittit
2221 634 3239 714 puniendos.llle,utreosimperialis
3257 623 3530 715 majesta-

224 717 486 790 hucusque
515 716 581 770 sit
604 716 980 787 incognitum.
1901 715 2202 788 tis,gladio
2256 722 2447 792 puniri
2469 723 2782 794 jussit.Hac
2812 730 2963 801 regis
2992 731 3368 788 immanitate
3396 746 3528 800 pcr-

745 805 962 859 CAPUT
994 806 1101 859 Vll.
1902 807 2049 860 moti
2070 808 2706 877 Franci,Winomadum
2729 817 2800 871 ab
2814 819 2920 874 hoc
2942 822 3530 876 consilioimmunem

679 893 763 949 De
787 893 1078 952 Childerico
1106 911 1243 964 rege.
1901 895 2278 964 aestimantes,
2308 903 2605 970 querelam
2628 903 2680 957 ei
2703 922 2863 960 suam
2889 908 3268 978 depromunt.
3287 909 3386 962 Ille
3420 907 3534 962 mi-

275 986 516 1042 Meroveo
546 988 740 1040 autem
770 1001 903 1056 rege
934 984 1289 1038 Francorum
1317 982 1430 1035 hac
1458 981 1586 1034 luce
1607 992 1795 1044 casso,
1897 984 2016 1038 rari
2047 1003 2107 1040 se
2130 987 2267 1041 dicit
2294 988 2513 1044 variam
2531 1007 2734 1046 eorum
2750 997 3194 1052 mutabilitatem
3212 995 3533 1065 mentium,

217 1075 533 1130 Childericus
561 1075 710 1130 ﬁlius
734 1075 855 1146 ejus
873 1075 1009 1128 solio
1038 1072 1390 1127 sublimatur
1421 1068 1796 1140 regio.Hujus
1898 1076 1962 1126 ut
2009 1074 2134 1144 ejus
2169 1093 2321 1130 nunc
2362 1078 2698 1136 crudelitate
2745 1089 3080 1154 querantur,
3132 1101 3320 1159 quem
3368 1086 3532 1140 tanto

213 1164 352 1234 regni
369 1162 681 1235 primordia
693 1163 1002 1235 quibusque
1031 1161 1198 1217 bonis
1231 1159 1584 1216 detestanda
1604 1159 1789 1212 fuere.
1896 1166 2036 1217 ante
2062 1165 2352 1234 praeconio
2376 1166 2618 1238 dignum
2635 1170 3064 1240 judicavissent.
3091 1175 3403 1244 Simulque
3426 1173 3535 1230 hac

213 1253 291 1306 llic
307 1269 548 1324 namque
564 1251 1280 1322 contraFrancosprimum
1294 1249 1570 1321 nequiter
1587 1263 1790 1318 agens,
1895 1266 1994 1304 eos
2021 1252 2282 1308 oratione
2298 1255 2584 1311 convenit.
2621 1279 2648 1306 «
2683 1258 3062 1333 Quae,inquit,
3093 1259 3402 1318 dementia
3431 1279 3527 1317 ve-

210 1357 320 1396 cum
350 1341 781 1396 filiasnobilium
803 1341 1012 1396 incesto
1039 1339 1452 1396 contaminare
1475 1354 1594 1392 non
1611 1335 1789 1390 desis-
1894 1340 2028 1394 stris
2060 1341 2280 1396 vesanis
2318 1343 2528 1399 insedit
2559 1346 2788 1416 animis,
2823 1353 2904 1416 ut,
2920 1353 3152 1423 expulso
3170 1348 3528 1415 cive,domi-

208 1433 350 1498 teret,
380 1447 559 1501 regno
586 1430 825 1500 ejicitur.
855 1429 958 1494 Qui
995 1429 1280 1500 expulsus,
1314 1441 1524 1497 regem
1541 1423 1788 1478 Thorin-
1894 1428 2058 1482 natui
2090 1446 2189 1484 vos
2219 1432 2451 1502 superbi
2483 1434 2803 1491 subderetis
2851 1438 3122 1495 adxenaa?
3152 1438 3274 1494 Sed
3316 1436 3528 1494 dicturi

206 1535 410 1588 gerum,
451 1516 1269 1588 Bissinumnomine,expetiit,
1285 1518 1482 1570 tutam
1504 1513 1613 1567 sibi
1634 1513 1791 1584 apud
1893 1515 2320 1573 estisinfretam
2365 1521 2489 1591 ejus
2526 1523 2815 1580 luxuriam
2875 1527 3037 1582 vobis
3067 1522 3283 1600 pudori
3315 1523 3515 1583 fuisse.

207 1624 316 1661 eum
339 1607 617 1661 latebram
630 1607 752 1662 fore
781 1606 1228 1660 autumans.Nec
1241 1620 1345 1676 spe
1362 1601 1790 1657 suairustratus
1893 1603 1967 1656 Ut
1997 1604 2137 1674 quid
2166 1623 2306 1678 ergo
2337 1608 2407 1662 de
2429 1609 2838 1680 bujusferitate
2869 1614 3406 1684 cousamini,quem
3443 1614 3523 1672 illi

205 1697 663 1763 est.Nam,cuncto
695 1695 870 1750 exsilii
896 1695 978 1750 sui
1008 1698 1275 1766 tempore
1308 1707 1447 1746 cum
1473 1706 1611 1760 rege
1647 1705 1786 1743 con-
1889 1692 2326 1762 praeferendum
2348 1696 2758 1754 mstimavistis?
2775 1701 3079 1773 Sprevistis
3103 1717 3313 1773 regem
3336 1708 3524 1761 vestra

204 1789 428 1840 versatus
445 1785 879 1855 honoriﬁcoque
909 1783 1058 1857 apud
1086 1799 1222 1837 eum
1253 1783 1386 1835 loco
1413 1779 1644 1833 habitus
1677 1781 1784 1833 est.
1818 1855 1863 1865 ﬁ
1891 1779 1964 1832 de
1997 1784 2171 1850 gente
2203 1786 2490 1850 creatum,
2513 1785 2610 1856 qui
2632 1786 2918 1858 benignus
2940 1794 3179 1850 natura.
3208 1789 3525 1865 benignior

204 1873 316 1928 Erat
338 1875 385 1928 ei
415 1874 654 1946 quidam
679 1891 709 1928 e
736 1855 1078 1928 Francorum
1113 1869 1459 1942 proceribus
1490 1865 1789 1956 familiari-
1815 1855 1867 1914 Β
1891 1866 2070 1921 etiam
2101 1868 2319 1925 abolita
2351 1855 2548 1943 potuit
2561 1890 2682 1928 esse
2700 1855 3013 1945 lascivia,et
3034 1876 3308 1950 elegistis
3331 1855 3525 1956 tjrran-

205 1962 312 2016 tatis
339 1963 566 2018 vinculo
586 1962 895 2034 colligatus,
924 1962 1162 2016 nomine
1187 1957 1500 2013 Winomad
1512 1973 1594 2010 us.
1615 1955 1788 2026 Cujus
1889 1957 2136 2020 num,ob
2169 1959 2276 2013 hoc
2297 1961 2381 2014 vel
2407 1960 2657 2016 maxime
2674 1955 3414 2046 pertimescendum,quod
3436 1995 3532 2052 ge.

203 2052 278 2106 ille
303 2054 495 2107 omnia
527 2054 734 2124 agebat
757 2052 1009 2118 consilio,
1038 2052 1176 2106 dum
1211 2050 1403 2104 adhuc
1436 2045 1604 2116 regni
1633 2045 1783 2115 poti-
1888 2061 1998 2098 nus
2023 2048 2260 2100 externa
2289 2048 2501 2103 habeat
2551 2050 2788 2106 natione
2839 2054 3199 2119 deductum.
3243 2045 3535 2129 Animalia

202 2147 334 2196 retur
359 2147 606 2213 sceptro.
664 2143 816 2196 Hunc
869 2159 1005 2213 ergo
1038 2157 1307 2205 evocans,
1343 2135 1784 2191 animositatem
1886 2134 3092 2214 sane,rationecarentia,suipotiusquam
3110 2155 3536 2219 externidomi-

202 2231 522 2286 Francorum
556 2248 672 2285 sese
702 2246 878 2302 regno
908 2231 1123 2300 pellere
1148 2225 1557 2282 minitantium
1589 2222 1782 2293 edicit;
1887 2221 2050 2276 nium
2074 2226 2351 2294 expetunt
2382 2225 2629 2297 generis.
2673 2227 2821 2282 Solis
2845 2229 3096 2287 ciconiis
3154 2241 3330 2300 alieni
3358 2249 3531 2308 duces

201 2319 313 2389 quid
337 2319 482 2374 facto
517 2335 662 2390 opus
695 2319 764 2373 sit
786 2317 1048 2373 consulit.
1077 2319 1156 2372 lle
1184 2315 1289 2369 ira:
1331 2329 1539 2368 eorum
1571 2311 1782 2367 ceden-
1886 2311 2117 2380 placent
2148 2313 2470 2384 sanguinis,
2503 2331 2652 2385 quae,
2686 2317 2874 2372 ventri
2899 2318 3436 2394 deditae,.a1iarum
3470 2357 3530 2396 se

198 2407 314 2462 dum
359 2408 587 2473 suadet,
622 2424 711 2475 ne,
744 2407 787 2461 si
814 2406 1204 2479 permandum
1236 2405 1495 2476 putaret,
1545 2405 1786 2472 augeret
1886 2401 2126 2453 tuentur
2155 2402 2409 2472 periculo
2433 2401 2645 2456 avium.
2688 2404 2896 2460 Verum
2933 2406 2978 2461 si
3010 2415 3275 2472 consiliis
3323 2423 3524 2481 decrc-

199 2497 359 2566 potius
388 2497 591 2552 odium
611 2513 781 2568 quam
798 2495 1169 2562 diminueret,
1187 2490 1433 2546 humani
1453 2489 1649 2544 dicens
1665 2506 1785 2545 esse
1886 2485 2041 2540 vistis
2055 2502 2256 2556 parere
2281 2490 2447 2558 meis,
2476 2490 2840 2548 redeundum
2863 2494 2920 2548 in
2943 2499 3201 2566 gratiam
3224 2519 3523 2579 censeo,et

199 2585 637 2658 moremingenii
663 2585 980 2656 praesentiae
999 2583 1237 2654 alicujus
1271 2579 1552 2645 invidere,
1587 2577 1788 2634 absen-
1888 2575 2234 2645 placandum
2251 2578 2529 2648 principis
2546 2580 2808 2635 animum
2848 2575 3514 2658 expulsioneotfensum.

197 2674 274 2728 tiae
299 2674 573 2747 compati.
597 2673 665 2729 Se
691 2674 946 2741 interim,
973 2674 1112 2728 dum
1146 2671 1242 2725 ille
1269 2685 1502 2741 quoque
1523 2668 1785 2722 locorum
1885 2664 2108 2718 Durum
2121 2669 2275 2719 certe
2280 2667 2302 2737 j
2314 2667 2479 2721 udico
2495 2666 2662 2722 unius
2674 2685 2790 2723 non
2805 2687 2969 2741 posse
2984 2675 3512 2743 perpetiluxuriam

197 2760 768 2829 immoratur,animos
790 2763 978 2834 gentis
998 2762 1469 2833 pertentaturum
1484 2756 1787 2828 pollicetur
1887 2755 1946 2807 et
1959 2755 2252 2808 tantorum
2268 2756 2526 2825 perferre
2539 2756 2819 2812 nobilium
2833 2759 3222 2828 perditionem
3235 2765 3446 2824 civium
3458 2796 3508 2828 ,η

199 2865 704 2922 persuasurumque
719 2854 781 2905 ut
797 2868 926 2906 cum
942 2867 1010 2906 eo
1024 2850 1084 2904 in
1100 2847 1350 2920 gratiam
1369 2846 1783 2900 redeant.Divi-
1886 2841 1982 2896 His
2001 2841 2082 2896 illi
2105 2843 2347 2898 animati
2368 2842 2577 2910 verbis,
2591 2843 2760 2898 simul
2793 2849 2850 2900 et
2886 2849 3186 2903 atrocitate
3205 2851 3339 2906 facti
3371 2874 3506 2926 per-

198 2937 424 3011 densque
445 2956 714 3007 aureum,
735 2939 1118 2994 sibimedium
1144 2937 1380 3002 retinet,
1407 2933 1782 3006 mediumque
1887 2929 2032 2984 moti
2063 2947 2176 3001 quo
2200 2931 2486 3002 primores
2515 2932 2679 3001 regni
2706 2934 3042 3003 pessundari
3075 2936 3370 3007 videbant,
3395 2943 3507 2999 Wi-

198 3025 260 3079 illi
283 3029 503 3082 confert
539 3029 764 3082 dicens:
800 3052 827 3078 ‹‹
857 3027 1090 3097 Suscipe
1124 3025 1382 3080 mediam
1425 3021 1595 3092 hujus
1625 3023 1783 3078 aurei
1888 3018 2141 3073 nomado
2175 3019 2441 3074 dixerunt
2473 3035 2545 3073 ια
2573 3020 2820 3075 Paenitet
2842 3039 2947 3076 nos
2983 3022 3328 3092 injuriarum
3361 3044 3503 3098 pro-

197 3121 415 3184 partem,
456 3121 523 3172 et
564 3118 607 3171 si
638 3118 868 3189 quidem
901 3117 1150 3170 Francos
1169 3114 1274 3168 tibi
1323 3110 1628 3166 conciliare
1680 3128 1781 3182 po-
1805 3137 1852 3197 ρ
1886 3107 2011 3178 prio
2042 3106 2166 3177 regi
2197 3107 2508 3174 illatarum,
2533 3125 2710 3179 quem
2737 3109 2916 3164 sicubi
2959 3110 3221 3181 gentium
3252 3112 3501 3174 inveniri

195 3207 359 3272 tuero,
398 3207 512 3260 hoc
546 3205 646 3260 tibi
670 3205 779 3260 erit
809 3206 1063 3276 signum,
1091 3204 1230 3258 dum
1264 3201 1414 3255 hanc
1437 3199 1539 3253 tibi
1569 3199 1780 3254 misero
1819 3195 1850 3197 ’ν
1883 3211 2047 3266 ροεεεε
2065 3195 2888 3268 sciremus,suppliceslegatos
2905 3198 3273 3253 mitteremus
3294 3218 3498 3260 exora-

194 3297 412 3363 partem,
443 3298 508 3350 et
536 3293 841 3348 convenire
878 3293 986 3347 sibi
1018 3296 1287 3362 utrasque
1317 3287 1628 3358 contigerit
1657 3288 1778 3342 ani-
1880 3286 2005 3337 tum
2037 3287 2100 3338 ut
2140 3301 2307 3339 suum
2340 3285 2554 3339 rediret
2583 3286 2654 3339 ad
2683 3302 2986 3357 regnum.»
3017 3287 3112 3340 1118
3145 3291 3494 3348 convenien-

194 3382 496 3438 madvertas
526 3381 1033 3454 oportebiteodem
1066 3381 1241 3434 modo
1264 3375 1665 3433 convenientia
1683 3393 1780 3447 ρο-
1879 3371 1960 3426 tia
1989 3371 2113 3442 regi
2143 3373 2494 3428 Francorum
2537 3374 2953 3445 persentiscens
2994 3375 3202 3443 studia,
3257 3377 3493 3439 ﬁdelem

191 3468 290 3538 puli
308 3471 494 3526 studia
519 3470 623 3525 tibi
643 3487 988 3541 congruere.
1005 3468 1274 3523 Reditum
1289 3481 1426 3536 ergo
1445 3464 1517 3519 ad
1530 3465 1776 3534 patriam
1879 3476 1984 3532 per
2013 3477 2259 3532 puerum
2281 3461 2588 3516 dimidium
2620 3463 2670 3516 ei
2693 3462 2892 3534 dirigit
2911 3465 3340 3537 aureum,cujus
3365 3486 3497 3540 par-

192 3559 517 3614 accelerabis
545 3561 730 3626 tuam,
763 3562 826 3613 ut
868 3574 1139 3630 regnum,
1174 3573 1286 3628 quo
1330 3571 1483 3609 nunc
1515 3553 1772 3624 privaris,
1875 3550 1994 3602 tem
2016 3549 2272 3603 mediam
2290 3549 2526 3604 abeunti
2558 3550 2798 3605 dederat
2813 3550 3134 3623 insignum.
3161 3553 3492 3629 Legatoque

191 3647 419 3718 recipias,
455 3671 486 3698 ))
523 3650 658 3703 Post
685 3648 808 3702 haec
840 3647 1011 3702 verba
1029 3644 1380 3700 Childericus
1398 3643 1770 3713 Thoringam,
1873 3638 1997 3691 haec
2017 3637 2096 3691 illi
2121 3637 2311 3692 dicere
2335 3637 2520 3709 jussit:
2542 3661 2569 3687 «
2596 3639 2903 3694 Revertere
2921 3641 3046 3711 jam
3070 3658 3247 3709 nunc,
3269 3646 3332 3697 ut
3349 3644 3495 3701 desi-

191 3739 241 3788 ut
265 3739 623 3806 praelibatum
641 3734 1141 3807 est,petiit.Franci
1157 3731 1774 3788 veroimmemoresin-
1875 3725 2107 3781 deratus
2127 3725 2418 3792 dominus.
2457 3742 2521 3779 ac
2545 3729 2608 3780 ut
2633 3726 2765 3781 felix
2785 3731 2946 3782 utere
2971 3745 3154 3800 regno
3183 3734 3340 3786 tuo.»
3359 3733 3482 3796 Qua

184 3823 436 3893 juriarum
468 3843 618 3898 quas
637 3824 914 3880 Romanis
938 3824 1272 3889 intulerant,
1305 3820 1571 3893 Egidium
1601 3819 1774 3892 patri-
1872 3813 2522 3885 legationeChildericus
2540 3817 2777 3884 accepta
2793 3831 2968 3870 ovans
2984 3817 3234 3888 patriam
3255 3822 3489 3892 repetit,

190 3911 449 3986 cium,qui
478 3931 518 3968 a
565 3913 844 3968 Romanis
868 3913 1098 3967 tuendae
1128 3911 1320 3965 Gallias
1351 3925 1551 3964 curam
1581 3924 1767 3963 susce-
1872 3905 1931 3957 et
1959 3919 1990 3956 e
2021 3901 2214 3956 medio
2242 3902 2463 3956 itineris
2494 3902 2673 3957 mittit
2688 3902 2787 3973 qui
2809 3904 3152 3959 Winomado
3175 3905 3487 3964 adventum

189 4004 346 4068 perat,
372 4018 578 4074 regem
611 4000 717 4055 sibi
748 4002 1027 4054 statuunt.
1063 3999 1224 4053 Caeca
1269 4014 1436 4053 mens
1461 3995 1765 4051 hominum
1869 3991 2098 4046 nuntiet
2130 4008 2320 4059 suum,
2353 3993 2411 4045 et
2437 3991 2626 4046 edicat
2666 3994 2727 4044 ut
2756 3991 2864 4045 sibi
2890 3992 3160 4047 festinato
3194 3999 3487 4058 occurrat.

190 4104 300 4142 eum
324 4090 652 4162 sibiputare
670 4089 988 4155 consulere,
1009 4087 1098 4142 cui
1116 4087 1234 4158 ipse
1257 4087 1538 4141 malanon
1557 4084 1768 4140 desinit
1869 4081 2032 4144 Quod
2054 4079 2147 4134 ille
2159 4079 2376 4150 junctis
2406 4079 2516 4134 sibi
2547 4080 2902 4135 Francorum
2929 4080 3266 4152 proceribus
3295 4086 3484 4139 matu-

188 4172 450 4248 irrogare!
517 4178 662 4231 Nam
697 4193 810 4248 quo
840 4179 1006 4246 pacto
1037 4176 1084 4230 is
1113 4177 1262 4230 bene
1303 4174 1415 4228 illis
1440 4174 1767 4228 consultum
1868 4172 1994 4224 rato
2021 4168 2316 4238 implevit:
2355 4171 2414 4223 et
2432 4168 2586 4241 apud
2608 4171 2882 4235 castrum,
2911 4167 2999 4223 cui
3019 4185 3232 4224 nomen
3248 4171 3489 4226 Barrum

190 4265 519 4338 vellet,cujus
531 4265 870 4336 agrosigne,
888 4265 1166 4336 populum
1185 4262 1574 4334 gladio,urbes
1591 4263 1769 4315 vasta-
1871 4259 1976 4319 est,
2001 4257 2054 4310 ei
2083 4255 2718 4329 occurrit.Praaceperat
2745 4273 2920 4329 porro
2938 4258 3210 4329 praefatus
3229 4258 3340 4313 dux
3360 4260 3492 4315 Bar-

192 4349 325 4407 tione
344 4352 768 4424 protriverunt‘?
819 4351 1193 4405 Winomadus
1220 4367 1356 4405 sane
1403 4352 1629 4403 versuta
1657 4351 1770 4403 cal-
1872 4345 2132 4400 rensibus
2149 4349 2212 4400 ut
2231 4363 2362 4400 cum
2375 4363 2604 4402 summo
2629 4347 2851 4402 honore
2865 4363 3065 4418 regem
3087 4346 3492 4404 advenientem

193 4439 294 4495 lens
321 4443 546 4510 astutia,
565 4446 623 4496 et
651 4441 724 4495 ad
746 4457 873 4512 qua:
904 4440 1166 4494 animum
1185 4439 1516 4494 intenderat
1545 4437 1772 4492 efﬁcere
1794 4447 1848 4506 Ῑ)
1874 4436 2222 4505 exciperent.
2248 4435 2419 4504 Cujus
2449 4433 2555 4506 ipsi
2571 4439 2864 4506 praecepto
2887 4439 3180 4507 parentes,
3208 4436 3490 4492 honorifi-

193 4531 305 4584 satis
332 4531 721 4604 promptus,in
753 4529 910 4584 brevi
929 4529 1196 4583 amicitiae
1214 4527 1399 4599 Egidii
1416 4527 1770 4582 inhaesit.Cui
1874 4523 2201 4578 centissimc
2215 4538 2350 4577 eum
2368 4522 2598 4578 obviam
2615 4524 2904 4594 progressi
2922 4525 3493 4596 susceperunt.Quod

194 4615 289 4684 ille,
317 4619 830 4675 familiarissimum
873 4617 976 4672 sibi
1010 4616 1303 4671 aestimans
1332 4615 1679 4684 amicorum,
1711 4633 1770 4670 se
1872 4627 2088 4682 rexpro
2102 4609 2297 4665 omine
2312 4611 2970 4682 accepit,gratanterque
2991 4629 3196 4689 eorum
3213 4615 3489 4686 obsequio

196 4721 379 4779 suaque
418 4708 621 4764 omnia
651 4707 924 4761 credebat
973 4705 1228 4760 consilia.
1265 4703 1636 4759 Winomadus
1663 4703 1770 4758 ita-
1873 4716 2025 4765 usus,
2057 4696 2522 4769 tributum,quod
2541 4697 2707 4768 regni
2734 4697 2856 4768 ejus
2878 4693 3290 4770 dependebant
3308 4704 3488 4775 parti-

197 4808 307 4862 que,
336 4797 773 4868 praesentiscens
815 4795 1166 4848 Francorum
1197 4793 1249 4847 ei
1277 4796 1600 4864 suspectam
1647 4794 1772 4848 fore
1872 4787 2000 4854 bus,
2031 4785 2374 4840 liberalitate
2398 4785 2635 4840 indulsit
2661 4785 2844 4856 regia.
2877 4787 3095 4843 Junctis
3132 4787 3328 4861 itaque
3358 4806 3490 4845 cum

198 4885 508 4954 potentiam,
543 4885 838 4939 cumulare
866 4882 1057 4953 etipse
1074 4882 1278 4949 verbis,
1303 4881 1770 4953 quibuspoterat,
1873 4874 2214 4930 Winomado
2261 4873 2494 4942 viribus,
2543 4873 2900 4928 Childericus
2948 4875 3082 4930 inde
3132 4893 3490 4950 progressus,

197 4965 393 5028 invidiae
422 4975 746 5029 simultates
791 4988 909 5027 non
960 4971 1234 5026 cessabat.
1269 4970 1484 5025 Suadet
1515 4987 1652 5040 ergo
1677 4971 1750 5025 tri

1935 4963 2140 5035 gidium
2172 4961 2292 5016 acie
2309 4965 2643 5033 superatum
2675 4977 2859 5033 regno
2880 4962 3159 5019 decedere
3186 4968 3491 5039 compulit.

199 5055 300 5114 buﬁ
327 5078 500 5117 onere
531 5079 628 5117 eos
660 5060 910 5134 opprimi
941 5062 1229 5132 oportere,
1264 5058 1378 5113 Sed
1407 5059 1774 5130 perpendens
1875 5051 1980 5116 Qui
2002 5053 2265 5123 expulsus
2281 5050 2649 5105 Suessionem
2695 5050 2984 5106 civitatem
3028 5052 3212 5122 petiit,
3247 5056 3494 5127 reliquo-

197 5143 285 5200 bac
305 5167 396 5205 eos
424 5151 638 5222 injuria
682 5166 800 5204 non
844 5148 995 5204 ﬂecti
1028 5148 1188 5219 quin,
1222 5147 1279 5202 in
1330 5150 1608 5218 ceperant
1637 5147 1772 5202 odio
1875 5158 1985 5214 que
2011 5141 2203 5212 quoad
2227 5138 2362 5193 vixit
2385 5142 2649 5208 tempore
2687 5138 2832 5194 inibi
2891 5139 3114 5211 deguit.
3147 5143 3228 5197 Eo
3277 5143 3488 5198 audem

203 5234 1074 5309 Childericum,honoreEgidium
1094 5237 1334 5308 dignum
1361 5237 1759 5302 acclamarent,

1931 5228 2141 5284 apsenti
2170 5227 2389 5281 lumine
2408 5225 2851 5297 casso,Siagrius
2880 5227 3028 5283 ﬁlius
3061 5229 3186 5300 ejus
3215 5231 3487 5288 eamdem

201 5321 372 5394 Egidio
397 5330 471 5384 sic
489 5331 713 5384 locutus
729 5330 813 5382 est
834 5343 847 5381 :
1874 5319 2077 5373 urbem
2108 5315 2473 5371 haereditario
2481 5317 2615 5386 jure
2645 5316 2923 5387 possedit.

261 5415 405 5483 ulta,
434 5418 640 5490 inquit,
675 5417 1027 5471 Francorum
1055 5414 1324 5484 frangere
1357 5413 1547 5485 quibis
1567 5416 1770 5470 contu-
1947 5405 2296 5460 Childericus
2347 5421 2505 5471 Vero,
2565 5419 2696 5458 cum
2745 5407 2806 5458 ει
2850 5421 3030 5459 manu
3081 5410 3387 5480 Promptus
3434 5412 3492 5466 et

204 5503 448 5573 maciam,
469 5507 513 5560 si
543 5504 776 5577 aliquod
802 5501 1127 5574 potentium
1156 5500 1345 5572 gladio
1370 5501 1704 5572 peremeris.
1741 5522 1770 5550 »
1875 5493 2124 5550 consiliis
2154 5497 2302 5548 esset
2333 5492 2624 5564 providus,
2655 5508 2786 5547 cum
2819 5492 3166 5565 Adovagrio,
3195 5495 3489 5553 Saxonum

206 5587 476 5659 Egidiusid
497 5594 583 5649 illi
606 5592 922 5649 committit
935 5589 1168 5662 negotii.
1187 5589 1559 5644 Winomadus
1580 5605 1788 5662 oppor.
1875 5581 2360 5656 rege,Aurelianis
2379 5597 2646 5654 pugnans
2664 5581 2846 5637 victor
2879 5581 3112 5638 exstitit.
3143 5584 3327 5650 Quem
3356 5587 3493 5658 fuga

207 5678 387 5738 tunam
416 5687 611 5740 nactus
647 5681 1032 5745 occasionem,
1069 5695 1213 5753 quos
1240 5678 1564 5735 infestiores
1591 5677 1766 5736 fuisse
1867 5678 2096 5749 lapsum
2120 5670 2418 5743 Adegavos
2456 5686 2634 5743 usque
2668 5684 3040 5746 persequens,
3069 5685 3203 5728 cum
3217 5691 3351 5731 eum
3372 5689 3491 5754 non
