3940 6166
466 439 582 503 ὒ43
1565 414 1831 482 ᾸΙΜΟΙΝΙ
1858 418 2079 480 ΜῸΝΔ(

2202 418 2703 482 FLORIACENSIS
3647 432 3732 488 ΒΗ

475 566 804 643 reperisset,
834 561 1019 633 ipsam
1039 557 1243 612 urbem
1270 570 1616 643 oppugnans
1637 552 1807 643 cepit.
1850 552 2092 643 Paulum
2116 541 2459 643 Ajusregni
2488 549 2787 643 potientur
2815 540 3274 643 sceptrisLPorro
3290 547 3574 643 minorum
3601 553 3740 608 turba

476 636 872 714 Romanarum
924 646 1198 703 comitem
1248 643 1502 713 partium
1535 641 1851 697 interemit.
1886 640 2093 711 Sicque
2198 636 2537 695 animalium
2557 637 3004 695 semctinvicem
3031 636 3425 703 laccrantium,
3447 641 3741 710 populusest

473 744 641 818 regni
673 739 951 797 terminos
973 734 1446 791 Aurelianensem
1469 747 1533 785 ac
1560 730 1798 785 demum
1827 729 2093 799 Andega-
2196 725 2318 780 sine
2348 729 2559 785 timore
2585 726 2934 801 principum,
2955 725 3072 797 qui,
3096 725 3232 779 dum
3256 716 3741 797 regni‘primoribus

428 820 437 821 ί
473 815 709 891 vensem
725 844 904 902 usque
929 826 1220 881 civitatem
1251 821 1493 876 dilatare
1514 818 1666 874 haud
1687 817 1946 890 segnitur
1965 832 2096 888 pro-
2197 820 2399 872 mutuo
2430 835 2551 873 sese
2582 818 2713 873 odio
2744 815 3225 888 impugnantibus
3248 815 3561 886 obsequitur
3587 821 3742 871 atten-

474 921 714 981 curavit,
2201 904 2332 971 tius,
2373 907 2542 961 variis
2592 923 2712 960 sese
2771 903 3033 974 implicat
3083 919 3381 957 causarum
3431 903 3743 973 tumultibus,

2197 992 2453 1065 dumque
2481 1010 2747 1066 proceres
2768 992 3056 1046 alterutris
3084 1008 3206 1045 sese
3229 991 3536 1046 moliuntur
3560 992 3746 1064 privare

2195 1081 2535 1149 honoribus,
2566 1082 2677 1137 illis
2703 1081 2962 1152 ignobile
2991 1082 3193 1151 vulgus
3220 1080 3464 1134 favendo
3490 1084 3630 1152 patet
3647 1080 3745 1135 sine

2195 1186 2439 1225 numero
2471 1170 2740 1225 caedibus.
2775 1170 2907 1223 Haec
2939 1168 3101 1235 mihi,
3150 1169 3384 1223 domine
3419 1185 3530 1234 rex,
3558 1172 3658 1223 tua:
3682 1170 3742 1222 vi-

2196 1257 2373 1311 sionis
2407 1262 2501 1335 _est
2525 1256 2807 1329 expositio
2840 1256 3164 1323 manifesta,
3199 1260 3257 1309 et
3285 1256 3457 1309 futuri
3488 1255 3747 1309 iudicatrix

2196 1350 2371 1401 certa.
2407 1349 2491 1401 lta
2520 1345 2972 1417 rex,postposita
3001 1344 3232 1399 visionis
3262 1343 3505 1415 proprias
3524 1344 3746 1399 mordaci

2197 1451 2354 1497 cura,
2387 1451 2697 1489 numerosa
2752 1436 3007 1488 ventura
3069 1449 3185 1487 suae
3239 1432 3415 1504 prolis
3448 1433 3651 1486 laetatus
3682 1437 3749 1487 est

2197 1539 2256 1577 se
2289 1523 2586 1594 agnovisse
2617 1522 2883 1593 auspicia.

2827 1611 3050 1666 CAPUT
3080 1612 3163 1667 IX.

1082 1016 1306 1073 CAPUT
1326 1015 1465 1070 VIII.

472 1174 556 1231 De
585 1170 822 1235 Basinae,
853 1164 1247 1230 Thoringorum
1268 1156 1405 1227 tegis
1423 1154 1703 1222 Μονάς,αά
1735 1153 2092 1209 Chitdcricum

1151 1248 1379 1302 transitu
1390 1287 1403 1299 .

544 1366 752 1425 Basina
782 1363 976 1415 autem
1001 1350 1670 1422 Bissini,Thoringorum
1719 1348 1893 1419 regis,
1926 1362 2093 1411 uxor,

426 1484 433 1491 ί
474 1443 1214 1530 cognoscensChildericum
1229 1444 1535 1511 paternum
1549 1436 1834 1507 recepisse
1848 1452 2094 1506 regnum

474 1526 725 1609 adveum,
753 1536 930 1612 priori
954 1533 1176 1604 adjecto
1199 1531 1343 1597 viro,
1362 1529 1446 1584 ire
1463 1526 2098 1583 contendit.Dicebatur

468 1628 898 1698 habuisse,dum
913 1622 1064 1695 apud
1081 1619 1386 1693 prtefatum
1409 1617 1693 1672 exsularet
1708 1631 1928 1685 regem.
1949 1613 2094 1668 Chil-

473 1722 697 1782 dericus
719 1731 879 1787 ergo,
914 1712 1053 1766 dum
1085 1708 1156 1762 ab
1188 1724 1257 1762 ea
1273 1706 1561 1777 quaereret
1592 1718 1706 1774 qua
1728 1702 1798 1756 de
1828 1717 1999 1755 causa
2019 1700 2091 1754 ad
2384 1699 2466 1753 De
2490 1699 2737 1755 Antemii
2762 1702 3002 1770 imperio,
3036 1707 3086 1754 et
3104 1699 3367 1770 prodigiis
3393 1698 3485 1753 sub
3513 1715 3586 1752 eo.

474 1829 533 1869 se
557 1808 752 1867 venire
782 1786 1084 1870 tantopere
1107 1797 1377 1860 curasset,
1410 1793 1518 1846 hoc
1548 1791 1619 1845 ab
1652 1806 1721 1844 ea
1743 1804 2089 1860 responsum
2111 1858 2157 1870 ﬁ
2263 1788 2342 1840 Ea
2367 1789 2710 1857 tempestate
2750 1787 3019 1842 Antemio
3064 1788 3394 1841 Romanum
3433 1786 3751 1857 gubernante

474 1858 766 1969 accepit—zu
792 1858 1168 1956 Tua,‘inquit,
1197 1858 1406 1936 virtute
1429 1884 1487 1969 et
1517 1878 1816 1969 modestia
1833 1858 2085 1948 cognita,
2109 1858 2160 1917 B
2188 1874 2537 1969 imperium,
2549 1876 2738 1969 Leone
2767 1874 3497 1969 Constantinopolitanum,
3519 1872 3656 1944 apud
3670 1873 3754 1969 To-

473 1966 740 2061 expetere
770 1983 827 2035 te
858 1974 1102 2033 decrevi.
1145 1972 1287 2026 Nam
1317 1970 1363 2024 si
1392 1968 1581 2023 ultimi
1607 1967 1666 2022 in
1696 1967 1910 2021 ﬁnibus
1935 1966 2090 2020 orbis

470 2053 840 2136 teutiliorem
884 2062 1142 2119 invenire
1175 2076 1268 2113 me
1312 2073 1632 2129 speraram,
1688 2055 1846 2109 nulla
1871 2053 2091 2108 itineris

469 2159 737 2224 molestia
759 2151 1075 2226 impedirer
1088 2148 1222 2220 quin
1261 2162 1392 2200 eum
1410 2146 1791 2216 properanter
1807 2141 2085 2197 adirem.»

472 2254 733 2319 Cumque
756 2241 826 2296 ab
853 2255 923 2293 ea
942 2252 1041 2291 rex
1071 2235 1193 2287 haec
1227 2230 1537 2302 accepisset
1566 2244 1865 2298 responsa,
1886 2228 2090 2282 imme-

471 2354 603 2397 mor
627 2315 895 2390 amicitia:
922 2328 980 2379 et
1002 2318 1420 2377 beneficiorum
1453 2318 1525 2370 ab
1549 2316 1672 2386 ejus
1693 2315 1815 2370 viro
1848 2315 1953 2369 sibi
1977 2315 2089 2369 col-

469 2430 744 2486 latorum,
767 2417 889 2487 ipso
925 2407 1251 2481 superstite,
1276 2408 1474 2475 utpote
1502 2420 1782 2475 paganus,
1817 2419 1947 2457 eam
1977 2403 2084 2457 sibi

470 2518 533 2573 in
553 2502 991 2569 matrimonium
1017 2496 1271 2552 adscivit.
1297 2496 1445 2548 Dum
1468 2496 1664 2546 autem
1683 2496 1904 2546 secreta
1917 2491 2085 2562 juga-

469 2605 541 2663 lis
567 2598 682 2657 tori
700 2582 1420 2665 supervenissentsilentia,
1454 2581 1664 2635 mulier
1676 2580 1862 2634 virum
1886 2580 2083 2634 admo-

468 2695 571 2751 net
600 2706 634 2744 a
664 2686 865 2740 mutua
882 2666 1256 2732 eum'debere
1275 2685 1476 2725 vacare
1493 2668 1921 2739 conjunctione,
1953 2669 2084 2723 hor-

467 2786 734 2849 taturque
757 2773 821 2825 ut
849 2768 984 2822 ante
1013 2763 1166 2817 fores
1184 2758 1611 2849 rpalatii‘exeat,
1644 2760 1700 2849 et
1726 2774 1853 2829 qua:
1876 2757 2082 2849 viderit

466 2870 574 2927 sibi
591 2845 1258 2921 renuntiet.llle,monita
1276 2846 1532 2900 mulieris
1550 2845 1703 2899 haud
1717 2845 2080 2914 aspernanda

2190 1962 2372 2016 losam
2398 1961 2591 2017 Galliae
2613 1964 2818 2018 urbem
2849 1980 2880 2017 e
2916 1962 3110 2017 medio
3147 1962 3273 2032 ejus
3296 1965 3418 2016 tota
3447 1960 3535 2016 die
3559 1960 3753 2031 sanguis

2189 2050 2513 2122 largissimo
2546 2052 2707 2105 ﬂuxit
2731 2051 2870 2106 rivo.
2907 2051 3069 2115 Quod
3101 2050 3417 2122 prudentes
3443 2050 3639 2121 quique
3665 2049 3752 2102 Go-

2189 2140 2444 2206 thorum,
2476 2140 2573 2211 qui
2601 2141 2805 2194 eadem
2835 2141 3162 2211 regnabant
3180 2140 3241 2192 in
3265 2137 3755 2210 civitate,perditio-

2189 2244 2346 2293 nem,
2367 2229 2832 2299 Francorumque
2855 2228 3123 2283 dixerunt
3148 2226 3497 2299 portendere
3529 2225 3755 2280 domina-

2186 2315 2426 2371 tionem.
2456 2317 2550 2371 His
2579 2334 2809 2388 quoque
2859 2317 3059 2371 diebus
3113 2316 3396 2383 Odoacer,
3429 2314 3522 2387 qui
3569 2314 3755 2369 Herulis

2186 2405 2427 2475 altisque
2456 2405 2789 2459 nationibus
2810 2422 2937 2476 quae
2965 2403 3215 2458 Danubii
3242 2404 3398 2474 ripas
3416 2402 3756 2457 incoluntim-

2184 2493 2492 2563 peritabat,
2516 2493 2751 2547 victoria
2774 2494 2973 2558 elatus,
2998 2492 3482 2563 quam,iFeletheo
3496 2491 3753 2561 Rugorum

2182 2597 2319 2652 rege
2352 2582 2503 2636 bello
2533 2581 2776 2648 devicto,
2816 2582 3056 2651 adeptus
3090 2583 3240 2648 erat,
3274 2580 3495 2635 Italiam
3542 2597 3574 2633 a
3616 2582 3753 2649 parte

2184 2669 2622 2724 Pannoniorum
2642 2669 2915 2723 invadere
2930 2668 3512 2739 cogitabat.Cumque
3524 2668 3654 2721 fines
3669 2667 3756 2720 No-

2182 2756 2435 2811 ricorum
2470 2757 2895 2827 ingrederetur,
2928 2755 3285 2827 colloquium
3317 2756 3607 2826 cujusdam
3633 2752 3755 2807 servi

2184 2844 2560 2909 Dei,nomine
2583 2844 2839 2898 Severini
2862 2844 3049 2915 petiit,
3080 2844 3173 2914 qui
3202 2845 3295 2899 his
3326 2845 3384 2898 in
3417 2844 3550 2899 locis
3578 2858 3753 2897 mona-

462 2956 793 3017 arbitratus,
838 2943 988 2999 dicto
1018 2940 1203 3011 paret.
1246 2937 1331 3001 Et,
1364 2951 1495 2988 ecce
1525 2951 1643 3006 pra)
1687 2933 1902 2988 foribus
1934 2935 2077 2988 aulae
2180 2933 2416 2987 sterium
2439 2933 2541 2987 sibi
2566 2936 3033 2987 construxerat.A
3051 2949 3163 3004 quo
3182 2933 3367 3003 petita
3383 2932 3755 2987 benedictione

455 3045 633 3119 regia:
645 3038 803 3095 videt
828 3042 1175 3102 magnarum
1204 3024 1422 3119 form-as
1442 3022 1768 3119 bestiarum.
1781 3022 1956 3119 veluti
1985 3022 2080 3077 de-
2180 3025 2238 3075 et
2256 3022 2587 3119 impetrata,
2607 3022 2744 3076 dum
2762 3022 3005 3119 donmur‘n
3026 3021 3435 3119 egredi‘vellet,
3452 3025 3509 3075 et
3531 3037 3587 3075 se
3613 3020 3677 3074 ad
3690 3019 3753 3117 ⁸Ιί-

459 3107 1229 3193 ambmantium,pardorum
1250 3111 1482 3177 scilicet,
1507 3108 2076 3180 unicornium,atque
2181 3126 2317 3163 men
2339 3110 2488 3178 ostii,
2512 3127 2585 3163 nc
2597 3113 2769 3180 caput
2786 3107 3753 3177 otfenderet,inclinasset,eratenim

459 3230 724 3285 leonum.
758 3204 1099 3266 Perterritus
1119 3200 1313 3270 itaque
1342 3199 1414 3251 ad
1447 3197 1757 3267 conjugem
1780 3202 2074 3268 properat,
2098 3215 2145 3274 α
2180 3202 2397 3253 statura
2429 3215 2721 3269 procerus,
2750 3199 2871 3253 haec
2904 3200 2977 3253 ab
3011 3198 3218 3253 eodem
3240 3199 3364 3253 viro
3396 3199 3494 3253 Dei
3521 3197 3714 3252 audivit
3740 3212 3750 3248 :

458 3284 588 3371 rem
616 3303 819 3362 ordine
842 3289 1151 3350 refertJlla
1174 3286 1466 3341 conlidere
1485 3301 1620 3338 eum
1653 3284 1901 3354 imperat
1936 3288 1994 3338 et
2019 3302 2083 3353 ut
2186 3308 2214 3338 «
2244 3286 2419 3353 Vade,
2440 3286 2718 3348 Odoacer,
2736 3286 2938 3341 vilibus
2960 3303 3111 3341 nunc
3131 3286 3519 3341 animantium
3541 3285 3755 3357 pellibus

462 3370 715 3457 secundo
750 3402 814 3441 ac
840 3380 1013 3438 tertio
1045 3376 1105 3430 id
1126 3373 1298 3428 faciat
1328 3370 1861 3426 edicit.Rcvertenti
1885 3371 2079 3442 itaque

2183 3373 2436 3441 indutus,
2453 3376 2627 3429 Italiae
2652 3375 2922 3429 dominus
2936 3391 3067 3429 mox
3086 3374 3338 3430 futurus.
3368 3397 3395 3423 ››
3420 3373 3648 3438 Quaviri
3676 3370 3759 3426 Dei

459 3485 588 3557 regi
608 3469 1113 3552 apparentiterum
1136 3475 1403 3557 ursorum
1428 3460 1811 3529 luporumque
1843 3458 2083 3557 circum-
2184 3462 2489 3557 prophetia
2516 3462 2611 3516 ille
2644 3462 2859 3528 audita,
2888 3462 3109 3516 Italiam
3136 3461 3452 3532 ingressus,
3471 3478 3583 3517 non
3602 3464 3658 3515 ut
3675 3460 3758 3514 de-

460 3547 818 3632 cursantium
847 3554 1153 3625 imagines.
1179 3547 1367 3602 Tertio
1381 3562 1611 3618 quoque
1636 3562 1915 3617 egressus,
1930 3547 2080 3618 aspi-
2184 3549 2326 3617 buit,
2350 3550 2449 3605 sed
2467 3553 2529 3604 ut
2550 3550 2746 3615 voluit,
2769 3550 3021 3605 caedibus
3052 3566 3115 3604 ac
3135 3550 3361 3619 rapinis
3381 3554 3581 3605 cuncta
3607 3552 3762 3602 vasta-

460 3663 539 3719 cit
555 3668 766 3715 canum
805 3647 1019 3717 figuras
1039 3638 1448 3706 minorumque
1476 3633 1813 3688 animalium
1843 3651 1903 3688 se
1942 3634 2083 3688 invi-
2162 3638 2557 3693 »vit.Antemio
2579 3655 2710 3693 vero
2726 3638 3076 3709 imperatore
3094 3638 3301 3693 fraude
3322 3637 3573 3694 Ricimiri
3586 3633 3761 3709 generi

459 3766 589 3808 cem
614 3733 1013 3800 lacerantium.
1065 3727 1314 3795 Stupens
1338 3722 1534 3794 igitur,
1563 3722 1795 3776 visionis
1822 3722 2079 3793 ignarus,
2182 3727 2268 3782 sui
2299 3727 2670 3797 interempto,
2693 3726 2830 3796 ipsis
2860 3725 3035 3779 etiam
3068 3726 3349 3780 Romanae
3372 3726 3526 3780 urbis
3545 3722 3759 3780 summis

459 3839 706 3899 stratum
728 3822 961 3898 repetit,
988 3830 1219 3873 causam
1250 3810 1523 3885 prudenti
1536 3809 1771 3899 femina;
1794 3808 2079 3899 panditzet

2183 3816 2408 3871 arcibus
2428 3815 2685 3870 infestius
2709 3813 2980 3869 minitare
3012 3814 3200 3886 coepit.
3226 3814 3355 3879 Qua
3377 3815 3446 3870 de
3469 3831 3631 3870 causa
3663 3814 3758 3867 Ro-

460 3896 601 4003 quid
620 3923 727 3977 ista
745 3896 1098 3989 portendant
1126 3899 1400 4003 sollicitus
1431 3896 1762 4003 erploratpr
1808 3898 2074 4003 eaquirit.
2179 3905 2341 3960 mani
2365 3907 2423 3959 et
2442 3903 2692 4001 maxime
2713 3904 2880 3957 Gothi
2901 3902 3212 4003 legatos‘ad
3227 3903 3488 3958 Leonem
3503 3904 3757 4003 Constat}:

457 3986 719 4084 ﬁamque
732 3986 851 4060 non
866 4015 925 4053 se
956 3997 1030 4051 ab
1053 4009 1121 4084 ea
1135 3991 1347 4084 frustra
1382 3987 1456 4041 ad
1483 3987 1604 4041 haec
1629 3986 1907 4084 intuenda
1945 3987 2083 4041 mis-
2175 3992 2623 4084 tinopolitanum
2648 3991 3063 4084 imperatorem
3084 3988 3584 4060 diriguntoratum
3597 3994 3655 4045 ut
3666 3986 3758 4043 sibi

459 4073 588 4161 sum
609 4073 765 4154 certo
787 4087 1020 4146 sciebat.
1043 4082 1143 4136 Illa
1170 4080 1325 4132 caste
1353 4091 1412 4129 sc
1443 4090 1614 4145 agere
1645 4073 1832 4127 virum
1865 4090 1934 4128 ea
1966 4092 2072 4129 no-

459 4197 548 4249 οιθ
561 4180 906 4263 ριιωωοιιθῐ,
927 4173 1131 4229 cuncta
1151 4167 1478 4233 se,ventura
1493 4163 1638 4225 luce,
1653 4161 2072 4219 declaraturam

457 4249 756 4355 pollicens.
789 4269 938 4323 Dum
980 4274 1120 4329 ergo
1159 4268 1334 4308 aurea
1371 4252 1570 4323 polum
1598 4249 1771 4304 facies
1801 4251 2072 4323 rutilique

454 4338 629 4442 jubar
658 4357 791 4415 solis
829 4351 984 4407 diem
1013 4343 1376 4406 decorarent,
1409 4338 1588 4410 surgit
1615 4339 2072 4402 mulier,mariti-

463 4427 575 4529 que
598 4448 866 4506 animum
898 4433 1072 4492 dubia
1094 4430 1312 4485 visione
1337 4442 1675 4498 suspensum
1697 4427 1802 4480 hac
1821 4428 2073 4483 reddidit

2176 4081 2381 4152 aliquis
2408 4080 2736 4133 mitteretur
2761 4079 3110 4150 principum,
3139 4093 3245 4148 per
3296 4080 3456 4150 cujus
3508 4078 3755 4134 auxilium

2173 4168 2456 4239 impetum
2483 4166 2891 4237 propulsarent
2921 4165 3197 4221 hostium.

2813 4254 3037 4308 CAPUT
3072 4255 3133 4307 X.

2622 4342 2705 4397 De
2735 4343 3046 4397 Theudorici
3080 4344 3321 4413 imperio.

2243 4434 2379 4487 Erat
2404 4434 2599 4486 autem
2620 4431 2855 4502 quidam
2880 4432 3032 4485 inter
3045 4431 3334 4501 primores
3354 4433 3657 4504 imperialis
3672 4448 3753 4485 au-

463 4494 723 4600 :ratione
744 4527 989 4587 lenitum
1021 4538 1035 4574 :
1063 4541 1091 4570 «
1124 4517 1253 4583 Has,
1283 4514 1450 4581 inuit,
1471 4513 1553 4567 mi
1580 4514 1687 4581 vir,
1719 4515 1892 4569 corde
1922 4517 2070 4586 pelle
2095 4494 2149 4555 D
2170 4523 2261 4589 lae,
2292 4520 2678 4575 Theodoricus
2708 4520 2968 4587 nomine,
2998 4519 3083 4572 vir
3112 4524 3384 4590 spectata:
3431 4520 3749 4592 prudentiae,

461 4644 646 4693 curas,
688 4623 746 4676 et
774 4630 900 4688 quae
914 4610 1100 4667 dicam
1123 4604 1351 4658 intenta
1364 4600 1594 4672 percipe
1615 4604 2069 4661 mente.Etenim

462 4735 582 4777 non
593 4692 825 4769 tantum
847 4693 1220 4776 praesentium
1258 4692 1384 4777 acta
1398 4705 1595 4777 rerum
1617 4694 1897 4761 quantum
1925 4692 2074 4747 futu-

460 4818 663 4865 rorum
694 4799 779 4852 est
793 4795 1085 4848 ostensum
1110 4776 1479 4853 praesagium.
1496 4776 1607 4830 Nec
1630 4780 1685 4832 te
1716 4778 1934 4835 formas
1957 4781 2075 4838 ani-

462 4864 730 4953 malium,
764 4880 847 4937 uti
876 4878 1008 4933 ante
1034 4869 1211 4944 pedes
1236 4864 1421 4919 vidisti
1453 4864 1687 4936 positas,
1719 4866 1963 4937 dignum
1989 4873 2075 4923 est

462 4964 951 5059 perpendere,sed
969 4959 1161 5034 potius
1184 4956 1243 5010 in
1263 4954 1351 5008 his
1380 4956 1744 5024 posterorum
1775 4971 1968 5010 mores
2016 4960 2074 5011 et

466 5041 627 5129 actus
654 5065 987 5119 nostrorum
1018 5046 1246 5120 oportet
1258 5041 1797 5114 prospicias.Nostro
1818 5060 2071 5116 namque

467 5159 566 5234 qui
594 5150 798 5228 primis
823 5136 1023 5213 'surget
1047 5154 1081 5192 a
1108 5131 1331 5189 semine
1360 5130 1577 5201 ﬁliique
1607 5131 1935 5187 censebitur
1964 5151 2070 5189 no-

467 5219 648 5312 111mg,
674 5233 913 5308 insignis
960 5226 1068 5284 erit
1094 5220 1390 5296 potentias,
1418 5235 1593 5291 quem
1619 5219 1804 5275 leonis
1832 5223 1920 5276 vel
1951 5223 2074 5277 uni-

465 5309 657 5395 cornis
680 5317 1023 5398 conspexisti
1042 5316 1099 5370 in
1126 5312 1398 5385 speciem.
1428 5310 1491 5398 In
1502 5309 1689 5398 figura
1706 5325 1844 5364 sane
1866 5312 1985 5385 lupi
2005 5330 2071 5368 ac

465 5425 583 5485 ursi
612 5396 915 5491 signantur
938 5406 1112 5480 ipsius
1141 5398 1376 5474 posteri,
1408 5396 1613 5452 viriute
1636 5400 1953 5469 praevalidi,
1984 5419 2073 5457 ra-

462 5486 731 5594 pinasque
756 5500 927 5561 avidi.
941 5499 1013 5552 At
1027 5492 1208 5589 canis,
1233 5486 1486 5543 libidinis
1501 5486 2070 5594 impatiens,nullius-

464 5579 577 5682 que
594 5579 839 5661 virtutis,
870 5591 1132 5645 humana
1149 5579 1275 5634 sine
1300 5591 1411 5649 ope
1437 5592 1558 5630 esse
1589 5592 1706 5631 non
1733 5581 2067 5653 praevalens,

465 5662 670 5754 eorum
688 5674 959 5759 praesagit
977 5667 1269 5745 ignaviam
1294 5662 1395 5738 qui
1407 5663 1627 5720 ultimis
1645 5663 1708 5725 in
1732 5668 1955 5724 saeculis
1966 5670 2071 5729 hu.

2172 4610 2333 4680 cujus
2362 4612 2526 4679 pater
2551 4609 2902 4675 Theodorus,
2933 4608 3264 4664 Macedonia
3304 4611 3554 4679 genitus,
3584 4610 3754 4679 cujus-

2175 4699 2311 4754 dam
2344 4696 2509 4751 Idatii
2539 4695 2758 4767 patricii
2803 4696 2943 4750 dum
2980 4700 3128 4750 esset
3155 4697 3429 4765 famulus,
3459 4697 3750 4770 quamdam

2175 4801 2509 4841 conservam
2536 4801 2720 4851 suam,
2744 4784 2982 4838 nomine
3014 4783 3238 4849 Liliam,
3267 4801 3465 4841 amare
3495 4785 3658 4856 coepit
3680 4800 3755 4838 ar-

2174 4874 2415 4929 dentius.
2428 4872 2593 4936 Quod
2604 4888 2920 4943 agnoscens
2936 4871 3493 4944 dominus,conjugis
3504 4872 3751 4944 Eugeniae

2173 4962 2410 5017 consilio
2429 4978 2580 5027 usus,
2602 4976 2732 5015 eam
2754 4960 2835 5014 illi
2854 4959 3089 5014 tradidit
3118 4976 3451 5032 conjugem,
3475 4962 3649 5017 sciens
3669 4976 3752 5014 ea-

2175 5052 2307 5106 dem
2342 5051 2412 5104 de
2444 5052 2617 5121 gente
2635 5065 2757 5103 esse
2774 5051 3144 5119 prognatam.
3171 5048 3344 5120 Cujus
3366 5050 3621 5115 domina,
3640 5062 3753 5118 qua:

2172 5158 2231 5197 se
2261 5141 2449 5195 fructu
2476 5138 2692 5193 ventris
2722 5137 2956 5191 dolebat
2981 5153 3102 5191 esse
3127 5137 3434 5209 privatam,
3453 5139 3573 5193 haec
3598 5137 3673 5192 illi
3701 5136 3751 5190 in

2175 5228 2463 5285 mandatis
2493 5227 2653 5282 dedit
2682 5230 2765 5292 ut,
2799 5225 2956 5297 quod
2984 5225 3173 5296 prima
3213 5229 3382 5281 nocte
3405 5227 3613 5298 jugalis
3652 5223 3750 5279 tori

2172 5318 2231 5372 in
2252 5317 2470 5373 somnis
2494 5316 2731 5381 videret,
2757 5313 2813 5368 id
2835 5314 2937 5369 sibi
2963 5314 3231 5370 nuntiare
3247 5314 3750 5387 curaret.Eaigitur

2172 5410 2362 5469 nocte.
2378 5422 2493 5477 qua
2513 5404 2768 5476 primum
2790 5419 2921 5457 cum
2938 5402 3059 5457 viro
3086 5408 3305 5459 secreta
3332 5404 3499 5476 petiit
3524 5400 3748 5458 cubiculi

2171 5496 2417 5563 silentia,
2446 5494 2599 5549 videt
2636 5492 2844 5547 mulier
2888 5492 2960 5546 ab
3003 5491 3278 5548 umbilico
3305 5493 3409 5548 sibi
3456 5492 3747 5564 procedere

2171 5584 2444 5640 arborem
2461 5598 2638 5655 usque
2657 5581 2731 5636 ad
2752 5583 2903 5636 tecta
2928 5580 3134 5635 domus
3163 5587 3603 5639 excrescentem.
3622 5582 3748 5635 Ter-

2167 5688 2301 5730 rore
2324 5669 2558 5729 visionis
2574 5668 2977 5743 expergefacta
2993 5673 3194 5727 narrat
3216 5672 3334 5728 viro
3355 5671 3645 5742 visionem,
3674 5667 3742 5722 si-
