3862 6172
194 416 273 470 815
1214 408 1532 470 HISTORIA
1563 408 2006 474 FRANCORUM.
2041 445 2113 461 -
2144 410 2271 474 LIB.
2293 415 2336 478 I.

3323 427 3435 488 616

209 535 298 589 111111
320 537 365 587 et
384 533 447 587 de
462 532 982 605 minasjussienem.
1005 536 1100 590 Ille
1127 535 1325 591 mirari
1341 537 1546 600 visum,
1569 536 1807 601 domi-A
1829 541 2088 610 quamvis
2119 541 2192 595 sit
2224 541 2509 596 bellorum
2541 543 2848 600 sublimata
2869 543 3331 621 triumphis,plus
3343 555 3428 606 ta-

195 640 362 694 naaquze
380 622 537 694 erepit
552 623 786 677 laudare
804 625 1308 696 praeceptum.Sed
1331 626 1544 681 timens
1568 627 1724 698 pueri

193 712 424 765 interitum
438 712 835 782 mutarejussit
848 715 1139 768 somnium
1155 716 1381 786 taleque
1397 716 1728 770 deditman-

189 802 364 855 datum:
396 821 418 852 ι
441 802 604 867 Dum,
639 801 844 872 inquit,
883 808 1016 857 ante
1047 804 1300 858 domina:
1336 805 1559 859 veneris
1588 821 1724 858 con-

186 894 386 960 spectum
405 893 458 943 et
467 889 628 958 jussa
654 890 829 945 fueris
859 892 1113 962 pandere
1136 893 1449 958 somnium,
1473 893 1624 947 dices
1646 894 1724 946 vi-

185 977 293 1032 disse
319 982 364 1031 te
399 994 604 1048 equum
647 983 705 1032 et
743 995 974 1051 equam,
1007 981 1422 1051 pulcherrimos
1462 983 1725 1036 omnium

184 1068 866 1140 obambulantesaliumque
884 1071 1184 1141 parvulum
1204 1088 1354 1142 pone
1375 1088 1474 1126 eos
1488 1088 1726 1142 sequen-

183 1158 286 1209 tem.
316 1178 337 1203 »
369 1157 572 1210 Parens
610 1156 708 1210 illa
737 1158 921 1212 verbis
955 1158 1058 1212 viri
1095 1159 1273 1213 refert
1313 1159 1566 1214 dominis
1609 1159 1723 1214 [icti

179 1245 308 1298 verba
323 1245 541 1299 somnii.
557 1245 929 1300 Gratulantur
947 1247 1028 1300 illi
1052 1264 1154 1318 pro
1177 1248 1430 1319 auspicio
1455 1248 1725 1302 nascituri

177 1332 565 1402 pueri,famules
591 1334 856 1388 libertate
874 1335 1112 1402 donant,
1139 1340 1454 1408 natumque
1477 1354 1721 1407 puerum

175 1421 252 1474 sibi
268 1421 522 1492 adoptant
543 1421 599 1475 in
624 1422 830 1476 filium.
853 1425 984 1478 Post
1001 1425 1141 1490 haec,
1167 1425 1345 1479 Idatie
1363 1428 1420 1480 et
1441 1425 1562 1495 ejus
1584 1442 1723 1479 con-

169 1509 273 1580 juge
297 1510 394 1564 vita
436 1511 866 1579 decedentibus,
901 1513 1061 1583 jussu
1113 1513 1316 1568 Leonis
1357 1515 1723 1585 imperatoris

169 1599 494 1653 Theodericus
524 1600 722 1654 castris
753 1601 1146 1672 imperialibus
1190 1603 1354 1656 miles
1380 1607 1465 1656 est
1497 1605 1724 1660 ascitus.

172 1685 264 1752 Qui,
287 1703 399 1740 cum
422 1689 644 1742 czeteris
669 1689 1011 1760 proceritate
1032 1691 1288 1760 corporis
1301 1694 1448 1745 esset
1465 1692 1726 1746 eminen-

168 1774 591 1841 tior,fertitudine
607 1794 836 1848 quoque
850 1779 1249 1832 membrorum
1266 1779 1586 1851 virtuteque
1599 1797 1632 1834 a
1643 1781 1723 1834 ni-

1829 644 1962 682 men
1992 629 2213 684 decoris
2237 631 2484 684 emeruit
2519 630 2836 703 insignibus
2866 635 3107 709 integra:
3139 639 3271 692 fidei
3305 657 3429 696 ma-

1831 717 2170 789 gniﬁcaeque
2208 718 2453 789 pietatis.
2489 721 2726 790 Majores
2765 724 2976 797 quippe
3013 727 3192 781 nostri
3216 729 3341 798 plus
3369 747 3429 784 se

1831 805 2170 860 alterutrum
2206 807 2416 878 pietate
2449 825 2622 879 quam
2647 811 2840 866 hostes
2873 816 3174 869 certabant
3202 816 3429 872 vincere

1830 893 2031 947 bellico
2058 896 2209 965 jure.
2241 897 2781 954 Praestantissimum
2808 902 3041 973 quidem
3073 905 3228 974 quod
3245 905 3431 960 fertur

1828 979 2016 1051 Scipio
2040 982 2110 1036 de
2123 983 2471 1055 Carthagine
2489 985 2903 1058 triumphasse;
2927 993 3307 1061 praestabilius
3343 1011 3431 1048 ve-

1825 1085 1891 1123 ro
1914 1070 2068 1140 quod
2101 1071 2310 1125 dicitur
2338 1071 3180 1150 infestissimihostisexsequiis
3209 1098 3427 1136 1101150-

1827 1157 1946 1210 lum
1990 1158 2336 1225 interfuisse,
2378 1177 2576 1216 verum
2610 1167 2668 1216 et
2718 1164 2886 1219 funus
2927 1166 3114 1238 ipsum
3162 1170 3430 1240 subjectis

1828 1246 2038 1301 vexisse
2067 1248 2340 1304 humeris.
2377 1250 2686 1306 Laudabile
2713 1269 2940 1326 quoque
2973 1257 3314 1329 Pompeium
3330 1259 3427 1313 Mi-

1827 1333 2051 1388 tridatis
2091 1335 2306 1390 delesse
2353 1337 2546 1409 copias
2592 1339 2894 1412 ipsumque
2939 1344 3012 1397 ad
3057 1348 3307 1399 mortem
3339 1363 3429 1402 co-

1827 1422 2042 1492 egisse;
2078 1425 2420 1480 laudabilius
2433 1427 2610 1480 etiam
2628 1428 2938 1498 Tigranem
2955 1448 3075 1486 sese
3090 1432 3425 1503 dedentem,

1827 1513 1994 1564 terra:
2017 1529 2126 1583 que
2149 1517 2282 1568 ante
2313 1513 2486 1584 pedes
2504 1519 2858 1585 prostratum
2879 1535 2944 1571 ac
2977 1519 3246 1576 diadema
3263 1539 3428 1577 suum

1827 1613 1998 1667 super
2017 1616 2208 1668 genua
2220 1601 2343 1671 ejus
2361 1605 2678 1673 ponentem
2700 1621 2820 1659 non
2849 1607 3037 1661 solum
3051 1609 3324 1678 elevasse,
3342 1627 3430 1664 ve-

1826 1702 1956 1739 rum
1984 1689 2159 1741 etiam
2189 1705 2466 1744 coronam
2493 1691 2615 1760 ejus
2640 1692 2810 1762 capiti
2838 1693 3427 1770 imposuisse,sibique

1827 1776 2136 1830 consedere
2163 1777 2380 1832 fecisse.
2415 1778 2564 1841 Quid
2591 1780 2919 1835 mirabilem
2943 1783 3143 1854 Reguli
3177 1787 3426 1841 consulis

168 1862 224 1915 mi
239 1868 342 1917 erat
359 1865 742 1935 praestantior.
765 1865 1394 1938 Undeipsiimperatori
1412 1869 1720 1942 multisque
1752 1859 1804 1918 Β
1826 1862 2074 1916 l‘efel‘am
2107 1864 2304 1932 ﬁdem,
2339 1866 2435 1937 qui
2457 1867 3204 1927 maluitinterinimicorum
3222 1890 3429 1929 manus

163 1953 463 2006 senatoribus
477 1955 688 2007 Charus
700 1954 1414 2010 habebatur.Venientibus
1428 1957 1620 2028 itaque
1634 1975 1723 2012 su-

164 2042 382 2109 pradictis
400 2044 799 2098 Romanorum
821 2045 1254 2116 Gothorumque
1278 2046 1480 2116 legatis
1510 2051 1566 2100 et
1593 2063 1721 2117 pro-

161 2132 255 2198 pter
267 2147 378 2201 qua:
393 2135 673 2186 venerant
693 2131 793 2185 inti
804 2133 1108 2203 mantibus,
1130 2133 1445 2204 imperator
1459 2135 1716 2189 Theodo-

161 2216 320 2284 ricum,
339 2220 673 2290 patriciatus
698 2221 916 2275 honore
939 2221 1297 2292 insignitum,
1323 2223 1395 2277 ad
1418 2227 1610 2293 partes
1633 2223 1718 2277 di-

163 2305 271 2358 rexit
296 2307 455 2361 Italia:
489 2309 752 2362 tuendas.
787 2309 915 2376 Qui,
947 2313 1144 2364 evectu
1176 2311 1360 2365 navali
1384 2313 1716 2384 Hesperiam

161 2391 418 2462 ingressus,
445 2413 585 2450 cum
619 2397 875 2451 Odoacro
907 2414 972 2451 ac
999 2397 1218 2452 Herulis
1249 2399 1417 2452 variis
1447 2401 1714 2454 successi-

159 2478 237 2534 bus
252 2482 387 2536 bella
408 2486 608 2555 gessit.
643 2486 898 2550 Quadam
923 2489 1119 2541 autem
1143 2487 1260 2542 vice
1283 2488 1432 2542 bello
1465 2489 1717 2543 devictus

157 2567 439 2626 Raz'ennam
471 2574 707 2644 fugiens
741 2579 936 2646 petere
976 2579 1060 2630 est
1105 2581 1352 2630 coactus.
1393 2578 1490 2631 Cui
1528 2581 1716 2632 mater

157 2654 491 2716 Liliaebviam
514 2662 704 2729 venit;
737 2667 863 2717 orat
891 2667 951 2717 ut
971 2665 1029 2717 in
1056 2665 1271 2718 bellum
1305 2665 1522 2720 redeat.
1565 2667 1714 2720 Cun-

153 2747 671 2804 ctantitaliterinﬁt:
709 2774 735 2799 ‹‹
764 2751 892 2805 Mihi
918 2753 1107 2819 crede,
1140 2753 1241 2819 fili,
1273 2770 1389 2807 non
1433 2758 1518 2807 est
1549 2759 1715 2824 tugu-

154 2832 289 2903 rium,
320 2854 428 2908 quo
467 2838 704 2908 fugiens
737 2842 792 2893 te
814 2840 1069 2911 recipere
1105 2841 1306 2912 possis,
1339 2841 1445 2895 nisi
1477 2843 1716 2897 allevem

148 2927 418 2990 vestem,et
437 2943 598 2993 eam,
633 2944 698 2981 ex
725 2945 838 2999 qua
867 2929 1120 2998 primam
1150 2929 1304 2983 fusus
1336 2946 1395 2984 es
1427 2930 1483 2984 in
1506 2931 1712 2998 lucem,

150 3007 445 3080 ingrediaris
475 3016 743 3072 domum.
776 3039 803 3065 ››

199 3099 388 3161 Quibus
430 3105 627 3158 verbis
675 3105 930 3160 irritatus
973 3106 1217 3177 juvenis,
1256 3108 1591 3180 pudoreque
1625 3107 1712 3161 in-
1742 3134 1790 3194 α

147 3185 455 3259 flammatus,
481 3195 727 3248 collecta
746 3211 1002 3261 suorum,
1027 3212 1170 3266 quos
1186 3196 1256 3250 ad
1277 3214 1529 3268 praesens
1547 3213 1710 3268 repe-

141 3274 214 3339 rit,
233 3293 411 3346 parva,
432 3281 698 3354 quidem,
719 3283 818 3336 sed
841 3284 1074 3338 robusta
1096 3301 1295 3349 manu,
1323 3301 1494 3355 super
1522 3285 1712 3338 hostes

142 3359 290 3431 irruit,
316 3369 408 3438 qui
437 3369 658 3424 securri
689 3371 942 3426 victoriae
973 3375 1090 3426 late
1136 3372 1322 3426 diffusi
1347 3373 1620 3442 jacebant
1652 3373 1711 3426 in

139 3463 326 3522 camp0.
354 3457 467 3511 Hos
499 3474 645 3528 ergo
675 3458 1048 3513 circumfusos
1073 3461 1277 3514 sternit
1303 3462 1597 3532 fugatque,
1631 3460 1714 3532 ip-

141 3552 341 3612 sumque
368 3545 702 3600 Odoacrum
719 3547 893 3617 capit.
923 3548 1104 3610 Quem
1129 3566 1245 3602 non
1268 3551 1448 3604 multo
1472 3554 1598 3620 post
1617 3567 1710 3605 oc-

140 3625 245 3682 cidit
268 3647 626 3705 omnemque
649 3636 867 3689 Italiam
897 3653 930 3690 a
950 3637 1347 3692 dominatione
1371 3638 1711 3693 llerulorum

139 3717 326 3788 eripuit.
349 3723 460 3777 Sed
483 3724 641 3777 hunc
659 3724 780 3794 ejus
800 3741 1141 3796 prosperum
1173 3743 1492 3781 successum
1522 3727 1716 3781 invida

139 3811 340 3864 mutavit
355 3811 618 3867 fortuna.
642 3813 784 3866 Nam
803 3813 944 3867 sicut
966 3814 1087 3868 fieri
1112 3817 1318 3869 assolet
1343 3819 1403 3868 ut
1419 3815 1586 3869 bonis
1602 3816 1712 3869 vir-

137 3897 242 3951 tutis
257 3907 641 3972 augmentum
665 3903 818 3974 apud
838 3903 1133 3973 improbos
1152 3905 1375 3960 invidim
1391 3905 1710 3973 detlocum,

137 3985 334 4054 quidam
353 3991 424 4046 de
443 3991 812 4046 senatoribus
830 3993 980 4064 apud
999 3995 1200 4048 urbem
1217 3994 1436 4065 regiam
1461 4011 1713 4049 comma-

136 4079 303 4130 nentes
363 4079 639 4134 secundis
686 4081 1022 4135 Theoderici
1077 4081 1412 4137 invidebant
1470 4084 1710 4138 actibus.

139 4158 464 4238 Quapropter
476 4169 763 4240 derogare
784 4171 935 4241 apud
950 4170 1362 4242 imperatorem
1375 4172 1544 4226 rebus
1557 4173 1628 4226 ab
1642 4189 1710 4227 eo

135 4251 315 4319 Optime
332 4257 512 4326 gestis
533 4257 722 4311 conati
737 4261 894 4324 sunt;
921 4259 1311 4331 adeuntesque
1332 4261 1582 4316 Leonem
1602 4262 1710 4316 im-

139 4345 428 4404 peratorem
453 4348 584 4416 ejus
605 4347 1114 4401 clementissimum
1139 4349 1398 4402 animum
1425 4367 1489 4404 ex
1512 4367 1612 4404 sua
1630 4353 1710 4404 Ie-

134 4425 272 4483 vitate
309 4433 453 4488 alios
505 4434 939 4489 existimantem
997 4438 1070 4490 ab
1129 4454 1325 4490 amere
1373 4438 1710 4493 Theoderici

137 4522 351 4574 avertere
383 4523 740 4592 gestiebant,
768 4524 1168 4595 contingentes
1213 4527 1354 4579 velle
1397 4527 1711 4581 Theodori-

132 4614 238 4656 cmi
262 4608 556 4680 Hesperia:
575 4611 828 4682 arripere
846 4629 1114 4683 regnum.
1139 4613 1231 4666 His
1257 4613 1574 4684 imperator
1595 4632 1715 4669 cre-

137 4687 272 4746 dulus
298 4697 489 4752 verbis
529 4715 660 4752 eum
697 4700 768 4753 ab
804 4701 964 4754 Italia
995 4701 1305 4757 accersivit.
1342 4702 1512 4772 Cujus
1535 4703 1714 4758 Theo-

135 4775 324 4837 dericus
343 4803 566 4857 parens
592 4788 891 4858 praeceptis
921 4805 1052 4842 eum
1082 4789 1365 4843 nobilibus
1394 4790 1710 4846 Gothorum

135 4866 173 4917 ti
198 4869 752 4946 Constantinopolim
781 4876 1047 4930 occurrit.
1072 4878 1403 4932 Delatorum
1427 4895 1560 4932 vero
1583 4895 1708 4934 ver-

132 4956 249 5011 sutia
275 4962 552 5032 princeps
572 4963 841 5034 deceptus
862 4969 1228 5036 segregatum
1260 4982 1293 5020 a
1313 4966 1428 5020 suis
1447 4967 1708 5021 Theodo-

134 5043 283 5102 ricum
297 5051 630 5106 interficere
643 5053 951 5123 cogitabat.
961 5053 1073 5108 Sed
1086 5054 1252 5125 hujus
1267 5053 1711 5112 machinationis

133 5133 318 5192 technis
349 5140 612 5196 obviabit
645 5143 1012 5209 Ptolomaaus,
1047 5143 1133 5198 vir
1164 5143 1437 5198 senatorii
1471 5145 1708 5215 ordinis,

133 5227 371 5286 providus
401 5231 680 5285 consiliis.
711 5230 814 5295 Qui
846 5232 1156 5287 ﬁdissimus
1185 5231 1507 5288 amicorum
1528 5234 1710 5288 'l‘hee-

131 5304 278 5368 dorici
298 5315 442 5372 dum
477 5322 646 5386 esset,
669 5322 729 5373 et
761 5319 833 5374 ab
861 5319 1249 5375 adolescentia
1280 5321 1411 5391 jure
1443 5320 1712 5376 amicitiae

129 5394 432 5472 federatus,
453 5407 613 5461 nulla
632 5411 857 5478 poterat
870 5409 928 5462 in
942 5409 1065 5479 ejus
1079 5408 1277 5462 odium
1294 5407 1604 5462 calliditate
1619 5408 1713 5462 de-

129 5483 271 5545 flecti.
313 5494 412 5549 1110
455 5513 623 5566 ergo,
663 5497 904 5552 subdola
933 5498 1392 5553 adversariorum
1426 5498 1709 5568 persenti-

128 5588 262 5632 scens
272 5584 680 5650 rensilia,adiit
691 5587 1009 5660 principem
1019 5588 1252 5660 ,talique
1266 5588 1421 5660 apud
1434 5603 1568 5642 eum
1585 5604 1711 5642 ora-

129 5661 260 5724 tione
290 5687 422 5731 usus
452 5676 571 5731 est:
601 5697 629 5727 «
659 5675 932 5742 Romani,
961 5676 1169 5751 inquit,
1209 5677 1395 5750 gloria
1426 5676 1708 5741 nominis,

1824 1949 2097 2006 inauditis
2124 1954 2312 2022 perire
2343 1954 2634 2026 suppliciis
2666 1973 2841 2028 quam
2861 1958 3024 2029 jurisj
3038 1962 3241 2015 urandi
3276 1963 3432 2016 fran-

1823 2039 2012 2108 gendo
2035 2040 2212 2095 ﬁdem
2235 2043 2434 2096 Roma:
2458 2045 2887 2100 amantissimus
2902 2047 3085 2101 vivere
3107 2048 3240 2102 civis
3257 2050 3285 2103 ?
3301 2051 3428 2106 Men

1823 2142 1960 2197 ergo
1992 2129 2283 2200 suscipias,
2337 2131 2794 2187 clementissime
2843 2133 3179 2204 imperator,
3227 2154 3428 2193 eorum

1820 2216 1995 2269 verba
2021 2217 2117 2287 qui
2149 2219 2320 2272 decus
2351 2219 2591 2290 imperii
2614 2221 2696 2274 tui
2726 2222 2982 2290 perfidia:
3012 2225 3209 2278 velunt
3238 2224 3426 2297 inqui-

1822 2319 1960 2356 nare
1993 2307 2236 2362 macula.
2273 2306 2425 2370 Quid
2453 2307 2613 2361 enim
2643 2311 2767 2363 toto
2796 2309 3018 2364 dicetur
3061 2311 3119 2364 in
3165 2313 3326 2379 orbe,
3383 2314 3428 2369 si

1820 2393 2359 2464 praestantissimum
2389 2395 2595 2449 ducem
2615 2398 2732 2450 tam
2754 2396 3156 2454 infandissima
3169 2416 3432 2470 pereme-

1819 2480 1897 2533 ris
1926 2485 2112 2535 morte
2144 2483 2170 2536 ?
2201 2483 2314 2536 Sed
2343 2484 2568 2553 placeat
2605 2483 2715 2537 tibi
2760 2485 3062 2540 consilium
3093 2503 3311 2555 meum,
3347 2493 3427 2556 et,

1819 2568 1957 2622 dum
2010 2570 2289 2640 palatium
2336 2571 2640 2626 intraverit
2687 2572 3097 2641 Theodericus,
3145 2576 3424 2632 custodiae

1818 2658 2181 2727 mancipetur
2208 2658 2448 2712 vinctus.
2489 2662 2622 2714 Post
2651 2661 2773 2714 haec
2805 2661 3113 2717 mittantur
3145 2679 3210 2718 ex
3250 2682 3418 2720 sena-

1819 2745 2038 2799 toribus
2067 2746 2264 2816 aliqui,
2293 2748 2390 2817 qui
2428 2747 2537 2801 hoc
2565 2766 2599 2802 a
2619 2752 2719 2802 tua
2738 2749 2953 2819 pietate
2984 2767 3325 2822 responsum
3340 2771 3425 2809 re-

1817 2832 2009 2886 ferant
2036 2833 2232 2888 Gothis
2262 2851 2274 2888 :
2315 2857 2343 2884 «
2370 2835 2515 2901 Non,
2568 2836 2853 2906 inquiant,
2895 2838 3219 2906 dimittetur
3241 2841 3424 2896 Theo-

1819 2921 2065 2988 doricus,
2101 2923 2207 2976 nisi
2248 2939 2306 2976 se
2353 2923 2691 2994 purgaverit
2730 2925 2967 2995 objectis
3005 2926 3361 2982 criminibus.
3399 2952 3426 2978 »

1889 3011 2103 3064 Placuit
2127 3027 2316 3065 sermo
2346 3011 2591 3083 principi
2637 3017 2959 3083 cunctoque
2986 3015 3228 3070 senatui.
3262 3016 3426 3070 Mitti-

1817 3101 1910 3152 tur
1941 3100 2287 3153 Ptolomaeus
2338 3116 2470 3153 cum
2500 3099 2621 3154 aliis
2653 3100 2874 3170 legatis,
2905 3101 3026 3154 haec
3058 3102 3424 3159 nuntiaturus

1815 3187 2030 3242 Gothis.
2061 3188 2426 3242 Praemiserat
2452 3204 2588 3242 sane
2603 3205 2844 3258 puerum
2867 3189 2972 3243 1100
2999 3190 3420 3246 illisintimatu-

1814 3280 2035 3342 rum,ut
2049 3293 2183 3330 eum
2200 3292 2330 3330 cum
2343 3277 2561 3330 caeteris
2575 3276 2903 3331 venientem
2923 3286 3197 3348 caperent
3217 3285 3274 3333 et
3292 3280 3414 3334 haec

1815 3365 2152 3436 imperatori
2173 3365 2548 3420 mandarent:
2574 3389 2600 3415 ‹‹
2627 3367 2750 3420 Non
2773 3365 3146 3421 remittentur
3187 3372 3420 3422 senate-

1815 3471 1927 3521 res,
1951 3453 2056 3506 nisi
2077 3453 2380 3508 dominum
2399 3470 2563 3507 suum
2585 3453 3239 3522 receperintGotherum
3261 3456 3422 3510 nobi-

1815 3543 1952 3596 les.»
1974 3542 2056 3596 Illi
2075 3541 2309 3596 monitis
2327 3541 2433 3596 sibi
2455 3542 2766 3596 utilissimis
2779 3542 3420 3611 obsecundant,circum

1815 3635 2018 3685 ventos
2047 3635 2339 3686 senatores
2357 3631 2413 3684 in
2435 3631 2660 3685 vincula
2679 3631 3011 3701 conjiciunt.
3039 3632 3161 3695 Qua
3177 3650 3239 3687 re
3257 3650 3420 3688 com-

1816 3724 2000 3790 perta,
2026 3721 2213 3774 Caesar
2228 3720 2515 3773 feritatem
2531 3719 2718 3789 gentis
2731 3720 3041 3786 veritus,ne
3061 3721 3200 3792 quid
3213 3722 3272 3776 111
3290 3740 3421 3778 suos

1817 3808 2048 3862 crudele
2075 3810 2316 3878 agerent
2341 3809 2604 3861 consulte
2623 3809 2979 3877 praecavit,et
2993 3809 3418 3866 Theodericum

1815 3897 2033 3950 salvum
2064 3895 2257 3950 Gothis
2294 3895 2567 3949 reddidit.
2588 3897 2671 3948 Ita
2701 3896 2940 3966 provido
2975 3897 3144 3950 amici
3180 3899 3416 3954 consilio

1815 3985 1887 4039 ad
1917 4000 2172 4055 praesens
2205 3985 2275 4038 de
2300 3983 2506 4038 mortis
2533 3983 2806 4037 liberatus
2833 3986 2919 4036 est
2957 3984 3232 4054 periculo.
3268 3987 3417 4040 Dum

1811 4090 1948 4128 vero
1983 4075 2227 4126 Romam
2260 4088 2522 4126 reversus
2554 4074 2721 4137 esset,
2755 4071 2943 4126 varies
2991 4088 3124 4125 eum
3178 4073 3422 4143 contigit

1812 4163 2099 4218 bellorum
2129 4161 2342 4214 habere
2370 4177 2673 4214 successus.
2714 4160 2856 4213 Nam
2908 4163 2966 4212 et
3010 4160 3219 4214 Avares
3267 4177 3419 4232 saepe

1815 4251 1965 4305 bello
1995 4249 2222 4315 devicit,
2256 4248 2547 4318 victusque
2575 4247 2646 4300 ab
2677 4246 2758 4301 eis
2789 4249 2891 4300 est.
2928 4245 3191 4310 Quodam
3225 4252 3419 4304 autem

1816 4338 1930 4402 die,
1964 4336 2321 4407 supradictes
2347 4337 2538 4390 hostes
2569 4335 2769 4406 praelie
2793 4338 3091 4405 superatos
3113 4335 3423 4406 fugientes-

1733 4408 1789 4468 Ῑ)
1816 4443 1926 4497 que
1952 4425 2084 4479 totis
2111 4425 2336 4478 czedens
2365 4423 2656 4490 viis,haud
2678 4424 2878 4494 procul
2901 4424 2971 4477 ab
2990 4439 3184 4491 amne,
3205 4426 3294 4479 cui
3326 4426 3424 4480 Hi-

1814 4517 1932 4568 ster
1963 4530 2179 4568 nomen
2197 4516 2303 4578 est,
2321 4515 2507 4566 castra
2522 4512 2852 4578 constituit;
2877 4515 2935 4565 et
2957 4513 3152 4582 paucis
3180 4529 3419 4570 suorum

1815 4602 2118 4674 assumptis
2146 4603 2520 4674 ,speculatum
2551 4601 2741 4655 hostes
2773 4600 3068 4671 processit,
3102 4617 3253 4665 cum,
3288 4618 3419 4656 ecce

1815 4693 2050 4766 quidam
2068 4695 2234 4757 Avar,
2258 4693 2461 4746 Xerxes
2475 4689 2732 4755 nomine,
2750 4687 2953 4743 itidem
2972 4689 3222 4743 tentoria
3241 4690 3420 4744 Theo-

1813 4782 1992 4837 derici
2005 4783 2396 4854 exploraturus
2407 4778 2712 4850 singularis
2728 4777 3422 4842 adveniebat.QuemThe-

1812 4871 2040 4926 dericus
2059 4871 2245 4925 solum
2274 4870 2587 4924 adventare
2611 4866 2996 4937 conspicatus,
3015 4870 3132 4920 tres
3153 4883 3183 4920 e
3205 4867 3318 4921 suis
3338 4867 3420 4921 di-

1811 4961 1948 5032 rigit
1974 4961 2070 5032 qui
2092 4977 2224 5014 eum
2247 4963 2481 5030 captum
2505 4957 2660 5012 ocius
2686 4955 2792 5010 sibi
2820 4956 3420 5027 prmsentarentﬂues

1811 5051 1958 5104 Avar
1982 5051 2208 5115 Xerxes,
2242 5047 2441 5119 fugam
2473 5043 3073 5117 fingens,singulatim
3101 5044 3414 5099 interemit.

1811 5137 1966 5193 Alios
1983 5154 2212 5209 quoque
2226 5139 2340 5190 tres
2356 5135 2479 5206 pari
2497 5133 2668 5188 modo
2685 5133 2809 5188 neci
2827 5132 3082 5187 tradidit.
3097 5133 3252 5186 Tunc
3262 5133 3414 5186 Theo

1815 5227 2059 5293 dericus,
2095 5225 2261 5280 sociis
2298 5221 2835 5288 reformidantibus,
2870 5237 3004 5276 eum
3031 5220 3366 5292 aggreditur
3397 5237 3412 5287 ;

1813 5333 1945 5370 cum
1966 5331 2077 5386 quo
2100 5313 2196 5368 diu
2214 5313 2574 5382 multumque
2597 5310 2919 5376 decertans,
2951 5308 3191 5362 tandem
3211 5309 3415 5363 Xerxes

1814 5404 2048 5460 brachio
2078 5403 2408 5456 vulneratus
2440 5417 2473 5453 a
2499 5397 2858 5453 Theoderico
2890 5395 3134 5468 capitur,
3159 5398 3330 5467 atque
3355 5395 3414 5450 in

1811 5493 2010 5548 castris
2037 5492 2352 5546 Gothorum
2380 5488 2600 5543 vinctus
2631 5485 2918 5540 statuitur.
2953 5483 3124 5553 Cujus
3141 5483 3412 5537 virtutem

1811 5581 2172 5652 supradictus
2196 5578 2464 5649 princeps
2490 5574 2828 5638 admiratus,
2847 5571 3103 5642 primum
3120 5569 3414 5626 blanditiis

1811 5670 2018 5733 dehinc
2035 5663 2766 5737 minis,adcehabitandum
2777 5659 3104 5733 sibicegere
3120 5658 3414 5715 nitebatur
