3940 6166
488 401 592 458 647

1391 397 1658 454 ΑΙΜΟΙΝΙ
1684 397 2004 456 MONACHI
2032 399 2072 455 F

2179 395 2528 456 RIACENSIS
3651 409 3739 462 6t8

475 521 604 580 Sed
633 523 772 579 dum
813 536 949 575 eum
980 534 1086 574 nec
1132 521 1350 574 terrore
1377 519 1626 586 concuti,
1659 535 1763 573 nec
1793 517 2087 590 promissis
2107 526 2162 584 Α
2189 520 2388 576 dolum
2409 521 2826 592 persentiscens
2841 522 3091 594 fortique
3111 523 3406 578 conamine
3425 527 3582 595 caput
3601 542 3739 580 excu-

487 612 638 668 flecti
663 627 826 682 posse
848 607 1249 681 conspexisset,
1278 607 1474 662 multis
1493 607 1996 678 alfcctuminjuriis
2013 607 2086 662 ad

483 701 735 776 patriam
764 698 954 755 redire
998 697 1261 770 permisit
1295 697 1526 753 invitus.
1571 698 1668 751 Ille
1699 713 1856 759 vero,
1886 699 2084 752 natatu

479 793 698 847 ﬂumen
718 789 969 844 Histrum
988 789 1459 859 ingressus,retro
1483 786 1790 858 respiciens
1813 786 1885 840 ad
1901 786 2082 840 Theo-

479 879 742 935 doricum
773 879 962 933 taliter
989 877 1120 930 inﬁt
1148 894 1160 931 :
1197 899 1224 926 «
1245 877 1383 943 Tua,
1417 876 1626 946 inquit,
1661 879 1862 930 exutus
1903 875 2086 929 domi-

477 969 714 1024 natione
739 983 1000 1038 measque
1029 965 1286 1020 redditus
1313 964 1587 1032 libertati,
1621 964 1694 1018 ad
1714 967 1771 1018 te
1800 980 1950 1018 nunc
1958 963 2082 1034 jam

477 1064 678 1114 meum
702 1057 958 1111 revertar
979 1054 1308 1121 dominum,
1329 1053 1605 1125 pollicens
1619 1069 1712 1107 me
1735 1052 1837 1106 tibi
1851 1051 2080 1106 fidelem

475 1146 602 1201 fore
627 1145 929 1200 famulum.
959 1165 987 1193 »
1021 1143 1116 1197 llis
1146 1142 1331 1210 dictis,
1363 1143 1551 1212 ripam
1575 1157 1750 1213 quam
1769 1140 2085 1212 reliquerat

479 1233 712 1307 repetiit
730 1236 789 1288 et
817 1232 1023 1288 ditioni
1053 1249 1111 1286 se
1139 1230 1479 1286 Theodorici
1508 1229 1822 1287 commisit.

550 1323 644 1377 His
674 1321 962 1394 prosperis
993 1319 1341 1374 successibus
1355 1319 1493 1374 dum
1516 1318 1573 1374 in
1598 1318 1759 1373 Italia
1779 1318 2084 1390 saepefatus

478 1413 724 1485 polleret
745 1409 1036 1481 patricius,
1059 1407 1557 1478 Constantinopoli
1580 1407 1733 1477 apud
1765 1407 2081 1478 imperato-

476 1516 606 1556 rem
632 1499 836 1554 invidis
848 1496 1279 1552 detrahentium
1301 1496 1664 1551 lacerabatur
1678 1495 2076 1550 relationibus.

479 1589 887 1661 Improborum
911 1584 1127 1642 etenim
1145 1588 1370 1640 mentes
1394 1584 1722 1652 hominum,
1738 1584 1985 1638 aliorum
2002 1583 2082 1639 in-

478 1676 801 1734 commodis
829 1691 930 1730 sua
960 1675 1214 1729 volentes
1236 1677 1617 1745 augmentare
1638 1673 2081 1739 commoda,bo-

479 1783 691 1822 norum
720 1764 1023 1820 benefacta
1065 1763 1316 1818 virorum
1361 1762 1714 1818 contrariam
1759 1760 2079 1816 moliuntur

2189 608 2358 676 tiens,
2398 609 2621 664 amissis
2643 610 2911 665 cornibus
2927 611 3129 666 silvum
3148 613 3310 683 petiit
3328 613 3601 684 profugus.
3623 615 3744 669 Indi-

2185 701 2395 769 gnatus
2410 699 2728 771 imperator
2740 703 3143 772 contemptum
3155 701 3259 769 sui;
3278 701 3629 773 etimpatiens
3646 704 3745 774 iraa,

2184 789 2368 842 multa
2380 789 2725 844 furibundus
2739 805 2903 844 cervo
2918 790 2931 843 i
2941 775 3747 862 nterminetur.Conqueruntur

2184 876 2335 931 inter
2365 895 2424 932 se
2453 878 2591 932 ferae
2617 894 2722 949 pro
2750 877 3022 949 principis
3042 877 3273 949 injuria,
3297 896 3396 933 nec
3420 880 3747 934 tameninvc-

2185 965 2344 1020 nitur
2369 967 2483 1021 ulla
2505 983 2632 1038 quae
2663 983 2896 1022 cervum
2934 967 3203 1039 persequi
3237 968 3442 1023 audeat
3473 969 3605 1022 hanc
3642 985 3752 1023 con-

2183 1055 2490 1110 tumeliam
2513 1054 2894 1112 vindicatura.
2929 1056 3034 1119 Qui
3056 1057 3164 1112 etsi
3187 1056 3468 1111 videretur
3491 1073 3600 1110 esse
3623 1056 3749 1112 iner-

2186 1143 2315 1210 mis,
2373 1143 2590 1214 pernici
2634 1146 2834 1199 tamen
2878 1162 3046 1199 cursu
3092 1145 3420 1199 transiliens
3456 1145 3604 1198 ardui
3637 1145 3750 1215 juga

2185 1231 2423 1294 montis,
2438 1232 2706 1287 evaderet
2720 1233 2842 1288 sine
2864 1233 3145 1289 beneﬁcio
3165 1234 3364 1288 noctis.
3393 1233 3520 1287 Erat
3534 1233 3754 1288 intereas

2184 1320 2402 1390 vulpes,
2436 1320 2657 1376 artibus
2688 1323 2901 1376 callens
2930 1322 3262 1393 ingeniosis.
3286 1322 3436 1376 Hanc
3462 1321 3752 1387 mittunt,ul

2185 1423 2414 1463 cervum
2429 1409 2632 1464 callide
2652 1411 2954 1465 conveniat
2975 1413 3034 1464 et
3051 1411 3124 1465 ad
3146 1411 3373 1465 leonem
3399 1409 3573 1464 redire
3590 1409 3751 1463 faciat.

2185 1496 2566 1568 Obtemperat
2592 1499 2689 1554 illa
2699 1499 2889 1569 jussis,
2909 1515 3144 1554 cervum
3177 1498 3298 1554 adit
3327 1498 3564 1569 dicitque
3587 1515 3639 1550 se
3654 1498 3754 1566 ejus

2185 1576 2369 1630 dolori
2397 1579 2646 1648 compati
2671 1597 2684 1647 ;
2719 1581 2776 1632 et
2795 1579 2947 1650 quod
2977 1579 3101 1634 sine
3134 1595 3307 1634 causa
3326 1578 3457 1632 talia
3477 1593 3655 1647 passus
3679 1577 3753 1644 sit,

2181 1660 2287 1716 sibi
2319 1663 2598 1734 injustum
2631 1664 2829 1719 videri.
2865 1667 2962 1721 Ille
2995 1668 3236 1720 econtra
3263 1665 3446 1719 multa
3475 1663 3526 1718 in
3557 1665 3752 1718 leonem

2180 1766 2501 1822 congerens
2541 1754 2870 1821 maledicta,
2927 1771 3007 1822 se,
3051 1754 3193 1809 dum
3244 1753 3585 1825 obsequitur,
3629 1752 3754 1805 male

477 1858 702 1911 vertere
730 1855 788 1908 in
812 1856 1058 1925 partem.
1093 1851 1350 1923 Denique
1380 1850 1718 1922 imperator,
1752 1850 2076 1905 delatorum
2102 1843 2154 1904 B
2179 1842 2488 1896 multatum
2517 1843 2906 1914 conqueritur.
2957 1842 3058 1898 Cui
3081 1844 3303 1914 vulpes:
3337 1841 3659 1907 Videndum,
3683 1839 3753 1894 in-

477 1943 716 2000 versutis
741 1943 799 1997 in
827 1957 1086 1997 errorem
1117 1941 1379 1996 inductus
1417 1940 1961 2007 insimulationibus,
1989 1940 2081 1994 fu-

476 2049 725 2105 rensque
757 2031 952 2086 animo
975 2030 1130 2102 quod
1167 2028 1553 2085 Theodoricus
1582 2028 1885 2084 insidiator
1913 2030 2079 2100 regni

475 2139 597 2178 esse
623 2119 1294 2188 ferebatur,eumiterum
1321 2118 1394 2172 ad
1416 2136 1474 2174 se
1496 2115 1692 2173 venire
1719 2119 2083 2184 mandat,ha-

474 2210 712 2281 bitoque
733 2226 866 2264 cum
893 2207 1254 2263 senatoribus
1283 2207 1623 2276 mortisejus
1641 2206 2080 2276 tractatu.juris-

468 2298 704 2368 jurandi
733 2298 843 2352 fide
870 2313 969 2350 eos
995 2295 1214 2366 obligat
1239 2312 1311 2348 ne
1334 2294 1461 2366 quis
1491 2294 1687 2349 arcani
1707 2295 1794 2348 sui
1822 2295 2083 2364 proditor

473 2383 1086 2441 existat.Theodoricus
1117 2385 1334 2448 autem,
1360 2383 1649 2453 legatione
1691 2381 1962 2452 principis
1989 2400 2081 2437 ac-

475 2478 699 2546 cepta,e
719 2471 953 2543 vestigio
975 2472 1048 2526 ad
1081 2472 1462 2526 Ptolomazum
1487 2472 1672 2542 (cujus
1687 2487 1860 2541 supra
1875 2472 2080 2526 memi-

477 2560 690 2633 nimus)
718 2561 897 2615 mittit
931 2576 1198 2632 puerum,
1225 2563 1285 2613 ut
1310 2559 1416 2614 sibi
1437 2561 1743 2614 remandet
1767 2562 1964 2614 utrum
1991 2578 2081 2616 ex-

473 2651 670 2722 pediat
698 2648 1066 2719 imperatoris
1103 2648 1301 2702 audire
1351 2652 1725 2720 praeceptum.
1775 2649 1893 2714 llle,
1943 2649 2081 2702 dum

475 2739 709 2794 simulat
736 2755 794 2792 se
824 2739 967 2792 velle
989 2753 1329 2807 responsum
1356 2753 1473 2790 non
1496 2737 1763 2799 reddere,
1797 2738 1960 2807 pueri
1985 2737 2082 2808 qui

476 2827 679 2882 missus
699 2827 888 2881 fuerat
907 2824 1182 2880 instantia
1196 2825 1514 2896 veterisque
1540 2825 1642 2878 viri
1659 2825 1912 2879 devictus
1931 2826 2082 2880 ami-

472 2917 628 2984 citia,
655 2916 894 2970 tandem
923 2913 1263 2969 Theudorici
1293 2916 1482 2984 legato
1503 2915 1752 2968 taliadat
1769 2919 2076 2986 praecepta:

476 3027 506 3057 ‹‹
538 3005 848 3071 Hodierna,
877 3003 1086 3076 inquit,
1116 3003 1207 3057 die
1247 3003 1509 3057 natalitio
1559 3003 1927 3074 imperatoris
1959 3005 2076 3057 exi-

472 3093 946 3164 stentenobisque
959 3092 1320 3146 senatoribus
1342 3108 1474 3145 cum
1496 3108 1564 3145 eo
1581 3093 1796 3163 pariter
1819 3093 2066 3146 discum-
2099 3127 2146 3190 Ο

473 3183 761 3249 hentibus,
795 3185 858 3234 tu
886 3181 1005 3234 vice
1056 3179 1424 3250 obsequentis
1476 3180 1681 3233 famuli
1721 3197 1873 3250 pone
1919 3184 2079 3234 stans

473 3287 606 3326 meo
637 3268 957 3325 adhaerebis
971 3267 1157 3333 lateri,
1183 3271 1260 3332 et,
1276 3267 1426 3320 inter
1445 3268 1865 3321 convivandum
1882 3269 1951 3323 de
1967 3287 2080 3340 qua

473 3377 536 3416 re
567 3360 712 3415 mihi
741 3359 844 3412 fiet
868 3374 1058 3412 sermo
1089 3357 1161 3410 ad
1191 3360 1485 3410 senatores
1517 3359 1600 3410 vel
1637 3357 2072 3428 principem,in-

472 3450 635 3502 tenta
660 3445 886 3501 curabis
921 3461 1058 3500 aure
1102 3444 1398 3515 percipere
1430 3444 1595 3514 eique
1629 3463 1661 3498 a
1689 3462 1803 3516 quo
1832 3445 2081 3502 directus

473 3553 533 3590 es
573 3533 863 3590 nuntiare.
893 3555 921 3582 »
959 3535 1128 3587 Paret
1158 3532 1252 3586 ille
1286 3533 1562 3587 mandato
1590 3549 1654 3586 ac
1686 3533 1915 3589 sedulus
1942 3537 2080 3590 Pto-

470 3622 664 3679 lomaei
695 3620 925 3676 auditor
959 3620 1026 3674 fit
1053 3620 1112 3674 in
1138 3619 1421 3674 convivio.
1445 3621 1600 3675 Tunc
1627 3621 1782 3675 inter
1807 3624 2005 3694 epulas
2023 3627 2080 3679 et

473 3711 698 3785 pocula,
727 3726 861 3764 cum
907 3724 1214 3780 procerum
1265 3724 1427 3763 mero
1479 3708 1850 3765 incaluissent
1881 3713 2078 3778 corda,

471 3800 570 3854 tali
603 3817 700 3854 eos
753 3799 1098 3853 Plolomzeus
1129 3801 1214 3852 est
1243 3797 1505 3852 hortatus
1533 3798 1806 3855 affamine
1842 3818 1854 3855 :
1891 3824 1918 3851 ‹‹
1958 3802 2078 3869 Hic,

471 3888 760 3961 inquiens,
792 3887 931 3956 dies,
963 3904 1096 3941 cum
1126 3887 1197 3940 sit
1226 3887 1548 3957 magnificis
1577 3889 1741 3943 laetus
1771 3890 1974 3960 epulis,
1992 3891 2082 3962 ju-

471 3979 692 4034 cundus
716 3980 946 4050 oportet
974 3977 1075 4031 ﬁat
1104 3977 1537 4032 delectabilibus
1569 3978 1794 4032 fabulis.
1827 3980 2081 4035 Satisﬁat

471 4084 610 4140 ergo
639 4083 843 4122 eorum
875 4066 1152 4120 voluntati
1181 4065 1278 4136 qui
1308 4065 1396 4120 his
1433 4066 1794 4121 delectantur
1834 4068 2074 4139 perfrui,

469 4154 944 4229 quandoquidem
971 4153 1127 4208 auxit
1150 4153 1353 4208 talium
1392 4154 1729 4209 aviditatem
1753 4156 2077 4211 exuberans

472 4243 767 4316 opulentia
784 4243 920 4297 vini.
949 4264 976 4292 »
1010 4241 1289 4297 Omnibus
1318 4229 1601 4314 ergo‘hoc
1634 4260 1906 4299 sermone
1955 4262 2072 4300 sus.

468 4333 680 4408 pensis,
710 4333 834 4387 haec
864 4332 959 4386 ille
989 4331 1179 4385 dicere
1207 4334 1292 4386 est
1322 4349 1486 4387 orsus
1524 4349 1537 4387 :

486 4409 489 4412 ’
539 4441 574 4476 ι
600 4424 698 4488 Eo,
715 4420 922 4492 inquit,
949 4419 1008 4474 in
1037 4423 1320 4491 tempore,
1338 4438 1451 4494 quo
1469 4422 1741 4477 humana:
1759 4423 1926 4494 copia
1949 4425 2072 4478 elo-

469 4509 720 4584 quentia:
746 4508 962 4564 cunctis
990 4509 1178 4564 inerat
1215 4509 1610 4564 animantibus
1642 4514 1835 4579 terras,
1869 4513 2071 4567 bestiae

467 4601 642 4655 saltus
669 4597 728 4652 in
754 4613 936 4653 unum
966 4598 1155 4652 coiere
1185 4612 1533 4654 consensum
1562 4603 1621 4653 ut
1646 4599 1752 4654 sibi
1785 4600 2072 4672 eligerent

468 4689 905 4760 regem,et,quze
953 4685 1260 4741 hominum
1297 4686 1670 4741 fastidiebant
1717 4687 2068 4757 dominium,

466 4775 844 4833 haberentsui
862 4775 1091 4848 generis
1116 4773 1528 4845 imperatorem
1542 4775 1812 4830 electum.
1830 4777 1924 4832 His
1947 4795 2068 4834 esse

468 4871 669 4922 mutuo
696 4865 1064 4921 cohortantes
1089 4862 1295 4930 verbis,
1329 4863 1672 4918 adoriuntur
1695 4866 1925 4920 leonem
1965 4884 2069 4922 ro-

465 4960 719 5028 gantque
749 4957 813 5008 ut
849 4969 1048 5009 earum
1077 4969 1195 5006 non
1227 4953 1444 5006 abnuat
1471 4953 2071 5011 voluntatem.Dicunt

463 5063 523 5100 se
552 5047 693 5100 velle
724 5061 859 5099 eum
883 5043 1098 5098 habere
1126 5040 1474 5112 principem,
1504 5057 1680 5112 quem
1709 5042 1925 5098 scirent
1946 5060 2067 5101 esse

466 5133 704 5189 consilio
723 5130 1014 5201 prudenti.
1038 5127 1285 5198 Suscipit
1305 5129 1402 5198 jus
1421 5129 1841 5185 dominationis
1866 5133 1978 5201 leo,
2011 5139 2069 5189 et

464 5223 535 5278 ab
557 5217 978 5276 universisferis
1002 5215 1145 5270 solio
1157 5215 1502 5271 sublimatur
1513 5217 2068 5288 regio.Conveniunt

462 5309 796 5379 frequentes
817 5306 889 5360 ad
899 5321 1034 5360 eum
1052 5305 1420 5360 salutandum
1446 5309 1506 5360 et
1524 5306 1774 5362 adorant
1794 5311 1856 5363 ut
1877 5310 2064 5367 domi-

465 5412 630 5452 num.
661 5397 818 5450 Inter
844 5397 1080 5449 crateras
1127 5393 1302 5465 igitur
1349 5395 1581 5450 advenit
1630 5413 1846 5465 cervus,
1875 5400 2066 5457 forma

463 5485 722 5557 corporis
739 5483 1004 5556 egregius
1020 5483 1375 5557 ramosisque
1391 5487 1615 5556 pollens
1633 5488 2063 5559 cornibusQui,

462 5577 606 5633 dum
640 5574 920 5631 submissa
972 5574 1190 5629 cervice
1239 5575 1569 5646 procideret
1621 5578 1986 5643 adoraturus,
2031 5599 2066 5638 a

457 5666 627 5724 leone
657 5663 928 5743 arripitur
955 5665 1193 5738 epulum
1233 5664 1282 5721 ei
1312 5681 1451 5722 mox
1494 5665 1740 5723 futurus.
1770 5666 1885 5724 Sed
1917 5669 2059 5743 ipse,

2095 4385 2148 4445 D

2181 1928 2326 2000 quit,
2359 1933 2448 1984 est
2479 1947 2551 1984 ne
2572 1932 2728 2001 quod
2751 1935 2812 1986 tu
2835 1932 2911 2002 inj
2923 1931 3057 1986 uriae
3078 1930 3340 2003 deputas,
3365 1932 3455 1985 ille
3473 1928 3668 1984 amoris
3686 1928 3752 1981 tui

2183 2034 2352 2072 causa
2376 2017 2576 2072 fecisse
2597 2035 2725 2088 com
2733 2021 3026 2090 probetur.
3050 2021 3196 2074 Nam
3218 2019 3357 2074 dum
3375 2021 3449 2085 te,
3464 2022 3524 2072 ut
3541 2017 3751 2078 aestimo,

2181 2106 2288 2161 sibi
2321 2107 2636 2178 supplicem
2678 2109 2751 2162 ad
2789 2127 2956 2164 suum
2993 2111 3220 2164 elevare
3255 2111 3374 2162 vult
3403 2107 3659 2170 osculum,
3687 2109 3751 2166 tu,

2183 2194 2332 2250 forte
2361 2199 2569 2266 putans
2599 2214 2878 2266 morsum,
2912 2199 3033 2269 ejus
3065 2199 3365 2252 declinasti
3397 2199 3750 2267 conspectum.

2181 2286 2254 2337 At
2281 2284 2400 2354 ipse
2425 2303 2574 2340 nunc
2606 2289 2662 2340 te
2685 2287 2983 2342 absentem
3015 2304 3136 2342 esse
3163 2288 3341 2354 dolet,
3373 2287 3443 2340 de
3471 2289 3522 2339 te
3552 2284 3752 2338 absente

2184 2389 2518 2428 sermonem
2543 2375 2743 2445 agitat,
2777 2376 2831 2430 in
2861 2380 2914 2430 te
2943 2377 3062 2430 solo
3090 2377 3216 2446 ejus
3246 2375 3486 2429 intentio
3514 2374 3754 2426 moratur.

2185 2460 2333 2524 Quid
2360 2463 2563 2534 plura?
2579 2464 2780 2518 suadet
2807 2481 2970 2519 cervo
2991 2469 3052 2518 ut
3075 2465 3311 2519 leonem
3333 2464 3497 2518 adeat
3509 2479 3568 2516 ac
3587 2460 3694 2529 ejus
3710 2473 3756 2510 se

2184 2549 2390 2604 ditioni
2418 2552 2744 2607 commitat.
2780 2551 2885 2615 Qui
2923 2552 3082 2619 dum,
3118 2556 3182 2606 ut
3213 2557 3368 2620 ante,
3397 2550 3652 2605 inclinato
3680 2561 3754 2598 ca-

2182 2637 2298 2708 pite
2320 2655 2521 2710 regem
2537 2640 2881 2695 adoraturus
2904 2640 3141 2706 veniret,
3167 2641 3383 2695 cervice
3403 2643 3560 2693 tenus
3582 2633 3754 2704 ungui-

2181 2725 2286 2780 bus
2317 2727 2526 2782 inllixis
2564 2747 2597 2783 a
2635 2731 2802 2784 leone
2835 2728 3108 2798 arripitur
3139 2734 3198 2784 et
3230 2747 3264 2784 a
3293 2723 3756 2784 circumstantibus

2182 2815 2318 2871 feris
2347 2818 2471 2873 sine
2505 2836 2670 2874 mora
2699 2819 3059 2891 discerpitur.
3082 2820 3293 2889 Vulpes
3313 2832 3490 2888 prope
3505 2817 3646 2867 stans
3665 2808 3756 2862 fur-

2180 2907 2286 2960 tim
2321 2924 2418 2960 cor
2439 2909 2561 2978 ejus
2582 2910 2768 2964 aufert
2789 2915 2846 2966 et
2867 2911 3122 2965 devorat.
3149 2909 3262 2962 Cor
3291 2907 3436 2962 cervi
3458 2915 3696 2975 qumrens
3710 2899 3755 2948 et

2180 3013 2296 3050 non
2332 2997 2627 3053 inveniens
2662 3001 2751 3053 leo
2798 3000 2996 3055 fremit
3025 3016 3220 3070 grave.
3253 2995 3614 3052 Tremefacta‘.
3642 2990 3753 3042 ferae

2179 3085 2478 3156 inquirunt
2529 3088 2766 3142 sollicite
2821 3106 2947 3159 quae
3003 3103 3206 3142 earum
3255 3087 3387 3140 huic
3426 3084 3494 3137 sit
3543 3074 3756 3134 obnoxia

2179 3176 2379 3244 culpae.
2411 3176 2666 3247 Suspicio
2700 3181 2826 3231 erat
2846 3178 3072 3246 vulpem
3099 3177 3272 3246 hujus
3298 3190 3418 3228 esse
3443 3168 3570 3225 furti
3600 3179 3753 3242 ream.

2180 3266 2336 3335 quod
2359 3266 2636 3321 vidissent
2665 3283 2795 3321 eam
2825 3282 2993 3321 cervo
3023 3266 3340 3336 proximius
3371 3262 3754 3318 adhaerentem.

2181 3353 2456 3424 Inquisita
2482 3357 2677 3426 vulpes
2714 3358 2890 3425 negat
2916 3373 2975 3410 se
3003 3355 3297 3409 consciam
3328 3353 3492 3423 hujus
3513 3344 3753 3404 criminis.

2183 3443 2316 3510 Sed,
2346 3444 2484 3498 dum
2518 3445 2568 3498 ei
2610 3463 2725 3500 non
2767 3445 3038 3511 creditur,
3085 3444 3427 3498 cruciatibus
3476 3438 3685 3496 addicta
3707 3434 3754 3486 in

2182 3532 2304 3586 haec
2331 3534 2593 3604 prorupit
2623 3534 2820 3587 verba:
2855 3534 2969 3601 Vas,
2995 3533 3204 3604 inquit,
3229 3531 3375 3586 mihi
3397 3529 3630 3592 miserae,
3649 3538 3755 3594 qua:

2183 3623 2369 3675 tantas
2397 3638 2595 3692 poenas
2625 3621 2813 3693 patior
2837 3621 3103 3692 indigne!
3142 3622 3211 3675 Ut
3251 3620 3390 3692 quid
3429 3617 3580 3672 enim
3623 3631 3653 3667 a
3680 3626 3754 3665 me

2183 3710 2500 3780 exquiritur
2519 3711 2675 3782 quod
2697 3728 2830 3765 eum
2849 3711 3090 3766 minime
3108 3709 3376 3764 habuisse
3394 3710 3544 3763 certa
3564 3701 3754 3759 ratione

2182 3799 2584 3868 cognoscitur?
2613 3799 2838 3854 Etenim
2867 3799 2911 3854 si
2939 3817 3036 3854 cor
3052 3799 3370 3865 habuisset,
3404 3795 3644 3869 profecto
3664 3790 3756 3844 huc

2184 3902 2303 3940 non
2334 3887 2594 3942 redisset.
2628 3888 2846 3955 Primo,
2867 3889 3135 3942 cornibus
3149 3887 3357 3941 avulsis
3380 3882 3605 3940 inermis
3623 3877 3756 3933 aufu-

2180 3975 2295 4047 git;
2327 3976 2599 4045 secundo,
2633 3992 2750 4031 non
2773 3976 3056 4032 dubitavit
3075 3976 3269 4030 subire
3290 3974 3600 4046 periculum
3620 3981 3752 4022 mor-

2180 4067 2270 4118 tis.
2300 4065 2631 4120 Nullatenus
2660 4083 2800 4138 ergo
2841 4082 2941 4120 cor
2979 4064 3179 4120 habuit
3219 4064 3318 4136 qui
3353 4063 3459 4117 sibi
3487 4056 3752 4114 consulere

2179 4153 2433 4209 nescivit.
2468 4156 2595 4209 Hmc
2629 4156 2960 4211 Ptolomeus
2987 4156 3207 4210 locutus
3227 4153 3520 4208 conticuit.
3549 4170 3575 4197 »
3605 4147 3750 4206 Puer,

2175 4243 2513 4298 Theoderici
2541 4245 2662 4298 haec
2693 4243 2915 4299 intente
2945 4245 3270 4298 auscultans
3302 4247 3358 4297 et
3379 4238 3560 4312 sagaci
3581 4232 3750 4289 animo

2176 4331 2328 4387 dicta
2347 4333 2693 4403 intelligens,
2713 4333 2783 4387 ad
2807 4333 3111 4388 dominum
3129 4330 3297 4386 suum
3315 4343 3564 4384 reversus
3575 4322 3749 4379 cuncta

2173 4436 2278 4491 per
2299 4422 2565 4477 ordinem
2589 4422 2790 4492 pandit
2808 4426 2865 4476 et
2881 4421 3196 4476 cautiorem
3220 4422 3488 4475 adversus
3510 4415 3655 4469 dolos
3675 4409 3747 4462 in-

2171 4510 2505 4566 sidiantium
2525 4528 2644 4566 esse
2661 4511 3031 4581 praemonuit.
3045 4509 3432 4564 Theodoricus
3450 4507 3648 4574 itaque,
3663 4498 3749 4551 im-

2171 4600 2480 4670 peratorisj
2491 4600 2811 4655 ussionibus
2825 4599 3048 4671 spretis,
3065 4598 3272 4670 quibus
3295 4592 3747 4658 Constantinopoh

2170 4687 2273 4742 lim
2301 4688 2461 4744 adire
2475 4689 2808 4759 jubebatur,
2828 4689 2887 4743 in
2915 4688 3076 4743 Italia
3101 4687 3334 4742 resedit.
3353 4683 3602 4754 Denique
3617 4676 3747 4749 post?

2169 4777 2411 4831 modum
2440 4778 2779 4845 Gothorum,
2803 4778 2900 4850 qui
2929 4777 3150 4832 Italiam
3183 4775 3526 4838 invaserant,
3561 4783 3647 4823 rex
3676 4764 3747 4817 est

2170 4865 2402 4921 effectus
2431 4870 2487 4921 et
2513 4866 2809 4922 Dominus.
2844 4865 3076 4938 Imperii
3096 4881 3226 4920 vero
3249 4864 3506 4933 partibus
3527 4858 3742 4931 quotan-

2170 4953 2260 5008 nis
2289 4955 2551 5010 modium
2583 4960 2750 5010 terra:
2773 4955 3155 5027 dependebat.
3179 4953 3342 5007 Unde
3365 4951 3444 5006 rei
3474 4945 3745 5027 veritatem

2171 5041 2589 5114 ignorantibus,
2611 5044 2749 5099 dum
2770 5026 3033 5099 modium
3047 5059 3143 5097 rex
3163 5039 3542 5096 Theodoricus
3557 5026 3747 5122 agrariis

2173 5133 2415 5204 publicis
2433 5134 2648 5187 solvere
2666 5132 2972 5201 diceretur,
2994 5149 3112 5187 non
3127 5130 3323 5186 addito
3341 5129 3660 5199 cujusquam
3672 5131 3745 5170 rel

2176 5223 2472 5289 vocabulo,
2501 5226 2566 5277 ut
2587 5225 2746 5293 puta,
2769 5222 2887 5277 vini
2919 5225 3017 5278 aut
3042 5220 3174 5287 olei,
3207 5219 3465 5274 modium
3495 5220 3742 5271 nummo-

2177 5328 2309 5367 rum
2340 5312 2602 5368 conferre
2630 5312 2961 5384 putabatur.

2793 5402 3024 5458 CAPUT
3059 5402 3142 5458 XI.

2303 5492 2388 5548 De
2409 5491 2611 5546 duobus
2626 5495 2802 5563 pupis,
2835 5499 2884 5546 et
2904 5510 3060 5564 pana
3090 5493 3353 5565 antz'papw
3379 5488 3617 5561 fautores.

2169 5581 2247 5636 Eo
2300 5586 2584 5654 tempore,
2627 5583 2897 5638 defuncto
2945 5583 3242 5638 Anastasio
3287 5597 3432 5654 papa
3481 5580 3733 5635 Romano,

2165 5685 2271 5746 pro
2301 5671 2424 5744 ejus
2460 5687 2782 5728 successore
2814 5671 2969 5730 fuada
2997 5671 3057 5728 in
3086 5674 3238 5728 clero
3269 5670 3437 5728 simul
3462 5671 3517 5725 et
3544 5661 3733 5740 popqu
