3862 6172
203 390 279 446 059
1234 368 1562 435 HISTORIA
1574 373 2024 436 FRANCORUM.
2053 372 2268 434 -—LlB.
2299 376 2345 433 Ι.

3345 381 3451 449 650

205 512 299 566 erat
322 501 586 581 dissensio.
618 500 895 566 Quaedam
928 501 1151 556 etenim
1182 516 1314 571 pars
1339 498 1397 554 in
1429 514 1740 571 personam
1765 500 1823 562 Α,
1847 497 2034 555 deerit
2058 499 2119 554 in
2150 500 2426 554 saeculum
2450 498 2664 556 saeculi.
2697 499 2901 556 Fidelis
2944 499 3143 574 utique
3195 501 3344 557 Deus
3390 501 3451 558 in

201 592 435 664 cujusdam
470 588 755 644 Laurentii
786 604 1134 643 consensum
1164 588 1501 660 praebebat;
1552 587 1741 658 majer

200 698 315 743 vero,
331 683 380 734 et
400 680 483 747 (ut
510 680 637 749 post
660 678 873 747 patuit)
903 676 1121 732 saniori
1153 681 1319 731 utens
1332 675 1596 745 consilio,
1616 692 1742 731 san-

201 768 458 824 ctissimum
496 765 601 819 sibi
630 766 885 835 elegerat
915 764 1351 836 Symmachum.
1388 765 1742 819 Ordinantur

196 873 299 928 ergo
315 872 413 910 una
434 854 523 908 die
540 854 743 919 ambo;
768 856 826 907 et
843 853 1227 925 Symmachus
1256 852 1492 924 quidem
1516 852 1576 907 in
1597 852 1743 908 basi-

197 946 277 1001 lica
308 941 786 1009 Constantiniana,
830 941 1171 996 Laurentius
1217 958 1351 997 vero
1401 940 1460 996 iu
1505 940 1741 996 ecclesia

194 1036 359 1089 sancte:
385 1030 587 1085 Mariae.
610 1030 723 1084 Sed
743 1047 872 1084 cum
899 1033 1108 1085 neutra
1134 1046 1266 1102 pars
1298 1029 1462 1084 alteri
1487 1029 1737 1097 cederet,

192 1121 553 1176 constituerunt
582 1122 645 1172 ut
673 1119 741 1172 lis
769 1122 955 1189 empta
976 1118 1194 1190 judicio
1228 1134 1400 1189 supra
1430 1118 1741 1172 memorati

188 1209 304 1280 regis
326 1207 651 1263 Theoderici
694 1205 979 1262 ﬁniretur.
1018 1206 1127 1271 Qui
1170 1207 1459 1261 Ravenna:
1500 1205 1738 1277 positus,

189 1298 292 1352 dum
321 1297 546 1368 Legatos
579 1295 871 1368 utriusque
910 1295 1093 1366 partis
1137 1294 1406 1362 audisset,
1438 1293 1691 1349 decrevit
1722 1310 1735 1348 :

187 1410 207 1437 ε(
233 1387 287 1441 Ut
308 1385 561 1459 quiprior
584 1385 879 1440 ordinatus
904 1388 1071 1452 esset,
1087 1387 1187 1440 aut
1207 1401 1381 1457 quem
1395 1402 1586 1456 mauor
1608 1401 1739 1457 pars

185 1476 287 1530 cieri
308 1475 464 1528 simul
494 1490 563 1528 ac
590 1474 784 1547 populi
817 1473 1102 1545 elegisset,
1135 1473 1195 1527 in
1248 1474 1383 1529 sede
1429 1472 1740 1545 apostolica

182 1563 444 1643 resideret:
464 1582 497 1614 »
522 1562 683 1617 Unde
716 1562 1097 1633 Symmachus
1127 1561 1385 1632 pontifex
1404 1562 1588 1615 factus
1606 1578 1740 1616 con-

180 1652 321 1707 stituit
344 1650 714 1706 Laurentium
743 1651 802 1705 in
834 1650 1119 1705 Nucerina
1148 1649 1374 1704 civitate
1404 1649 1738 1720 episcopum

178 1740 344 1795 intuitu
372 1739 802 1795 misericordiae.
837 1739 966 1794 Haec
995 1742 1193 1793 autem
1213 1738 1443 1809 plenius
1471 1738 1530 1793 in
1559 1739 1740 1794 Gestis

1846 588 2033 644 verbis
2058 588 2255 652 suis,et
2270 588 2568 643 sanctusin
2590 589 2860 645 omnibus
2871 590 3139 662 operibus
3152 589 3449 662 suis(Psal.

1845 694 2018 744 cxmv,
2049 682 2121 745 9),
2150 677 2381 732 fidelem
2412 678 2698 733 famulum
2719 678 2789 735 de
2810 678 3054 751 praemio
3074 679 3214 750 justi
3240 679 3453 735 laboris

1846 766 2025 820 voluit
2046 783 2166 821 esse
2187 782 2472 821 securum.
2502 789 2531 816 »
2551 768 2777 822 Interea
2801 784 2898 823 rex
2919 767 3287 838 Childericus,
3310 769 3451 825 dum

1844 870 1949 926 per
1979 856 2047 911 24
2076 871 2366 910 annorum
2396 854 2678 912 curricula
2704 857 3057 912 Francorum
3088 861 3321 913 strenue
3344 875 3449 929 gu-

1844 944 2142 1001 bernasset
2163 961 2434 1016 regnum,
2466 963 2533 1000 ex
2558 946 2667 1000 hac
2689 945 2805 1001 vita
2824 946 3085 1003 decessit.
3105 946 3245 1003 Huic
3264 948 3450 1005 haere-

1844 1032 2053 1088 ditario
2076 1033 2209 1104 jure
2244 1034 2512 1089 successit
2536 1035 2895 1106 supradictus
2917 1036 3253 1104 Clodoveus,
3276 1037 3363 1091 vir
3390 1036 3448 1092 in

1843 1121 2013 1176 rebus
2036 1121 2252 1176 bellicis
2274 1125 2541 1177 strenuus
2560 1123 2815 1195 nullique
2845 1123 3105 1196 priorum
3123 1125 3330 1180 virtute
3361 1142 3449 1181 se-

1843 1209 2194 1265 cundus.Hic
2211 1210 2505 1283 Siagrium
2520 1211 2917 1269 Romanorum
2931 1213 3447 1287 patricium,Egidii

1840 1298 2048 1366 ﬁlium,
2079 1315 2114 1353 a
2143 1298 2463 1355 Suessionis
2508 1300 2734 1355 civitate
2774 1302 3009 1374 expulit,
3042 1318 3289 1376 eamque
3332 1320 3449 1358 suae

1844 1386 2051 1442 ditioni
2078 1388 2354 1444 subdidit.
2384 1389 2675 1445 Exercitus
2695 1407 2835 1445 sane
2864 1391 3217 1446 Francorum
3240 1392 3451 1448 multas

1840 1475 2149 1531 Galliarum
2168 1476 2432 1532 ecclesias
2450 1477 2750 1545 invadens,
2773 1479 3073 1545 thesauros
3095 1496 3296 1534 earum
3316 1476 3451 1534 diri-

1841 1564 1984 1636 puit.
2002 1564 2166 1620 Unde
2196 1564 2348 1621 inter
2377 1569 2583 1621 cratera
2606 1567 2788 1640 spolia
2814 1566 2885 1622 de
2916 1567 3155 1622 ecclesia
3179 1566 3451 1623 Remensi

1841 1669 2080 1709 urceum
2110 1654 2241 1709 miri
2269 1654 2545 1726 ponderis
2573 1654 2745 1710 simul
2775 1658 2832 1711 et
2861 1656 3084 1712 decoris
3124 1658 3451 1728 asportave-

1841 1745 1994 1797 runt.
2027 1744 2138 1797 Pro
2166 1759 2280 1815 quo
2304 1743 2504 1798 beatus
2535 1743 2850 1815 Remigius,
2883 1744 3057 1816 ipsius
3084 1745 3241 1801 urbis
3271 1745 3455 1818 ponti-

179 1828 579 1896 Pentiﬁcalibus,
612 1828 709 1900 qui
737 1828 881 1883 scire
927 1827 1192 1895 voluerit,
1237 1827 1511 1884 inveniet.
1543 1829 1607 1882 In
1631 1828 1738 1883 hac
1766 1825 1817 1885 B
1839 1828 1952 1898 fex,
1976 1830 2234 1903 legatum
2256 1831 2329 1886 ad
2347 1830 2702 1887 Clodeveum
2719 1832 2951 1901 direxit,
2970 1834 3152 1889 multa
3170 1850 3340 1906 prece
3353 1832 3452 1889 de-

177 1933 276 1972 vero
302 1917 649 1971 dissensione
672 1918 754 1989 (ut
784 1917 985 1971 beatus
1000 1915 1198 1970 scribit
1225 1932 1378 1988 papa
1407 1915 1737 1989 Gregorius)

174 2005 513 2060 sanctissimus
545 2004 896 2073 Paschasius,
945 2003 1205 2058 Ecclesiae
1237 2004 1515 2059 Romanae
1546 2003 1737 2060 diaco-

177 2111 268 2161 nus,
292 2094 547 2165 partibus
572 2093 713 2147 favit
733 2091 1048 2150 Laurentii.
1069 2090 1177 2155 Qui
1207 2092 1347 2146 dum
1371 2094 1740 2164 contemptor

175 2183 234 2236 sui
253 2187 403 2254 atque
423 2185 660 2237 amator
680 2184 827 2236 esset
842 2197 1164 2253 pauperum
1194 2180 1743 2252 Christi,eleemosy-

173 2287 444 2342 uarumque
492 2270 730 2325 sedulus
772 2270 1155 2342 dispensator,
1188 2285 1491 2340 nunquam
1539 2272 1741 2324 tamen

169 2357 285 2412 ﬂecti
304 2358 485 2431 potuit
510 2362 577 2412 ut
598 2358 947 2429 Symmache
974 2356 1458 2425 communicaret,
1481 2356 1644 2412 illum
1662 2357 1742 2411 di-

168 2445 330 2516 ligens,
345 2448 503 2501 illum
526 2463 762 2518 semper
787 2446 1306 2518 prmferens,quem
1326 2445 1739 2516 Ecclesiajusto

166 2535 526 2607 episcoporum
543 2536 763 2607 judicio
790 2535 897 2590 sibi
928 2552 1173 2608 praeesse
1194 2535 1614 2608 repudiaverat.
1644 2534 1742 2589 Hic

169 2626 641 2694 ergoPaschasius,
658 2626 797 2681 dum
818 2628 1083 2695 tempore
1102 2623 1433 2696 Symmachi
1455 2622 1743 2696 pontiﬁcis

167 2713 439 2768 terminum
472 2714 651 2783 hujus
681 2716 827 2767 esset
857 2712 1090 2768 sortitus
1142 2713 1293 2780 vitae,
1327 2712 1399 2767 ad
1443 2712 1742 2767 ecclesiam

163 2803 227 2852 est
244 2800 449 2856 delatus
461 2801 781 2856 mandatus
802 2803 1129 2873 sepulturae.
1151 2800 1322 2871 Cujus
1341 2799 1739 2868 dalmaticam,

162 2903 260 2958 quas
290 2906 454 2961 super
482 2891 774 2945 feretrum
806 2892 935 2959 ejus
957 2889 1145 2960 posita
1176 2892 1466 2957 erat,cum
1499 2888 1740 2961 quidam

162 2974 520 3034 dameniacus
556 2978 858 3049 tetigisset,
909 2978 1105 3031 statim
1161 2977 1437 3032 liberatus
1473 2980 1575 3032 est.
1607 2978 1745 3032 Ger-

158 3078 299 3121 mane
327 3071 521 3137 autem
549 3067 823 3137 Capuano
857 3066 1128 3138 episcopo
1150 3066 1357 3121 medici
1385 3066 1745 3123 dictaverant

158 3157 206 3206 ut
226 3170 315 3224 pro
343 3157 751 3228 recuperanda
780 3156 961 3210 salute
1004 3154 1261 3227 corporis
1315 3155 1374 3209 in
1421 3155 1743 3227 Angulanis

158 3240 356 3298 thermis
385 3244 573 3299 lavari
603 3243 914 3298 debuisset.
948 3244 1049 3298 Hic
1078 3244 1275 3315 itaque
1306 3245 1541 3299 easdem
1584 3244 1744 3299 ther-

156 3344 255 3383 mas
272 3331 567 3403 ingressus
587 3331 860 3386 eumdem
879 3331 1247 3386 Paschasium
1267 3331 1325 3386 in
1353 3331 1569 3387 eisdem
1594 3334 1743 3388 calo-

156 3416 281 3473 ribus
293 3423 549 3476 stantem
563 3424 622 3474 et
636 3419 743 3475 sibi
764 3419 1002 3492 obsequi
1020 3426 1287 3493 paratum
1304 3419 1545 3475 invenit.
1556 3420 1742 3486 Quem

156 3521 261 3561 cum
300 3510 681 3565 tremefactus
728 3508 1049 3580 inquireret
1074 3532 1101 3560 «
1136 3509 1277 3581 quid
1312 3509 1393 3564 ibi
1422 3513 1617 3565 tantus
1658 3511 1745 3565 vir

156 3604 336 3673 ageret,
362 3624 389 3649 »
414 3603 534 3657 hoc
563 3600 635 3655 ab
655 3616 724 3655 eo
744 3615 1087 3671 responsum
1115 3599 1367 3671 accepit:
1394 3602 1544 3655 «Pro
1563 3602 1743 3668 nulla,

153 3685 327 3761 inquit,
360 3692 476 3746 alia
522 3706 589 3745 re
620 3690 678 3744 in
710 3689 798 3744 his
826 3706 953 3745 sum
986 3689 1293 3761 deputatus
1321 3689 1607 3745 caloribus
1637 3689 1747 3745 nisi

155 3778 279 3847 quia,
308 3780 626 3836 Laurentio
657 3779 876 3848 favens,
901 3779 953 3834 ei
986 3783 1189 3835 contra
1213 3780 1629 3851 Symmachum
1651 3796 1747 3834 ne-

152 3867 307 3935 quiter
333 3869 541 3941 agenti
574 3867 867 3923 consensi.
898 3870 1078 3923 Porro
1110 3868 1156 3922 si
1198 3884 1304 3942 pro
1349 3884 1445 3923 me
1496 3868 1745 3924 Domino

151 3967 314 4022 preces
342 3956 611 4030 dignaris
628 3957 894 4020 fundere,
930 3957 991 4010 in
1022 3958 1130 4011 hoc
1163 3959 1216 4010 te
1249 3956 1581 4011 exauditum
1603 3958 1745 4013 scito

150 4057 245 4097 esse
288 4046 329 4100 si
380 4048 498 4102 huc
555 4046 785 4102 rediens
830 4063 925 4100 me
957 4062 1074 4101 non
1107 4044 1353 4118 quiveris
1390 4045 1674 4104 invenire.
1716 4067 1744 4095 »

158 4129 438 4206 Episcopus
492 4153 639 4191 sane
684 4135 758 4190 ad
809 4134 1111 4190 ecclesiam
1164 4150 1457 4205 regressus
1495 4135 1745 4189 hostiam

152 4234 234 4288 pre
262 4239 326 4277 eo
358 4226 686 4280 salutarem
735 4223 979 4279 Domino
1013 4223 1243 4292 obtulit,
1276 4226 1334 4278 et
1373 4223 1447 4279 ad
1488 4224 1746 4280 thermas

154 4321 381 4367 reversus
412 4331 559 4369 eum
592 4313 838 4368 minime
871 4312 1111 4368 invenit.

755 4402 986 4459 CAPUT
1015 4403 1124 4457 XII.

441 4490 533 4547 De
566 4490 818 4547 Clodovei
847 4492 984 4562 regis
1015 4496 1136 4545 ortu
1165 4497 1214 4545 et
1243 4507 1423 4561 regno.
1728 4542 1733 4546 .

204 4579 368 4636 Porro
395 4579 782 4649 Childericus,
814 4596 911 4635 rex
939 4580 1318 4649 Francorum,
1350 4597 1417 4634 ex
1435 4594 1608 4650 supra
1629 4596 1749 4635 me-

150 4675 347 4725 morata
364 4687 552 4727 uxore
568 4686 669 4725 sua
684 4670 887 4725 habuit
900 4669 1191 4737 ﬁlium,ne
1200 4669 1358 4724 mine
1373 4669 1745 4725 Clodoveum.

147 4750 253 4824 Qui,
278 4762 339 4813 ut
368 4764 552 4815 astate
582 4758 642 4813 in
675 4758 817 4826 dies,
850 4758 929 4813 sic
960 4761 1019 4813 et
1042 4774 1274 4813 morum
1298 4759 1596 4813 crescebat
1620 4774 1750 4830 pro-

146 4840 318 4902 bitate.
353 4849 474 4904 Hoc
508 4853 801 4919 tempore,
832 4848 990 4903 fame
1015 4846 1203 4903 valida
1232 4851 1415 4904 totam
1444 4864 1593 4919 pene
1609 4849 1747 4903 Bur-

146 4934 400 5001 gundiam
428 4937 828 5009 apprimente,
857 4937 1096 5009 quidam
1115 4954 1183 4991 ex
1204 4937 1591 5004 senatoribus,
1615 4936 1745 4991 Edi-

147 5022 245 5077 cius
256 5027 647 5093 nomine,Dee
667 5026 1069 5081 ethominihus
1086 5026 1745 5097 placens,studuitagere

145 5123 249 5166 rem
270 5113 575 5184 placitam;
602 5113 789 5169 missis
804 5131 1057 5186 namque
1076 5115 1269 5186 pueris
1284 5114 1655 5185 congregavit
1671 5114 1745 5169 ad

147 5205 371 5268 quatuor
395 5202 588 5258 millia
614 5220 819 5259 eorum
843 5220 988 5276 quos
1008 5203 1179 5258 famis
1197 5202 1394 5274 inopia
1409 5206 1746 5275 coangusta-

144 5283 245 5356 hat,
277 5291 378 5347 hos
409 5295 544 5347 toto
575 5292 847 5364 egestatis
877 5295 1144 5364 tempore
1187 5291 1440 5365 propriis
1489 5291 1632 5347 aluit
1679 5308 1744 5347 ac

146 5374 263 5433 fovit
292 5381 649 5452 sumptibus.
683 5381 945 5445 Quadam
977 5382 1172 5453 itaque
1205 5380 1318 5450 die,
1368 5381 1421 5435 ei
1471 5384 1590 5435 tam
1644 5381 1741 5452 pio

147 5469 286 5538 operi
316 5469 614 5525 insistenti
646 5488 749 5525 vox
805 5471 1052 5543 desuper
1102 5471 1300 5526 audita
1348 5474 1452 5538 est,
1496 5471 1737 5528 dicens:

146 5577 169 5601 α
192 5557 329 5621 Quia
357 5559 579 5634 inquit,
597 5577 629 5616 ο
659 5560 834 5629 Edici,
865 5561 1011 5616 mihi
1042 5561 1100 5616 in
1128 5561 1408 5618 membris
1438 5561 1585 5618 meis
1613 5578 1740 5617 esu-

144 5644 298 5705 rienti
326 5649 672 5707 alimoniam
703 5650 1013 5719 contulisti,
1045 5651 1255 5709 semini
1285 5655 1384 5710 tuo
1416 5650 1582 5725 panis
1609 5667 1732 5709 non

566 5750 799 5810 Paxaea.
828 5748 1086 5809 CXXXIX.

1840 1933 2081 1988 poscens
2101 1918 2244 1986 ut,si
2278 1935 2393 1973 non
2420 1919 2577 1974 aliud
2601 1919 2859 1991 recipere
2880 1924 3224 1989 mereretur,
3248 1922 3453 1976 saltem
3498 1952 3507 1959 -

1842 2021 2046 2062 urceus
2072 2006 2168 2064 ille
2198 2006 2317 2071 sibi
2335 2008 2698 2063 redderetur.
2716 2009 2871 2063 Tunc
2898 2025 2996 2064 rex
3028 2010 3218 2081 legato
3245 2025 3457 2080 praece-

1842 2095 1949 2168 pit,
1984 2095 2182 2151 dicens
2213 2113 2226 2151 :
2262 2118 2291 2147 «
2319 2095 2572 2169 Sequere
2616 2097 2826 2170 inquit,
2857 2115 2954 2154 me
2987 2115 3165 2171 usque
3199 2098 3453 2154 Suessio-

1843 2184 1950 2252 nis,
1976 2184 2053 2241 ibi
2083 2202 2213 2258 quae
2234 2188 2403 2257 capta
2433 2190 2570 2240 sunt
2594 2190 2749 2242 sorte
2769 2187 2944 2242 missa
2970 2186 3455 2242 dividentur.Etsi

1843 2272 1985 2328 mihi
2008 2290 2130 2329 sors
2151 2274 2309 2345 justa
2336 2290 2453 2342 vas,
2483 2292 2589 2347 pro
2622 2292 2736 2347 quo
2765 2292 2916 2344 eras,
2951 2274 3197 2343 dederit,
3216 2274 3277 2329 in
3310 2274 3453 2330 reci-

1842 2361 2056 2432 piendo
2076 2378 2144 2418 eo
2161 2363 2322 2417 nulla
2342 2362 2446 2417 tibi
2459 2363 2835 2434 generabitur
2850 2381 3036 2421 mora.
3064 2386 3092 2413 »
3116 2367 3333 2421 Parens
3361 2363 3455 2419 ille

1844 2453 2134 2522 praecepto
2162 2450 2272 2506 iter
2292 2451 2446 2524 regis
2468 2469 2646 2524 usque
2664 2453 2738 2508 ad
2756 2453 3109 2509 destinatum
3127 2456 3461 2526 prosecutus

1844 2542 1929 2593 est
1953 2540 2164 2594 locum.
2201 2540 2325 2604 Quo
2355 2557 2483 2595 cum
2517 2541 2934 2611 pervenissent,
2965 2559 3032 2598 ex
3082 2542 3234 2615 regis
3269 2540 3458 2597 edicto

1843 2628 2097 2700 supellex
2112 2631 2317 2684 cuncta
2330 2628 2389 2684 in
2408 2629 2668 2685 medium
2688 2630 2948 2685 defertur
2959 2633 3112 2686 sorte
3128 2629 3457 2707 dividenda.

1844 2717 2023 2772 Porro
2055 2734 2155 2771 rex
2184 2719 2398 2773 veritus
2426 2736 2500 2774 ne
2532 2719 2702 2787 forte,
2737 2722 2890 2775 sorte
2919 2720 3112 2787 missa,
3155 2736 3360 2775 urceus
3386 2718 3461 2774 ad

1844 2805 2078 2860 alterius
2096 2805 2393 2861 deveniret
2404 2807 3088 2876 dominium,cenvocatis
3105 2807 3461 2880 principibus

1843 2894 1951 2949 hac
1998 2911 2094 2949 eos
2122 2895 2435 2967 alloquitur
2463 2896 2726 2950 oratione
2758 2914 2775 2949 :
2813 2918 2841 2947 ‹‹
2875 2895 3017 2951 Cum
3047 2895 3290 2950 rationis
3317 2895 3459 2951 ordo

1845 2985 2114 3054 exposcat
2142 2983 2465 3055 principem
2500 2983 2793 3056 imperare
2823 2984 3019 3056 potius
3048 2984 3291 3039 subditis
3322 2984 3462 3056 quid

1843 3071 1978 3126 velit
1999 3088 2171 3143 quam
2202 3088 2373 3143 prece
2402 3072 2733 3145 deposcere,
2762 3089 2870 3145 ego
2911 3074 3129 3140 tamen,
3161 3070 3459 3127 fortissimi

1843 3160 2288 3228 commilitones,
2311 3162 2464 3216 male
2488 3177 2619 3216 cum
2652 3162 2839 3233 gratia
2868 3178 3044 3235 quam
3070 3176 3202 3215 cum
3226 3160 3462 3216 austeri-

1843 3251 1964 3303 tate
1985 3249 2301 3322 quidquam
2320 3267 2354 3305 a
2375 3250 2534 3305 vobis
2554 3249 2804 3322 exigere.
2825 3251 3227 3323 Tyrannorum
3242 3250 3457 3325 quippe

1846 3339 1932 3392 est
1952 3336 2100 3393 levia
2116 3354 2359 3409 quaeque
2381 3354 2514 3394 cum
2545 3339 2598 3393 vi
2629 3342 2688 3394 et
2708 3339 2939 3395 feritate
2969 3337 3237 3410 subjectis
3254 3337 3456 3411 praeci-

1846 3441 2008 3498 pere,
2038 3426 2328 3481 bonorum
2361 3443 2494 3482 vero
2525 3428 2855 3499 principum
2882 3428 2956 3483 ad
2978 3427 3175 3500 gravia
3195 3427 3374 3483 etiam
3392 3442 3458 3482 ac

1846 3513 2105 3569 difficilia
2135 3515 2438 3571 toleranda
2459 3518 2575 3571 sola
2600 3516 2835 3572 lenitate
2856 3516 3098 3571 invitare
3123 3516 3455 3572 verborum.

1845 3602 2008 3674 Regii
2028 3602 2222 3675 itaque
2248 3604 2500 3677 dignitas
2514 3605 2770 3660 neminis
2788 3605 2864 3678 pii
2882 3606 3058 3678 patris
3076 3605 3251 3661 debet
3271 3621 3461 3661 exem-

1847 3692 1945 3765 pla
1969 3692 2197 3760 sectari,
2230 3698 2292 3748 ut
2319 3695 2446 3765 plus
2477 3694 2816 3749 reverentiae
2865 3694 2970 3749 sibi
3001 3711 3066 3749 ex
3096 3693 3457 3767 benignitate

1848 3796 2016 3852 quam
2044 3779 2270 3836 timoris
2302 3782 2496 3853 exigat
2525 3800 2590 3837 ex
2636 3783 2993 3838 crudelitate.
3022 3782 3250 3837 Rectius
3280 3782 3458 3854 igitur

1849 3868 1983 3923 duxi
2024 3869 2315 3924 mansueti
2355 3869 2539 3924 animi
2585 3870 2990 3925 benevolentia
3029 3869 3083 3925 id
3116 3886 3214 3925 vos
3246 3886 3456 3941 rogare

1847 3956 2002 4028 quod
2034 3972 2262 4028 possem
2286 3957 2446 4029 regia
2468 3976 2599 4013 usus
2630 3958 2972 4013 auctoritate
3002 3957 3338 4013 inconsultis
3361 3975 3453 4012 vo-

1846 4044 1933 4100 bis
1957 4044 2295 4117 prmripere.
2336 4046 2497 4102 Unde
2532 4050 2724 4102 oratos
2753 4063 2851 4101 vos
2873 4063 3077 4100 omnes
3103 4063 3224 4101 esse
3241 4047 3369 4102 volo
3392 4049 3453 4100 ut

1845 4150 1942 4188 vas
1962 4133 2115 4189 istud
2137 4141 2394 4201 (urceum
2412 4135 2840 4206 demonstrans)
2856 4137 3044 4189 vestra
3060 4133 3200 4189 mihi
3224 4133 3455 4189 muniﬁ-

1844 4223 2036 4279 centia
2063 4226 2226 4279 extra
2254 4223 2426 4280 sertis
2463 4240 2611 4280 meae
2649 4223 2983 4297 portionem
3009 4223 3250 4292 tribuat,
3265 4223 3452 4296 deque

1843 4312 2330 4368 remunerationis
2377 4312 2618 4385 praemio
2667 4313 2857 4368 nullus
2901 4315 3156 4369 vestrum
3192 4312 3452 4385 ambigat

1765 4385 1819 4445 D
1845 4419 1981 4458 cum
2009 4419 2105 4459 me
2136 4402 2553 4457 retributorem
2578 4402 2878 4475 proﬁtear,
2910 4402 2957 4458 si
2996 4403 3107 4459 hoc
3137 4419 3268 4458 cum
3296 4403 3452 4459 bona

1849 4492 2086 4566 quivere
2118 4491 2436 4565 impetrare
2466 4492 2675 4563 gratia.
2714 4509 2740 4544 ι

1916 4581 2005 4636 Ad
2023 4582 2146 4635 haec
2163 4579 2366 4636 Franci
2382 4580 2799 4652 respondentes
2810 4580 2935 4653 regi
2957 4581 3250 4637 dixerunt:
3271 4602 3298 4633 «
3316 4580 3449 4650 Nos,

1848 4687 1881 4725 e
1904 4670 2114 4741 inclyte
2137 4686 2256 4739 rex,
2280 4673 2643 4725 sacramento
2667 4669 2806 4725 olim
2832 4670 2932 4726 tibi
2960 4671 3137 4727 ﬁdem
3169 4670 3450 4743 promisse

1847 4759 2360 4830 recelimus,utque
2372 4762 2624 4814 mortem
2639 4776 2745 4831 pro
2763 4760 3019 4832 corporis
3031 4760 3111 4815 tui
3130 4760 3311 4815 salute
3324 4758 3452 4814 sub-

1847 4847 1932 4903 ire
1963 4847 2148 4919 parati
2170 4864 2425 4904 essemus
2449 4847 2709 4920 proﬁteri
2732 4848 3291 4904 nonerubuimus.Si
3308 4864 3449 4920 ergo

1847 4937 2025 4992 vitam
2056 4936 2264 5009 ipsam,
2297 4954 2424 5009 quae
2451 4937 2671 4992 cunctis
2700 4937 2928 4993 charior
2957 4941 3044 4992 est
3086 4937 3313 5009 opibus,
3343 4936 3449 4992 tibi

1844 5025 2269 5098 vevimus,quid
2288 5026 2474 5097 majus
2487 5026 2598 5080 erit
2617 5026 2772 5098 quod
2786 5026 2940 5097 juste
2958 5027 3278 5097 negemus?
3299 5026 3450 5081 Sane

1844 5132 1910 5170 ex
1929 5114 2017 5169 his
2038 5114 2233 5186 spoliis
2264 5130 2383 5169 non
2415 5117 2666 5185 partem,
2688 5114 2789 5169 sed
2814 5118 3001 5169 totum
3035 5118 3148 5170 tunc
3180 5112 3450 5187 potestati

1842 5203 2102 5259 cedimus
2122 5220 2136 5272 ;
2158 5206 2221 5257 ut
2241 5203 2488 5258 volueris
2502 5203 2611 5257 fac.
2632 5204 2744 5257 Aut
2771 5202 2958 5274 mergi
2978 5202 3314 5257 fluminibus
3350 5202 3450 5256 aut

1842 5291 2098 5347 ﬂammis
2123 5291 2328 5363 jubeas
2345 5290 2495 5345 tradi
2522 5291 2840 5360 voracibus,
2862 5291 2943 5345 nil
2969 5290 3042 5346 ad
3073 5307 3179 5346 nos
3202 5289 3445 5357 attinet;

1844 5386 2074 5438 tantum
2107 5383 2169 5435 ut
2200 5384 2296 5435 tuo
2324 5378 2563 5434 satisﬁat
2593 5379 2903 5436 desiderio.
2937 5401 2966 5429 »
2995 5379 3137 5434 Tam
3181 5379 3448 5434 devotam

1843 5471 2019 5526 totius
2048 5486 2188 5542 erga
2203 5486 2261 5525 se
2284 5469 2561 5525 exercitus
2581 5469 2938 5524 voluntatem
2963 5483 3102 5539 rege
3124 5466 3450 5523 admirante

1844 5564 2020 5632 atque
2067 5559 2364 5626 laudante,
2411 5575 2558 5614 unus
2596 5574 2663 5613 ex
2705 5555 2958 5624 Francis,
2984 5555 3214 5611 levitate
3269 5552 3451 5619 animi

1841 5652 2189 5719 commotus,
2223 5647 2416 5723 gladio
2464 5662 2704 5704 urceum
2744 5644 3095 5720 percutiens,
3127 5645 3202 5701 ad
3246 5657 3455 5715 regem

3134 5744 3198 5801 21
