3940 6166
518 385 622 447 θδί
1618 368 1890 443 amomi
1908 372 2074 441 MONl

2214 377 2738 443 [FLORIACENSIS
3660 396 3770 475 ’βεδε

527 508 671 564 dixit
699 523 712 562 :
746 527 768 556 ι
800 505 904 573 Τιι,
937 503 1224 579 inquiens,
1255 519 1375 575 rex,
1407 505 1542 562 hinc
1577 505 1720 562 nihil
1757 504 1999 579 accipies
2027 504 2136 561 nisi
2154 511 2207 570 Α
2229 504 2862 578 processerat,Domino
2882 506 3014 563 vota
3032 521 3262 564 suarum
3285 508 3528 568 solutura
3544 527 3772 585 precum.

526 598 683 669 quod
705 595 808 651 tibi
835 612 969 650 vera
984 613 1108 651 sors
1128 597 1354 651 auferre
1380 596 1727 668 permiserit.
1747 615 1778 648 »
1803 595 2136 651 Mirantibus
2238 598 2375 652 Erat
2403 597 2617 671 quippe
2650 596 2767 652 dies
2787 597 3473 668 Dominica.Aurelianus,
3486 602 3623 659 inter
3643 611 3778 661 caste-

525 686 765 752 caeteris,
795 686 1079 757 simulque
1106 685 1404 741 audaciam
1451 686 1558 740 viri
1601 684 2010 752 incusantibus,
2036 701 2137 739 rex
2235 703 2331 741 ros
2349 702 2631 759 pauperes
2649 700 2768 757 prae
2789 686 3007 741 foribus
3023 689 3492 761 stans,egressum
3504 691 3615 763 ejus
3632 709 3778 765 oppe-

522 778 766 829 moleste
793 773 848 829 id
870 791 929 829 se
956 774 1106 829 ferre
1125 774 1510 837 dissimulans,
1542 792 1637 829 vas
1658 791 1829 846 supra
1849 790 2136 829 memora—
2235 774 2513 830 riebatur.
2546 775 2796 846 Expletis
2843 775 3149 831 missarum
3192 778 3499 847 solemniis,
3531 782 3782 853 egreditur

524 869 648 920 tum
668 865 862 934 legato
881 864 1167 935 pontificis
1187 863 1455 919 reddidit.
1473 865 1718 918 Emenso
1735 862 1979 918 labentis
1995 862 2132 917 anni
2235 864 2445 935 puella,
2474 863 2672 935 egenis
2695 864 2779 933 (ut
2808 863 2860 918 ei
2891 878 3017 919 mos
3046 868 3188 934 erat)
3206 867 3618 939 eleemosynam
3644 871 3785 944 largi-

524 953 759 1020 circulo,
784 952 937 1007 idem
968 952 1238 1025 princeps
1263 953 1577 1007 exercitum
1590 951 1832 1007 adunari
1859 952 2133 1023 praecepit
2232 955 2383 1007 tura.
2416 950 2651 1006 Accedit
2681 951 3044 1020 Aurelianus,
3072 956 3134 1007 ut
3172 954 3466 1011 mendicus
3492 957 3677 1029 stipem
3703 976 3786 1031 po-

521 1042 581 1099 in
611 1060 819 1116 campo
853 1042 950 1115 qui
987 1043 1217 1098 Martius
1246 1042 1563 1111 dicebatur,
1595 1044 1865 1113 generale
1914 1058 2132 1116 propo—
2231 1041 2563 1095 stulaturus.
2588 1039 2848 1112 Cumque
2865 1040 2965 1095 illa
2985 1057 3225 1099 aureum
3257 1043 3309 1099 ei
3339 1045 3661 1117 porrigeret,
3686 1047 3785 1119 ipse

519 1149 665 1187 nens
687 1132 941 1187 edictum
962 1131 1116 1186 utsic
1137 1132 1623 1186 adessentarmati
1656 1148 1720 1187 ac
1742 1132 1786 1186 si
1807 1134 2009 1186 contra
2023 1131 2127 1187 ho-
2230 1129 2655 1202 apprehensam
2684 1145 2927 1185 manum
2957 1130 3101 1202 ejus,
3130 1133 3306 1204 pallio
3337 1150 3505 1205 super
3530 1135 3785 1192 brachium

516 1225 630 1278 stes
656 1220 991 1293 pugnaturi.
1012 1219 1278 1275 Procedit
1306 1236 1373 1275 eo
1405 1222 1533 1275 loco
1564 1237 1677 1293 quo
1699 1220 1926 1292 jussum
1942 1220 2130 1275 fuerat
2228 1218 2489 1286 reducto,
2520 1217 2739 1273 nudam
2774 1217 2861 1272 ori
2892 1234 2993 1274 suo
3026 1222 3381 1276 osculaturus
3408 1223 3660 1279 admovit.
3688 1225 3784 1292 llla,

519 1310 819 1372 exercitus,
851 1309 1026 1381 gestis
1048 1308 1268 1364 militiae
1299 1310 1485 1363 clarus
1515 1325 1580 1364 ac
1609 1324 1905 1365 armorum
1939 1309 2127 1365 nitore
2228 1305 2449 1378 pudore
2463 1305 2705 1378 puellari
2723 1306 2935 1362 rubore
2956 1308 3208 1378 perfusa,
3237 1310 3477 1366 domum
3492 1313 3787 1383 repetitllit

519 1397 1323 1470 conspicuus.Progredituret
1338 1414 1435 1453 rex
1460 1398 1776 1453 Clodoveus
1797 1399 2126 1454 ordinatam
2226 1392 2298 1448 tit
2346 1394 2621 1450 continuo
2674 1396 2951 1466 puellam,
2983 1413 3112 1469 quae
3152 1397 3448 1454 inventum
3484 1404 3545 1455 ut
3589 1402 3789 1471 putabat

516 1502 752 1540 suorum
785 1485 967 1540 aciem
1000 1485 1382 1557 inspecturus,
1410 1486 1761 1558 circuitoque
1780 1487 2014 1558 agmine
2034 1488 2128 1541 de-
2226 1481 2563 1537 mendicum
2594 1481 2668 1537 ad
2697 1499 2756 1537 88
2788 1482 3115 1539 deduceret
3142 1484 3327 1550 Quem
3359 1502 3549 1542 Coram
3576 1488 3787 1560 Ροδίῑιιω

515 1573 672 1628 venit
694 1573 915 1628 adeum
938 1574 1033 1646 qui
1055 1590 1293 1629 urceum
1314 1590 1416 1630 suo
1436 1579 1795 1647 percusserat
1823 1591 2121 1631 mucrone.
2224 1570 2423 1625 taliter
2454 1570 2762 1642 alloquitur
2788 1587 2801 1625 :
2831 1590 2862 1625 α
2893 1572 3040 1636 Quid
3071 1573 3199 1639 tibi,
3232 1591 3267 1630 o
3305 1576 3503 1643 homo,
3532 1574 3714 1644 visum,
3740 1581 3790 1632 ut

514 1662 701 1727 Quam
732 1662 971 1718 intuitus
997 1664 1188 1719 taliter
1215 1664 1525 1737 alloquitur
1554 1681 1567 1719 :
1606 1687 1633 1715 «
1666 1664 2127 1734 Universum,in-
2226 1659 2661 1731 eleemosynam
2674 1664 3009 1732 accepturus
3022 1678 3264 1718 manum
3287 1679 3479 1719 meam
3491 1667 3634 1720 veste
3647 1664 3791 1720 denu-

514 1752 657 1826 quit,
686 1756 1019 1823 perustrans
1048 1753 1384 1819 exercitum,
1415 1756 1470 1807 te
1501 1752 1866 1824 ignaviorem
1887 1769 2006 1808 non
2032 1770 2122 1808 re-
2149 1822 2188 1826 _
2227 1746 2372 1801 dans
2412 1748 2791 1803 osculareris?
2811 1769 2839 1799 η
2873 1748 2975 1804 Cui
3003 1749 3119 1819 ille,
3152 1751 3511 1824 interrogata
3537 1752 3788 1819 amittens,

512 1822 657 1913 peri,
683 1822 789 1896 nec
810 1840 1105 1895 inutiliora
1121 1844 1423 1913 gerentem
1457 1822 1622 1896 arma
1654 1841 1946 1911 conspexi.
1979 1841 2122 1895 Nam
2148 1822 2201 1883 Β
2226 1836 2340 1890 tale
2374 1835 2535 1890 dedit
2563 1852 2906 1909 responsum
2939 1854 3006 1893 ε(
3033 1840 3313 1895 Dominus
3337 1822 3516 1909 meus,
3542 1857 3631 1896 rex
3645 1841 3781 1897 Fraus

513 1946 619 1985 nec
650 1930 815 1985 hasta
840 1933 938 1984 aut
968 1931 1197 2002 clypeus
1219 1947 1321 1985 nec
1345 1931 1511 2001 galea
1533 1933 1631 1985 aut
1651 1930 1873 2001 gladius
1891 1929 2126 1999 alicujus
2227 1940 2456 1992 corum,
2474 1925 2669 1980 audita
2682 1927 3085 1997 generositatis
3106 1930 3217 1983 tua:
3241 1929 3589 1996 excellentia,
3611 1929 3791 1984 deside-

513 2022 646 2073 sunt
684 2018 962 2077 utilitatis.
994 2037 1026 2071 »
1066 2020 1133 2073 Et
1164 2022 1397 2073 extensa
1427 2035 1606 2073 manu
1631 2017 1973 2072 franciscam
2005 2017 2126 2089 ejus
2226 2015 2318 2066 rat
2348 2016 2403 2067 te
2428 2013 2643 2068 habere
2674 2014 3004 2087 conjugem.
3030 2017 3171 2072 Ecce
3201 2018 3450 2072 annulus
3468 2017 3601 2089 ejus,
3628 2020 3676 2071 et
3702 2032 3788 2071 ae-

510 2109 683 2163 terras
701 2107 1063 2179 dejecit,qua3
1082 2108 1286 2178 spatha
1302 2106 1526 2162 dicitur.
1551 2106 1643 2162 Ad
1660 2122 1834 2178 quam
1852 2105 2128 2178 recipien-
2225 2101 2353 2155 tera
2383 2105 2731 2157 ornamenta
2760 2104 3064 2173 sponsalia.
3101 2125 3122 2154 ο
3161 2105 3480 2162 Conversus
3505 2109 3703 2173 autem,
3742 2109 3790 2159 ut

514 2195 649 2250 dam
669 2212 801 2251 cum
824 2212 882 2249 se
907 2195 1003 2249 ille
1023 2195 1484 2263 inclinasset,rex
1504 2211 1665 2249 suam
1686 2194 1895 2265 vagina
1916 2193 2129 2249 exemit
2227 2191 2515 2245 sacculum
2548 2207 2722 2259 quem
2748 2196 2877 2263 post
2907 2193 3117 2249 ostium
3166 2195 3515 2267 deposuerat
3555 2197 3788 2255 sumeret,

513 2284 752 2355 ejusque
774 2283 978 2338 cervici
1000 2283 1185 2338 valido
1209 2283 1517 2338 conamine
1540 2282 1916 2349 illisit,dicens
1939 2299 1952 2336 :
1979 2304 2006 2331 ‹‹
2032 2281 2126 2337 Sic
2227 2277 2521 2334 oblaturus
2550 2278 2601 2333 ei
2620 2296 2866 2335 munera
2886 2298 3014 2354 qua:
3034 2282 3341 2352 detulerat,
3358 2284 3551 2339 furtim
3569 2283 3787 2338 ablatum

513 2376 577 2427 tu
606 2372 927 2428 Suessionis
950 2372 1008 2427 in
1037 2390 1208 2427 urceo
1236 2373 1333 2428 illo
1362 2372 1505 2427 mihi
1530 2371 1734 2427 fecisti.
1768 2390 1800 2423 »
1827 2372 1905 2426 Eo
1932 2371 2125 2443 itaque
2227 2382 2349 2421 esse
2372 2367 3008 2440 persensit.Ql1838ti0ne
3024 2371 3227 2427 habita
3252 2372 3541 2428 invenitur
3555 2373 3789 2437 sacculus,

514 2464 769 2528 mortuo,
784 2478 883 2516 rex
902 2477 1378 2533 unumquemque
1404 2460 1476 2514 ad
1504 2459 1740 2531 propria
1756 2458 1945 2514 redire
1975 2476 2123 2531 prm-
2225 2454 2434 2527 recipit
2454 2472 2589 2511 eum
2602 2458 2666 2510 ut
2684 2457 3042 2529 peregrinus,
3065 2476 3316 2516 munera
3341 2462 3541 2534 puellae
3562 2458 3788 2528 offert,de

515 2550 687 2622 cepit.
720 2548 963 2604 Grandis
994 2553 1233 2622 propter
1257 2550 1367 2605 hoc
1420 2549 1637 2603 factum
1664 2548 1911 2603 Francos
1938 2551 2126 2603 terror
2225 2544 2443 2615 nuptiis
2460 2544 2584 2615 jam
2610 2562 2861 2601 securus.
2890 2547 3032 2602 Nam
3063 2547 3181 2614 illa,
3212 2549 3311 2604 ubi
3358 2550 3429 2604 de
3480 2549 3584 2604 tori
3622 2548 3791 2618 copula

513 2637 741 2700 invasit,
774 2641 832 2691 et
852 2654 925 2692 ne
951 2637 1079 2710 quis
1107 2637 1231 2708 ejus
1261 2637 1539 2693 voluntati
1570 2637 1628 2691 in
1649 2640 1946 2709 posterum
1983 2653 2125 2693 con-
2226 2632 2462 2701 audivit,
2496 2634 2686 2705 legato
2714 2633 2773 2688 in
2803 2634 2927 2690 haec
2957 2636 3128 2690 verba
3160 2637 3465 2709 respondit
3494 2653 3551 2691 τα
3575 2637 3684 2690 Non
3703 2636 3787 2700 θεῖ,

513 2726 714 2781 trairet
743 2726 1016 2784 coercuit.
1049 2728 1242 2781 Inerat
1268 2726 1447 2781 vultui
1492 2725 1614 2796 ejus
1663 2725 1912 2797 gravitas
1954 2727 2125 2782 mista
2225 2720 2435 2793 inquit,
2464 2720 2550 2776 fas
2566 2720 2903 2777 Christianae
2928 2724 3157 2778 mulieri
3172 2741 3469 2797 paganum
3490 2722 3665 2780 sortiri
3690 2737 3788 2777 ma-

514 2815 815 2882 alacritati,
849 2818 912 2869 ut
941 2819 1000 2869 et
1022 2815 1383 2887 jucunditate
1413 2818 1675 2885 aspectus
1700 2815 1980 2870 mulceret
1994 2830 2125 2886 pro-
2223 2809 2422 2866 ritum.
2448 2809 2560 2865 Sed
2584 2810 2630 2864 si
2648 2811 2758 2865 hoc
2787 2815 3122 2868 cunctorum
3137 2813 3547 2885 praeordinavit
3568 2810 3789 2867 conditor

512 2904 617 2961 bos
653 2908 711 2960 et
730 2903 1033 2959 severitate
1060 2906 1307 2959 terreret
1335 2903 1657 2976 improbos.
2225 2899 2396 2967 Deus,
2420 2902 2483 2953 ut
2502 2898 2596 2953 ille
2623 2916 2728 2972 per
2744 2917 2840 2955 me
2860 2900 3193 2957 Creatorem
3212 2904 3490 2975 agnoscat
3513 2918 3682 2967 suum,
3709 2914 3786 2970 pe-

1111 2992 1336 3047 CAPUT
1391 2993 1524 3047 Xlll.
2222 2986 2331 3042 tita
2349 3004 2469 3043 non
2498 2987 2711 3054 abnuo,
2746 2988 3009 3060 quinimo
3033 2989 3458 3062 omnipotentis
3484 2990 3582 3045 fiat
3597 2985 3789 3044 Domini

878 3080 961 3136 De
990 3080 1243 3137 Clodovez'
1270 3083 1406 3152 regis
1427 3084 1755 3153 procatione.
2145 3104 2195 3166 ο
2218 3075 2423 3166 jussio.
2458 3096 2484 3127 ο
2521 3077 2622 3131 1110
2650 3076 2876 3132 dicente
2905 3093 3104 3150 regem
3134 3078 3259 3149 ejus
3289 3079 3566 3135 desiderio
3582 3093 3675 3151 per
3694 3090 3790 3130 om-

588 3171 711 3236 Quo
740 3186 879 3241 ergo
909 3170 1115 3225 ordine
1137 3170 1208 3224 ad
1232 3170 1432 3224 matris
1455 3169 1713 3225 Ecclesiae
1742 3169 1931 3224 sinum
1949 3185 2014 3224 ac
2035 3185 2125 3224 ca-
2162 3164 2183 3166 “
2227 3164 2333 3219 nia
2361 3180 2659 3219 assensum
2689 3166 3092 3237 praebiturum,
3126 3170 3300 3240 rogat
3335 3168 3432 3223 illa
3461 3170 3521 3221 ut
3547 3166 3789 3221 secretum

516 3260 747 3315 tholicas
772 3258 1103 3329 pervenerit
1141 3257 1276 3312 fidei
1306 3257 1591 3312 unitatem
1636 3258 1830 3329 paucis
1874 3256 2121 3312 edicam.
2231 3254 2386 3325 apud
2418 3270 2476 3309 se
2504 3254 2866 3309 hocverbum
2895 3259 3114 3323 teneat,
3134 3273 3209 3311 ne
3233 3261 3471 3328 patruus
3491 3250 3787 3327 aliquoillud

513 3349 684 3403 Duxit
702 3362 941 3400 uxorem
973 3364 1038 3401 ex
1070 3362 1284 3416 genere
1311 3346 2123 3417 Burgundionum,Clotildem
2227 3346 2395 3413 pacto
2430 3342 2826 3413 persentiscat.
2851 3342 2955 3408 Qui
2970 3344 3146 3399 fidem
3177 3344 3325 3400 dans
3350 3362 3409 3400 se
3434 3344 3492 3400 id
3518 3343 3663 3399 nulla
3684 3355 3789 3412 pro-

514 3436 775 3500 nomine,
805 3434 1186 3488 Christianam
1232 3434 1303 3489 ab
1346 3433 1484 3506 ipsis
1515 3434 1810 3489 cunabulis
1838 3433 2122 3491 infantiae.
2228 3429 2382 3485 ferre
2413 3430 2640 3485 ratione
2664 3432 2993 3503 regreditur
3022 3433 3095 3487 ad
3112 3449 3530 3506 regem,quem
3558 3441 3791 3503 prospero

514 3525 645 3579 Haec
674 3523 773 3576 tali
800 3520 1067 3592 quaedam
1099 3538 1166 3575 ex
1192 3537 1362 3576 causa
1385 3522 1459 3576 ad
1490 3521 1759 3577 notitiam
1778 3521 1952 3594 ipsius
1972 3524 2126 3595 regis
2229 3518 2434 3574 nuntio
2466 3519 2719 3574 reddidit
2744 3521 3019 3576 alacrem.
3053 3522 3250 3576 Puella
3297 3538 3435 3578 sane
3480 3536 3626 3586 eum,
3650 3530 3791 3589 quem

514 3609 794 3684 pervenit.
819 3608 1045 3664 Miserat
1063 3609 1221 3664 idem
1254 3609 1521 3681 princeps
1548 3611 1767 3681 legatos
1799 3609 1873 3664 ad
1896 3610 2123 3667 Gunde-
2228 3607 2813 3675 Clodoveusmiserat,
2828 3609 3108 3665 annulum
3136 3610 3195 3665 in
3224 3610 3507 3667 thesauris
3525 3605 3696 3683 patrui
3719 3619 3792 3659 re-

511 3699 747 3756 baldum
766 3713 967 3769 regem
985 3697 1658 3769 Burgundionum,feren
1670 3698 1757 3753 da:
1775 3698 1928 3769 pacis
1940 3700 2127 3769 gratia
2228 3696 2419 3768 posuit
2448 3697 2912 3754 custodiendum.

515 3787 622 3853 Qui
662 3787 799 3843 dum
832 3786 1047 3858 palatio
1078 3787 1491 3855 immorantur,
1527 3787 1829 3843 Clotildem
1871 3789 2125 3861 puellam
2836 3788 3061 3844 CAPUT
3102 3789 3232 3843 XIV.

512 3875 887 3947 contemplati
915 3875 1218 3949 inquirunt
1244 3894 1370 3949 qua:
1420 3876 1511 3931 sit.
1545 3876 1769 3932 Dictum
1803 3877 1884 3933 eis
1915 3881 1999 3932 est
2023 3895 2125 3933 ne-
2631 3875 2714 3930 De
2741 3874 2987 3932 Clotz'ldz’s
3013 3877 3434 3949 desponsationc.

510 3970 673 4040 ptem
712 3963 868 4036 regis
917 3981 1058 4033 esse,
1089 3982 1155 4019 ex
1196 3965 1374 4021 fratre
1421 3964 1809 4036 progenitam.
1847 3966 2006 4032 Quae,
2036 3966 2125 4021 in-
2298 3965 2509 4018 lterato
2531 3963 2851 4020 Clodoveus
2866 3962 3599 4023 eumdemAurelianumad
3623 3972 3789 4032 regem

511 4054 739 4128 quiunt,
774 4053 1113 4125 parentibus
1143 4054 1347 4108 orbata
1372 4053 1518 4125 stipe
1551 4070 1706 4109 nunc
1741 4052 1910 4109 alitur
1940 4055 2125 4126 regia.
2230 4051 2427 4123 dirigit
2454 4052 2922 4123 Gundebaldum,
2959 4059 3023 4110 ut
3044 4072 3321 4129 sponsam
3352 4054 3604 4129 requirat
3631 4062 3787 4113 suam,

510 4141 775 4214 Regressi
794 4141 988 4213 itaque
1008 4140 1183 4213 legati
1199 4141 1471 4196 nuntiant
1482 4142 1739 4212 perfecta
1750 4157 1873 4196 esse
1888 4157 1993 4212 pro
2007 4142 2129 4214 qui-
2230 4140 2474 4211 nuptiali
2500 4141 2715 4197 foedere
2734 4142 2842 4197 sibi
2859 4144 3384 4217 copulandam.Qui
3395 4157 3604 4216 ,regem
3624 4136 3789 4193 adiens

510 4232 618 4287 bus
639 4232 851 4285 ierant.
886 4253 914 4280 «
947 4231 1104 4284 Inter
1129 4233 1339 4285 caetera
1360 4229 1559 4284 dicunt
1578 4247 1637 4285 se
1651 4229 1853 4285 vidisse
1870 4231 2125 4301 puellam
2226 4229 3016 4300 Burgundionum,mandata
3034 4233 3393 4305 eidepromit
3411 4231 3559 4305 regis
3581 4230 3787 4284 Franco-

513 4320 659 4375 adeo
681 4319 873 4373 forma
900 4321 1201 4372 venustam
1238 4321 1303 4371 ut
1330 4318 1565 4372 cuilibet
1587 4317 1988 4389 potentissimo
2001 4318 2125 4390 regi
2149 4387 2187 4394 _
2226 4334 2378 4373 rum.
2404 4320 2502 4374 ll'le
2532 4337 2589 4375 sc
2624 4322 2842 4377 nescire
2861 4322 3074 4378 fatetur
3093 4339 3222 4394 quae
3250 4323 3377 4394 ejus
3396 4322 3467 4377 sit
3489 4324 3788 4391 sponsa,”ec

513 4405 720 4479 nuptui
754 4405 902 4460 tradi
933 4410 1143 4476 posset.
1164 4387 1667 4478 Quam,inquiunt,
1691 4406 1853 4479 regia
1879 4387 2123 4462 manau-
2147 4387 2200 4448 D
2228 4424 2287 4462 se
2309 4408 2423 4463 ulla
2446 4425 2611 4481 posse
2633 4410 2771 4465 dare
2786 4427 3082 4482 responsa.
3108 4387 3785 4480 aSedtibi,inquit,caven-

512 4500 635 4551 tem
668 4512 702 4548 a
731 4494 927 4564 stirpe,
962 4497 1125 4565 patre
1170 4494 1294 4563 ejus
1323 4495 1429 4549 hac
1459 4495 1573 4549 vita
1602 4498 1856 4562 carente,
1890 4499 2126 4568 patruus
2226 4496 2365 4550 dum
2398 4513 2471 4551 ne
2499 4497 2727 4570 publica
2748 4498 2983 4554 affectus
3002 4500 3357 4556 contumelia
3387 4515 3451 4555 ex
3472 4499 3573 4553 hac
3596 4485 3788 4566 pelleris

515 4584 587 4639 ab
618 4583 855 4637 ineunte
879 4581 1062 4636 nutrit
1091 4584 1281 4636 aetate.
1314 4603 1342 4630 »
1372 4583 1489 4638 Hoc
1527 4584 1747 4651 audito,
1786 4601 1885 4639 rex
1917 4584 2123 4640 Clodo-
2225 4585 2374 4652 aula,
2398 4585 2494 4657 qui
2526 4588 2722 4641 nostra
2747 4586 3026 4642 advenisti
3056 4589 3420 4660 exploratum
3448 4599 3637 4656 regna.
3661 4572 3785 4631 »ϐιιί

512 4689 650 4728 veus
673 4686 864 4727 amore
895 4670 1117 4742 capitur
1147 4671 1374 4743 puellas,
1398 4687 1635 4742 sperans
1659 4689 1718 4727 se
1746 4688 1813 4726 ex
1834 4673 1939 4728 hac
1966 4690 2125 4729 occa-
2222 4673 2476 4745 legatus:
2498 4697 2525 4724 «
2546 4675 2701 4742 Haec,
2724 4675 2986 4749 inquam,
3002 4678 3244 4733 mandat
3265 4677 3531 4733 dominus
3552 4676 3686 4734 tuus,
3705 4677 3786 4719 re!

515 4762 675 4816 sione
718 4776 965 4831 regnum
1017 4758 1363 4829 Burgundim
1397 4759 1652 4831 arripere
1691 4776 1878 4831 posse.
1919 4762 2125 4834 Dirigit
2224 4766 2421 4818 noster
2451 4763 2766 4820 Clodoveus
2796 4782 2810 4820 :
2844 4788 2872 4817 «
2902 4765 2962 4821 Si
2991 4765 3071 4821 vis
3104 4767 3246 4822 mihi
3287 4764 3583 4822 Clotildem
3620 4766 3782 4814 meam

514 4867 546 4905 e
575 4849 812 4919 vestigio
842 4847 1157 4920 quemdam
1183 4846 1290 4901 sibi
1317 4846 1853 4911 familiarissimum,
1883 4852 2122 4906 nomine
2222 4852 2467 4928 reddere
2487 4856 2988 4924 sponsam,locum
3012 4854 3252 4927 designa
3273 4872 3388 4928 quo
3414 4868 3537 4909 eam
3558 4846 3785 4916 receptu-

513 4935 1019 5007 Aurelianum,qui
1038 4951 1281 4989 munera
1298 4936 1503 5008 puellas
1517 4953 1549 4990 a
1567 4951 1624 4990 se
1640 4936 1811 4991 missa
1823 4939 2121 5009 perferens
2222 4926 2320 4996 rus
2350 4941 2713 4996 adveniam.»
2733 4944 2807 4997 At
2822 4943 2941 5013 ipse
2959 4926 3203 4998 miratus
3228 4926 3381 5015 quod
3414 4944 3635 5014 neptem
3646 4943 3781 4989 suam

512 5025 764 5098 speciem
793 5023 1266 5096 ejusdiligentius
1295 5025 1809 5095 contemplaretur.
1842 5027 1978 5082 Huic
2010 5027 2120 5081 im-
2223 5032 2447 5101 peteret
2494 5029 2831 5098 Clodoveus,
2877 5030 3201 5085 convocatis
3245 5031 3411 5101 regni
3457 5022 3780 5101 primoribus,

510 5118 678 5187 perat
706 5117 769 5169 ut
788 5114 1039 5187 puellam
1060 5112 1249 5180 adeat,
1265 5113 1337 5169 de
1361 5113 1576 5185 nuptiis
1596 5114 1952 5170 voluntatem
1971 5116 2123 5187 regis
2223 5117 2526 5172 consilium
2556 5134 2687 5172 cum
2717 5119 2798 5172 eis
2826 5118 3029 5173 habuit
3059 5118 3197 5191 quid
3228 5122 3376 5174 esset
3400 5118 3656 5172 facturus.
3695 5101 3779 5170 Ουί

512 5204 748 5271 ediscat,
782 5201 1008 5274 etquid
1054 5201 1233 5255 animi
1281 5201 1377 5256 illa
1426 5218 1598 5274 super
1640 5203 1747 5258 hac
1800 5221 1863 5259 re
1912 5206 2124 5259 habeat
2222 5206 2754 5262 Francorumveriti
2779 5206 3328 5275 animositatem,ne
3350 5208 3407 5262 in
3435 5196 3779 5275 Burgundiam

512 5295 808 5364 agnoscat.
834 5291 954 5357 Ille,
976 5294 1266 5362 praecepto
1294 5307 1526 5362 parens,
1551 5292 1897 5363 Burgundiaz
1928 5296 2121 5365 partes
2221 5298 2495 5364 pararent
2525 5295 2976 5367 expeditionem,
3009 5296 3056 5351 si
3093 5312 3295 5352 eorum
3337 5294 3459 5366 regi
3498 5284 3780 5347 memorata

508 5381 855 5453 ingreditur.
890 5380 1109 5435 Palatio
1158 5380 1631 5452 appropinquans
1660 5381 1843 5436 socios
1880 5382 2031 5437 Silvis
2061 5400 2119 5437 se
2220 5398 2340 5436 non
2368 5383 2691 5442 traderetur
2739 5385 2950 5454 puella,
2996 5385 3135 5440 talia
3175 5401 3277 5440 suo
3322 5379 3557 5455 principi
3599 5372 3776 5455 dedere
3804 5433 3816 5447 ε

505 5471 720 5526 abdere
738 5469 925 5542 jussit.
961 5471 1084 5540 Ipse
1124 5468 1325 5523 habitu
1370 5469 1621 5524 mendici
1654 5469 2120 5526 circumamietus
2218 5471 2457 5526 consilia
2485 5453 2857 5544 :«Requirat,
2880 5473 3169 5546 inquiunt,
3194 5453 3460 5529 dominus
3474 5453 3776 5546 nosterquid

503 5559 577 5616 ad
598 5560 791 5614 aulam
824 5559 1116 5630 preperat,
1136 5559 1195 5610 et
1218 5561 1282 5611 ut
1305 5556 1512 5612 futurae
1529 5557 1634 5611 sibi
1661 5557 1916 5613 domina:
1938 5559 2114 5614 collo-
2216 5561 2422 5632 puellae
2459 5542 2749 5617 desideret
2798 5542 3049 5625 animus,
3077 5565 3137 5617 et
3193 5565 3386 5616 utrum
3426 5556 3607 5613 eidem
3648 5542 3773 5632 regis

502 5648 601 5729 qui
633 5646 813 5726 possit
840 5646 1123 5722 explorat.
1161 5644 1320 5701 Tunc
1370 5645 1522 5703 forte
1562 5645 1665 5703 illa
1705 5645 1781 5702 ad
1813 5647 2114 5705 ecclesiam
2216 5631 2568 5710 Francorum
2598 5649 2821 5708 delatus
2848 5650 3024 5708 fuerit
3051 5652 3316 5707 annulus.
3349 5645 3510 5716 Quod
3554 5641 3596 5699 si
3624 5638 3700 5695 est
3722 5631 3772 5687 ιιι
