3940 6166
228 403 315 465 653
1312 391 1638 456 HISTORIA
1654 385 2114 453 FRANCORUM.
2155 423 2213 439 -
2245 390 2381 453 LIB.
2409 391 2461 451 1.
3477 394 3584 456 θδι

230 530 333 584 haec
352 526 458 581 illa
482 524 644 594 velit,
675 527 732 578 et
757 520 1042 592 fortejam
1062 518 1349 592 sponsalia
1370 534 1616 573 munera
1636 531 1826 571 susce-
1844 547 1900 607 Α
1925 514 2122 568 tentes
2133 513 2443 570 victoriam
2457 510 2763 568 Clodoveo
2783 515 3219 588 relinquunt,ac
3231 517 3470 574 demum
3487 537 3584 575 re-

232 617 318 689 pit,
344 614 524 669 reniti
546 630 662 667 non
684 609 926 682 poteris;
952 609 1090 680 quin
1117 608 1305 679 potius
1328 607 1533 678 legatis
1552 622 1682 660 eam
1706 607 1824 658 tra-
1844 603 1900 607 ’“
1927 620 2066 674 gem
2085 621 2259 658 suum
2275 603 2473 675 gladio
2499 618 2724 657 caesum
2743 605 3333 676 conscipicentesjure
3349 608 3587 665 tributa-

231 706 349 760 dere
382 701 730 758 maturabis.
749 697 1182 771 Burgundiones
1209 713 1459 769 namque
1477 711 1680 750 omnes
1702 695 1827 765 plus
1927 691 2016 747 rio
2033 692 2274 747 Francis
2296 709 2355 747 se
2372 692 2502 746 fore
2528 689 3233 748 servituroslibentissime
3256 697 3571 767 spondent.

230 791 468 849 consiliis
493 807 676 863 quam
697 789 871 844 armis
883 804 1045 842 suam
1065 789 1322 840 tutantur
1343 782 1824 854 rempublicam.»
2576 779 2804 835 CAPUT
2841 783 2972 836 XVI.

231 882 494 954 lnquisila
523 879 719 951 puella
758 878 969 931 fatetur
997 892 1167 947 supra
1198 877 1523 928 memorata
1550 889 1608 926 se
1638 887 1826 925 suscc-
2080 869 2340 925 Clodovcz'
2362 871 2626 926 conversi
2650 869 2721 923 ad
2748 887 2870 925 suos
2889 873 3090 939 concio,
3125 877 3175 925 et
3204 871 3436 942 ejusdem

229 971 360 1041 pisse
394 969 580 1030 dona,
611 967 874 1037 regisque
906 964 1170 1033 copulam
1199 965 1394 1016 mente
1421 961 1564 1015 veile
1595 959 1823 1030 cupida.
2615 958 2921 1028 baptizatz'o.

229 1056 654 1122 Gundebaldus,
687 1054 817 1109 licet
859 1051 1090 1118 invitus,
1120 1049 1389 1105 Clodovei
1422 1064 1553 1103 eam
1588 1046 1830 1102 tradidit

229 1145 605 1218 legatis,nihil
638 1143 690 1198 ei
718 1144 788 1198 de
818 1142 932 1196 suis
957 1140 1214 1194 tribuens
1245 1138 1547 1194 thesauris.
1571 1137 1831 1192 Postmo-

234 1235 356 1288 dum
385 1239 615 1298 tamen,
677 1246 845 1302 opere
895 1232 951 1283 et
995 1225 1276 1282 industria
1327 1225 1645 1291 Aureliani,
1695 1239 1830 1294 pars

234 1323 475 1377 maxima
493 1338 564 1376 ex
589 1319 724 1392 ipsis
741 1317 903 1372 cessit
920 1315 1178 1371 dominio
1198 1313 1488 1370 Clodovei.
1510 1313 1674 1367 Unde
1696 1328 1828 1366 cum

236 1412 539 1488 Clodoveus
572 1424 816 1479 regnum
848 1421 1021 1460 suum
1051 1420 1228 1475 usque
1261 1403 1617 1474 Sequanam,
1655 1404 1830 1472 atque

234 1499 601 1571 postmodum
629 1513 803 1568 usque
836 1493 1086 1565 Ligerim
1114 1492 1315 1547 fluvios
1340 1489 1833 1562 ampliasset,Mili-

238 1588 440 1641 dunum
457 1591 713 1641 castrum
730 1583 915 1638 eidem
935 1580 1406 1647 Aureliano,cum
1428 1579 1604 1633 totius
1623 1578 1835 1632 ducatu

238 1676 498 1746 regionis,
521 1675 661 1744 jure
693 1669 954 1726 beneﬁcii
985 1669 1285 1723 concessit.
1323 1668 1665 1737 Susceptam
1693 1681 1833 1735 ergo

237 1756 1205 1834 saepedictusAurclianusClotildem
1222 1756 1511 1811 deducere
1525 1753 1838 1808 festinabat

2003 1046 2536 1102 VictorClodovcus
2549 1047 2758 1102 exinde
2772 1047 3269 1118 regrediensTullo
3285 1050 3575 1109 civitatem

1933 1135 2630 1208 devenit,repertumque
2645 1134 2789 1189 inibi
2802 1135 3039 1190 beatum
3051 1137 3358 1195 Vedastum
3373 1145 3576 1212 postea

1931 1224 2346 1278 Adartensium
2375 1224 2890 1284 [Atrebatensem]
2921 1224 3256 1298 cpiSCOpum
3295 1229 3572 1286 comitem

1933 1312 2021 1366 sui
2042 1312 2242 1367 ascivit
2259 1311 2773 1370 itineris.Ventum
2798 1311 2938 1366 dum
2956 1318 3104 1368 esset
3117 1315 3574 1384 Remis,cunctos

1933 1417 2069 1456 suos
2093 1417 2446 1473 suorumque
2465 1417 2636 1455 casus
2653 1399 2891 1472 conjugi
2915 1417 3011 1455 rex
3031 1403 3436 1460 refert.Gratiae
3453 1409 3572 1462 Deo

1936 1489 1996 1544 in
2013 1505 2329 1544 commune
2352 1489 2716 1556 referuntur;
2732 1504 2832 1542 rex
2849 1489 3246 1546 credulitatem
3261 1510 3422 1548 suam
3442 1511 3576 1566 pro-

1937 1577 2609 1632 ﬁtetur.Gratulabunda
2622 1576 2834 1647 conqu
2848 1577 2920 1631 ad
2936 1583 3196 1634 sanctum
3216 1581 3540 1654 Remigium
3551 1624 3568 1650 ,

1937 1666 2244 1721 Remensis
2289 1665 2450 1719 urbis
2483 1664 2850 1737 episcopum,
2885 1673 3174 1740 prOperat,
3209 1670 3384 1724 ﬁdem
3417 1671 3569 1741 regis

1939 1753 2136 1820 edicit,
2161 1753 2299 1826 quid
2317 1753 2472 1807 facto
2509 1768 2655 1822 opus
2677 1753 2750 1807 sit
2778 1753 3000 1808 edocet.
3039 1756 3308 1811 Hortatur
3341 1759 3568 1813 antisti-

239 1853 303 1908 ad
331 1869 551 1923 regem.
575 1851 714 1914 Qua:
734 1846 1302 1918 ﬁnibusappropians
1325 1842 1490 1914 regni
1512 1843 1596 1896 sui
1621 1840 1833 1912 patrui,
1861 1863 1917 1922 Β
1941 1845 2063 1896 tem
2096 1841 2170 1896 ad
2197 1842 2392 1896 aulam
2425 1841 2774 1910 quantocius
2799 1841 2950 1912 regis
2981 1847 3274 1916 properet,
3311 1846 3568 1918 dumque

241 1941 471 2012 imperat
503 1937 736 1993 Francis
769 1935 862 2007 qui
890 1950 1078 1988 secum
1110 1937 1282 1988 erant
1338 1935 1401 1986 ut
1446 1930 1708 2002 prmdam
1740 1945 1836 1984 ca-

241 2030 406 2100 piant,
447 2026 835 2095 incendiaque
860 2023 1118 2077 villarum
1157 2021 1219 2076 in
1247 2037 1436 2092 regno
1485 2018 1838 2090 Burgundim

242 2115 457 2170 faciant.
493 2115 608 2167 Nec
645 2127 847 2166 mora:
881 2109 959 2164 illi
999 2109 1150 2163 haud
1196 2125 1362 2162 secus
1408 2123 1474 2160 ac
1516 2104 1661 2176 jussi
1709 2104 1836 2158 fue-

241 2207 360 2256 rant
384 2201 717 2274 perﬁciunt,
748 2199 1066 2268 injectoque
1095 2194 1650 2266 circumjacentibus
1691 2190 1840 2245 villis

238 2292 490 2345 incendio
525 2304 834 2358 aversaque
874 2287 1084 2357 praeda,
1133 2283 1474 2356 Burgundia
1522 2281 1839 2353 egrediun-

239 2383 328 2433 tur
355 2381 705 2434 Francorum
740 2379 1057 2446 repetentes
1084 2375 1293 2429 solum.
1321 2374 1440 2427 Hoc
1467 2372 1566 2425 illa
1592 2385 1839 2424 cernens

240 2467 432 2520 dixisse
463 2467 652 2520 fertur
684 2481 696 2518 :
731 2482 761 2514 ‹‹
790 2463 1001 2518 Gratias
1031 2460 1376 2532 tibi,inquit,
1401 2474 1628 2513 summe
1662 2459 1834 2524 Deus,

241 2555 442 2622 refero,
471 2553 630 2626 quod
659 2551 882 2606 initium
912 2550 1174 2605 vindictas
1207 2554 1472 2621 paterna":
1515 2547 1669 2600 necis
1695 2561 1834 2600 con-

245 2644 429 2714 spicio.
459 2665 486 2692 »
517 2643 662 2696 Nam
683 2639 1075 2694 Gundebaldus
1095 2656 1191 2692 rex
1222 2641 1456 2708 patrem
1490 2635 1615 2705 ejus
1647 2633 1835 2688 infan-

247 2731 472 2784 dissima
499 2732 829 2801 peremerat
859 2730 1064 2794 morte,
1096 2730 1158 2781 ut
1190 2728 1322 2797 post
1366 2723 1426 2777 in
1457 2722 1834 2793 sequentibus

249 2817 757 2873 demonstrabitur.
781 2817 952 2870 Porro
975 2831 1074 2869 rex
1110 2813 1453 2879 Clodoveus,
1491 2810 1550 2864 in
1575 2809 1833 2864 Suessio-

251 2907 561 2961 niscivitate
575 2905 800 2977 nuptias
816 2922 942 2959 cum
965 2920 1178 2974 magna
1203 2901 1507 2955 celebrans
1528 2898 1840 2969 810Γὶδρεὲ-

254 2995 532 3064 pedictam
551 2994 857 3050 Clotildem
881 2993 1039 3047 duxit
1058 3005 1321 3045 uxorem.
1344 2989 1476 3042 Haec
1497 2986 1679 3041 ﬁdelis
1709 2985 1843 3039 inﬁ-

256 3082 363 3135 deli
381 3085 686 3154 conjuncta
708 3082 825 3136 viro
840 3098 972 3135 cum
990 3081 1059 3134 ad
1078 3080 1253 3134 [idem
1266 3076 1587 3149 perducere
1605 3075 1847 3128 conaba-

1941 1931 2174 1985 animus
2197 1929 2385 1984 adhuc
2409 1927 2589 1982 dubia
2611 1930 2827 2000 pendet
2849 1930 2952 1984 sub
2979 1939 3154 1999 sorte,
3176 1932 3326 1988 viam
3352 1934 3403 1988 ei
3423 1935 3570 1989 veri-

1941 2019 2074 2073 tatis
2103 2034 2218 2089 qua
2247 2016 2321 2070 ad
2348 2017 2536 2069 Deum
2557 2017 2672 2072 itur
2694 2018 2933 2088 pandat;
2961 2019 3190 2074 «vereri
3216 2037 3296 2089 se,
3323 2021 3564 2087 dicit,ne

1942 2122 2111 2160 mens
2127 2101 2421 2176 prosperis
2438 2104 2591 2160 elata
2602 2107 2970 2175 successibus,
2981 2108 3338 2179 Largitorem
3351 2109 3562 2166 horum

1944 2195 2085 2249 dum
2105 2193 2342 2266 ignorat
2367 2197 2731 2251 contemnat.
2760 2196 3001 2250 Facilius
3034 2197 3192 2251 enim
3237 2214 3341 2269 pro
3397 2198 3565 2254 libitu

1945 2283 2112 2338 nobis
2134 2279 2415 2336 attributa
2437 2287 2638 2340 nostro
2663 2285 2948 2356 temporis
2987 2285 3295 2342 interstitio
3335 2303 3565 2342 memo-

1944 2372 2045 2426 riae
2060 2369 2602 2441 eximuntur,quam
2615 2374 2659 2428 si
2673 2391 2787 2445 qua
2800 2374 3075 2428 aliorsum
3092 2390 3154 2429 ac
3167 2376 3428 2430 volumus
3440 2393 3544 2431 eve

1943 2459 2166 2514 nerint.
2188 2476 2216 2502 »
2241 2455 2539 2514 Accelerat
2560 2463 2819 2534 pontifex
2844 2462 3081 2516 monitis
3096 2464 3380 2535 religiosa:
3399 2480 3567 2535 pare-

1941 2564 2004 2602 re
2019 2540 2711 2618 mulieris,conspectibus
2723 2567 2846 2605 sese
2864 2549 3032 2605 offert
3051 2550 3202 2623 regis
3212 2553 3566 2624 jamdudum

1939 2628 2325 2706 praesentiam
2344 2633 2468 2704 ejus
2484 2639 2858 2709 opperientis.
2880 2638 3043 2693 Fides
3061 2639 3132 2694 ab
3156 2639 3409 2693 antistite
3427 2653 3565 2708 pro-

1938 2723 2162 2788 fertur,
2184 2721 2386 2776 modus
2408 2726 2684 2782 credendi
2706 2727 3122 2782 edocetur.Rex
3145 2744 3396 2800 quoque,
3419 2730 3570 2786 veri-

1938 2816 2065 2868 tate
2095 2809 2321 2882 agnita,
2345 2813 2444 2867 uni
2465 2831 2526 2868 se
2549 2817 2666 2870 Deo
2687 2816 3104 2871 famulaturum
3127 2817 3366 2872 devotus
3390 2832 3567 2888 spon-

1941 2901 2066 2970 det,
2088 2915 2404 2974 proccrum
2427 2919 2565 2957 sane
2592 2904 2756 2975 regni
2780 2907 2952 2976 atque
2979 2905 3258 2959 exercitus
3289 2921 3349 2959 se
3373 2906 3568 2959 tenta-

1943 2993 2154 3047 turum
2186 2991 2557 3046 sententiam.
2581 2995 2657 3047 Ex
2682 2994 2789 3048 hac
2811 3009 2874 3047 re
2916 3011 3042 3065 quae
3079 2993 3150 3048 sit
3183 2995 3418 3060 fatetur,
3453 3008 3568 3064 quo

1947 3081 2121 3135 tanto
2147 3080 2334 3152 magis
2358 3081 2620 3136 devotius
2642 3082 2865 3137 Christo
2889 3081 3136 3137 cervices
3159 3083 3410 3138 subdant
3440 3097 3569 3136 suas

259 3174 360 3225 tur.
384 3144 653 3244 Atipseid
667 3188 834 3242 agere
852 3188 1013 3242 posse
1030 3144 1301 3240 negabat,
1325 3167 1620 3236 ritumque
1638 3167 1696 3218 et
1723 3181 1850 3218 mo-
1879 3144 1928 3204 Ο
1955 3171 2179 3239 quanto
2213 3144 2338 3239 plus
2381 3170 2678 3225 blanditiis
2719 3186 2896 3243 quam
2946 3171 3264 3226 terroribus
3309 3169 3458 3225 allici
3509 3186 3569 3224 se

260 3277 377 3314 rem
402 3261 627 3316 Francis
658 3265 942 3314 assuetum
972 3276 1031 3313 se
1055 3258 1207 3312 nolle
1240 3257 1509 3311 deserere
1537 3253 1856 3308 testabatur

871 3348 1094 3403 CAPUT
1124 3346 1228 3402 XV.

351 3439 427 3493 De
455 3439 707 3494 Clodocei
727 3439 857 3508 regis
886 3437 957 3492 ad
983 3434 1188 3490 Christi
1212 3433 1372 3504 ﬁdem
1402 3434 1756 3488 conversione.

334 3526 581 3599 Concipit
611 3527 832 3580 interea
866 3525 1072 3597 regina
1101 3538 1348 3595 puerum
1377 3525 1699 3591 natumque
1731 3535 1859 3591 per-

270 3613 496 3669 dueitad
511 3615 890 3686 baptismum,
908 3629 1085 3685 quem
1108 3611 1328 3667 vocavit
1354 3609 1857 3681 lngomirum.Qui

268 3699 325 3755 in
351 3704 482 3758 albis
499 3704 717 3775 positus
741 3703 1006 3774 spiritum
1025 3702 1299 3756 exhalans
1320 3699 1452 3754 vitae
1481 3697 1856 3754 transmissus

274 3794 348 3844 est
373 3796 677 3864 perpetuae.
699 3793 806 3846 Pro
829 3809 944 3863 qua
979 3805 1042 3845 re
1066 3806 1183 3857 rex,
1210 3788 1392 3843 nimia
1418 3787 1673 3859 repletus
1703 3786 1856 3842 indi-

277 3880 549 3949 gnatione,
607 3879 746 3934 dixit
779 3880 999 3950 reginae
1034 3895 1046 3932 :
1081 3902 1107 3927 «
1154 3877 1315 3948 Quia,
1365 3876 1579 3948 inquit,
1623 3891 1766 3946 puer
1797 3876 1856 3932 in

279 3965 367 4020 Dei
395 3971 554 4023 vestri
586 3969 907 4041 baptizatus
928 3971 1016 4022 est
1044 3967 1302 4033 nomine,
1336 3965 1414 4020 dii
1464 3963 1646 4018 nostri
1694 3963 1858 4020 illum

281 4057 521 4123 praesenti
550 4058 676 4111 luce
701 4056 1182 4111 fraudaverunt.»
1204 4054 1304 4110 Cui
1331 4053 1563 4125 regina:
1595 4052 1856 4108 «Gratias

281 4156 392 4211 ago,
414 4145 506 4212 ait,
539 4144 931 4216 omnipotenti
950 4146 1090 4211 Deo,
1115 4143 1210 4214 qui
1234 4142 1502 4214 dignatus
1519 4143 1607 4196 est
1624 4157 1692 4196 ex
1721 4159 1854 4198 meo

283 4232 422 4286 utero
451 4234 904 4305 primogenitum
938 4232 995 4287 in
1020 4249 1187 4287 suum
1213 4232 1499 4305 suscipere
1525 4247 1830 4302 regnum.»

286 4316 462 4374 Genuit
489 4326 544 4376 et
573 4323 750 4388 alium
783 4322 989 4389 ﬁlium,
1037 4337 1211 4393 quem
1255 4321 1612 4393 baptizatum
1640 4322 1860 4376 vocavit

1957 3257 2388 3327 conspexerint.
2409 3261 2603 3313 Placet
2629 3258 2906 3326 conditio,
2931 3261 2988 3314 et
3009 3275 3076 3313 ex
3107 3260 3260 3332 regis
3285 3259 3474 3315 edicto
3507 3259 3572 3314 ﬁt

1957 3345 2401 3418 publicapopuli
2424 3348 2706 3404 evocatio.
2743 3347 3108 3404 Conveniunt
3150 3349 3317 3422 regni
3349 3347 3572 3422 prima-

1958 3437 2066 3502 tes,
2101 3449 2206 3487 nec
2240 3435 2500 3491 militatis
2525 3453 2757 3509 quoque
2786 3453 2993 3491 manus
3017 3437 3227 3494 defuit.

2032 3521 2249 3586 Quibus
2278 3539 2477 3580 coram
2505 3526 2704 3596 positis
2733 3543 2831 3581 rex
2853 3527 3049 3581 taliter
3075 3527 3206 3584 inﬁt
3236 3546 3250 3584 :
3285 3550 3314 3581 «
3345 3527 3571 3597 Franci,

1959 3610 2169 3682 inquit,
2196 3611 2544 3685 Trojugenm
2570 3614 2928 3685 (meminisse
2947 3617 3166 3672 etenim
3193 3635 3292 3674 vos
3318 3617 3574 3673 nominis

1959 3699 2304 3771 generisque
2335 3703 2508 3756 vestri
2526 3703 2733 3773 decet),
2754 3703 2957 3776 quibus
2976 3722 3130 3760 nunc
3152 3724 3330 3780 usque
3360 3707 3572 3762 servie-

1959 3787 2138 3842 rimus
2170 3787 2276 3841 diis
2303 3789 2376 3842 ad
2406 3789 2757 3844 memoriam
2780 3791 3060 3847 reducere
3093 3795 3322 3850 animos
3351 3799 3573 3850 vestros

1959 3876 2347 3946 virtutemque
2379 3876 2648 3947 deposco.
2675 3878 3027 3950 Competens
3059 3899 3312 3954 namque
3333 3899 3398 3937 ac
3421 3884 3572 3938 utilis

1958 3965 2075 4020 visa
2123 3967 2208 4018 est
2251 3965 2400 4020 ratio
2442 3965 3090 4037 ostendendiprimum
3129 3987 3378 4044 quorum
3415 3973 3572 4027 cultu

1959 4052 2273 4123 mancipati
2303 4053 2756 4119 sumus,ut,dum
2779 4052 3014 4109 inutiles
3034 4072 3135 4111 eos
3149 4058 3277 4112 fore
3293 4059 3570 4114 constite-

1958 4141 2054 4211 rit,
2085 4141 2253 4196 unius
2283 4141 2514 4212 verique
2542 4140 2764 4212 agnitio
2788 4143 2887 4197 Dei
2918 4142 3195 4200 libentius
3223 4145 3563 4217 accipiatur.

1961 4231 2125 4295 Quod
2156 4234 2293 4284 tunc
2320 4229 2639 4284 rectissime
2681 4230 2803 4299 ﬁet,
2835 4229 2880 4284 si
2932 4233 3226 4304 majorum
3272 4251 3364 4290 res
3393 4239 3570 4308 gestae

1962 4321 2392 4375 recenseantur.
2424 4319 2504 4372 Ac
2539 4317 2795 4390 primum
2842 4319 3048 4376 urbem
3098 4322 3258 4378 illam
3304 4324 3568 4396 Trojanm

289 4404 672 4465 Clodomirum.
713 4411 839 4474 Quo
867 4412 1168 4481 aegrotate,
1201 4425 1301 4463 rex
1342 4411 1656 4480 conjugem
1690 4411 1861 4480 coapit
1885 4424 1937 4484 D
1963 4409 2259 4481 quondam
2290 4406 2537 4478 gloriam
2569 4408 2757 4478 gentis
2786 4408 3142 4483 intueamur,
3170 4430 3346 4485 quam
3368 4417 3457 4470 tot
3487 4415 3570 4486 (ut

289 4492 777 4570 increpare,dicens
809 4516 822 4553 :
849 4521 877 4548 «
908 4499 975 4552 Et
1003 4498 1094 4552 hic
1123 4501 1359 4570 propter
1389 4497 1858 4571 superstitionem

290 4589 504 4641 vestram
531 4589 777 4644 deorum
807 4587 1064 4642 incurret
1094 4587 1396 4641 offensam.
1419 4608 1446 4636 »
1483 4585 1619 4653 Sed,
1656 4592 1858 4642 orante

291 4673 480 4744 regina,
497 4693 674 4747 puero
693 4679 844 4730 salus
863 4675 1242 4731 estrestituta.
1267 4676 1479 4730 Verum
1505 4690 1644 4746 rege
1675 4675 1735 4730 in
1772 4675 1861 4731 in-

291 4757 526 4819 ﬁdelitate
544 4764 1194 4838 permanente,tandem
1216 4764 1302 4836 (ut
1322 4781 1494 4837 supra
1516 4763 1735 4818 dictum
1755 4767 1858 4837 est)

292 4856 654 4906 commovetur
677 4851 978 4919 exercitus,
996 4851 1328 4921 bellumque
1351 4867 1384 4904 a
1407 4850 1640 4904 Francis
1653 4853 1710 4905 et
1728 4853 1862 4907 Ala-

290 4939 488 4992 mannis
512 4939 645 4994 totis
680 4956 1002 5010 regnorum
1034 4937 1245 4993 viribus
1285 4939 1524 4992 excitur.
1563 4939 1720 4993 Tunc
1759 4957 1857 4995 rex

290 5022 761 5099 Clodoveus,signo
784 5028 901 5082 suis
921 5027 1078 5095 dato,
1092 5027 1307 5082 bellum
1326 5027 1566 5098 aggredi
1583 5027 1853 5100 imperat.

284 5109 377 5167 Sed
400 5116 545 5171 inter
576 5117 961 5187 praeliandum
989 5132 1118 5170 suos
1157 5116 1410 5186 graviter
1438 5116 1695 5170 hostium
1728 5134 1859 5172 mu-

280 5218 433 5258 crone
458 5205 634 5260 sterni
654 5205 1014 5276 conspiciens
1044 5205 1102 5258 in
1134 5205 1283 5258 hanc
1319 5220 1521 5259 vocem
1551 5206 1817 5278 prorupit
1843 5225 1856 5262 :

279 5314 304 5342 α
321 5292 550 5362 Christe,
576 5294 784 5366 inquit,
808 5293 1206 5365 potentissime
1227 5294 1582 5365 Deus,quem
1605 5293 1862 5350 Clotildis

271 5383 462 5454 conjux
477 5399 607 5438 mea
623 5384 759 5438 colit
775 5399 918 5454 pura
933 5382 1480 5453 mente,trophaaum
1492 5399 1635 5437 mea:
1653 5383 1758 5437 tibi
1770 5402 1864 5441 vo-

270 5488 364 5526 veo
383 5471 760 5540 ﬁdei,tribuas
787 5471 830 5526 si
849 5472 934 5525 his
948 5471 1291 5543 ex‘hostibus
1309 5471 1671 5542 triumphum
1689 5473 1862 5530 victo-

265 5564 378 5620 riae.
396 5586 423 5612 η
443 5563 534 5618 His
551 5562 1214 5636 peroratis,Alamannos
1231 5559 1448 5615 invadit
1474 5560 1863 5630 timur,Fran-

266 5671 357 5712 cos
380 5655 642 5712 accendit
659 5655 883 5713 virtutis
904 5655 1096 5712 ardor.
1125 5653 1303 5728 Igitur
1325 5654 1519 5710 hostes
1548 5656 1712 5730 terga
1736 5669 1862 5711 ver-

1963 4495 2390 4566 autumabatur)
2432 4495 2739 4549 numinum
2754 4496 3022 4568 praesidio
3037 4499 3288 4555 cinctam
3321 4500 3571 4558 imbellis

1962 4587 2290 4641 Graecorum
2322 4583 2539 4652 levitas,
2570 4583 2680 4637 illis
2720 4585 2803 4639 nil
2835 4584 2960 4656 opis
2989 4587 3335 4657 ferentibus,
3363 4591 3570 4647 fraude

1962 4675 2149 4748 magis
2161 4691 2334 4746 quam
2349 4674 2553 4728 virtute
2567 4674 3109 4745 oppressit.l£tcerte
3124 4679 3404 4733 moenium
3417 4679 3568 4736 illius

1962 4765 2395 4838 propugnacula
2429 4763 2670 4818 deorum
2705 4779 2826 4818 esse
2858 4766 3074 4820 structa
3099 4782 3277 4822 manu
3303 4768 3566 4825 audiera-

1964 4871 2111 4909 mus.
2125 4851 2254 4907 Arci
2276 4868 2500 4924 queque
2515 4852 2956 4906 simulacrorum
2975 4853 3198 4924 efﬁgies
3210 4855 3346 4925 ipsis
3363 4872 3564 4913 conse-

1959 4944 2221 5007 cratae,ut
2233 4939 2692 5012 inexpugnabilis
2712 4944 2912 4994 contra
2927 4940 3357 4998 adversantium
3372 4961 3568 5002 mane-

1958 5036 2045 5087 ret
2060 5028 2628 5100 incursus,impositae
2643 5027 3103 5093 feruntur.Quod
3115 5046 3249 5086 vero
3266 5032 3567 5104 adjumen-

1960 5125 2105 5189 tum,
2141 5135 2258 5174 non
2283 5117 2473 5173 dicam
2499 5116 2851 5185 hominibus,
2885 5134 3087 5172 verum
3114 5117 3250 5190 ipsis
3275 5122 3565 5178 maceria-

1960 5227 2090 5266 rum
2111 5208 2440 5280 praeberent
2457 5205 2890 5278 structuris,qui
2918 5223 3023 5262 nec
3055 5207 3411 5279 imaginibus
3440 5211 3565 5285 opi-

1960 5298 2126 5354 tulati
2150 5300 2283 5351 sunt
2307 5295 2464 5350 suis?
2483 5295 2834 5366 Abjiciamus
2866 5312 3005 5367 ergo
3033 5312 3130 5351 eos
3159 5313 3303 5368 quos
3332 5297 3566 5356 inutiles

1965 5403 2085 5445 esse
2099 5385 2822 5457 probavimus,cultumque
2838 5383 3170 5441 deseramus
3181 5385 3569 5448 inanem.Soli

1967 5492 2100 5532 vero
2129 5477 2244 5529 Deo
2285 5473 2460 5542 Patri,
2503 5473 2756 5546 Filioque
2796 5474 2919 5544 ejus
2946 5474 3078 5528 Jesu
3125 5473 3374 5543 Christo,
3413 5477 3570 5535 socia

1971 5564 2151 5621 sancti
2175 5562 2418 5634 Spiritus
2446 5562 2674 5631 virtute,
2709 5566 2932 5618 mentes
2961 5565 3187 5618 nostras
3202 5579 3566 5638 corporaque

1972 5653 2304 5718 subdamus,
2329 5668 2515 5712 unum
2537 5651 2599 5710 in
2624 5650 2901 5714 Trinitate
2919 5653 2977 5711 et
2994 5650 3216 5713 trinum
3239 5651 3303 5711 in
3331 5651 3566 5714 Unitate
