3940 6166
505 438 609 507 853
1601 402 1867 499 ΑΥΜΟΪΝΙ
1896 431 2061 500 nom

2201 443 2208 499 i
2235 433 2733 504 FLORIACENSIS
3668 452 3757 515 656

504 574 861 630 venerantes.
879 564 1221 643 Huiusmodi
1248 565 1553 640 religionis
1573 566 1662 621 vel
1692 563 2009 636 disciplina
2022 581 2117 638 pa-
2139 570 2196 630 Α
2222 564 2441 622 tuimus
2470 565 2720 622 historiis
2751 583 2927 640 quam
2968 568 3122 642 quod
3164 568 3224 626 in
3258 569 3381 627 Vita
3410 573 3575 629 sancti
3600 573 3763 631 Fursei

504 665 739 717 tronum
766 663 1030 716 nostrum
1061 657 1347 713 domuum
1381 654 1710 728 Remigium
1741 653 1907 710 nobis
1932 657 2120 709 aucto-
2220 656 2432 729 legitur
2479 656 2763 730 excepisse
2788 657 3036 729 hospitio
3055 658 3323 715 eumdem
3340 661 3518 716 virum
3544 662 3651 717 Dei.
3677 663 3765 718 Ve-

503 766 630 805 rem
664 765 785 804 esse
834 752 1057 803 certum
1106 747 1404 802 habetote.
1450 745 1562 802 Sed
1620 748 1677 799 et
1733 744 2118 798 collateranea
2219 761 2353 799 rum
2384 745 2442 799 in
2472 744 2757 800 Chronica
2805 763 2935 818 qua
2962 747 3170 802 dicitur
3198 748 3469 822 Gregorii,
3495 754 3546 805 et
3575 755 3769 823 putatur

503 854 636 892 mea
665 837 902 893 Clotidis
947 837 1120 908 hujus
1151 853 1210 891 se
1238 853 1359 891 esse
1388 835 1691 909 profitetur
1721 832 1876 900 fidei,
1907 848 2116 904 meque
2222 850 2343 888 esse
2370 833 2718 889 Turonensis
2743 836 3017 908 episcopi,
3036 838 3285 893 refertur
3308 839 3456 911 quod
3471 840 3769 912 quidamrex

501 926 676 997 hujus
700 926 771 981 ab
802 924 1231 998 omnipotentia
1263 923 1600 989 divinitatis,
1634 921 1791 994 quod
1840 923 1988 975 esset
2027 919 2114 974 in-
2223 921 2571 994 Sigisbertus
2601 922 2783 978 filium
2797 941 2966 979 suum
2994 924 3353 982 Clodericum
3371 927 3440 982 ad
3468 926 3770 982 Clodoveum

501 1014 847 1081 fortunium,
904 1013 1181 1069 auxilium
1249 1030 1481 1087 sperare
1535 1011 1729 1066 suasit.
1787 1009 1886 1064 Hic
1945 1009 2115 1081 plane
2218 1010 2545 1083 principem
2585 1011 2880 1076 direxerit,
2914 1014 3267 1071 Francorum
3320 1015 3579 1071 auxilium
3605 1020 3773 1071 contra

503 1102 760 1158 Christus
784 1102 1017 1171 Deus,in
1042 1101 1421 1157 Alamannico
1454 1100 1611 1173 quod
1625 1099 1958 1172 nuperrime
1984 1113 2118 1152 con-
2217 1098 2431 1155 Gothos
2461 1100 2737 1155 laturum.
2771 1101 3053 1157 Memorat
3081 1103 3259 1159 etiam
3321 1103 3495 1160 isdem
3522 1104 3776 1160 chronicus

502 1191 747 1247 fecimus
795 1192 969 1262 bello,
1020 1192 1482 1246 Alamannorum
1536 1192 1869 1261 protervam
1921 1186 2119 1242 stravit
2217 1187 2477 1258 eosdem,
2506 1189 3007 1260 patremvidelicet
3027 1192 3314 1262 cumﬂlio,
3338 1192 3529 1247 fraude
3569 1192 3773 1247 Franco-

503 1281 959 1351 contumaciam,
1016 1284 1457 1352 vestrorumque
1508 1277 1772 1333 cordium
1827 1275 2114 1331 incentivo
2216 1291 2349 1330 rum
2369 1276 3296 1354 esseinteremptos,regnumque
3317 1281 3777 1336 eorumacthesau-

506 1373 661 1426 nota
691 1370 914 1427 virtutis
943 1369 1208 1426 excitavit
1237 1368 1559 1425 audaciam.
1586 1367 1673 1422 Ad
1734 1370 1920 1422 rectas
1974 1381 2115 1437 ergo
2216 1381 2315 1419 ros
2340 1381 2375 1420 a
2404 1365 2635 1421 Francis
2678 1372 3005 1440 occupatos.
3057 1368 3170 1424 Sed
3220 1369 3353 1442 quia
3403 1370 3569 1425 codex
3609 1370 3660 1424 in
3686 1386 3777 1442 quo

505 1476 635 1532 spes
660 1459 886 1515 animos
915 1459 1296 1526 sublevemus,
1312 1458 1561 1512 humiles
1591 1473 1789 1530 preces
1810 1455 1868 1509 in
1897 1455 2118 1509 excelsa
2215 1454 2340 1509 hac
2362 1454 2944 1526 digestainvenimus,
2962 1456 3098 1513 vitio
3115 1458 3460 1532 scriptorum
3477 1460 3592 1513 erat
3607 1457 3778 1529 depra-

504 1548 896 1621 porrigamus,
942 1564 1076 1603 eum
1124 1548 1290 1603 nobis
1346 1550 1741 1619 protectorem
1790 1559 2118 1616 quaramns
2216 1545 2399 1611 vatus,
2432 1542 2506 1598 ad
2534 1542 2822 1616 liquidum
2863 1545 3213 1619 investigare
3265 1546 3614 1619 nequivimus
3650 1546 3780 1617 cujus

498 1638 605 1711 qui
632 1637 692 1692 in
723 1654 782 1693 se
813 1636 1176 1710 sperantibus
1204 1635 1405 1691 omnia
1435 1637 1690 1707 prastat.
1726 1654 1758 1688 ›>
2217 1631 2410 1703 gentis
2437 1648 2530 1686 rex
2559 1632 2755 1701 fuerit,
2790 1635 2877 1689 vel
2911 1652 3039 1707 qua
3060 1636 3219 1707 justa
3250 1637 3406 1692 necis
3450 1636 3606 1707 hujus
3644 1652 3781 1689 causa

579 1728 708 1781 Hac
739 1727 878 1781 dum
905 1744 1001 1781 rex
1021 1726 1133 1780 ﬁde
1149 1727 1353 1796 plenus
1377 1727 1723 1795 perorasset,
1730 1725 2033 1796 plerosque
2047 1718 2118 1773 de
2219 1720 2956 1779 exstiterit.Tantummodo
2973 1728 3174 1780 narrat
3185 1741 3431 1798 regnum
3445 1724 3559 1796 ejus
3570 1740 3780 1804 opesque

504 1815 720 1889 populo
745 1815 903 1870 ﬂexit
932 1819 995 1869 ut
1025 1814 1247 1869 Christo
1275 1812 1440 1867 mitia
1458 1812 1775 1867 subderent
1796 1809 2116 1865 colla.Gau-
2162 1888 2177 1889 ί
2220 1826 2255 1864 a
2286 1807 2569 1866 Clodoveo
2600 1826 2889 1882 pervasas.

506 1888 882 1959 detsacerdos
893 1919 1093 1975 regem
1111 1901 1375 1957 nondum
1399 1901 1691 1956 initiatum
1709 1901 1835 1971 jam
1854 1915 1969 1953 sua
1984 1914 2121 1969 gen—
2154 1888 2205 1947 B
2853 1899 3077 1954 CAPUT
3096 1901 3225 1956 XIX.

502 1992 576 2047 tis
596 2009 716 2047 esse
734 1993 1062 2064 apostolum
1082 1991 1657 2046 factum.Exornatur
1668 1987 2075 2060 baptisterium
2101 2004 2115 2055 ;
2556 1987 2645 2043 De
2675 1988 2804 2043 bello
2826 1995 3015 2046 contra
3048 1989 3475 2047 Gundebaldum.

503 2080 801 2137 descendit
820 2097 943 2148 rex,
961 2079 1135 2135 veluti
1154 2081 1302 2134 alter
1326 2078 1756 2146 Constantinus,
1784 2077 1845 2132 in
1874 2074 2120 2131 sanctiﬂ-
2288 2074 2469 2131 Gessit
2490 2093 2625 2133 vero
2658 2077 2877 2133 bellum
2908 2078 3227 2135 Clodoveus
3257 2084 3459 2135 contra
3494 2076 3772 2136 Gundebal-

500 2174 693 2227 catum
706 2168 882 2225 fontis
907 2170 1154 2225 alveum.
1181 2168 1281 2224 Cui
1298 2185 1429 2223 cum
1446 2172 1677 2224 sanctus
1704 2165 1960 2236 pontifex
1986 2181 2115 2219 mo-
2217 2164 2355 2219 dum
2373 2182 2574 2237 regem
2604 2167 3115 2239 Burgundionum,
3144 2168 3569 2242 exercitumque
3592 2167 3699 2238 ejus
3718 2164 3778 2219 ad

502 2259 643 2315 dum
674 2258 991 2315 Dominica
1023 2257 1306 2330 passionis
1349 2257 1666 2325 recitasset,
1713 2272 1811 2311 rex
1857 2253 1937 2309 ait
1983 2253 2064 2308 illi
2096 2270 2109 2310 :
2213 2251 2677 2310 internecionem
2704 2255 2934 2312 delevit.
2971 2256 3157 2312 Causa
3187 2261 3384 2312 autem
3406 2257 3567 2329 hujus
3600 2268 3774 2328 pugna

502 2371 530 2399 «
563 2347 622 2405 Si
648 2364 755 2420 ego
789 2364 920 2403 cum
940 2346 1169 2402 Francis
1201 2346 1345 2401 meis
1379 2345 1521 2400 inibi
1553 2343 1995 2414 aﬂ‘uissem,ejus
2022 2342 2110 2397 in-
2212 2341 2321 2397 fuit
2349 2343 2485 2414 quia
2523 2342 2930 2399 Gundebaldus
2954 2344 3201 2401 fratrem
3222 2363 3393 2402 suum
3419 2343 3777 2417 Chilpericum,

492 2436 1088 2511 juriasvindicassem.
1119 2459 1143 2483 ι
1170 2435 1337 2500 Quod
1368 2451 1500 2488 vero
1524 2437 1691 2505 grata
1722 2431 2113 2504 acceptabilis-
2212 2433 2439 2502 patrem
2464 2431 2728 2487 videlicet
2756 2432 3011 2488 Clotildis
3028 2433 3275 2505 regina,
3293 2434 3483 2507 gladio
3512 2433 3778 2488 intereme-
3872 2445 3886 2469 σ

497 2527 729 2600 queDeo
742 2525 1005 2599 pradicti
1021 2524 1175 2596 regis
1192 2523 1333 2578 fides
1346 2522 1779 2591 fuit,ostensum
1796 2519 2110 2575 declaravit
2211 2521 2322 2587 rat,
2355 2535 2712 2593 uxoremque
2738 2521 2881 2593 ejus,
2909 2525 3163 2578 matrem
3194 2541 3371 2596 supra
3391 2524 3554 2579 dicta
3578 2520 3775 2591 regina,

495 2614 1013 2670 miraculum.Nam
1037 2628 1171 2667 cum
1192 2612 1343 2667 forte
1368 2610 1465 2683 qui
1488 2610 1741 2666 chrisma
1759 2608 2112 2682 gerebat,in-
2209 2605 2401 2677 lapide
2431 2607 2506 2663 ad
2531 2610 2744 2664 collum
2774 2609 2951 2682 ligato
2970 2610 3145 2666 ﬂuvio
3179 2611 3455 2684 immergi
3484 2610 3695 2667 fecerat.
3710 2605 3777 2661 0b

493 2705 771 2773 terclusus
802 2704 1093 2776 apopulo,
1117 2701 1361 2769 deesset,
1404 2717 1535 2756 ecce
1563 2698 1749 2755 subito
1796 2715 1916 2753 non
1963 2698 2108 2753 alius
2207 2693 2269 2748 id
2294 2700 2531 2767 rogatus
2579 2713 2613 2752 a
2643 2698 2893 2770 conjuge
2921 2715 3019 2753 rex
3060 2698 3381 2756 Clodoveus
3426 2695 3776 2770 Burgundiam

493 2794 616 2850 sine
646 2792 820 2848 dubio
853 2808 1029 2864 quam
1051 2794 1283 2845 sanctus
1313 2789 1588 2862 apparuit
1615 2787 1883 2859 Spiritus,
1916 2787 1976 2841 in
2009 2803 2107 2841 co-
2209 2798 2342 2838 cum
2373 2785 2627 2840 exercitu
2656 2786 3010 2842 Francorum
3042 2787 3338 2859 ingressus
3360 2785 3672 2855 devastavit,
3698 2798 3773 2837 re-

490 2883 705 2939 lumlna
723 2881 923 2937 visibili
938 2881 1217 2953 figuratus
1230 2879 1418 2952 specie
1445 2897 1460 2948 ;
1485 2879 1604 2952 qui,
1629 2875 1891 2933 rutilanti
1917 2879 2104 2932 rostro
2207 2873 2662 2946 gemquejpsum
2691 2874 3160 2945 Gundebaldum,
3174 2879 3354 2950 longa
3370 2876 3648 2933 obsidione
3663 2870 3771 2927 fati-

490 2976 755 3028 sanctum
774 2970 1042 3025 deferens
1058 2968 1495 3036 chrisma,inter
1512 2984 1719 3023 manus
1739 2965 2009 3037 deposuit
2022 2981 2108 3020 sa-
2206 2964 2433 3033 gatum,
2448 2962 2675 3018 tributa
2690 2963 2828 3019 dare
2850 2965 3422 3037 coegit.Godegisilus
3433 2968 3614 3020 autem
3630 2962 3778 3016 frater

490 3063 759 3130 cerdotis,
784 3060 968 3114 undas
979 3057 1159 3114 fontis
1176 3057 1608 3113 sanctiﬁcantis.
1639 3056 1724 3111 Fit
1741 3054 2018 3127 gaudium
2049 3057 2105 3109 et
2205 3050 2563 3107 Gundebaldi
2580 3053 2654 3107 ad
2671 3052 2918 3109 Francos
2933 3054 3249 3125 defecerat,
3271 3059 3330 3111 et
3344 3053 3649 3128 cunjunctis
3673 3066 3777 3105 cum

490 3146 1185 3219 exsultatio,baptizantur
1210 3146 1379 3201 multi
1400 3146 1472 3202 de
1496 3145 1855 3217 populo,Deo
1876 3144 2101 3212 laudes,
2133 3206 2174 3219 η
2210 3140 2497 3196 Clodoveo
2513 3141 2729 3197 viribus
2748 3141 2991 3198 fratrem
3021 3145 3413 3217 expugnabat.
3436 3143 3544 3200 Sed
3562 3156 3714 3215 Opere
3735 3140 3779 3192 et

489 3206 843 3311 Deogratia
869 3206 1284 3304 ahclamantur,
1307 3238 1365 3289 et
1386 3206 1647 3305 gaudens
1659 3206 1757 3287 rex
1776 3232 1849 3287 ab
1867 3206 2106 3288 ecclesia
2127 3206 2175 3267 α
2205 3228 2493 3285 industria
2530 3231 2728 3287 Aredii
2767 3232 2873 3287 viri
2919 3206 3221 3306 sapientis,
3252 3235 3352 3308 qui
3405 3235 3476 3291 ab
3503 3206 3776 3291 Arelatensi

490 3329 564 3384 ad
585 3326 819 3400 propria
840 3323 1351 3397 regreditur.Et,nt
1366 3321 1591 3393 plenius
1606 3320 1975 3376 devotionem
1989 3338 2105 3377 sua
2206 3319 2350 3374 urbe
2376 3318 2654 3375 auxilium
2667 3321 3043 3378 Gundebaldo
3062 3323 3289 3379 laturus
3305 3324 3623 3388 advenerat,
3648 3320 3775 3374 idem

489 3416 823 3488 prOpalaret
843 3412 1305 3481 ﬁdei,basilicam
1320 3411 1437 3466 Deo
1463 3426 1529 3465 ac
1550 3409 1797 3482 principi
1818 3411 2106 3481 apostolo-
2205 3423 2306 3462 rex
2358 3425 2499 3465 auro
2539 3409 2771 3465 hostem
2824 3410 3060 3483 repulit,
3087 3427 3268 3484 quem
3298 3413 3453 3468 ferro
3479 3407 3779 3483 nequiverat

488 3521 622 3560 rum
640 3502 700 3557 in
726 3500 951 3556 civitate
980 3500 1288 3566 Parisiaca,
1320 3498 1379 3553 in
1409 3516 1522 3571 qua
1556 3498 1732 3572 ipsius
1761 3498 1927 3554 sedes
1956 3502 2101 3567 erat,
2205 3496 2351 3551 Nam
2383 3495 2699 3554 Clodoveus
2730 3499 2978 3570 acceptis
3029 3501 3376 3557 muneribus
3427 3497 3696 3573 repedavit
3719 3492 3775 3549 ad

490 3590 743 3648 construi
760 3589 915 3646 fecit.
940 3588 1382 3660 Permansitque
1406 3586 1465 3642 in
1489 3603 1581 3656 eo,
1606 3603 1786 3659 usque
1805 3587 1879 3642 ad
1900 3587 2102 3643 termi-
2203 3585 2462 3656 propria,
2475 3586 3261 3660 relinquensGundegisiloin
3276 3589 3544 3646 auxilium
3560 3585 3777 3661 quinque

491 3697 635 3737 num
666 3679 825 3747 vita,
853 3677 1114 3734 custodia
1132 3675 1433 3748 religionis
1464 3676 1521 3730 et
1543 3674 1782 3747 justitia
1816 3676 2000 3748 vigor.
2204 3672 2386 3729 millia
2415 3674 2788 3730 Francorum.
2818 3676 2999 3732 Porro
3016 3676 3451 3747 Gundebaldus,
3478 3677 3684 3748 suijam
3702 3687 3771 3726 se-

1092 3766 1316 3821 CAPUT
1345 3765 1501 3820 XVII.
2202 3778 2393 3830 curus,
2425 3762 2668 3819 fratrem
2690 3763 2928 3821 Vienna
2956 3765 3265 3824 obsidione
3286 3766 3617 3832 circumdat,
3636 3765 3777 3833 atqmi

588 3858 673 3914 De
702 3857 955 3913 Clodovei
976 3855 1395 3928 expeditionibus
1420 3860 1471 3908 et
1501 3856 1733 3909 victoriis
1764 3856 2004 3927 reliquis.
2202 3867 2308 3923 per
2337 3852 2744 3924 aquaductum
2771 3853 2976 3909 urbem
3003 3854 3299 3926 ingressus
3330 3858 3636 3912 multorum
3652 3847 3778 3906 cade

565 3949 782 4004 Contra
809 3947 963 4002 hunc
988 3961 1191 4017 regem
1224 3944 1373 3999 cives
1412 3942 1802 3998 Viridunensis
1834 3944 1990 3998 urbis
2018 3959 2104 3998 re-
2202 3944 2432 4014 patrata
2459 3940 2705 3997 fratrem
2736 3960 2853 3999 una
2878 3943 3199 4009 interemit,
3223 3946 3473 4001 Francos
3511 3954 3715 4017 quoque
3731 3936 3779 3991 in

490 4038 871 4096 hellaverunt.
905 4034 1019 4090 Sed
1050 4034 1191 4089 dum
1223 4050 1321 4088 rex
1355 4031 1560 4086 urbem
1593 4031 1893 4087 obsidione
1908 4032 2127 4087 vallas-‘
2202 4029 2622 4102 quadamﬁurri
2651 4036 3035 4104 congregatos
3052 4033 3207 4089 ferro
3236 4033 3556 4091 trucidavit.

491 4130 578 4183 set
605 4129 664 4181 et
683 4125 811 4196 jam
838 4121 1066 4178 admoti
1089 4121 1297 4176 arietes
1320 4122 1435 4176 alta
1459 4136 1764 4175 murorum
1786 4121 2101 4193 pulsarent,
2795 4122 3018 4177 CAPUT
3073 4123 3179 4179 XX.

489 4214 847 4288 supplicante
859 4213 1057 4268 sancto
1074 4210 1195 4266 viro
1215 4208 1767 4281 Euspicio,ejusdem
1790 4212 1927 4263 tunc
1948 4209 2104 4264 urbis
2354 4207 2429 4263 De
2456 4208 2583 4263 bello
2614 4215 2798 4264 contra
2822 4210 3116 4268 Alaricum
3144 4212 3195 4269 G
3210 4213 3454 4270 othorum
3486 4226 3664 4282 regem.

492 4300 1263 4374 archipresbytero,verbum
1275 4298 1642 4370 impunitatis
1657 4315 1690 4352 a
1701 4298 1963 4370 principe
1975 4314 2106 4370 pro-
2279 4296 2497 4353 Contra
2511 4297 2803 4352 Alaricum
2819 4298 2995 4354 etiam
3011 4316 3213 4374 regem
3225 4301 3543 4357 Gothorum
3553 4307 3781 4372 pugnans

491 4391 854 4457 meruerunt,
890 4392 949 4443 et
977 4404 1077 4442 rex
1120 4386 1416 4442 civitatem
1460 4386 1699 4459 recepit.
1736 4386 1941 4441 Postea
1971 4403 2105 4440 cum
2210 4384 2528 4442 Clodoveus
2549 4384 2730 4441 victor
2752 4387 3184 4452 exstitit.Quam
3210 4407 3469 4464 pugnam
3494 4388 3614 4443 ideo
3634 4395 3779 4457 quam

490 4479 971 4537 Aurelianensem
1002 4476 1205 4530 urbem
1239 4476 1555 4531 Clodoveus
1584 4492 1685 4531 rex
1716 4474 1879 4531 adire
1913 4475 2106 4548 dispo-
2129 4472 2181 4532 D
2209 4475 2460 4531 maxime
2515 4474 2771 4530 noscitur
2814 4476 3113 4533 inchoasse
3175 4480 3315 4551 quia
3373 4477 3536 4535 Gothi
3585 4473 3778 4529 Arianw

492 4569 717 4634 suisset,
738 4568 1004 4620 sanctum
1036 4563 1362 4635 Euspicium
1398 4581 1462 4619 ac
1508 4563 1632 4635 ejus
1662 4567 1940 4635 nepotem
1970 4564 2107 4619 bea-
2205 4562 2688 4633 hareseos,siculi
2712 4565 3173 4637 Burgundiones,
3195 4571 3387 4636 erant,
3422 4564 3779 4638 optimamque

494 4661 620 4713 tum
651 4654 937 4711 advocans
964 4650 1359 4720 Maximinum,
1382 4651 1557 4722 jussit
1586 4655 1649 4707 ut
1693 4670 1865 4707 suum
1910 4668 2108 4724 prose-
2207 4652 2519 4708 Galliarum
2549 4656 2775 4725 partem
2807 4670 2842 4709 a
2870 4654 3044 4710 ﬂuvio
3058 4655 3279 4712 scilicet
3306 4656 3519 4729 Ligeris
3544 4666 3702 4724 usque
3720 4644 3780 4701 ad

496 4746 813 4818 querentur
840 4741 969 4798 iter.
1000 4740 1216 4805 Quibus
1245 4743 1304 4794 et
1332 4740 1663 4796 Miciacense
1686 4742 1933 4797 contulit
1965 4757 2111 4812 pra-
2208 4742 2621 4814 Pyrenaorum
2647 4744 2791 4815 juga
2805 4744 3099 4799 montium
3130 4744 3496 4801 obtinebant.
3518 4736 3719 4798 Exstitit
3734 4736 3780 4789 et

495 4834 656 4889 dium
687 4850 702 4901 ;
736 4834 814 4898 et,
856 4834 917 4886 ut
944 4829 1051 4901 ipsi
1082 4845 1147 4884 ac
1175 4828 1388 4901 posteri
1419 4846 1622 4884 eorum
1651 4828 1817 4884 illum
1849 4829 2107 4902 posside-
2208 4832 2321 4887 alia
2337 4832 2494 4905 justa
2522 4832 2692 4904 hujus
2706 4850 2918 4906 pugna
2943 4834 3189 4890 occasio.
3238 4835 3465 4890 Miserat
3506 4832 3651 4890 idem
3672 4827 3779 4882 Clo-

494 4924 627 4978 rent
648 4921 863 4989 locum,
894 4935 1001 4992 per
1030 4934 1199 4973 suum
1231 4917 1486 4973 firmavit
1516 4918 1979 4991 Pragmaticum.
2208 4922 2422 4978 doveus
2439 4923 2696 4994 legatum
2727 4940 2916 4992 suum,
2949 4924 3188 4980 nomine
3213 4926 3545 4992 Paternum,
3577 4919 3644 4975 ad
3669 4915 3777 4971 Ala-

1087 5007 1308 5062 CAPUT
1337 5007 1518 5062 XVIII.
2207 5010 2392 5066 ricum
2430 5028 2631 5083 regem
2661 5012 3004 5083 Gothorum,
3034 5017 3098 5069 ut
3127 5031 3256 5087 qua
3287 5015 3441 5085 pacis
3466 5011 3642 5068 essent
3666 5016 3776 5059 cum

1014 5095 1098 5151 De
1123 5094 1324 5154 Sancto
1353 5094 1583 5153 Furseo.
2208 5116 2276 5155 eo
2307 5100 2789 5169 tractaret,simul
2819 5101 2995 5157 etiam
3018 5106 3081 5157 ut
3109 5104 3467 5158 voluntatem
3490 5100 3604 5171 ejus
3629 5105 3777 5165 agno-

565 5187 737 5260 Cujus
765 5184 967 5242 diebus
996 5187 1225 5240 sanctus
1257 5201 1488 5258 quoque
1526 5185 1768 5241 Furseus
1809 5185 1867 5241 in
1898 5186 2106 5244 Gallias
2207 5193 2414 5253 sceret,
2442 5206 2557 5262 quo
2586 5190 2645 5245 in
2679 5192 2804 5247 loco
2833 5192 3038 5247 ambos
3061 5208 3229 5264 reges
3253 5192 3361 5247 sibi
3388 5207 3492 5262 pro
3516 5185 3774 5253 utriusque

487 5274 2105 5350 venit,et,eodemconcedenterege,monasteriumquod
2206 5278 2375 5349 regni
2423 5277 2765 5334 utilitatibus
2819 5281 3205 5336 collocuturos
3260 5279 3551 5353 oporteret
3613 5281 3776 5327 occur-

489 5366 847 5424 Latiniacum
893 5363 1100 5419 dicitur
1146 5364 1467 5420 adiﬁcavit.
1500 5365 1598 5420 Hic
1647 5370 1843 5421 autem
1897 5367 2101 5422 beatus
2202 5366 2691 5435 rere,etAlaricus,
2706 5368 2871 5439 juxta
2898 5385 3126 5425 morem
3157 5358 3771 5442 antiquorum,barbam

486 5458 727 5514 Furseus
746 5472 815 5510 ex
831 5452 1105 5510 Hibernia
1126 5452 1382 5520 veniens,
1409 5453 1568 5526 prius
1592 5472 1627 5510 a
1647 5472 1785 5527 rege
1807 5455 2099 5510 Saxonum
2204 5453 2469 5510 Clodovei
2504 5456 3079 5530 tangens,ad0ptivus
3113 5458 3165 5514 ei
3189 5460 3353 5513 ﬁeret
3379 5457 3559 5529 pater.
3592 5448 3771 5519 Legato

486 5546 802 5621 Sigisberto
817 5543 1134 5600 honorifice
1158 5546 1449 5615 susceptus
1463 5544 1792 5600 coenobium
1816 5543 1875 5598 in
1894 5543 2097 5599 eadem
2201 5542 2529 5600 advenienti
2560 5548 2617 5600 et
2643 5550 2884 5618 propter
2908 5562 3035 5619 qua
3054 5549 3291 5604 venerat
3319 5531 3772 5599 intimanliAlari-

485 5636 889 5696 construxerat
914 5630 1217 5704 provincia
1240 5630 1528 5687 Saxonia.
1564 5633 1641 5687 De
1672 5632 1781 5686 hoc
1810 5648 1970 5704 rege,
2007 5633 2094 5688 Si-
2199 5649 2296 5688 cus
2324 5633 2590 5705 designat
2616 5635 2832 5704 locum,
2866 5634 3117 5709 dicitque
3133 5653 3194 5693 se
3212 5633 3490 5707 colloquio
3513 5646 3622 5687 non
3634 5622 3769 5709 defu-

485 5726 741 5805 gisberto
766 5721 1002 5791 scilicet,
1034 5720 1117 5777 nil
1146 5719 1306 5776 aliud
1333 5719 1393 5775 in
1426 5720 1679 5794 antiquis
1705 5721 1962 5793 reperire
1993 5737 2098 5795 po-
2199 5725 2415 5779 turum.
2442 5722 2686 5796 lnquirit
2712 5722 2951 5780 demum
2980 5706 3206 5798 legatus
3230 5706 3421 5781 utrum
3446 5734 3572 5776 cum
3599 5706 3770 5789 palmis
