3862 6172
200 325 278 382 σ57
1213 305 1536 369 HISTORIA
1562 305 2011 377 mucosum.
2042 336 2112 355 —
2142 307 2272 367 LIB.
2304 307 2345 365 ι.
3346 308 3452 367 658

201 466 254 506 an
273 460 385 502 cum
412 436 775 497 multitudine
805 434 1104 495 adveniret
1133 435 1431 492 exercitus.
1466 434 1568 491 llle
1597 451 1655 491 se
1676 434 1818 501 fa-A
1842 434 2133 507 legatione
2164 434 2446 509 fungitur.
2480 433 2844 491 Festinemus
2866 432 3042 508 igitur
3073 430 3146 491 ad
3164 432 3455 508 prmlium,

200 541 332 602 tatur,
352 528 523 605 paucis
551 525 876 599 assumptis,
916 541 1118 581 eorum
1146 525 1529 598 expetiturum
1562 526 1735 580 collo-

198 624 371 698 quium.
401 620 603 672 Rursus
633 616 958 686 interrogat
987 615 1268 669 Paternus
1303 616 1498 667 utrum
1529 613 1740 668 armati

199 713 343 770 essent
369 725 434 763 an
462 706 730 761 inermes.
773 702 919 757 Dicit
966 701 1061 758 ille
1112 719 1124 756 :
1160 701 1302 757 Suos
1344 718 1548 757 omnes
1586 703 1739 758 iner-

196 816 287 857 mes
309 798 578 862 venturos,
616 796 675 848 et
701 795 762 847 ut
790 791 997 847 itidem
1033 790 1234 846 Franci
1265 790 1745 862 faciantpostula—

195 894 331 945 turos.
360 884 444 939 His
487 881 756 938 omnibus
797 879 1169 935 consentiens
1201 881 1503 947 Paternus,
1535 879 1609 934 ad
1640 880 1741 935 do-

193 977 375 1033 minum
397 988 561 1029 suum
598 986 912 1042 regressus,
961 968 1191 1024 nuntiat
1220 968 1272 1023 ei
1299 985 1426 1041 quae
1458 984 1741 1041 cognove-

192 1070 259 1123 rat
280 1061 669 1134 complacnisse
702 1058 918 1114 Gothis.
954 1059 1296 1130 Progressus
1317 1058 1511 1130 itaque
1535 1058 1743 1114 Clodo-

191 1171 290 1210 veus
311 1169 338 1207 e
363 1149 595 1206 Francia
623 1149 778 1203 venit
807 1147 868 1203 in
895 1145 1292 1219 Aquitaniam,
1326 1149 1385 1201 et
1426 1148 1740 1219 antequam

190 1240 461 1314 perveniret
503 1236 580 1295 ad
631 1238 823 1292 locum
861 1234 1072 1307 placito
1136 1235 1511 1304 destinatum,
1568 1250 1743 1306 supra

196 1330 534 1385 memoratum
592 1323 788 1396 dirigit
834 1325 1116 1396 legatum,
1158 1340 1272 1396 quo
1325 1323 1527 1379 habitu
1574 1323 1743 1379 Gothi

193 1420 443 1474 uterentur
471 1416 924 1488 exploraturum.

238 1505 342 1572 Qui,
368 1504 498 1559 dum
546 1501 778 1558 Alarico
824 1500 950 1573 regi
987 1501 1436 1573 colloqueretur,
1482 1501 1739 1556 ferreum

184 1594 278 1650 ostii
293 1593 500 1648 obicem
521 1608 655 1646 eum
679 1606 784 1661 pro
803 1590 1006 1645 baculo
1022 1606 1202 1645 manu
1216 1605 1418 1662 gerere
1434 1587 1736 1661 persensit,

184 1682 372 1755 etquod
391 1680 596 1753 reliqui
611 1680 766 1735 idem
792 1679 1051 1734 facerent
1078 1677 1740 1750 agnovit.Apprehensa-

181 1788 262 1843 que
282 1770 418 1842 regis
436 1769 663 1836 dextra,
697 1767 838 1824 dixit
861 1767 913 1822 ei
949 1784 962 1822 :
997 1790 1025 1816 ‹‹
1063 1765 1234 1832 Quid,
1252 1767 1462 1838 inquit,
1484 1782 1516 1821 ο
1541 1783 1659 1834 rex,
1680 1769 1737 1821 te

181 1858 289 1915 laesit
321 1857 587 1913 dominus
628 1872 789 1911 meus
830 1855 1144 1911 Clodoveus
1174 1858 1231 1910 et
1270 1854 1494 1923 Franci,
1530 1857 1591 1909 ut
1632 1872 1741 1911 nos

181 1946 340 2001 fraude
368 1945 785 2001 machinareris
816 1944 1083 2017 decipere
1104 1943 1132 1999 ?
1162 1963 1192 1997 »
1217 1944 1340 2009 Quo
1373 1946 1646 2015 negante,
1683 1946 1742 1999 et

180 2051 308 2089 causa
328 2034 394 2089 ad
414 2033 683 2106 jurgium
708 2050 886 2105 usque
920 2032 1296 2103 procedente,
1322 2031 1629 2087 definitum
1656 2035 1741 2087 est

179 2128 221 2177 nt
231 2123 421 2194 judicio
442 2121 812 2188 Theodorici,
841 2121 1159 2176 Gothorum
1181 2119 1352 2192 regis,
1371 2120 1537 2191 cuius
1565 2136 1741 2192 supra

176 2210 521 2279 meminimus,
549 2210 674 2265 hmo
695 2225 785 2264 res
810 2208 1420 2264 terminaretur.Unde
1445 2208 1617 2264 ambo
1648 2226 1741 2264 re-

170 2316 244 2371 gcs
264 2300 468 2371 legatos
503 2299 588 2355 ad
618 2315 755 2353 eum
791 2297 849 2351 in
879 2296 1128 2365 Italiam,
1151 2297 1246 2351 ubi
1261 2300 1317 2351 et
1331 2297 1635 2369 regnabat,
1655 2296 1740 2351 di-

172 2386 475 2460 rigunt.Qni,
506 2387 812 2459 utriusque
831 2386 1010 2460 partis
1026 2386 1224 2458 agnita
1251 2403 1440 2454 causa,
1464 2386 1661 2441 statuit
1682 2388 1746 2442 ut

166 2479 343 2549 legatus
372 2479 1003 2545 Francorum,ascenso
1023 2491 1170 2548 equo
1194 2479 1327 2531 ante
1358 2475 1513 2531 fores
1538 2475 1737 2546 palatii

165 2566 283 2639 regis
305 2567 503 2623 Alariei
524 2569 710 2634 stans,
734 2566 1012 2620 elevatam
1034 2568 1259 2620 teneret
1286 2565 1513 2619 hastam
1538 2581 1739 2633 manu,

163 2670 299 2727 super
323 2672 490 2728 quam
524 2654 791 2710 Alaricus
817 2657 873 2708 et
902 2652 1069 2708 Gothi
1101 2670 1168 2708 eo
1196 2670 1373 2725 usque
1404 2652 1633 2725 copiam
1650 2653 1740 2724 ja-

163 2749 319 2799 cerent
331 2760 714 2800 nummorum
728 2742 954 2815 argenti
969 2758 1266 2815 quousque
1284 2741 1589 2796 summitas
1606 2758 1738 2813 ope-

160 2832 334 2889 riretur
358 2834 556 2901 conti;
590 2848 838 2905 quorum
887 2847 1118 2886 summa
1160 2830 1479 2885 solidorum
1515 2830 1589 2885 ad
1624 2829 1730 2884 do-

160 2922 364 2977 minium
403 2921 711 2977 deveniret
738 2920 891 2992 regis
935 2919 1312 2974 Francorum.
1364 2917 1597 2973 Reversi
1633 2917 1732 2990 qui

159 3009 348 3066 fuerant
375 3011 539 3066 missi
567 3009 847 3081 judicium
879 3007 1141 3063 referunt
1180 3007 1336 3079 regis
1369 3006 1730 3075 Theodorici,

1844 526 1902 578 et
1931 523 2001 577 de
2034 523 2229 580 divina
2259 524 2630 596 protectione
2659 522 2861 579 confisi
2882 524 3115 578 hostiles
3134 524 3453 597 phalanges

1845 613 2258 685 aggrediamur
2316 613 2605 687 intrepidi.
2668 638 2696 663 »ι
2745 614 2857 669 llac
2910 613 3256 669 allocutione
3297 613 3456 668 ducis

1845 701 2087 758 animati
2119 702 2221 757 viri
2253 702 2478 758 virtutis
2519 705 2723 757 contra
2770 703 2964 757 hostes
3017 702 3456 776 proficiscuntur

1843 790 2018 846 corde
2048 792 2361 861 constanti,
2397 795 2496 847 aut
2518 791 2745 847 vincere
2778 794 2877 846 aut
2903 790 3054 845 mori
3082 791 3289 863 parati.

2451 880 2679 935 CAPUT
2716 880 2842 934 XXI.

2018 967 2102 1023 De
2145 970 2322 1023 omine
2354 969 2593 1023 victoriae
2623 975 2671 1023 et
2714 985 2879 1023 cerva
2919 969 3273 1040 apparitione.

1914 1058 1976 1110 In
2003 1056 2113 1111 hoc
2138 1057 2289 1112 bello
2322 1056 2578 1112 divinum
2614 1055 2696 1111 illi
2723 1056 2969 1112 adfuisse
2999 1057 3271 1113 auxilium
3289 1057 3455 1129 signa

1844 1161 1878 1200 a
1890 1147 2006 1200 Deo
2022 1148 2251 1201 ostensa
2269 1146 2610 1200 docuerunt.
2634 1145 2801 1215 Nam,
2819 1146 2957 1200 dum
2981 1146 3201 1218 legatos
3212 1164 3456 1202 munera

1844 1233 2096 1288 ferentes
2128 1235 2201 1289 ad
2224 1234 2551 1305 sepulcrum
2573 1234 2755 1289 sancti
2800 1234 3061 1289 mitteret
3090 1235 3334 1303 Martini,
3367 1235 3453 1291 di-

1845 1322 1924 1378 xit
1948 1321 2028 1377 eis
2060 1339 2073 1379 :
2107 1345 2135 1374 «
2161 1325 2240 1377 Ite
2273 1326 2330 1378 et
2372 1340 2407 1378 a
2443 1323 2679 1378 basilica
2718 1323 2899 1377 sancti
2943 1323 3169 1379 Martini
3202 1323 3346 1378 mihi
3377 1323 3449 1377 si-

1844 1427 2028 1483 gnum
2053 1410 2305 1466 victoriae
2337 1411 2569 1466 referte.
2613 1430 2644 1463 »
2675 1411 2966 1465 Abeuntes
2997 1410 3077 1466 illi
3110 1410 3251 1465 dum
3276 1413 3454 1468 eccle-

1843 1498 1987 1554 siam
2020 1499 2239 1554 oraturi
2272 1498 2513 1570 intrant,
2536 1516 2641 1554 vox
2673 1498 2922 1554 cantoris
2964 1516 3164 1554 eorum
3201 1499 3456 1557 insonuit

1843 1586 2097 1655 auribus,
2133 1588 2332 1643 dicens
2362 1604 2375 1642 :
2406 1587 2756 1643 Praecinxisti
2782 1604 2884 1655 me,
2909 1586 3158 1657 Domine,
3176 1589 3371 1643 virtute
3386 1588 3458 1643 ad

1845 1674 2055 1744 bellum,
2101 1682 2150 1731 et
2203 1677 2543 1733 inimicorum
2596 1693 2835 1730 meorum
2879 1676 3075 1731 dedisti
3129 1679 3265 1731 mihi
3300 1676 3457 1731 dorsa

1841 1762 2018 1837 (Psal.
2053 1781 2186 1827 xvu,
2210 1767 2301 1833 40,
2329 1766 2439 1837 41).
2458 1764 2745 1819 ιωιδηιθε
2766 1764 3146 1835 illi,oratione
3165 1767 3457 1838 completa

1846 1853 2298 1926 muneribusque
2330 1851 2558 1920 oblatis,
2590 1853 2715 1926 regi
2744 1854 2977 1925 signum
3008 1854 3258 1910 victoriae
3285 1856 3455 1911 aDeo

1841 1941 1950 1997 sibi
2003 1958 2341 2015 concessum
2388 1943 2763 2015 depromunt,
2796 1945 2853 1997 et
2883 1944 3138 1998 alacrem
3172 1944 3452 2002 efficiunt.

1845 2029 1990 2085 Cum
2006 2014 2202 2086 autem
2223 2032 2564 2100 ﬂumen,cui
2579 2031 2839 2103 Vigenna
2857 2049 3073 2087 nomen
3097 2032 3455 2101 est,transire

1845 2119 2361 2188 deliberaret,dum
2388 2121 2598 2175 vadum
2614 2138 2731 2176 non
2758 2121 3066 2185 inveniret,
3085 2138 3153 2177 eo
3174 2122 3331 2193 quod
3343 2122 3452 2177 ﬂu-

1847 2209 1968 2263 vius
1988 2209 2191 2281 pluviis
2206 2213 2405 2264 auctus
2431 2210 2852 2274 exundavisset,
2874 2211 2962 2266 his
2980 2211 3291 2266 Dominum
3323 2228 3451 2266 ver-

1845 2297 1934 2351 bis
1972 2314 2210 2353 exorare
2249 2299 2421 2371 coepit
2452 2317 2465 2354 :
2502 2322 2529 2349 «
2561 2299 2830 2369 Trinitas,
2861 2300 3071 2373 inquit,
3100 2300 3159 2355 in
3192 2300 3453 2373 personis
3514 2368 3521 2375 ο

1849 2387 2016 2455 Deus,
2046 2389 2104 2441 et
2132 2387 2189 2441 in
2207 2388 2511 2459 majestate
2537 2406 2703 2457 unus,
2721 2389 2863 2444 mihi
2881 2394 3083 2445 contra
3097 2390 3457 2446 adversarios

1848 2474 2301 2531 fideicatholicre
2352 2476 2651 2531 victoriam
2697 2477 2976 2545 tribuens,
3028 2478 3256 2534 facilem
3286 2479 3457 2550 hujus

1849 2563 1992 2618 alvei
2020 2565 2272 2619 concede
2300 2565 2631 2621 transitum.
2658 2588 2685 2615 »
2718 2566 3039 2621 Annuithis
3054 2568 3321 2641 precibus
3341 2570 3453 2623 cle-

1849 2668 2014 2707 mens
2045 2653 2197 2707 auris
2228 2653 2674 2726 Omnipotentis.
2699 2654 2958 2728 Cumque
2977 2655 3340 2712 illucescente
3363 2658 3455 2713 die

1848 2743 2037 2795 castra
2068 2742 2399 2810 movissent,
2437 2760 2566 2798 ecce
2618 2761 2785 2798 cerva
2842 2746 3108 2816 qumdam
3158 2763 3216 2800 se
3265 2746 3451 2801 subito

1843 2830 2251 2901 conspectibus
2270 2848 2470 2886 eorum
2495 2832 2549 2885 in
2558 2832 2870 2902 gressitJlli
2888 2838 2970 2897 (ut
2990 2834 3167 2889 moris
3184 2838 3267 2889 est
3282 2835 3455 2888 Fran-

1838 2933 2062 2985 corum,
2077 2919 2308 2973 venatui
2325 2920 2539 2974 scilicet
2554 2920 2838 2984 insistero)
2858 2922 3119 2993 praedam
3157 2925 3447 2993 putantes,

1834 3022 1965 3060 eam
1991 3005 2152 3061 avide
2176 3007 2578 3081 insequuntur.
2600 3009 2807 3081 Atipsa
2830 3010 3073 3065 transito
3095 3010 3334 3064 ﬂumine
3348 3027 3449 3064 va-

160 3100 284 3170 quod
305 3100 489 3155 cuncti
526 3099 920 3154 laudaverunt
964 3096 1185 3151 Franci.
1235 3095 1348 3151 Sed
1386 3096 1554 3151 Gothi
1589 3094 1649 3151 id
1673 3112 1731 3151 se
1760 3106 1809 3166 α
1834 3094 1974 3149 dum
1997 3096 2266 3164 ostendit,
2301 3114 2365 3151 ac
2393 3096 2664 3170 deinceps
2696 3097 2834 3152 nulli
2868 3098 3212 3171 comparuit.
3251 3099 3332 3153 lta
3350 3115 3446 3152 rex

160 3203 251 3243 non
275 3206 429 3263 posse
454 3189 710 3261 implere
757 3187 1060 3250 dixerunt;
1104 3186 1341 3257 insuper
1388 3189 1446 3239 et
1475 3186 1731 3258 legatum

158 3275 384 3332 Clodovei
400 3276 777 3333 contumeliis
794 3276 1279 3334 aﬂ‘ecerunt.NaIn
1297 3274 1546 3347 quadam
1563 3277 1733 3329 nocte

158 3363 266 3420 dum
287 3367 374 3422 ille
400 3367 459 3421 in
482 3365 700 3422 solario
716 3365 802 3435 cui
814 3364 1016 3419 usdam
1034 3363 1168 3419 dom
1178 3380 1239 3417 us
1257 3361 1578 3417 dormitum
1597 3362 1735 3417 isset

154 3454 287 3509 Gothi
318 3456 649 3511 tabulatum
702 3452 856 3526 quod
893 3455 1030 3507 ante
1078 3453 1291 3507 lectum
1325 3451 1447 3523 ejus
1488 3453 1614 3506 erat
1639 3451 1733 3505 de-

156 3545 469 3607 struxerunt,
496 3542 624 3617 qui,
652 3541 1013 3614 adrequisita
1044 3541 1184 3596 dum
1197 3542 1464 3612 surgeret
1484 3543 1728 3606 natura},

151 3632 267 3700 pede
295 3634 449 3706 lapso
481 3630 728 3703 corruit,
771 3628 1124 3703 brachiaque
1157 3629 1410 3684 contrito
1440 3629 1531 3684 vix
1576 3628 1730 3683 vivus

154 3722 314 3776 evasit.
357 3722 628 3777 Festinus
668 3719 862 3792 itaque
901 3719 1094 3774 natale
1134 3719 1322 3773 solum
1368 3718 1601 3790 repetit,
1644 3717 1729 3772 rei

150 3814 292 3878 gestae
320 3811 597 3867 ordinem
629 3809 730 3864 eia
756 3825 869 3882 quo
900 3807 1106 3863 missus
1130 3808 1319 3863 fuerat
1334 3807 1727 3880 pandit,ﬂebi-

150 3897 343 3972 lemque
373 3918 493 3957 suae
537 3901 840 3973 querelam
884 3915 1160 3953 aerumnae
1205 3897 1611 3954 miserabiliter
1636 3897 1729 3951 de-

148 3988 343 4055 promit.
376 3990 493 4044 Rex
530 4005 678 4058 ergo
716 3986 1051 4055 Clodoveus,
1094 3987 1151 4041 iu
1194 3986 1401 4041 talibus
1436 4003 1557 4042 non
1602 4003 1727 4040 esse

148 4077 667 4143 procrastinandum
697 4075 1049 4144 ratus,simul
1071 4093 1175 4147 pro
1192 4075 1405 4147 injuria
1435 4074 1725 4148 legatiiraz

146 4162 779 4239 impatiens,congregat
799 4166 1313 4237 exercitum,quem
1338 4166 1435 4220 tali
1458 4167 1725 4221 hortatur

147 4255 372 4311 oratione
398 4256 475 4311 ad
508 4272 781 4329 pugnam
812 4272 825 4309 :
858 4274 890 4308 (ς
914 4254 1165 4322 Virtutis,
1194 4254 1401 4328 inquit,
1433 4257 1656 4323 vestras,
1690 4272 1723 4311 o

143 4338 406 4399 fortissimi
424 4342 892 4411 commilitones,
911 4359 1162 4410 securus,
1186 4341 1617 4398 animositatem
1635 4360 1726 4398 ve-

145 4433 290 4487 stram
321 4434 541 4488 nullins
575 4431 992 4487 exhortationis
1022 4431 1285 4503 indigam
1308 4430 1721 4502 judico.Quam

144 4517 260 4576 adeo
288 4521 481 4579 hostes
511 4520 911 4576 extimuerunt
945 4523 1005 4574 ut
1040 4522 1294 4592 legatum
1341 4523 1603 4575 nostrum
1634 4520 1722 4575 in-

142 4607 289 4664 fanda
316 4612 475 4667 caede
508 4609 806 4683 perimere
837 4611 1068 4665 vellent.
1103 4609 1425 4665 Ostendunt
1464 4610 1723 4682 profecto

143 4711 188 4750 se
205 4699 532 4755 totiusiram
555 4698 748 4771 gentis
770 4716 884 4752 non
901 4715 1063 4770 posse
1077 4698 1427 4771 perpeti,qui
1452 4699 1619 4753 unius
1632 4716 1726 4753 ex-

143 4795 390 4855 paverunt
411 4786 811 4845 constantiam
844 4786 1041 4859 legati.
1077 4788 1191 4842 Hoc
1212 4788 1396 4842 solum
1425 4803 1524 4842 vos
1560 4804 1726 4843 nosse

142 4875 299 4948 cupio,
331 4878 492 4933 vobis
527 4877 835 4932 adversum
870 4875 1322 4931 immanissimos
1358 4877 1572 4945 hostes,
1607 4894 1724 4932 non

141 4978 223 5031 pro
240 4967 588 5040 conjugibns
606 4968 705 5021 aut
726 4964 1068 5032 liberis,non
1093 4965 1268 5020 etiam
1290 4981 1394 5036 pro
1418 4965 1725 5039 acquiren-

145 5048 210 5105 dis
230 5059 529 5111 certamen
565 5071 688 5110 esse
716 5054 946 5121 divitiis,
968 5053 1069 5107 sed
1087 5053 1274 5126 potius
1304 5071 1408 5126 pro
1431 5053 1726 5127 insepara-

143 5137 222 5195 bili
249 5150 461 5201 sanctae
486 5143 791 5200 Trinitatis
821 5144 1063 5210 unitate,
1091 5160 1265 5215 quam
1311 5143 1390 5198 illi
1435 5144 1727 5199 nefandis-

143 5226 261 5284 simo
290 5232 561 5288 dividunt
589 5250 783 5289 errore
808 5251 822 5302 ;
859 5232 933 5287 ad
963 5234 1289 5287 extremum
1315 5250 1420 5305 pro
1440 5232 1642 5287 divinis
1656 5233 1728 5288 si-

144 5322 237 5387 mul
264 5323 651 5395 humanisque
671 5323 909 5396 legibus,
929 5340 1056 5395 quin
1075 5322 1416 5393 injuriarum
1443 5324 1741 5403 immunes

143 5410 377 5464 sanciunt
404 5411 633 5467 debere
664 5430 786 5467 esse
816 5430 915 5467 eos
945 5412 1405 5484 quimediatores
1437 5412 1733 5468 hostilium

144 5495 445 5557 efﬁciuntur
474 5518 807 5557 armorum.
833 5504 986 5557 Inter
1009 5518 1173 5557 arma
1195 5520 1448 5575 namque
1479 5503 1732 5572 hostilia,

146 5586 246 5640 sola
272 5590 480 5663 legatio
516 5590 675 5663 pacis
702 5594 1004 5666 sequestra
1040 5594 1145 5649 est.
1183 5592 1345 5647 Exuit
1373 5593 1602 5649 hostem
1632 5594 1731 5667 qui

1747 4386 1800 4444 D

1833 3199 1965 3237 cum
1995 3185 2156 3239 omni
2183 3186 2430 3240 exercitu
2462 3180 2826 3241 transmeans
2877 3187 3115 3242 Pictavis
3158 3187 3443 3260 pervenit,

1837 3275 1894 3326 et
1919 3273 2074 3329 haud
2102 3276 2302 3347 procul
2330 3292 2363 3329 a
2391 3275 2626 3330 Basilica
2657 3276 2835 3331 sancti
2868 3276 3064 3331 Hilarii
3097 3275 3347 3331 tentoria
3376 3278 3443 3331 ﬂ-

1837 3360 1935 3429 xit,
1970 3362 2275 3435 edictoque
2308 3364 2665 3435 compescuit
2688 3366 2967 3437 populum
2991 3364 3088 3436 qui
3117 3382 3311 3419 secum
3343 3366 3443 3421 ad-

1836 3454 1979 3519 erat,
2013 3467 2087 3506 ne
2120 3451 2257 3524 quid
2311 3451 2369 3506 in
2416 3470 2485 3507 ea
2534 3454 2829 3525 provincia
2872 3457 3167 3528 raperent,
3202 3471 3306 3509 nec
3332 3454 3443 3509 cibi

1836 3539 2072 3613 quidem
2098 3541 2420 3595 necessaria
2443 3556 2607 3610 ;cum
2640 3559 2769 3596 ecce
2794 3541 2985 3597 medio
3002 3543 3185 3597 noctis
3210 3542 3439 3598 silentio

1833 3629 2048 3701 pharus
2075 3629 2253 3701 ignea
2281 3629 2400 3684 visa
2432 3633 2516 3686 est
2545 3630 2742 3702 egredi
2772 3631 2843 3685 ab
2876 3630 3122 3685 Ecclesia
3143 3631 3323 3685 sancti
3346 3630 3441 3685 lli-

1832 3716 1981 3784 larii,
2017 3733 2083 3771 ac
2115 3733 2287 3788 super
2315 3718 2750 3773 tabernaculum
2778 3719 2837 3772 in
2861 3736 2973 3791 quo
2998 3737 3093 3774 rex
3113 3719 3442 3793 quiescebat

1832 3804 2147 3876 protendit.
2186 3805 2465 3860 Gonserlo
2498 3824 2636 3879 ergo
2678 3808 2876 3880 prmlio
2908 3808 3039 3862 victi
3069 3808 3235 3863 Gothi
3275 3811 3440 3880 terga

1834 3894 2144 3947 verterunt.
2181 3894 2336 3947 Inter
2358 3893 2508 3965 ipsas
2521 3912 2651 3949 vero
2672 3895 3120 3951 confertissimas
3141 3895 3292 3950 acies
3304 3896 3434 3951 Clo-

1832 3981 2044 4036 doveus
2065 3998 2196 4036 cum
2225 3982 2449 4037 Alarico
2482 3986 2778 4038 certamen
2811 3983 2957 4038 iniit.
3006 3985 3265 4055 Cumque
3300 4001 3434 4038 eum

1830 4074 2000 4126 terrm
2030 4071 2448 4144 prostravisset,
2473 4074 2530 4127 et
2555 4090 2669 4145 qua
2692 4073 2902 4128 lethale
2924 4074 3125 4126 vulnus
3147 4072 3437 4144 intligeret

1830 4160 2162 4229 rimaretur,
2197 4161 2309 4215 duo
2331 4161 2499 4216 Gotiii
2524 4178 2659 4217 eum
2692 4178 2725 4216 a
2758 4164 2936 4217 latere
2974 4161 3158 4217 contis
3187 4160 3429 4228 feriunt;

1827 4250 1926 4304 sed
1959 4254 2194 4322 propter
2216 4251 2458 4307 loricam
2509 4268 2643 4307 eum
2682 4254 2983 4307 vulnerare
3029 4251 3429 4326 nequiverunt.

2422 4341 2645 4397 CAPUT
2676 4343 2830 4397 XXII.

2180 4429 2265 4484 De
2293 4430 2610 4486 Theoderici
2638 4431 3071 4503 expeditionibus.

1898 4520 2053 4591 Rege
2104 4518 2298 4593 itaque
2342 4520 2591 4589 Alarico,
2637 4522 2734 4594 qui
2774 4522 2986 4577 Gothos
3015 4537 3121 4593 per
3155 4524 3217 4577 t2
3247 4538 3431 4577 annos

1828 4608 2191 4676 rexerat,hoc
2210 4608 2384 4664 modo
2403 4609 3048 4677 interfecto,Clodoveus
3065 4609 3250 4664 ﬁlium
3264 4627 3430 4664 suum

1827 4695 2248 4751 Theodoricum
2277 4714 2409 4751 cum
2430 4697 2617 4753 valido
2640 4698 2920 4753 exercitus
2938 4699 3340 4771 supplemento
3360 4698 3434 4753 ad

1829 4785 2154 4858 superiores
2180 4787 2304 4859 ejus
2327 4786 2524 4859 dirigit
2554 4789 2721 4860 regni
2744 4791 2954 4860 partes.
2991 4787 3436 4860 Qui,pcrvagata

1830 4874 1992 4930 omni
2013 4876 2330 4948 provincia,
2364 4877 2679 4947 Ruthcnos,
2714 4877 3113 4948 Cadurcosque
3135 4879 3307 4949 atque
3327 4877 3432 4931 Ar-

1829 4981 2004 5019 venos
2030 4966 2274 5038 subegit,
2304 4969 2361 5021 et
2381 4966 2455 5022 ad
2482 4970 2709 5039 patrem
2741 4966 2922 5021 victor
2952 4965 3141 5035 rediit,
3178 4966 3275 5040 qui
3296 4970 3434 5021 tunc

1830 5052 1888 5108 in
1916 5056 2325 5128 Burdegalensi
2359 5057 2497 5112 urbe
2528 5056 3102 5112 hiemabat.Brumali
3130 5060 3323 5112 autem
3349 5072 3437 5109 re-

1830 5145 2071 5201 cedente
2090 5146 2282 5219 rigore
2303 5147 2633 5219 vernalique
2647 5146 2986 5202 succedente
3005 5144 3441 5218 temperie,Clo-

1833 5235 2043 5294 doveus
2070 5237 2334 5292 Tolosam
2365 5237 2528 5309 petit.
2553 5236 2691 5292 Inde
2722 5237 3021 5292 thesauros
3042 5235 3246 5290 Alarici
3276 5232 3434 5288 aufe-

1834 5342 1966 5379 rens
2016 5326 2089 5380 ad
2136 5326 2532 5398 Engolismam
2562 5329 2856 5399 properat.
2902 5328 2961 5379 lu
2994 5325 3153 5397 cujus
3186 5323 3437 5378 adventu

1838 5433 2036 5470 murus
2074 5415 2248 5481 urbis,
2278 5415 2470 5471 divino
2501 5418 2643 5469 nutu
2674 5419 2878 5488 sponte
2895 5431 3087 5483 ruens,
3111 5409 3437 5467 advenienti

1839 5505 1962 5577 regi
1990 5508 2254 5577 apertum
2288 5504 2532 5576 praebuit
2587 5505 2711 5559 iter.
2762 5503 2866 5567 Qui
2910 5503 3200 5557 universos
3228 5498 3441 5554 Gothos

1842 5610 1985 5666 quos
2010 5593 2088 5649 ibi
2117 5594 2335 5666 reperit
2356 5593 2549 5667 gladio
2573 5591 2890 5647 interemit.
2917 5592 3043 5647 Pari
3073 5591 3247 5646 etiam
3267 5587 3440 5643 modo

3608 6108 3749 6121 *μ
