3940 6166
482 359 589 417 659
856 410 869 413 -
1612 351 1830 410 AIMINI
1852 350 2164 411 MONACHI
2193 352 2688 415 FLORIACENSIS
3660 373 3751 429 θθο

485 500 594 558 per
624 481 837 541 vicinas
866 479 1040 540 urbes
1077 478 1435 539 adversarios
1471 478 1825 537 interﬁciens
1852 495 2098 553 suosque
2116 484 2175 545 Α
2204 479 2509 538 deauratas
2537 498 2671 538 cum
2702 482 2907 556 gladiis
2935 483 3109 541 simili
3138 485 3312 543 modo
3357 486 3624 551 deauratis
3646 496 3754 557 loco

486 573 864 642 constituens,
899 589 997 628 eas
1028 571 1135 628 sibi
1170 587 1375 644 parere
1417 569 1713 643 compulit.
1748 570 1935 625 Rebus
1954 586 2094 640 ergo
2201 571 2481 625 muneris.
2516 572 2763 628 Ventum
2787 572 2979 646 itaque
3011 577 3095 629 est
3127 575 3200 631 ad
3231 577 3415 633 locum
3445 585 3755 655 certaminis,

488 663 708 720 cunctis
733 681 799 719 ex
834 662 1127 718 sententia
1155 661 1514 735 compositis,
1545 658 1789 715 Turonis
1817 658 1927 714 iter
1956 659 2097 714 diri-
2200 662 2259 713 et
2288 660 2502 715 conscii
2531 661 2877 733 proditionis
2905 662 3042 734 fuga
3065 680 3124 718 se
3149 664 3634 740 finguntquzerere
3653 677 3760 731 sub-

489 752 593 824 git.
625 751 730 808 Ubi
766 755 906 807 dum
939 750 1279 807 stativarum
1310 750 1499 823 gratia
1530 748 1951 822 aliquantisper
1968 765 2093 804 mo-
2200 746 2411 803 sidium
2440 750 2658 804 salutis.
2694 751 3120 823 Ragnecharius
3148 770 3307 826 vero,
3333 756 3467 811 dum
3489 759 3668 831 fugere
3696 764 3763 819 ni-

486 844 669 908 ratur,
700 841 1057 913 legationem
1088 839 1339 912 suscepit
1366 839 1650 894 Anastasii
1681 838 2096 894 Constantino-
2199 835 2361 905 titur,
2391 853 2425 892 a
2453 839 2567 894 suis
2595 842 2794 911 captus
2825 839 3109 897 Clodoveo
3142 847 3517 913 praesentatur
3552 848 3760 907 vinctus.

490 928 737 1002 politani
767 928 1044 1001 principis
1086 945 1333 984 munera
1352 927 1736 1000 epistolasque
1768 927 1819 983 ei
1862 928 2095 982 mitten-
2202 925 2388 991 Quem
2438 927 2556 996 ille,
2595 932 2659 984 ut
2688 929 2989 1001 degeneris
3016 929 3199 985 animi
3230 932 3438 1001 virum,
3478 936 3651 1006 gladio
3676 955 3766 1011 pu-

490 1019 584 1075 tis.
633 1020 697 1073 In
724 1018 933 1091 quibus
971 1017 1239 1073 videlicet
1286 1015 1489 1072 litteris
1536 1017 1645 1071 hoc
1698 1016 2101 1072 continebatur
2202 1014 2314 1068 niri
2330 1015 2519 1086 jussit.
2546 1018 2804 1073 Fratrem
2826 1035 3057 1091 quoque
3087 1021 3216 1091 ejus
3247 1020 3508 1077 similiter
3532 1028 3769 1098 praecepit

489 1129 522 1159 ‹‹
550 1108 709 1181 quod
732 1107 1150 1180 complacuerit
1178 1104 1285 1161 sibi
1311 1109 1371 1161 et
1398 1105 1760 1161 senatoribus
1802 1122 1936 1160 eum
1980 1122 2100 1160 esse
2204 1102 2407 1173 occidi,
2438 1104 2842 1178 improperans
2868 1107 2920 1163 ei
2946 1108 3100 1179 quod
3124 1125 3244 1164 non
3276 1109 3511 1166 ferendo
3531 1114 3767 1170 auxilium

491 1197 749 1253 amicum
762 1197 1187 1268 imperatorum
1211 1193 1632 1266 patriciumque
1644 1195 2098 1249 Romanorum.»
2201 1191 2367 1247 fratri
2401 1194 2753 1267 permisisset
2778 1213 2837 1251 se
2864 1198 2925 1251 et
2952 1196 3112 1251 illum
3144 1198 3396 1269 turpiter
3424 1202 3617 1255 teneri.
3663 1203 3769 1258 Pari

490 1285 588 1341 His
615 1286 710 1355 il_le
734 1285 1022 1359 perlectis,
1070 1283 1359 1339 consulari
1410 1283 1612 1338 trabea
1656 1282 1980 1355 insignitus,
2013 1300 2101 1338 as-
2207 1281 2390 1337 etiam
2419 1285 2597 1340 modo
2629 1286 2844 1340 multos
2873 1289 3183 1358 parentum
3214 1304 3447 1343 suorum
3486 1291 3602 1345 neci
3628 1294 3772 1347 tradi-

488 1390 663 1429 censo
694 1391 842 1446 equo
874 1374 934 1428 in
991 1373 1139 1428 atrio
1199 1372 1357 1445 quod
1404 1371 1559 1427 inter
1605 1372 1899 1427 basilicam
1924 1371 2104 1428 sancti
2207 1370 2312 1435 dit,
2341 1373 2757 1446 thesaurosque
2780 1391 2985 1429 eorum
3017 1376 3270 1446 abstulit,
3295 1394 3368 1431 ne
3399 1378 3520 1449 quis
3546 1396 3774 1436 remane-

494 1463 722 1519 Martini
750 1466 808 1517 et
836 1462 1129 1517 civitatem
1158 1460 1330 1516 situm
1364 1464 1509 1529 erat,
1534 1460 1858 1533 largissimu
1893 1462 2106 1534 pepulo
2206 1461 2297 1513 ret
2327 1461 2425 1531 qui
2456 1459 2718 1516 insidiari
2756 1479 2943 1534 regno
2975 1464 3097 1534 ejus
3149 1466 3241 1520 vel
3274 1466 3403 1521 vita:
3432 1472 3628 1538 posset.
3654 1471 3772 1524 Nam

492 1550 740 1607 contulit
766 1568 1030 1607 munera.
1057 1551 1145 1606 Ab
1177 1550 1274 1605 illa
1302 1550 1395 1605 die
1444 1550 1652 1606 Consul
1695 1550 1866 1605 simul
1905 1553 1964 1604 et
1991 1551 2104 1604 Au-
2206 1546 2453 1603 fratrem
2509 1549 2914 1621 Ragnecharii,
2974 1551 3382 1622 Rignemirum
3430 1555 3542 1625 [al.,
3578 1557 3775 1611 Ricimi-

494 1643 695 1711 gustus
743 1639 960 1696 meruit
1010 1639 1360 1711 nuncupari.
1417 1639 1560 1695 Cum
1611 1642 1807 1695 autem
1867 1655 2103 1711 equum,
2204 1637 2359 1709 rum]
2388 1637 2651 1701 nomine,
2681 1655 2856 1710 quem
2888 1639 3221 1696 adverterat
3238 1642 3405 1714 regni
3435 1644 3775 1715 cupidiorem,

498 1744 673 1802 quem
696 1727 850 1784 inter
880 1731 1091 1785 caetera
1104 1727 1347 1784 donaria
1359 1730 1556 1784 sancto
1587 1727 1823 1783 miserat
1839 1727 2101 1796 Martino,
2208 1724 2397 1780 missis
2423 1727 2764 1784 satellitibus
2790 1729 2947 1801 apud
2972 1729 3444 1787 Cenomanorum
3474 1734 3662 1788 urbem
3685 1734 3779 1789 vita

497 1817 788 1873 redimere
816 1821 1051 1873 centum
1091 1817 1240 1873 datis
1269 1817 1464 1873 solidis
1492 1818 1854 1884 decrevisset,
1888 1834 1992 1873 nec
2012 1818 2105 1873 ille
2133 1803 2183 1863 Β
2207 1814 2424 1886 privari
2477 1814 2630 1873 fecit.
2689 1817 2853 1872 Unde
2885 1835 3001 1872 una
3030 1818 3261 1875 dierum
3303 1821 3611 1877 astantibus
3643 1824 3779 1893 regni

501 1909 620 1963 ullo
652 1908 828 1964 modo
860 1925 995 1963 eum
1028 1909 1249 1964 deloco
1284 1924 1518 1963 movere
1544 1911 1765 1978 posset;
1799 1907 1942 1963 alios
1970 1924 2105 1963 cen-
2208 1902 2563 1975 primoribus
2617 1905 2822 1961 dixisse
2872 1906 3058 1962 fertur
3090 1925 3104 1963 :
3142 1931 3170 1958 ‹‹
3205 1910 3558 1977 Parentibus,
3605 1911 3778 1982 inquit,

501 2000 627 2051 tum
660 1996 785 2052 dari
811 1996 1154 2070 praecipiens
1175 1996 1368 2052 taliter
1392 1995 1522 2051 infit
1550 2012 1563 2051 :
1596 2015 1628 2049 «
1656 1997 1898 2052 Sanctus
1925 1996 2111 2051 Marti-
2212 1991 2449 2047 orbatus
2477 1994 2715 2062 cunctis,
2747 1994 3074 2065 periculum
3106 1998 3224 2052 mei
3241 1998 3579 2071 pertimesco
3597 1998 3779 2070 capitis,

502 2102 611 2141 nus
638 2086 825 2141 bonus
855 2085 915 2140 in
940 2084 1173 2153 auxilio,
1229 2085 1332 2140 sed
1387 2102 1552 2140 carus
1598 2085 1857 2140 noscitur
1892 2084 2016 2140 fore
2050 2084 2111 2141 in
2214 2080 2353 2135 dum
2383 2082 2680 2137 neminem
2728 2083 2977 2139 habeam
3014 2086 3414 2159 propinquum
3456 2104 3595 2143 mea:
3622 2092 3782 2143 custo-

500 2173 709 2248 pretio.
743 2194 773 2224 »
805 2176 923 2230 Rex
966 2174 1162 2247 itaque
1206 2177 1441 2246 recepto
1496 2191 1646 2246 equo
1705 2190 1959 2246 paceque
2010 2189 2114 2245 per
2215 2168 2352 2224 dem
2384 2171 2599 2226 salutis.
2627 2192 2656 2220 ››
2691 2171 2858 2236 Quod
2890 2173 3124 2246 quidam
3157 2176 3466 2232 calumnia:
3508 2193 3664 2232 causa
3689 2177 3783 2231 dic-

506 2262 814 2319 circuitum
845 2264 1000 2318 facta
1024 2263 1273 2318 Parisius
1302 2263 1649 2334 regreditur.
2221 2260 2345 2312 tum
2373 2258 2829 2328 aestimaverunt,
2862 2261 2907 2316 si
2929 2262 3079 2317 forte
3109 2263 3419 2337 quisquam
3448 2265 3687 2339 prodiret
3707 2264 3783 2336 qui

1093 2354 1318 2409 CAPUT
1349 2354 1525 2408 XXIII.
2217 2362 2278 2401 se
2307 2347 2433 2419 regi
2464 2348 2747 2419 sanguine
2794 2350 3121 2421 proximum
3158 2356 3462 2409 assereret.
3502 2353 3787 2408 Proditores

509 2443 593 2499 De
624 2442 913 2499 (Μαι-ανίςί
958 2445 1093 2513 regis
1139 2450 1307 2497 morte
1347 2448 1397 2497 et
1443 2459 1631 2514 pugna
1657 2441 1912 2499 Clodovei
1933 2450 2118 2498 contra
2217 2450 2352 2490 vero
2387 2436 2790 2507 Ragnecharii,
2824 2438 3055 2509 cognito
3099 2440 3417 2512 depravata
3462 2441 3622 2497 fuisse
3662 2442 3787 2496 dona

1084 2531 1541 2601 Ragnecharium.
2220 2540 2349 2596 quae
2376 2528 2722 2596 acceperant
2753 2526 3095 2596 proditionis
3128 2530 3341 2601 gratia,
3373 2531 3645 2586 Clodoveo
3673 2545 3785 2601 que-

580 2619 953 2676 Chararicum
983 2635 1117 2675 vero
1143 2635 1368 2691 regem,
1392 2619 1489 2691 qui
1520 2618 1572 2675 ei
1602 2619 1898 2692 quondam
1916 2623 2120 2676 contra
2219 2611 2404 2667 relam
2423 2612 3586 2688 detulerunt.QuibusinquitClodoveusm
3608 2616 3786 2689 Ingrati

513 2708 802 2782 Siagrium
834 2710 1164 2781 pugnaturo
1196 2708 1408 2764 auxilio
1439 2725 1560 2764 esse
1592 2709 1890 2776 debuerat,
1921 2710 2118 2775 etﬁde
2220 2700 2356 2756 estis
2373 2700 2666 2756 beneficiis
2686 2702 2844 2757 vobis
2859 2704 3253 2760 collatis.Nam
3274 2704 3789 2778 quantisputatisde-

509 2799 693 2856 fracta
708 2815 767 2853 se
784 2797 2120 2871 subtrahens,spectatorcertaminismagisesse
2220 2789 2359 2845 here
2412 2790 2650 2846 interire
2700 2792 2997 2862 suppliciis
3046 2793 3143 2865 qui
3174 2794 3419 2851 domino
3447 2812 3543 2849 suo
3570 2797 3788 2849 auctores

512 2889 771 2944 voluerat
819 2903 996 2959 quam
1044 2890 1357 2960 pugnator,
1413 2889 1476 2941 ut
1502 2886 1716 2942 scilicet
1741 2888 2115 2958 postmodum
2222 2881 2357 2933 sunt
2386 2879 2589 2934 mortis
2611 2880 2639 2934 ?
2669 2880 2838 2935 Abite
2870 2880 3059 2954 potius
3088 2882 3161 2936 ad
3192 2883 3450 2955 propria,
3477 2883 3788 2951 sufficiatque

510 2976 741 3032 victoris
766 2980 1103 3049 sequeretur
1125 2975 1661 3050 partes,Clodoveus
1688 2992 1818 3030 cum
1841 2975 1959 3030 filio
1987 2976 2121 3032 dolo
2223 2966 2382 3022 VObiS
2405 2966 2526 3038 ipsa
2553 2967 2796 3039 indigna
2814 2987 2929 3041 qua
2955 2970 3218 3026 fruimini
3248 2972 3381 3028 vita.
3404 2993 3432 3023 »
3465 2973 3544 3027 Illi
3569 2970 3789 3041 indigna-

511 3064 1005 3155 cepit,et,t_onderi
1025 3082 1124 3121 eos
1152 3064 1623 3155 faciens,patrem
1639 3064 2123 3155 quidemgpresby-
2144 3094 2192 3155 Ο
2224 3055 2441 3113 tionem
2455 3056 2727 3129 principis
2739 3059 2903 3114 veriti
2915 3060 2987 3115 ad
3004 3064 3251 3116 suasunt
3265 3062 3583 3118 habitacula
3593 3056 3785 3115 reversi.

511 3153 917 3222 terum,filium
940 3157 1135 3209 autem
1153 3153 1465 3208 diaconum
1480 3152 1737 3208 ordinari
1751 3152 2121 3223 jussit.Cum-

517 3203 1359 3317 ξιίεζ’ἆίίιῖιέεἶέιίὲιῖξέεξιῖειῖὲὲὶῖιῖ
1370 3203 2124 3313 Eolii'iﬁhiiii$661133-
2632 3309 2667 3317 _
2810 3203 3043 3317 CAPPT
3073 3206 3247 3317 Χξίινα

515 3308 626 3387 lius
656 3331 731 3386 ad
753 3348 888 3385 eum
919 3348 932 3385 :
969 3354 997 3382 ‹‹
1031 3332 1149 3398 llas,
1197 3308 1405 3402 inquit;
1459 3328 1696 3383 frondes
1725 3328 1992 3401 (barbam
2026 3330 2127 3385 de-
2617 3309 2699 3363 De
2725 3318 2909 3365 δαπετο
2941 3308 3197 3367 Seuerino
3226 3318 3277 3369 εἰ
3301 3313 3441 3368 aliis.

520 3418 871 3489 monstrans)
909 3436 943 3473 a
972 3435 1203 3474 summo
1230 3418 1439 3473 vertice
1472 3417 1531 3472 in
1551 3416 1718 3471 viridi
1746 3416 1904 3488 ligno
1922 3417 2127 3474 decisae
2302 3415 2463 3470 llunc
2494 3431 2694 3487 regem
2728 3416 2848 3471 fere
2895 3434 2999 3489 per
3037 3435 3257 3474 annum
3298 3419 3625 3475 continuum
3660 3416 3789 3471 febre

519 3508 632 3563 cito
658 3511 1037 3562 succrescent.
1069 3505 1302 3561 Utinam
1334 3509 1391 3560 et
1412 3508 1615 3560 auctor
1643 3505 1812 3576 hujus
1842 3505 1975 3560 facti
2008 3510 2126 3562 tam
2230 3504 2595 3560 laborantem
2616 3504 2699 3558 vir
2729 3504 2962 3560 Domini
2997 3505 3305 3562 Severinus
3334 3507 3454 3581 (qui
3485 3506 3541 3561 iu
3570 3502 3791 3560 coenobio

518 3596 794 3651 velociter
814 3599 1015 3667 pereat
1046 3596 1059 3651 !
1095 3616 1123 3646 »
1145 3595 1311 3660 Quod
1327 3595 1565 3649 verbum
1580 3594 2023 3665 ubinuntiatum
2046 3598 2132 3652 est
2229 3592 2675 3664 Agaunensium
2704 3597 3028 3665 martyrum
3055 3598 3196 3651 tunc
3214 3600 3341 3653 erat
3362 3598 3534 3652 abbas
3550 3590 3791 3667 egregius)

524 3684 1147 3751 Clodoveo,statimeos
1162 3683 1357 3756 gladio
1380 3682 2131 3755 puniriprmcepit,regnum
2234 3682 2305 3737 ab
2331 3699 2399 3737 eo
2434 3682 2740 3737 accersitus
2772 3684 2939 3738 saluti
2973 3684 3244 3753 restituit,
3280 3703 3345 3741 ac
3376 3684 3720 3761 postmodum
3746 3678 3791 3733 in

522 3788 635 3844 que
657 3788 861 3827 eorum
879 3789 1013 3827 cum
1035 3772 1318 3828 thesauris
1334 3771 1747 3845 pervasit.Post
1762 3772 1888 3827 haec
1909 3772 2135 3844 paravit
2233 3772 2382 3837 luco,
2417 3770 2512 3843 qui
2561 3771 2824 3827 Castrum
2881 3772 3156 3828 Lantonis
3213 3775 3441 3842 dicitur,
3489 3770 3791 3829 laudabilem

524 3861 956 3933 expeditionem
982 3865 1188 3917 contra
1207 3861 1523 3934 quemdam
1542 3860 2017 3923 ducem,nomine
2031 3863 2137 3916 Ra-
2235 3858 2365 3913 vita:
2395 3874 2625 3913 cursum
2657 3860 2955 3930 complens
2988 3861 3258 3933 migravit
3294 3864 3369 3918 ad
3401 3861 3705 3918 Dominum.

524 3950 926 4023 gnecharium,
950 3951 1103 4024 apud
1127 3950 1507 4005 Camaracum
1528 3949 1737 4005 urbem
1760 3965 2132 4005 commoran-
2286 3948 2511 4019 Agebat
2532 3963 2600 4001 eo
2615 3946 2673 4000 in
2688 3949 2953 4018 tempore
2973 3965 3169 4003 curam
3190 3949 3505 4023 imperialis
3524 3942 3793 4017 maiestatis

523 4041 667 4095 tem.
702 4039 885 4105 Quem
905 4039 1138 4113 quidem
1158 4038 1210 4094 ei
1226 4038 1521 4112 sanguinis
1546 4037 1799 4092 affinitas
1816 4038 2134 4109 conjunxe-
2234 4035 2540 4091 Anastasio
2586 4036 2878 4104 defuncto,
2904 4037 3155 4093 Justinus
3204 4039 3432 4095 Senior.
3454 4041 3511 4093 ln
3540 4037 3683 4107 cujus
3705 4033 3791 4087 im-

525 4129 745 4198 rat,sed
776 4147 1007 4186 morum
1038 4127 1668 4202 improbitasinfestum
1684 4127 2133 4182 reddebat.Nam
2235 4124 2379 4198 perii
2411 4124 2691 4196 partibus,
2726 4125 2784 4180 in
2816 4126 3019 4181 Nursia
3043 4126 3261 4182 scilicet
3290 4123 3793 4200 provincia,exorlus

528 4218 870 4273 obscenitati
900 4223 958 4273 et
980 4218 1218 4272 luxuria:
1250 4216 1627 4283 deditus,suis
1656 4216 1832 4271 etiam
1866 4216 2137 4272 omnibus
2237 4217 2359 4269 toto
2391 4215 2530 4269 orbe
2562 4216 2924 4269 venerandus
2954 4215 3065 4270 vita
3111 4219 3169 4271 et
3219 4217 3456 4272 nomine
3503 4211 3793 4270 Benedictus

525 4310 652 4361 erat
699 4307 948 4362 odiosus.
1010 4306 1340 4361 Adsciverat
1393 4322 1621 4377 quoque
1661 4305 1767 4360 sibi
1820 4306 2136 4376 quemdam
2230 4303 2355 4373 jam
2388 4306 2524 4357 tunc
2552 4303 2799 4374 pueriles
2846 4304 3138 4375 attingens
3191 4322 3396 4370 annos,
3428 4323 3461 4359 a
3508 4298 3793 4375 parentibus

526 4397 797 4465 spectata:
825 4395 913 4465 (ut
940 4395 1198 4467 putabat)
1230 4393 1555 4465 prudentiae
1581 4394 1950 4461 familiarem,
1968 4411 2135 4449 voca-
2160 4400 2212 4459 D
2238 4392 2442 4448 scholis
2459 4392 2784 4447 liberalium
2806 4393 3114 4464 deputatur
3126 4395 3668 4451 artium.Romanam
3681 4401 3792 4459 quo-

524 4485 660 4539 bulo
694 4484 997 4538 Faronem.
1029 4482 1157 4550 Qui,
1181 4482 1420 4537 fallendi
1447 4482 1671 4551 artifex,
1694 4483 1774 4539 ita
1786 4500 1920 4537 eum
1940 4485 2136 4538 mente
2235 4498 2347 4553 que
2361 4480 2669 4563 Ecclesiam
2693 4484 2820 4551 post
2842 4480 3256 4552 Symmachum
3280 4482 3572 4539 Hormisda
3588 4472 3793 4563 suscepit

526 4570 975 4635 abalienaverat,
1002 4574 1083 4637 ut,
1115 4571 1160 4625 si
1192 4570 1331 4642 quid
1357 4570 1613 4625 muneris
1633 4570 1874 4643 quilibet
1894 4570 1943 4624 ei
1961 4571 2132 4625 oti'er-
2233 4561 2680 4642 regendam.Cuj
2693 4587 2754 4624 us
2772 4571 3128 4641 temporibus
3142 4589 3295 4645 saepe
3316 4573 3495 4628 dictus
3508 4561 3793 4637 rex,glorio-

524 4664 633 4727 ret,
667 4660 724 4715 in
756 4660 1039 4716 sumendo
1068 4676 1136 4715 eo
1185 4659 1375 4731 ipsum
1423 4658 1763 4730 participem
1804 4659 2127 4732 ascisceret,
2233 4675 2327 4713 sus
2352 4656 2902 4720 Clodoveus,direxit
2930 4659 3004 4715 ad
3027 4659 3182 4714 beati
3196 4661 3349 4715 Petri
3376 4650 3793 4723 limina,hortatu

526 4770 555 4800 «
583 4748 721 4812 sint,
752 4748 968 4817 dicens,
1005 4748 1116 4804 ista
1139 4746 1281 4802 mihi
1314 4750 1370 4801 et
1395 4746 1688 4802 consiliaio
1712 4764 1843 4802 meo
1867 4747 2133 4804 Faroni.»
2233 4745 2444 4802 summi
2484 4745 2742 4816 praesulis
2781 4746 3049 4819 Remigii,
3082 4747 3555 4821 regiasdignitatis
3591 4749 3790 4798 auream

525 4837 639 4892 Hac
661 4836 820 4892 ducis
851 4836 1082 4909 ignavia
1124 4835 1375 4909 permoti
1400 4835 1498 4909 qui
1526 4835 1585 4890 in
1633 4836 1756 4907 ejus
1805 4836 2135 4893 militabant
2234 4850 2511 4890 coronam
2542 4834 2792 4907 gemmis
2846 4835 3270 4907 pretiosissimis
3321 4835 3657 4909 insignitam.
3691 4826 3790 4889 0110

521 4927 674 4993 aula,
698 4924 963 4981 conferre
990 4941 1186 4980 secum
1211 4927 1509 4998 cmperunt
1539 4941 1655 4997 qua
1685 4924 1910 4982 ratione
1927 4926 2077 4981 hanc
2102 4943 2136 4981 a
2234 4923 2384 4979 facto
2416 4927 2685 4996 patenter
2709 4924 2961 4978 ostendit
2982 4941 3041 4979 se
3066 4925 3185 4979 Deo
3208 4942 3324 4980 non
3357 4926 3477 4980 fore
3516 4920 3789 4992 ingratum:

522 5031 581 5069 se
604 5018 976 5069 removerent
1005 5013 1303 5085 injuriam,
1342 5013 1569 5069 Desidia
1600 5014 1759 5069 enim
1792 5013 2134 5088 imperantis
2235 5012 2375 5069 dum
2402 5012 2476 5067 ad
2502 5011 2675 5083 ipsius
2704 5012 2947 5083 apostoli
2976 5012 3300 5084 sepulcrum
3332 5012 3547 5085 insigne
3572 4999 3793 5063 mitteret

518 5102 833 5176 opprobrio
864 5106 949 5158 est
973 5102 1237 5159 subditis.
1264 5103 1631 5175 Quapropter
1655 5102 2006 5159 Clodoveum
2030 5120 2135 5176 per
2234 5102 2486 5173 regium,
2521 5100 2704 5155 sciens
2730 5117 2791 5154 se
2822 5117 2856 5155 a
2883 5100 3106 5156 Christo
3137 5100 3278 5156 solio
3309 5101 3471 5174 regni
3503 5112 3614 5154 esse
3643 5092 3791 5147 dona-

518 5190 913 5248 internuntios
938 5191 1253 5248 sollicitant
1282 5195 1344 5247 ut
1388 5190 1630 5264 gerendi
1682 5191 1952 5248 adversus
1998 5210 2131 5248 eum
2234 5193 2379 5244 tum.
2408 5189 2551 5243 Nam
2579 5191 2637 5242 et
2661 5187 2853 5243 Sosius
2872 5189 3067 5243 consul
3100 5188 3412 5255 Romanus,
3440 5187 3598 5258 capta
3624 5177 3787 5269 Hiero:

519 5297 751 5336 causam
782 5280 915 5336 belli
943 5282 1227 5354 exquirat,
1261 5261 1545 5336 manwdant
1574 5296 1655 5346 se,
1689 5280 2025 5353 priusquam
2058 5281 2131 5337 ad
2231 5279 2588 5349 solymorum
2607 5276 3068 5344 urbe,inDomini
3091 5278 3306 5347 templo
3330 5288 3592 5331 coronam
3616 5261 3789 5354 obtulit

517 5388 722 5426 manus
742 5370 1228 5443 veniatur,pra2lio
1250 5387 1527 5437 cessuros;
1555 5370 1923 5441 vinctumque
1939 5372 2125 5425 domi-
2230 5365 2341 5420 Sed
2372 5365 2466 5420 hic
2498 5382 2739 5420 munere
2756 5364 3136 5437 gratior,quia
3156 5366 3265 5418 fide
3291 5361 3590 5436 potior.llle
3604 5350 3783 5409 etenim

515 5460 729 5527 num,si
756 5460 836 5515 eis
864 5461 1107 5531 praemia
1137 5461 1537 5527 conferantur,
1554 5459 1888 5513 tradituros.
1916 5459 2020 5522 Qui
2045 5460 2121 5514 nil
2228 5455 2514 5509 idolorum
2527 5455 2825 5521 cultor,ast
2845 5453 2947 5508 iste
2964 5451 3521 5509 Catholicarlicclesim
3541 5462 3633 5518 pro
3648 5450 3785 5532 p05§°

517 5552 777 5605 moratus
803 5566 933 5603 cum
964 5550 1151 5604 valida
1167 5566 1401 5604 suorum
1420 5565 1599 5603 manu
1622 5551 1825 5601 contra
1844 5563 1976 5602 cum
1995 5565 2123 5619 pro-
2225 5544 2454 5598 sedulus
2474 5543 2905 5597 veneratorJllc
2929 5543 3083 5615 quod
3112 5544 3258 5596 esset
3278 5556 3538 5614 prmsenS.
3561 5539 3783 5619 quamj's

512 5638 803 5704 ficiscitur,
837 5636 1073 5692 mittens
1089 5636 1247 5709 prius
1259 5634 1645 5709 proditoribus
1660 5635 1915 5692 armillas
1933 5614 2114 5694 aereas
2226 5633 2336 5706 ipsi
2360 5632 2487 5689 urbi
2516 5633 2849 5705 temploque
2882 5614 3143 5698 infestus;
3177 5647 3371 5687 verum
3393 5629 3480 5685 hic
3498 5626 3683 5681 absens
3697 5614 3781 5668 [ἴθ’
