3862 6172
196 361 282 417 661
1270 359 1596 420 HISTORIA
1610 357 2055 427 FRANCORUM.
2077 388 2147 399 —
2164 356 2293 413 LIB.
2316 358 2384 413 ll.

3389 358 3497 417 662

193 481 490 551 mutemque
518 478 747 534 amator
770 475 997 549 domus,
1030 496 1137 538 nec
1152 479 1346 538 minus
1366 456 1614 538 basilicae
1635 496 1774 553 apo-
1798 485 1854 545 Α
1877 495 2111 552 poscere
2132 477 2489 551 suffragium.
2509 475 3024 550 Appropinquante
3045 480 3243 535 autem
3273 477 3367 535 die
3384 481 3497 537 sta'

192 568 306 627 stoli
335 566 482 623 Petri
517 567 775 624 devotus.

765 657 989 714 CAPUT
1016 658 1170 715 XXV.

446 746 532 801 De
560 751 861 802 terrwmotu
885 752 935 803 et
962 746 1214 804 Clodovei
1243 751 1488 804 transitu.

252 834 336 889 llis
362 833 538 889 etiam
572 834 774 890 diebus
812 837 967 907 apud
1012 837 1293 893 Viennam
1334 839 1526 894 Galliie
1569 839 1774 895 urbem

193 924 486 980 multorum
506 923 717 978 domus
731 923 905 979 simul
921 928 980 981 et
1000 925 1250 981 ecclesiae
1273 930 1612 983 terrasmotu
1636 944 1773 984 con-

191 1024 343 1068 cussas
356 1010 709 1066 ceciderunt.
723 1014 787 1066 In
808 1013 1063 1083 paschali
1074 1031 1208 1070 vero
1223 1014 1550 1084 festivitate,
1572 1016 1777 1072 beatis-

190 1100 315 1155 simo
328 1100 603 1155 Mamerto
621 1101 883 1171 ejusdem
899 1103 1056 1157 urbis
1074 1103 1340 1176 episcopo
1359 1103 1664 1160 missarum
1682 1122 1773 1161 so-

190 1189 380 1244 lemnia
398 1189 751 1257 celebrante,
770 1191 1050 1260 palatium
1070 1193 1287 1262 regale,
1308 1192 1463 1264 quod
1489 1192 1548 1248 in
1568 1193 1774 1249 eadem

188 1280 293 1332 erat
318 1276 565 1345 civitate,
589 1278 802 1333 caelesti
840 1283 1277 1335 concrematum
1320 1284 1407 1336 est
1452 1281 1608 1352 igne.
1635 1282 1775 1355 Lupi

188 1379 391 1435 quoque
400 1364 490 1418 vel
503 1364 1247 1439 ursi,silvisprofugi,eidem
1259 1367 1472 1423 civitati
1484 1368 1775 1424 innumeri

188 1455 460 1522 casperunt
475 1469 602 1509 esse
617 1453 832 1523 infesti,
852 1455 998 1510 adeo
1015 1460 1099 1524 ut,
1116 1457 1435 1512 multorum
1456 1458 1776 1513 lacerantes

187 1556 424 1612 corpora,
451 1543 695 1614 propria
718 1559 817 1599 eos
835 1547 1114 1615 cogerent
1135 1544 1398 1600 deserere
1427 1546 1772 1602 habitacula.

189 1628 327 1683 Unde
354 1633 720 1686 memoratus
755 1632 1043 1701 sacerdos,
1081 1633 1422 1689 adveniente
1460 1633 1776 1690 Dominicas

187 1717 526 1774 Ascensionis
546 1719 638 1775 die
667 1720 835 1789 festo,
855 1724 1168 1777 convocato
1188 1723 1404 1793 populo
1426 1722 1777 1795 praemonuit

188 1821 337 1877 agere
354 1807 699 1865 triduanum
711 1809 1025 1882 jejunium,
1045 1826 1111 1866 ac
1127 1810 1543 1882 omnipotentis
1558 1810 1661 1865 Dei
1680 1826 1774 1865 ex-
1806 1804 1858 1866 B

1877 573 2025 633 tuto,
2055 567 2325 624 convenit
2341 566 2530 623 omnis
2546 567 2790 638 populus
2803 566 2875 621 ad
2892 566 3191 623 ecclesiam
3208 585 3340 624 cum
3358 586 3497 642 gau-

1879 659 1973 714 dio
1996 658 2219 713 litanias
2235 672 2541 729 peragens,
2563 673 2694 712 cum
2716 656 2986 712 triduano
2997 657 3244 729 jejunio.
3277 657 3492 714 Exinde

1877 745 2300 817 pulcherrimus
2336 744 2396 800 in
2452 748 2651 800 sancta
2701 744 3008 801 universali
3062 745 3311 801 Ecclesia
3367 764 3494 802 mos

1878 834 2219 903 inolevit,ut,
2239 850 2470 906 quoquo
2499 838 2787 889 terrarum
2811 834 3016 890 Christi
3046 836 3189 890 ﬁdes
3218 836 3492 892 diffundi-

1877 926 1990 993 tur,
2010 940 2043 979 a
2060 924 2277 979 cunctis
2307 923 2573 978 ﬁdelibus
2594 923 2682 978 hae
2704 923 2920 979 litanias
2944 940 3076 979 cum
3112 924 3492 982 exsultatione

1876 1015 2252 1085 peragantur.

1949 1100 2374 1172 Porroinclytus
2387 1100 2824 1169 Clodoveus,rex
2838 1101 3214 1169 Francorum,
3230 1104 3415 1157 metas
3427 1102 3494 1157 si-

1877 1190 1935 1245 bi
1951 1189 2511 1261 attributiattingens
2523 1189 2646 1253 aevi,
2667 1190 2970 1245 defunctus
2984 1194 3087 1257 est,
3108 1208 3264 1246 anno
3288 1190 3490 1263 quinto

1877 1283 2183 1351 postquam
2209 1278 2498 1333 Alaricum
2528 1295 2730 1350 regem
2756 1279 3076 1334 Gothorum
3100 1279 3490 1346 interfecerat,

1878 1366 2019 1423 etin
2065 1365 2296 1422 basilica
2323 1366 2504 1422 sancti
2551 1367 2726 1435 Petri,
2756 1384 2931 1440 quam
2973 1368 3095 1439 ipse
3132 1372 3343 1439 rogatu
3375 1385 3492 1424 suae

1878 1454 2139 1526 coniugis
2166 1454 2565 1523 fabricaverat,
2583 1457 2838 1527 sepultus
2856 1459 2960 1511 est.
2992 1456 3273 1529 Regnavit
3293 1459 3493 1512 autem

1878 1542 2050 1597 annis
2077 1543 2539 1615 xxx,relinquens
2569 1547 2818 1617 quatuor
2833 1544 2979 1600 ﬁlios
3013 1544 3182 1616 regni
3208 1544 3490 1600 haeredes.

1877 1632 1925 1684 Α
1953 1631 2197 1686 transitu
2224 1648 2359 1686 vero
2386 1632 2567 1686 sancti
2593 1631 2822 1687 Martini
2851 1650 3027 1706 usque
3059 1633 3131 1688 ad
3178 1632 3493 1689 transitum

1878 1718 2052 1791 ipsius
2074 1719 2339 1777 Clodovei
2366 1720 2518 1793 regis
2552 1724 2968 1794 computantur
3000 1721 3140 1780 anni
3176 1737 3308 1778 cxu.

1478 1934 1715 2008 Explicit
1757 1933 1886 1992 liber
1915 1936 2147 2006 primus.

921 2120 1346 2210 INCIPIT
1417 2119 1763 2211 LIBER
1837 2120 2467 2223 SECUNDUS,

692 2332 916 2388 CAPUT
959 2332 1243 2388 PRIMUM.

182 2422 249 2475 De
286 2425 431 2492 regni
450 2420 802 2476 Francorum
824 2422 968 2476 inter
995 2421 1133 2490 ﬁlios
1163 2418 1417 2475 Clodovei
1451 2421 1768 2492 partitione.

239 2509 402 2581 Igitur
422 2513 684 2583 quatuor
708 2509 810 2565 ﬁlii
834 2508 1124 2577 Clodovei,
1138 2507 1549 2577 Theodoricus,
1564 2508 1769 2564 Clodo-

183 2598 354 2667 mirus,
383 2599 792 2655 Childebertus
819 2602 993 2671 atque
1024 2597 1324 2666 Clotarius,
1350 2613 1598 2669 regnum
1620 2597 1774 2652 inter

180 2705 228 2743 se
248 2705 401 2761 aequa
414 2690 589 2744 lance
611 2689 893 2745 dividunt.
920 2689 989 2744 Et
1003 2687 1391 2743 Theodoricus
1424 2687 1658 2760 quidem
1674 2704 1773 2743 se-

180 2776 289 2831 dem
310 2777 470 2849 regni
490 2776 735 2832 sortitus
748 2779 834 2832 est
851 2775 1030 2843 Metis,
1050 2774 1413 2830 Clodomirus
1426 2774 1769 2841 Aurelianis,

181 2864 432 2920 Clotarius
450 2865 802 2931 Suessionis,
835 2863 1234 2919 Childebertus
1264 2863 1530 2930 Parisius,
1574 2880 1687 2935 quo
1715 2866 1773 2918 et

180 2957 321 3023 pater
338 2971 570 3009 eorum.
593 2952 715 3017 Quo
734 2957 999 3025 tempore
1019 2950 1411 3007 sanctissimus
1431 2967 1580 3023 papa
1599 2952 1771 3006 Joan-

180 3056 282 3110 nes,
295 3043 387 3114 qui
397 3040 727 3097 Hormisdze
738 3043 1106 3107 successerat,
1122 3038 1687 3110 Constantinopolim
1700 3040 1773 3093 ad

182 3128 577 3200 imperatorem
592 3130 880 3186 Iustinum
899 3131 986 3183 est
1008 3126 1320 3200 profectus,
1354 3145 1388 3182 a
1413 3127 1770 3183 Theodorico

183 3216 471 3274 Gothorum
502 3236 645 3290 rege
676 3217 899 3273 missus.
923 3216 1175 3276 Justinus
1195 3231 1447 3287 namque
1464 3217 1772 3288 Augustus,

1794 2334 1851 2393 Α
1871 2329 2088 2386 musica
2104 2330 2175 2386 ab
2194 2348 2262 2386 eo
2281 2331 2641 2399 translata,et
2656 2331 2992 2387 Latinorum
3002 2332 3491 2404 jamdudumeam

1872 2418 2324 2475 desiderantium
2357 2421 2591 2475 auribus
2621 2420 3037 2477 delectabiliter
3066 2421 3274 2476 infusa.
3309 2423 3488 2476 Porro

1872 2508 2128 2579 ejusdem
2160 2509 2231 2564 de
2255 2512 2466 2564 sancta:
2493 2509 2783 2565 Trinitatis
2805 2510 3394 2566 consubstantialitate
3422 2510 3488 2565 li-

1871 2596 1975 2651 ber
2002 2597 2221 2669 liquido
2261 2598 2512 2654 ostendit
2536 2615 2711 2671 quam
2738 2599 3119 2667 eximiussuo,
3148 2600 3192 2655 si
3216 2600 3486 2667 licuisset,

1869 2689 2133 2759 tempore
2146 2689 2356 2743 sanctae
2378 2688 2627 2744 ecclesiae
2648 2690 2884 2745 colonus
2900 2689 3489 2746 exstitisset.Theodo-

1871 2774 2020 2830 ricus
2049 2778 2244 2830 autem
2278 2778 2396 2831 tam
2429 2777 2704 2831 immanis
2720 2778 2953 2834 sceleris
2997 2778 3195 2833 statim
3235 2778 3486 2850 pretium

1872 2862 1996 2917 luit.
2035 2864 2317 2935 Namque,
2341 2864 2725 2936 nonagesimo
2757 2869 2956 2921 octavo
2986 2869 3114 2937 post
3134 2867 3244 2921 hoc
3266 2866 3488 2922 facinus

1873 2950 1985 3018 die,
2017 2951 2204 3006 subita
2230 2956 2419 3007 morte
2449 2952 2751 3008 defunctus
2774 2953 3075 3025 indignam
3098 2954 3283 3008 vitam
3309 2954 3484 3026 digno

1873 3039 2026 3094 exitu
2056 3039 2258 3095 ﬁnivit.
2290 3040 2460 3111 Cujus
2484 3041 2744 3096 animam
2767 3041 3000 3114 quidem
3019 3041 3486 3115 solitarius,apud

1874 3126 2140 3199 Liparam
2163 3130 2688 3198 manensinsulam,
2718 3129 2876 3198 vidit,
2892 3129 3483 3185 intersanctissimum

1872 3232 2081 3287 papam
2119 3218 2403 3272 Joannem
2435 3222 2494 3272 et
2514 3218 2927 3290 Symmachum
2952 3234 3022 3272 ex
3050 3221 3283 3273 consule
3311 3219 3486 3275 dedu-

181 3321 294 3361 cum
311 3310 455 3363 esset
478 3309 569 3363 vir
592 3306 708 3361 ﬁde
728 3305 1061 3372 catholicus,
1085 3304 1384 3360 haereticos
1402 3305 1772 3378 impugnans,

182 3395 420 3451 ecclesias
449 3412 662 3453 eorum
688 3393 1026 3449 orthodoxis
1051 3392 1502 3461 condonaverat,
1534 3393 1774 3449 consilio

1872 3303 2113 3373 ctam,in
2128 3305 2360 3360 Vulcani
2374 3306 2634 3378 demergi
2647 3308 2918 3378 ollam,eo
2932 3307 3057 3362 loco
3072 3306 3483 3372 vicinam.Quas

1873 3392 2002 3448 ideo
2019 3392 2097 3448 sic
2111 3393 2339 3459 dicitur,
2364 3395 2519 3467 quod
2535 3374 3239 3467 inibi/manereﬁanquam
3254 3413 3484 3452 aeneum

183 3485 464 3539 memorati
520 3499 694 3556 papa:
743 3499 896 3538 usus.
949 3480 1315 3553 Quapropter
1367 3480 1774 3548 Theodoricus,
1874 3498 1990 3547 vas,
2022 3481 2300 3537 fervescat
2325 3484 2395 3538 ab
2427 3483 2582 3555 igne.
2607 3484 2724 3540 Hoc
2754 3483 2930 3540 modo
2959 3484 3129 3556 periit
3168 3485 3483 3540 Theodori-

181 3568 377 3627 Ariante
404 3573 659 3628 existens
686 3572 994 3639 haereseos,
1018 3586 1153 3631 eum
1185 3586 1317 3624 cum
1339 3569 1461 3625 aliis
1484 3568 1778 3624 catholicis
1876 3585 1992 3637 cus,
2023 3571 2200 3626 homo
2228 3571 2287 3625 in
2313 3571 2426 3626 suis
2456 3572 2630 3627 initiis
2659 3572 2916 3628 honestis
2935 3573 3159 3645 pollens
3200 3574 3480 3630 moribus.

182 3657 291 3712 viris
308 3660 376 3714 ad
406 3660 833 3732 imperatorem
864 3658 1093 3727 direxit,
1126 3657 1415 3712 mandans
1447 3658 1623 3730 quod,
1668 3652 1776 3711 nisi
1796 3652 1847 3711 B
1876 3658 2148 3713 Romanis
2177 3660 2393 3714 etenim
2429 3660 2699 3732 primitus
2723 3660 3034 3732 quotannis
3063 3662 3136 3716 ad
3166 3661 3482 3716 subsidium

179 3745 376 3803 Arianis
402 3747 673 3804 Ecclesiae
687 3747 1091 3814 redderentur,
1115 3749 1384 3801 cunctum
1398 3746 1771 3817 ltalieepopu-
1874 3746 2212 3802 conferebat
2235 3747 2405 3801 tritici
2432 3752 2668 3802 centum
2689 3748 2891 3819 viginti
2916 3749 3096 3803 millia
3122 3749 3481 3807 modiorum.

178 3835 280 3890 lum
306 3838 495 3909 gladio
526 3836 857 3911 percutiens
887 3835 1273 3908 extingueret.
1308 3835 1548 3890 Sanctus
1578 3837 1773 3890 autem
1875 3833 1980 3898 Qui
2007 3834 2241 3889 veniens
2272 3835 2359 3909 ad
2389 3838 2666 3903 extrema,
2690 3840 2752 3890 ut
2769 3853 2841 3890 ex
2871 3836 3261 3908 superioribus
3299 3840 3479 3909 patet,

180 3925 408 3995 antistes,
439 3931 506 3983 ut
535 3930 666 3983 erat
708 3925 1039 3997 languidus,
1078 3923 1188 3979 iter
1227 3923 1511 3996 arripiens
1541 3922 1770 3995 navigio
1872 3923 2075 3995 polluit
2099 3923 2310 3979 omnia.
2359 3924 2501 3978 Huic
2529 3925 2638 3979 fuit
2669 3924 2727 3978 in
2755 3925 3025 3996 conjugio
3061 3924 3266 3995 juncta
3318 3941 3487 3980 soror

181 4011 718 4088 Constantinopolim
759 4018 846 4070 est
878 4016 1125 4069 evectus.
1170 4011 1433 4067 Occurrit
1480 4014 1677 4067 autem
1718 3998 1771 4065 ei
1872 4010 2139 4067 Clodovei
2158 4013 2506 4068 Francorum
2528 4013 2954 4085 regis,nomine
2969 4013 3304 4068 Audelleda.
3339 4013 3481 4068 Suas

180 4098 433 4172 Augustus
442 4108 501 4160 et
516 4102 714 4159 omnis
723 4102 969 4157 civitatis
984 4103 1188 4167 clerus,
1203 4100 1493 4171 gaudente
1508 4099 1770 4172 principe

181 4193 457 4271 suscepisse
474 4210 537 4248 se
565 4192 625 4246 in
649 4190 809 4262 regia
836 4190 1065 4245 civitate
1089 4190 1422 4262 pontiﬁcem
1448 4188 1600 4243 sedis
1628 4205 1767 4259 apo-

180 4278 385 4335 stolicae.
417 4279 711 4336 Peroratis
741 4296 881 4351 ergo
921 4294 1027 4351 pro
1059 4277 1265 4350 quibus
1302 4277 1448 4332 ierat
1487 4281 1545 4331 et
1584 4277 1767 4349 impe-

181 4367 336 4435 tratis,
358 4369 464 4441 ipsi
482 4369 708 4423 Iustino
745 4370 1023 4439 Augusto,
1042 4369 1105 4421 ut
1132 4365 1374 4421 vicarius
1401 4365 1556 4420 beati
1587 4364 1764 4429 Petri,

183 4451 515 4525 imperialem
530 4457 608 4512 im
616 4456 1118 4528 posuitcorouam,
1134 4456 1455 4524 et,accepta
1465 4455 1763 4509 remeandi

181 4540 401 4613 licentia,
420 4562 681 4600 reversus
691 4548 777 4599 est
792 4545 1123 4599 Ravennam
1134 4584 1147 4596 .
1166 4542 1349 4606 Quem
1358 4541 1675 4597 Theodoric
1683 4560 1765 4610 us,

182 4645 239 4684 eo
250 4634 394 4704 quod
409 4635 679 4690 audierat
722 4650 857 4689 eum
876 4633 949 4688 ab
970 4635 1226 4703 Augusto
1249 4631 1563 4686 honoriﬁce
1580 4648 1766 4686 susce-

182 4720 344 4789 ptum,
361 4722 589 4777 diutina
606 4721 865 4777 custodia
883 4724 1263 4787 maceratum,
1270 4720 1350 4791 jej
1360 4719 1508 4774 uniis
1530 4735 1596 4774 ac
1607 4737 1771 4791 squa-

183 4818 283 4871 lore
295 4813 538 4868 carceris
552 4812 858 4879 afﬂictum,
883 4810 1151 4866 ultimum
1169 4810 1362 4883 coegit
1379 4810 1645 4865 exhalare
1663 4811 1772 4881 spi-

184 4895 355 4955 ritum.
378 4900 483 4966 Qui
498 4901 774 4957 deﬁciens
795 4899 1057 4955 animam
1079 4898 1303 4955 Christo
1327 4901 1549 4969 martyr
1578 4898 1770 4953 reddi-

1870 4117 2097 4173 quoque
2128 4118 2352 4156 sorores
2383 4104 2481 4157 aut
2528 4101 2673 4156 ﬁlias
2697 4101 3079 4156 Theodericus
3129 4100 3481 4173 principibus

1868 4186 2405 4260 circumpositarum
2424 4190 2740 4245 sociaverat
2751 4189 3077 4245 nationum.
3095 4190 3205 4244 Nec
3223 4191 3347 4243 erat
3365 4190 3481 4244 ulla

1867 4292 2011 4346 gens
2042 4276 2229 4332 vicina
2270 4279 2467 4346 Italia},
2511 4279 2675 4350 cujus
2721 4295 2819 4333 rex
2851 4279 2974 4349 ejus
3005 4280 3151 4332 esset
3183 4277 3481 4332 afﬁnitatis

1866 4367 2251 4438 expers.Nunc
2263 4370 2462 4440 coepta:
2477 4368 2742 4423 ordinem
2757 4383 3179 4439 prosequamur
3193 4365 3478 4421 Historiae.

2520 4458 2742 4511 CAPUT
2771 4459 2837 4510 Il.

1996 4543 2079 4597 De
2110 4544 2236 4599 bello
2257 4547 2393 4599 inter
2418 4547 2614 4615 fratres
2639 4545 2700 4600 ob
2730 4546 3032 4600 divisionem
3056 4546 3205 4615 regni
3230 4552 3366 4599 orto.

1937 4631 2123 4686 Diviso
2153 4633 2596 4704 quadrifariam,
2629 4636 2691 4689 ut
2721 4651 2893 4705 supra
2942 4632 3306 4706 prie-libatum
3365 4635 3472 4700 est,

1869 4737 2071 4792 regno,
2096 4720 2507 4794 aliquantisper
2548 4739 2709 4777 serva
2755 4722 3039 4777 bellorum
3091 4722 3356 4794 quievere
3384 4722 3474 4777 in-

1870 4807 2094 4865 cendia.
2126 4809 2269 4864 Daui
2298 4826 2454 4876 vero,
2487 4827 2630 4882 gens
2674 4808 3115 4883 inquietissima,
3149 4810 3476 4866 conscensis

1873 4896 2308 4968 quampluribus
2338 4898 2753 4964 navibus,ﬁnes
2780 4898 2943 4971 regni
2970 4898 3474 4973 Theodericiregis

185 4984 268 5041 dit.
287 4990 435 5046 Alios
454 5007 687 5062 quoque
718 4988 817 5062 qui
840 5004 975 5043 cum
1007 5004 1074 5043 eo
1120 4987 1369 5055 fuerant,
1398 4985 1613 5058 partim
1637 4986 1771 5058 igne
1794 5010 1840 5069 ρ
1872 4983 2113 5057 ingressi
2139 4986 2581 5059 depopulantur.
2602 4988 2812 5044 Contra
2839 5005 2981 5061 quos
3001 4988 3361 5061 supradictus
3377 5008 3477 5046 rex

185 5078 453 5146 cremavit,
481 5078 697 5151 partim
724 5076 890 5131 variis
918 5074 1105 5147 pomis
1126 5074 1428 5129 interfecit.
1455 5075 1610 5129 Inter
1629 5090 1773 5146 quos

187 5160 573 5232 Symmachum
604 5165 912 5238 patricium
943 5167 1002 5218 et
1029 5163 1294 5218 Boetium
1318 5164 1440 5235 ejus
1463 5179 1771 5235 generum,

189 5256 297 5319 post
322 5254 562 5309 carceris
601 5254 946 5321 custodiam,
984 5250 1177 5326 gladio
1204 5252 1393 5324 puniri
1419 5251 1606 5323 jussit.
1642 5251 1769 5321 Qui,

189 5337 425 5399 videlicet
446 5344 697 5413 Boetius,
718 5360 895 5417 quam
912 5341 1156 5398 disertus
1176 5341 1352 5396 fuerit
1371 5342 1430 5396 in
1455 5341 1657 5396 litteris
1674 5359 1773 5397 saa-

189 5428 768 5505 cularibus,quamque
780 5432 951 5486 fuerit
962 5432 1362 5498 catholicus,ex
1378 5430 1426 5500 ej
1438 5447 1775 5502 uscompro-

191 5510 338 5569 batur
369 5520 669 5577 codicibus.
691 5522 955 5575 Testatur
983 5521 1089 5575 hoc
1128 5519 1508 5586 arithmetica,
1544 5536 1772 5574 necnon

194 5598 487 5672 dialectica,
528 5607 646 5680 ipsa
688 5609 867 5665 etiam
911 5607 1174 5665 omnium
1206 5607 1414 5664 animis
1447 5607 1774 5679 gratissima

1871 5074 2057 5130 ﬁlium
2088 5093 2252 5130 suum
2283 5075 2746 5131 Theodebertum
2779 5094 2910 5132 cum
2938 5077 3191 5134 exercitu
3247 5079 3373 5135 illas
3403 5080 3479 5134 ad

1872 5165 2064 5234 partes
2120 5163 2342 5219 direxit.
2376 5163 2503 5231 Qui,
2561 5164 2775 5236 fugatis
2817 5166 3077 5223 hostibus
3123 5167 3475 5241 captivisque

1873 5251 2103 5324 ereptis,
2132 5251 2312 5307 victor
2335 5269 2595 5309 reversus
2625 5257 2729 5309 est.

2500 5344 2721 5399 CAPUT
2748 5345 2838 5398 III.

2232 5431 2314 5486 De
2345 5429 2587 5487 Clotildis
2617 5434 2687 5487 ad
2709 5452 2853 5505 reges
2873 5438 3135 5490 oratione.

1941 5519 2501 5595 Theodoricoilaque
2523 5540 2659 5593 rege
2700 5524 2969 5579 hostilem
3020 5524 3307 5580 incursum
3355 5541 3484 5598 pro-
3596 5526 3599 5527 ⁷

1875 5608 2161 5681 pulsante,
2192 5609 2444 5667 Clotildis
2474 5612 2677 5685 regina
2697 5613 2950 5687 reliquos
3002 5614 3168 5685 ﬁlios,
3194 5611 3484 5670 Clodomi-
