3940 6166
478 366 588 425 663

1584 358 1852 420 ΑΙΜΟΙΝΙ
1874 356 2100 421 ΜΟΝΑ(

2208 358 2711 425 FLORIACENSIS
3623 376 3705 435 tu

484 508 617 551 rum
638 494 809 567 atque
821 489 1272 560 Childebertum,
1297 504 1525 548 necnon
1555 487 1892 558 Clotarium,
1920 488 2166 553 advo-A
2194 496 2350 564 fugae
2385 494 2653 566 praesidio
2696 512 2757 554 se
2799 494 3162 553 commitunt.
3210 495 3565 570 Sigismundus
3608 517 3711 557 vero

486 599 642 651 cans,
673 583 780 638 hac
809 598 906 638 eos
937 580 1199 637 oratione
1228 579 1539 653 alloquitur
1571 595 1584 634 :
1620 598 1652 631 α
1686 578 2087 650 Omnipotens,

484 673 693 747 inquit,
724 672 897 728 totius
926 671 1193 728 conditor
1222 688 1288 727 ac
1340 673 1531 726 rector
1574 669 1750 737 orbis,
1794 671 1963 735 Deus,
1996 685 2093 740 pa-

484 762 637 818 terni
662 779 757 818 vos
784 762 914 817 ideo
926 762 1104 818 voluit
1120 760 1514 817 esseheeredes
1536 759 1702 830 regni
1718 760 1782 813 ut
1811 761 2092 814 maternae

482 868 583 907 vos
602 853 979 907 constitueret
1008 852 1257 907 vindices
1278 850 1525 921 injuriae.
1548 848 1929 921 Quapropter,
1959 848 2096 904 dile-

483 940 721 996 ctissimi
750 941 873 1009 ﬁlii,
906 940 1153 996 feliciter
1178 938 1574 1007 nati,felicitur
1605 936 1850 1004 educati,
1870 937 1913 991 si
1946 938 2095 992 bene

484 1029 625 1102 quid
655 1030 727 1084 de
739 1030 899 1085 vobis
909 1028 1227 1102 promerui,
1248 1025 2095 1098 ulcisciminiqumso,injustam

483 1118 666 1191 patris
693 1118 1007 1191 matrisque
1037 1133 1185 1173 meae
1215 1115 1678 1171 infandissimam
1710 1132 1934 1171 necem.
1957 1116 2098 1171 Gau-

485 1206 679 1274 deam,
703 1207 966 1280 inquam,
996 1207 1102 1261 hos
1130 1223 1225 1260 me
1262 1204 1544 1260 enutrisse
1588 1204 1837 1260 materni
1866 1221 2096 1260 exsecu-

484 1298 642 1351 tores
653 1295 1145 1367 doloris,quorum
1164 1292 1479 1365 ingemisco
1494 1292 1710 1364 perisse
1728 1310 1883 1361 avos,
1900 1293 2098 1365 magni

485 1383 532 1438 si
554 1383 888 1439 adviverent
918 1385 1181 1437 auctores
1203 1381 1460 1437 honoris.
1482 1382 1674 1454 Neque
1698 1382 1920 1437 etenim
1937 1382 2099 1454 parvi

487 1472 799 1542 pendenda
815 1470 1070 1526 cstvobis
1083 1486 1253 1525 causa
1271 1486 1535 1524 mearum
1565 1473 1954 1541 querelarum,
1980 1470 2101 1543 qui-

486 1561 593 1616 bus
604 1559 847 1632 contigit
866 1563 1159 1615 tantorum
1182 1576 1376 1614 carere
1399 1559 1732 1630 patrociniis
1744 1560 2099 1633 propinquo-

484 1666 791 1722 rum,quos
810 1648 969 1703 vobis
995 1647 1455 1703 abstulitinimici
1475 1649 1640 1702 atrox
1668 1647 1900 1714 invidia,
1920 1648 2101 1721 prius-

488 1754 664 1810 quam
705 1737 876 1808 hujus
922 1736 1054 1791 vita:
1100 1734 1472 1808 perciperetis
1511 1736 1918 1792 oblectamina.
1954 1736 2101 1801 Quid

2198 597 2331 636 cum
2348 585 2591 640 tutelam
2603 588 2933 641 sanctorum
2951 587 3363 658 Agaunensium
3375 591 3644 659 martyrum
3654 590 3714 645 ci-

2194 673 2314 726 tato
2333 676 2625 744 expeteret
2644 692 2834 743 cursu,
2852 694 2885 731 a
2908 676 3253 739 Clodomiro,
3267 677 3575 731 Francorum
3592 694 3715 749 rege,

2195 760 2292 830 qui
2333 777 2465 815 eum
2506 764 2981 835 persequebatur,
3023 767 3221 835 captus
3263 767 3419 835 atque
3463 766 3720 820 Aurelianis

2198 848 2524 920 perductus,
2570 852 2785 907 carceri
2838 855 2924 908 est
2976 852 3346 925 mancipatus.
3390 852 3528 906 Tunc
3568 853 3722 907 beatus

2195 937 2408 1001 Avitus,
2440 939 2537 1010 qui
2573 940 2635 995 in
2669 942 2957 997 territorio
2978 942 3231 1012 ejusdem
3263 940 3409 995 urbis
3425 941 3611 995 abbatis
3624 941 3724 995 fun-

2198 1031 2448 1093 gebatur
2480 1030 2692 1097 ofﬁcio,
2725 1047 2932 1103 rogare
2976 1029 3359 1085 Clodomirum
3384 1030 3534 1100 coepit
3554 1046 3614 1084 ne
3635 1035 3725 1085 tam

2199 1119 2532 1176 excellentis
2579 1119 2899 1175 nobilitatis
2922 1119 3274 1191 insignisque
3304 1118 3548 1173 bonitatis
3583 1118 3726 1172 virum

2200 1208 2327 1263 neci
2355 1208 2636 1262 traderet.
2670 1207 2836 1273 Quod
2858 1209 2950 1263 ille
2981 1207 3179 1263 audire
3210 1208 3527 1271 detrectans,
3555 1223 3663 1260 eum
3685 1206 3727 1259 in

2201 1297 2353 1363 villa,
2384 1296 2474 1350 cui
2504 1296 2847 1367 Calumpnia
2866 1312 3082 1351 nomen
3103 1298 3206 1363 est,
3236 1294 3545 1369 perduci,ac
3562 1293 3730 1348 ibidem

2200 1402 2332 1441 cum
2358 1384 2487 1439 ﬁliis
2509 1384 2695 1455 capite
2722 1400 2932 1439 caesum
2958 1384 3012 1439 in
3041 1387 3281 1455 puteum
3304 1382 3489 1457 projici
3504 1382 3657 1453 jussit.
3675 1382 3733 1435 De

2200 1492 2315 1548 quo
2338 1474 2712 1545 postmodum
2739 1474 2994 1528 sublatus
3008 1477 3181 1545 atque
3198 1473 3268 1528 ad
3283 1472 3550 1528 basilicam
3565 1473 3736 1525 sancto.

2198 1581 2331 1620 rum
2361 1564 2793 1636 Agaunensium
2822 1564 3088 1618 devectus
3107 1567 3439 1637 martyrum,
3460 1577 3575 1616 cum
3602 1559 3737 1631 digno

2203 1656 2289 1707 est
2317 1652 2539 1707 honore
2571 1653 2844 1723 sepultus.

2274 1739 2456 1804 Quem
2476 1744 2806 1795 sanctorum
2821 1741 3064 1813 collegio
3083 1741 3366 1795 Christum
3382 1737 3657 1793 Dominum
3668 1753 3741 1789 an-

487 1843 621 1881 vero
641 1825 762 1898 spei
780 1824 851 1879 sit
879 1824 1168 1897 reliquum
1200 1824 1664 1881 animadvertite.
1690 1813 1960 1896 Nunquid
1976 1841 2101 1896 par—
2127 1817 2180 1879 B
2203 1845 2557 1893 numerasse,
2579 1829 2708 1884 ideo
2724 1847 2840 1883 non
2855 1830 3196 1900 ambiguum
3213 1829 3449 1883 habetur
3460 1826 3593 1898 quod
3607 1823 3744 1878 febri-

483 1913 919 1987 citurosputatis
949 1913 1256 1984 nepotibus
1284 1913 1383 1985 qui
1414 1930 1532 1969 non
1564 1918 1951 1985 perpecerunt
1980 1914 2096 1969 fra-

485 2004 669 2058 tribus
688 2002 716 2057 ?
731 2004 798 2056 Et
812 2004 967 2057 certe
989 2001 1117 2056 illos
1132 2018 1308 2072 parva
1338 2018 1443 2073 pro
1471 2007 1632 2075 parte
1662 2002 1827 2073 regni
1850 2019 1881 2057 e
1904 2002 2096 2058 medio

485 2092 838 2148 sustulerunt
864 2088 1194 2145 hominum.
1228 2091 1402 2145 Vobis
1423 2094 1618 2145 autem
1668 2090 1930 2145 mitiores
1970 2091 2098 2145 fore

482 2178 745 2246 censetis,
772 2178 977 2251 quibus
1022 2178 1226 2233 ablatis
1258 2195 1609 2249 magnorum
1641 2178 1815 2233 inerit
1849 2194 1978 2250 spes
2012 2195 2099 2233 re-

484 2268 777 2339 gnorum?
800 2268 1062 2336 Namque
1093 2265 1139 2323 si
1167 2282 1269 2320 vos
1292 2266 1516 2336 justam
1539 2282 1657 2321 non
1680 2267 1985 2337 exegeritis
2014 2270 2101 2323 ul-

483 2355 732 2422 tionem,
757 2352 864 2426 ipsi
893 2352 1052 2408 vobis
1079 2352 1389 2409 infaustam
1422 2353 1673 2408 inferent
1692 2371 1914 2411 necem.
1935 2356 2099 2421 Quod

487 2443 532 2498 si
563 2441 934 2497 miseratione
971 2457 1087 2497 non
1128 2441 1443 2495 movemini
1488 2445 1875 2509 mortuorum,
1904 2442 2101 2497 anxios

487 2531 693 2587 saltem
727 2544 996 2585 meorum
1026 2528 1511 2601 contemplamini
1541 2529 1775 2584 affectus
1793 2529 2098 2598 viscerum,

486 2618 584 2693 qui
611 2618 849 2686 fuerint,
884 2616 1021 2672 dum
1049 2618 1274 2690 patrem
1314 2616 1529 2689 gladio,
1555 2620 1804 2673 matrem
1849 2618 2102 2675 ﬂuminis

483 2706 903 2773 submersione,
930 2722 1191 2761 sororem
1236 2705 1415 2761 exsilii
1454 2706 1809 2778 relegatione
1836 2706 2103 2762 damnari

384 2853 389 2859 ,
429 2835 465 2849 ..
487 2795 777 2868 conspexi.
808 2815 836 2845 »
869 2793 977 2849 His
1000 2794 1101 2849 ﬁlii
1116 2794 1220 2867 piis
1242 2797 1523 2850 materna:
1556 2797 1804 2867 querela:
1822 2796 2103 2851 commoti

490 2885 807 2951 affectibus;
841 2884 1157 2939 exercitum
1192 2884 1545 2939 Francorum
1571 2884 1931 2956 pervalidum
1964 2901 2101 2940 con-

485 2977 819 3049 gregantes,
866 2972 1260 3045 Burgundiam
1292 2975 1496 3028 contra
1550 2972 1986 3045 Sigismundum
2045 2976 2102 3029 et

486 3064 862 3161 Godmarum,
896 3060 1042 3117 ﬁlios
1070 3061 1431 3117 Gundebaldi
1460 3061 1635 3135 regis,
1673 3063 1984 3134 pugnaturi
2012 3062 2100 3118 in-
2130 3100 2179 3161 ο

488 3152 857 3227 grediuntur.

1137 3239 1360 3295 CAPUT
1389 3239 1475 3294 IV.

561 3331 643 3387 De
679 3329 1019 3402 Sigismundi
1063 3331 1119 3383 in
1138 3328 1453 3398 aediﬁcanda
1481 3328 1591 3383 aede
1617 3335 1921 3383 sanctorum
1957 3347 2104 3383 mar-

713 3428 899 3490 tyrum
928 3426 1112 3475 sancta
1142 3419 1543 3490 magniﬁcentia
1568 3425 1618 3473 et
1646 3420 1890 3474 victoria.

558 3508 716 3563 Tunc
733 3508 1013 3582 temporis
1036 3508 1440 3580 Sigismundus
1460 3507 1754 3563 basilicam
1772 3510 2105 3563 sanctorum

490 3597 739 3653 Mauricii
751 3596 1156 3669 sociorumque
1172 3596 1294 3667 ejus
1306 3596 1531 3668 magnis
1546 3596 1873 3652 exstruebat
1887 3597 2108 3668 impen-

492 3686 587 3747 sis.
627 3685 681 3740 in
737 3687 863 3742 loco
919 3688 1250 3758 nuncupata
1292 3686 1558 3757 Agauno.
1623 3686 1783 3741 Circa
1833 3686 2106 3741 eumdem

392 3800 409 3810 -
495 3775 712 3849 quippe
737 3776 928 3830 locum
959 3774 1509 3845 magnanimitatem
1539 3774 1920 3830 sumostendit
1944 3775 2109 3830 devo-

493 3857 690 3931 tionis,
724 3863 863 3919 dum
899 3867 1048 3919 esset
1076 3862 1160 3918 vir
1191 3862 1426 3934 optimae
1454 3863 1665 3919 mentis
1694 3867 1750 3919 et
1779 3868 2105 3920 sanctarum

492 3952 876 4026 locupletator
920 3952 1313 4008 ecclesiarum.
1360 3953 1504 4007 Nam
1535 3956 1594 4007 et
1616 3954 1967 4027 prmdiorum
2025 3953 2105 4009 illi

492 4044 620 4099 loco
651 4042 894 4098 contulit
923 4042 1174 4114 copiam,
1206 4044 1263 4096 et
1288 4042 1630 4097 clericorum
1655 4043 1923 4097 ordinem
1954 4044 2104 4114 psal~

494 4132 741 4189 lentium
757 4130 1351 4197 constituens,sanctm
1363 4129 1661 4202 religionis
1676 4134 1959 4202 martyres
1976 4147 2105 4203 pro-

495 4223 665 4296 pitios
686 4222 791 4277 sibi
814 4221 1066 4277 adscivit.
1098 4221 1437 4277 Meminerat
1466 4221 1705 4289 etenim,
1732 4238 1811 4290 se,
1841 4221 2104 4295 conjugis

497 4309 962 4383 persuasionibus
992 4310 1323 4381 deceptum,
1354 4310 1585 4365 unicum
1604 4310 1862 4366 amisisse
1893 4310 2098 4366 ﬁlium.

2200 1917 2447 1972 citantes
2472 1917 2705 1989 quique,
2732 1918 2776 1971 si
2802 1934 2906 1990 pro
2937 1918 3198 1972 remedio
3238 1916 3439 1970 animos
3464 1914 3615 1987 ipsius
3631 1913 3743 1966 salu-

2199 2010 2323 2061 tare
2355 2005 2601 2061 fideliter
2627 2007 2832 2061 offerre
2855 2006 3120 2061 fecerunt
3154 2004 3505 2069 sacriﬁcium,
3525 2001 3745 2057 continuo

2200 2096 2272 2150 ab
2298 2094 2653 2149 inﬁrmitatis
2678 2111 2794 2150 suae
2821 2095 3144 2150 liberantur
3174 2092 3554 2148 incommodo.
3582 2092 3748 2144 Auctor

2198 2198 2331 2238 vero
2364 2183 2517 2237 necis
2547 2184 2669 2253 ejus
2700 2200 2818 2237 non
2850 2183 2947 2238 diu
2975 2184 3203 2237 laetatus
3232 2185 3317 2237 est
3366 2181 3423 2235 in
3472 2180 3572 2233 hoc
3613 2178 3746 2232 facto.

2200 2272 2365 2338 Nam,
2398 2271 2657 2343 sequenti
2690 2288 2869 2340 anno,
2914 2271 3069 2325 idem
3099 2269 3484 2338 Clodomirus,
3510 2268 3748 2321 commoto

2201 2359 2471 2427 exercitu,
2487 2363 2677 2432 partes
2689 2359 3035 2432 Burgundiae
3048 2359 3443 2414 devastaturus
3453 2353 3750 2428 aggreditur,

2204 2448 2303 2503 Cui
2334 2448 2578 2503 occurrit
2595 2449 2772 2503 frater
2788 2448 2942 2520 regis
2964 2447 3243 2515 defuncti,
3260 2463 3347 2513 ac,
3376 2445 3621 2499 fraternas
3637 2439 3755 2495 necis

2204 2535 2400 2590 avidus
2429 2536 2657 2604 vindex,
2680 2553 2939 2609 pugnam
2962 2553 3097 2591 cum
3119 2553 3188 2591 eo
3240 2551 3353 2591 non
3373 2531 3631 2588 dubitavit
3647 2545 3755 2582 con-

2203 2623 2374 2679 ferre.
2399 2625 2512 2680 Sed
2531 2626 2992 2696 Burgundiones,
3018 2642 3184 2680 more
3209 2623 3315 2679 sibi
3330 2622 3513 2689 solito,
3531 2615 3759 2675 animosi-

2201 2716 2383 2767 tatem
2414 2714 2765 2768 Francorum
2798 2730 2916 2768 non
2950 2714 3328 2786 perferentes,
3360 2710 3606 2765 hostibus
3631 2709 3759 2775 terga

2203 2802 2516 2857 nudarunt.
2550 2802 2666 2856 Rex
2698 2818 2832 2857 vero
2862 2801 3247 2867 Clodomirus,
3280 2800 3513 2870 juventa
3540 2793 3760 2855 alacrior,

2204 2890 2381 2945 armis
2394 2890 2734 2957 munitus,et
2747 2890 2868 2963 ipso
2883 2889 3185 2961 praesentis
3196 2886 3522 2944 certaminis
3536 2896 3761 2958 prospero

2203 2994 2459 3033 successu
2486 2978 2794 3046 animatus,
2825 2979 2963 3033 dum
2991 2977 3263 3033 audacius
3291 2992 3462 3048 quam
3481 2973 3657 3029 debuit
3681 2971 3764 3023 ho-

2205 3070 2320 3122 stes
2346 3067 2684 3139 iusequitur,
2715 3067 3056 3137 pernicitate
3088 3066 3225 3138 equi
3273 3066 3361 3120 cui
3392 3063 3659 3119 insederat
3694 3073 3765 3109 ve-

2204 3159 2346 3223 ctus,
2401 3173 2613 3227 agmen
2662 3155 2990 3223 inimicum,
3049 3156 3135 3209 sui
3186 3154 3433 3209 nimium
3492 3150 3765 3220 negligens.

2205 3244 2527 3299 antecessit.
2562 3244 2743 3309 Quem
2790 3244 2935 3298 illia
2978 3244 3093 3298 suis
3143 3244 3460 3308 desertum,
3501 3256 3533 3293 a
3572 3255 3625 3292 se
3667 3249 3769 3288 vero

2204 3332 2660 3387 circumventum
2692 3332 3030 3403 conspicati,
3055 3331 3187 3385 telis
3228 3330 3453 3385 eminus
3483 3340 3668 3397 urgere
3684 3338 3769 3375 co:-

2204 3426 2434 3496 perunt.
2485 3422 2620 3477 Sola
2675 3421 2894 3475 etenim
2944 3420 3165 3491 species
3215 3420 3320 3474 viri
3370 3421 3426 3473 et
3471 3414 3628 3471 nimis
3652 3414 3771 3467 noue

2208 3517 2378 3585 atque
2392 3512 2593 3567 alacris
2611 3509 2968 3566 fortitudinis
2981 3508 3169 3582 gloria
3186 3507 3555 3582 perturbabat
3568 3504 3770 3562 hostem,

2208 3619 2282 3657 ne
2309 3603 2435 3673 quis
2460 3599 2726 3672 proprius
2756 3598 3027 3652 feriturus
3058 3598 3305 3653 auderet
3350 3594 3625 3650 accedere.
3671 3586 3773 3652 Qui,

2208 3690 2305 3745 ubi
2325 3689 2627 3744 hostilibus
2648 3703 2707 3742 se
2724 3686 3147 3741 circumdatum
3168 3685 3368 3740 cuneis
3387 3682 3541 3748 vidit,
3566 3680 3773 3734 nullum-

2209 3796 2319 3852 que
2350 3779 2547 3833 adesse
2575 3792 2834 3842 suorum,
2869 3776 2928 3829 in
2957 3774 3165 3829 virtute
3194 3776 3317 3829 sola
3372 3769 3671 3826 remedium
3694 3779 3773 3852 po-

2209 3851 2355 3922 nens
2386 3866 2600 3932 salutis,
2643 3863 2926 3919 convertit
2965 3879 3183 3935 equum
3220 3878 3457 3934 seseque
3495 3855 3701 3926 collegit
3730 3851 3774 3904 in

2207 3973 2390 4011 arma.
2422 3954 2683 4009 [Estuare
2708 3956 2907 4007 tamen
2939 3950 3360 4022 magnanimus
3386 3946 3548 4019 coepit
3567 3939 3775 4017 juvenis.

2205 4048 2399 4117 atque,
2445 4044 2696 4097 incertus
2739 4040 2944 4107 animi,
2999 4040 3271 4110 ingentia
3316 4041 3543 4111 pectore
3587 4043 3776 4086 versare

2205 4132 2461 4187 consilia.
2482 4130 2797 4186 Obviamne
2820 4129 3097 4193 eundum,
3120 4144 3195 4181 an
3213 4127 3475 4182 hostibus
3496 4118 3775 4178 cedendum

2203 4222 2371 4287 foret,
2413 4218 2745 4291 aliquandiu
2783 4215 3139 4272 deliberavit.
3200 4215 3463 4271 Tandem
3506 4204 3776 4281 aliquando

2202 4310 2421 4365 invenit
2453 4308 2677 4363 ratione
2706 4306 2878 4373 viam,
2909 4305 3153 4375 vicitque
3180 4306 3441 4359 mentem
3473 4298 3671 4372 pudor;
3704 4293 3775 4345 in-

496 4398 703 4468 Quem,
723 4397 862 4452 dum
890 4398 986 4452 illa
1003 4396 1136 4453 odio
1168 4398 1531 4471 persequitur
1560 4399 1865 4467 novercali,
1894 4400 1950 4454 in
1976 4404 2103 4454 tan-
2128 4389 2182 4449 D
2203 4402 2403 4471 terque
2445 4396 2897 4451 confertissimos
2944 4392 3165 4448 adversi
3201 4391 3452 4464 agnimis
3496 4388 3635 4442 viros
3676 4393 3780 4452 prO'

496 4490 620 4541 tum
638 4502 873 4541 exosum
892 4486 1112 4541 fecerat
1129 4486 2108 4560 patri,utfellecommotusjuberet
2205 4503 2399 4555 ruens,
2431 4486 2584 4540 ferro
2611 4486 2722 4539 iter
2770 4483 2993 4556 aperire
3038 4485 3303 4547 conatus,
3351 4492 3521 4552 quem
3562 4483 3777 4546 primum

495 4592 627 4630 eum
653 4574 845 4647 puniri
876 4574 1219 4647 gladio.Nec
1245 4576 1427 4630 multo
1458 4580 1588 4646 post
1616 4576 1748 4631 facti
1771 4576 2112 4650 paenitentia
2210 4576 2437 4630 obviam
2474 4573 2672 4629 habuit
2700 4589 2849 4645 equo
2881 4570 3106 4642 dejecit.
3143 4569 3572 4623 Circumvcntus
3596 4564 3777 4650 autem,

495 4663 723 4731 ductus,
748 4680 940 4718 secum
957 4662 1075 4734 ipse
1100 4666 1373 4735 reputans
1385 4664 1521 4735 quid
1544 4665 1771 4720 sceleris
1792 4666 2110 4735 admiserit,

494 4754 567 4807 ad
592 4753 852 4825 sepulcra
895 4755 1231 4806 sanctorum
1282 4768 1584 4806 recurrens
1624 4770 1774 4825 saepe
1831 4754 2108 4826 humique

495 4844 834 4915 prostratus,
864 4857 961 4895 eos
990 4855 1129 4911 erga
1152 4856 1209 4894 se
1230 4840 1678 4895 clementissime
1710 4842 1835 4897 fore
1883 4842 2106 4913 efflagi-

490 4935 641 5002 tans,
654 4929 899 5002 rogabat
913 4932 995 4995 ut,
1011 4928 1053 4981 si
1074 4926 1214 5000 quid
1238 4928 1429 4983 minus
1449 4929 1768 5000 perfectum
1785 4930 2105 5003 divinmque

489 5018 780 5090 majestati
813 5018 1116 5073 adversum
1152 5016 1210 5070 in
1248 5016 1363 5071 suis
1397 5017 1746 5089 reperiretur
1776 5020 2015 5078 actibus.
2047 5020 2105 5076 id

2212 4664 2486 4718 confossis
2539 4663 2813 4717 lateribus
2870 4661 2999 4715 vitae
3056 4658 3380 4713 terminum
3432 4652 3648 4709 sortitus
3693 4649 3778 4700 est.

2211 4752 2463 4824 Impiger
2482 4769 2618 4807 sane
2636 4750 2863 4821 juvenis
2889 4752 3135 4802 etmanu
3158 4749 3485 4817 promptus,
3509 4740 3601 4796 sed
3621 4732 3779 4792 consi-

2206 4840 2283 4896 lio
2349 4858 2555 4913 parum
2613 4838 2923 4911 providus;
2979 4835 3073 4907 qui
3127 4835 3185 4888 in
3240 4832 3505 4888 secundis
3554 4837 3780 4913 amorem

2206 4909 2475 5001 posuerat
2500 4909 2647 4983 vitai.
2683 4926 2810 4980 Fuit
2835 4929 3030 4979 tamen
3057 4926 3366 4989 materme,
3390 4937 3492 4993 pro
3519 4930 3688 4990 posse,
3717 4909 3782 4963 ul-

2205 5023 2298 5073 tor
2325 5017 2571 5087 injuriaa.
2606 5017 2784 5069 Porro
2818 5012 3039 5078 Franci,
3059 5010 3212 5081 regis
3233 5010 3473 5065 interitu
3494 5003 3779 5075 comperto.

2205 5123 2344 5174 non,
2377 5109 2437 5161 ut
2470 5105 2734 5161 nationes
2785 5106 3030 5169 cmterae,
3090 5099 3413 5153 subsidium
3465 5088 3782 5167 qutesierunt

2202 5197 2376 5267 fugin,
2408 5195 2528 5261 sed,
2554 5194 2640 5249 ira
2668 5192 2945 5254 fervente,
2986 5187 3427 5259 Burgundiones
3456 5177 3781 5270 insccuticie:

2203 5286 2347 5340 dunt
2377 5285 2863 5357 prosternuntque
2896 5278 3166 5351 graviter.
3200 5276 3612 5343 Devastataque
3641 5277 3778 5358 omni

2204 5373 2522 5439 Provincia,
2556 5371 2814 5426 nativum
2848 5368 3120 5438 repetunt
3138 5365 3350 5419 solum.
3378 5364 3630 5432 Regnum
3654 5366 3780 5421 regis

2204 5462 2488 5517 interfecti
2515 5476 2645 5514 cum
2669 5459 2790 5528 ejus
2817 5453 3337 5517 uxore,Gundeuca
3360 5442 3780 5509 nominc,fratcr

2203 5551 2484 5608 (llotarius
2512 5548 2747 5619 accepit.
2779 5546 2947 5599 Filios
2981 5558 3114 5597 vero
3163 5541 3305 5611 ejus,
3349 5539 3429 5592 Th
3444 5531 3776 5619 3odoaldunl,

2200 5640 2540 5696 (luntariuin
2573 5616 2743 5709 atque
2779 5632 3181 5697 Clodoaldum,
3214 5628 3336 5684 avia
3378 5640 3574 5679 eorum
3605 5616 3776 5675 Clotil-

488 5124 695 5164 eorum
726 5108 1251 5176 interventujustus
1268 5105 1444 5160 Judex
1468 5106 1527 5160 in
1553 5105 1662 5160 hoc
1686 5109 1892 5163 saeculo
1918 5108 2104 5181 potius

486 5213 662 5269 quam
696 5196 753 5251 in
773 5195 966 5250 futuro
990 5192 1220 5264 puniret
1240 5193 1526 5249 examine.
1557 5194 1738 5258 Quam
1759 5198 2103 5267 petitionem

484 5286 558 5341 ad
578 5284 847 5340 effectum
863 5284 1026 5355 juxta
1037 5286 1233 5337 votum
1252 5282 1572 5353 pervenisse
1592 5288 1835 5340 constat.
1851 5288 2104 5343 Audiens

483 5374 698 5448 quippe
726 5373 1041 5428 exercitum
1084 5370 1358 5425 advenire
1392 5370 1768 5438 Francorum,
1798 5374 2026 5431 instruit
2046 5381 2103 5432 ει

482 5466 604 5537 ipse
624 5464 919 5536 copiosam
951 5476 1187 5516 suorum
1217 5476 1483 5526 manum,
1512 5462 1685 5532 atque
1713 5462 1978 5520 adversus
2004 5484 2104 5521 eos

480 5556 839 5626 pugnaturus
857 5550 1036 5606 aciem
1053 5548 1698 5621 dirigit.Congressione
1716 5549 1906 5624 itaque
1926 5554 2097 5623 facta,

480 5641 713 5719 Francis
760 5641 968 5697 acriter
1017 5637 1435 5713 prteliantibus,
1485 5635 1616 5694 victi
1674 5639 2101 5713 Burgundiores
