3862 6172
230 393 321 451 065

227 510 300 568 dis
316 513 585 569 materno
617 509 864 585 suscepit
891 509 1231 567 nutriendos
1256 510 1488 568 affectu.

828 601 1053 656 CAPUT
1106 602 1172 654 νο

614 690 699 745 De
729 690 1039 745 Justiniano
1092 699 1141 744 et
1166 691 1434 746 Belisario

275 780 363 834 His
392 779 530 851 ipsis
547 780 704 849 apud
732 779 1301 850 Constantinopolim
1335 780 1554 846 diebus,
1608 780 1827 835 Justino

224 868 483 924 humanis
516 868 687 921 rebus
706 867 1363 938 exempto,Justinianus
1394 868 1443 922 ei
1473 867 1739 922 successit
1767 867 1826 922 in

222 973 410 1029 regno.
439 958 493 1010 Is
512 960 707 1011 autem
728 956 1099 1023 Justinianus,
1135 956 1273 1011 dum
1306 960 1451 1011 esset
1472 957 1829 1028 temporibus

226 1046 528 1101 memorati
573 1044 774 1100 Justini
805 1047 947 1099 sacri
979 1045 1173 1098 scrinii
1206 1044 1627 1116 praepositus,et
1674 1043 1817 1098 Beli-

220 1137 389 1190 sarius
417 1134 684 1207 equitum
740 1134 1066 1203 praefectus,
1112 1136 1288 1188 mutu:
1344 1133 1449 1187 sibi
1500 1132 1825 1187 adinvicem

220 1223 438 1277 dextras
461 1221 747 1275 dederant
768 1220 1060 1275 amicitia».
1097 1221 1163 1274 Hi
1183 1220 1563 1290 jurisjurandi
1595 1237 1654 1275 se
1680 1219 1827 1275 obli-

216 1314 485 1383 gaveraut
513 1310 647 1377 ﬁde,
674 1332 702 1358 ‹‹
729 1312 809 1373 ut,
842 1308 886 1363 si
912 1309 1154 1381 quilibet
1195 1326 1397 1363 eorum
1444 1308 1663 1364 altioris
1689 1325 1820 1381 gra-

216 1399 310 1454 dus
337 1400 635 1471 potiretur
661 1399 905 1464 honore,
938 1398 1155 1452 socium
1184 1397 1291 1452 sibi
1343 1402 1599 1471 aequaret
1630 1399 1824 1470 digni-

213 1492 340 1542 tate.
374 1509 406 1538 ››
439 1486 707 1552 Quadam
738 1487 930 1558 itaque
956 1487 1217 1554 die,cum
1255 1487 1504 1558 coaequis
1530 1488 1632 1542 sibi
1659 1489 1825 1559 lupa-

211 1593 309 1630 nar
333 1576 581 1646 ingressi
613 1575 974 1645 conspiciunt
1026 1575 1166 1629 duas
1194 1575 1636 1630 mulierculasex
1650 1576 1827 1646 gente

210 1667 587 1730 Amazonum,
618 1666 771 1718 sorte
825 1662 1167 1734 captivitatis
1198 1663 1492 1730 abductas,
1526 1663 1669 1717 inibi
1700 1680 1821 1718 esse

212 1753 565 1824 prostitutas.
576 1754 682 1807 Eas
708 1752 785 1806 illi
802 1752 1232 1823 rapiunt,atque
1246 1753 1318 1806 ad
1334 1751 1597 1824 proprias
1610 1752 1815 1807 domos

1316 388 1647 448 HISTORIA
1676 388 2122 447 FRANCORUM.
2150 419 2208 433 —
2244 390 2311 447 ll.

1844 518 1901 577 Α
1941 514 2080 567 ante
2108 510 2451 583 principem,
2473 508 2625 566 hunc
2641 508 2795 582 apud
2813 525 2947 566 eum
2961 508 3166 566 habuit
3188 522 3544 567 sermonem.

3446 386 3551 446 808

1937 622 1966 650 «
1988 601 2132 656 Cum
2149 600 2445 672 Scriptura
2474 598 2626 655 dicat
2656 616 2668 654 :
2697 599 2891 655 Honor
2927 601 3066 669 regis
3104 600 3371 671 judicium
3423 598 3547 653 dili-

1931 693 2012 760 git
2031 690 2209 759 (Psal.
2267 706 2453 751 xcvm,
2503 690 2575 757 3).
2628 690 2697 743 Et
2750 689 2939 744 item:
2976 689 3107 756 Iter,
3163 691 3259 761 qui
3309 688 3447 743 sedet
3494 689 3551 741 in

1931 780 2061 833 solio
2096 778 2314 849 judz’cz‘i,
2337 778 2561 847 disszpat
2584 794 2738 831 omne
2765 778 2965 831 malum
3007 780 3207 833 intuitu
3225 794 3320 832 suo
3369 776 3545 846 (Pros.

1928 885 2019 934 xx,
2058 868 2166 937 18),
2195 882 2305 937 ego
2363 866 2809 920 clementissime
2858 867 3196 938 imperator,
3243 867 3365 921 haec
3400 866 3551 920 dicta

1929 973 2050 1011 esse
2073 956 2143 1011 de
2178 959 2233 1011 te
2259 954 2611 1026 intelligens,
2640 954 2910 1009 fiduciam
2938 955 3151 1027 sumpsi
3186 957 3243 1009 te
3271 953 3547 1021 adeundi,

1931 1044 2159 1115 tibique
2191 1043 2440 1115 propriae
2473 1042 2910 1097 necessitudinis
2938 1059 3170 1098 causam
3200 1041 3546 1114 exponendi.

1931 1136 2028 1189 Est
2058 1132 2308 1204 denique
2352 1131 2412 1186 in
2465 1132 2573 1186 hac
2629 1131 2854 1186 civitate
2900 1132 3127 1203 juvenis
3161 1132 3280 1203 qui,
3316 1146 3547 1186 mecum

1931 1222 2277 1295 permutatis
2330 1220 2580 1287 annulis,
2609 1220 2783 1275 fidem
2811 1220 3033 1292 pepigit
3063 1221 3272 1276 alterni
3307 1220 3542 1289 amoris,

1930 1311 2222 1383 professus
2247 1310 2402 1382 quod
2426 1326 2521 1365 me
2542 1308 2648 1365 sibi
2665 1309 2940 1380 jungeret
2959 1310 3065 1364 sub
3098 1309 3337 1365 nomine
3364 1309 3549 1382 legiti-

1934 1416 2047 1454 mas
2067 1400 2349 1472 conjugis.
2366 1400 2450 1456 Ob
2476 1400 2536 1454 id
2549 1399 2873 1454 serenitatis
2894 1401 3006 1454 tum
3024 1399 3392 1471 praesentiam
3406 1399 3544 1465 adii,

1933 1488 2014 1543 tui
2038 1505 2209 1561 super
2238 1489 2345 1544 hac
2368 1506 2431 1543 re
2458 1504 2770 1559 exposcens
2800 1487 3419 1559 sententiamjudicii.»
3445 1487 3547 1543 Cui

1934 1577 2258 1648 imperator
2291 1594 2303 1631 :
2339 1600 2367 1627 ‹‹
2399 1577 2479 1644 Si,
2504 1576 2711 1648 inquit,
2736 1576 2876 1631 ﬁdes
2903 1579 2986 1631 est
3015 1579 3202 1647 pacta,
3233 1592 3350 1630 non
3377 1575 3550 1630 debet

1930 1667 2055 1722 ﬁeri
2072 1666 2255 1722 irrita.
2279 1689 2306 1715 ››
2330 1667 2452 1732 Quo
2468 1667 2565 1721 illa
2580 1665 3085 1732 audito,annulum
3101 1681 3203 1721 suo
3222 1665 3550 1721 debrahens

1931 1756 2397 1827 digito,ostendit
2411 1757 2687 1827 Augusto:
2707 1753 3349 1822 «Videat,ait,dominus
3364 1771 3547 1822 meus,

212 1843 518 1897 deducunt.
544 1842 654 1897 Uni
685 1857 886 1896 earum
913 1857 1127 1896 nomen
1161 1842 1553 1907 Antonia,alia
1580 1842 1823 1897 vocaba-
1859 1837 1909 1899 B
1929 1845 2091 1915 cujus
2109 1846 2212 1899 iste
2241 1844 2413 1899 fuerit
2445 1845 2714 1899 annulus.
2750 1861 2782 1895 ιθ
2812 1843 3089 1914 Agnoscit
3114 1842 3386 1915 princeps
3414 1858 3549 1898 eum

214 1934 302 1985 tun
349 1920 672 1985 Antonina.
706 1931 773 1983 Et
799 1929 1112 1984 Antoniam
1162 1929 1397 2000 quidem
1446 1929 1823 1998 Justinianus,

212 2020 565 2075 Antoninum
586 2034 720 2073 vero
735 2019 952 2091 accepit
977 2018 1301 2076 Belisarius.
1316 2020 1602 2090 Erantque
1632 2020 1821 2073 ambae

210 2124 445 2163 sorores.
485 2108 612 2162 Una
639 2123 778 2178 ergo
816 2107 1063 2173 dierum,
1122 2107 1443 2163 Iustiniano
1479 2107 1824 2162 meridianis

210 2198 354 2251 horis
371 2197 482 2251 sub
515 2195 611 2249 dio
638 2195 988 2266 quiescente,
1016 2211 1149 2249 cum
1181 2199 1352 2266 caput
1383 2196 1442 2250 in
1488 2195 1680 2250 sinum
1708 2212 1824 2252 suae

210 2285 536 2339 reclinasset
557 2285 786 2350 amatas,
821 2283 1135 2337 adveniens
1181 2284 1374 2356 aquila
1405 2284 1506 2338 alis
1554 2284 1817 2356 expansis

212 2375 275 2428 ab
304 2373 518 2427 ardore
531 2372 665 2427 solis
695 2389 827 2427 eum
853 2372 1173 2427 conabatur
1197 2373 1823 2429 defendere.lntellexit

213 2462 410 2516 mulier
429 2460 751 2530 auspicium
783 2460 1268 2532 quodJustiniano
1305 2462 1823 2533 portendebatim-

217 2551 468 2621 perium;
498 2553 557 2604 et
580 2553 977 2622 experrectum
992 2549 1089 2603 tali
1108 2566 1241 2604 voce
1256 2550 1567 2621 compellat
1595 2549 1782 2604 virum
1805 2566 1822 2600 :

222 2663 247 2689 α
276 2640 410 2707 Oro,
436 2638 646 2711 inquit,
679 2638 1075 2693 amantissime
1104 2637 1351 2709 juvenis.
1384 2641 1465 2705 ut,
1500 2638 1638 2693 dum
1660 2636 1825 2709 regni

222 2729 429 2800 potitus
463 2727 642 2782 fueris
683 2728 942 2799 sceptris,
975 2744 1090 2782 non
1123 2744 1218 2781 me
1249 2725 1555 2796 indignam
1600 2725 1826 2795 judices

219 2816 555 2887 gratissima;
591 2816 948 2888 amplexibus
970 2815 1251 2887 conjugis.
1290 2836 1317 2863 »
1344 2814 1690 2869 lllodicente
1719 2814 1826 2867 im-

217 2904 481 2976 possibile
500 2905 609 2959 boc
639 2921 759 2959 esse
792 2904 991 2974 utipse
1021 2904 1093 2958 ad
1123 2906 1352 2958 culmen
1408 2903 1825 2973 proveheretur

215 2992 530 3063 imperiale,
562 2995 731 3064 rogat
762 2992 971 3047 mulier
993 2992 1239 3064 ut,quod
1260 2992 1356 3046 illa
1380 3007 1485 3062 pro
1505 2994 1661 3045 certo
1681 2990 1823 3045 scie-

217 3080 329 3147 bat,
360 3097 435 3134 ne
463 3097 524 3134 se
555 3080 923 3135 inexoratum
949 3081 1002 3136 ei
1033 3081 1339 3151 praeberet.
1376 3080 1498 3144 Quo
1532 3079 1823 3133 tribuente

214 3184 502 3223 assensum
510 3168 795 3240 ,factaque
809 3168 1266 3223 commutatione
1280 3169 1629 3223 annulorum
1651 3168 1828 3222 utrin-

221 3273 324 3327 que
350 3261 439 3312 est
468 3257 773 3312 dicessum.
805 3259 956 3313 Sane
986 3257 1292 3312 Bclisarius
1346 3258 1515 3329 eique
1558 3258 1827 3329 copulata

219 3345 508 3400 Antonina
533 3347 738 3401 eadem
760 3346 1014 3401 inierunt
1036 3345 1306 3401 connubii
1329 3346 1660 3413 faedera,ut,
1690 3344 1826 3416 quia

216 3450 327 3488 non
358 3434 662 3489 dubitabat
684 3435 987 3489 Belisarius
1017 3435 1366 3505 adepturum
1386 3451 1445 3489 se
1465 3434 1706 3507 potioris
1720 3434 1822 3487 ho-

217 3522 365 3577 noris
389 3524 670 3594 gradum,
715 3523 761 3578 si
820 3522 1065 3594 imperio
1118 3523 1402 3595 potiretur
1448 3521 1821 3584 Justinianus,

213 3610 419 3665 sociam
450 3611 537 3665 sui
594 3628 723 3666 eam
755 3612 1096 3666 adscisceret
1129 3614 1359 3667 stratus.
1419 3612 1531 3666 Nec
1573 3613 1824 3666 multum

218 3698 459 3753 ﬂuxerat
486 3699 925 3770 temporis,cum
957 3699 1277 3770 imperator
1301 3698 1554 3753 Justinus
1585 3699 1821 3771 expedi-

210 3785 424 3842 tionem
454 3788 676 3858 paravit
704 3788 974 3843 adversus
1005 3804 1207 3860 regem
1269 3788 1537 3843 Persidis.
1598 3788 1711 3843 Sed
1759 3788 1821 3842 in

208 3873 324 3944 ipso
357 3876 490 3931 belli
521 3881 802 3947 apparatu
831 3877 1037 3931 morbo
1066 3880 1573 3948 prmventus,anno
1598 3893 1818 3931 assum-

208 3963 288 4032 pti
318 3964 545 4037 imperii
575 3969 774 4020 octavo
812 3968 897 4019 est
928 3965 1249 4019 defunctus.

274 4053 570 4108 Consensu
595 4056 829 4108 senatus
862 4053 1147 4125 totiusque
1175 4053 1348 4107 simul
1383 4052 1664 4107 exercitus
1713 4055 1825 4107 Au-

219 4145 415 4211 gustus
434 4142 684 4197 efﬁcitur
728 4141 1098 4197 Justinianus.
1163 4141 1291 4209 Qui,
1326 4141 1470 4196 nihil
1540 4144 1820 4208 moratus,

216 4231 452 4286 collecto
476 4231 730 4285 exercitu
750 4234 951 4285 contra
974 4231 1250 4285 barbaros
1265 4234 1349 4284 est
1382 4230 1691 4300 profectus,
1742 4234 1822 4298 et,

210 4320 524 4374 commissa
554 4335 752 4391 pugna
772 4318 1097 4390 fugatisque
1110 4318 1388 4385 hostibus,
1409 4335 1611 4390 regem
1633 4331 1826 4373 se‘eo-

1930 1948 2104 2003 quem
2126 1932 2370 1987 dederat
2384 1932 2685 1998 annulum,
2705 1931 2871 2001 jubet
2895 1947 3027 1985 eam
3054 1929 3345 1986 introduci
3366 1930 3424 1985 in
3454 1946 3551 1985 cu-

1936 2020 2213 2087 biculum,
2266 2020 2735 2091 ornamentisque
2810 2018 3100 2089 regalibus
3156 2019 3421 2073 indutam
3476 2018 3548 2073 de

1928 2111 2139 2162 caetero
2168 2107 2360 2163 vocari
2390 2110 2449 2162 et
2471 2124 2593 2162 esse
2622 2108 2962 2178 Augustam.
2999 2105 3164 2169 Quod
3209 2104 3425 2159 factum
3450 2120 3547 2160 ve-

1930 2195 2240 2250 hementer
2268 2194 2568 2249 abhorruit
2606 2195 2847 2267 pOpulus
2877 2196 3229 2265 cunctusque
3287 2195 3546 2261 senatus,

1934 2283 2080 2338 adeo
2112 2286 2174 2337 ut
2227 2283 2419 2354 palam
2473 2284 2791 2336 clamarent
2832 2280 3122 2335 nefariam
3173 2297 3300 2334 rem
3348 2279 3548 2335 fecisse

1927 2374 2277 2443 Augustum,
2326 2373 2387 2425 ut
2440 2370 2680 2441 publica:
2732 2368 3070 2440 abjectionis
3125 2373 3380 2424 scortum
3441 2367 3548 2422 sibi

1928 2462 2233 2532 copularet
2254 2459 2314 2514 in
2346 2458 2809 2514 matrimonium.
2844 2459 2957 2513 Hac
2984 2458 3174 2513 Caesar
3222 2456 3550 2527 exagitatus

1930 2548 2148 2619 injuria
2203 2549 2507 2621 plerosque
2559 2550 2893 2602 senatorum
2940 2544 3197 2617 pertrahi
3240 2544 3411 2614 jubet
3472 2542 3545 2597 ad

1933 2653 2160 2692 necem.
2198 2636 2336 2702 Quae
2367 2653 2460 2691 res
2489 2636 2547 2690 in
2582 2639 2807 2691 tantum
2836 2634 3149 2706 perterruit
3173 2633 3431 2706 plebem,
3465 2634 3549 2698 ut,

1929 2725 2039 2780 sibi
2070 2725 2312 2796 quisque
2347 2729 2633 2790 metuens,
2662 2724 2963 2779 conatibus
2989 2723 3112 2794 ejus
3141 2722 3201 2778 in
3254 2723 3548 2793 posterum

1933 2813 2178 2868 minime
2207 2814 2438 2868 obviare
2470 2813 2728 2867 auderet.

2567 2901 2793 2955 CAPUT
2824 2900 2909 2954 Vl.

2416 2988 2500 3043 De
2532 2989 2783 3043 Belisarii
2805 3005 3060 3043 successu.

2006 3080 2264 3135 Posthaac
2291 3078 2755 3134 commilitonem
2770 3093 2938 3131 suum
2962 3074 3372 3131 Belisariumin
3396 3075 3545 3131 Afri-

1928 3186 2007 3224 cae
2041 3167 2339 3240 promovit
2368 3170 2582 3240 partes,
2616 3164 2923 3237 patricium
2956 3180 3089 3219 eum
3145 3163 3500 3218 constituens
3530 3179 3545 3231 ;

1928 3258 2143 3330 quique
2160 3256 2550 3328 supradictam
2574 3254 2955 3322 Antoninam,
2978 3256 3241 3327 Augusta:
3262 3271 3544 3323 sororem,

1928 3347 2089 3403 duxit
2114 3362 2371 3401 uxorem.
2406 3346 2566 3399 Hunc
2597 3345 2736 3399 dum
2765 3343 3118 3399 Justinianus
3136 3359 3366 3398 summo
3381 3359 3548 3399 com-

1927 3437 2276 3507 plecteretur
2316 3449 2537 3500 amore,
2585 3432 2814 3504 magnis
2862 3432 3213 3505 locupletare
3266 3432 3537 3487 studebat

1928 3524 2135 3596 opibus
2156 3522 2506 3579 divitiarum.
2530 3524 2664 3577 Erat
2686 3522 2944 3577 assiduus
2965 3521 3332 3593 imperatoris
3366 3520 3550 3577 consi-

1928 3612 2026 3680 lio,
2059 3612 2349 3684 particeps
2363 3628 2593 3683 quoque
2614 3610 3014 3665 assumebatur
3034 3610 3094 3664 in
3121 3610 3401 3665 convivio.
3434 3610 3548 3665 Sed

1925 3702 2063 3773 quia
2087 3717 2319 3772 semper
2349 3700 2639 3755 invidetur
2664 3699 3038 3769 felicioribus,
3072 3699 3542 3771 paupertatisque

1926 3790 2117 3843 nullus
2134 3787 2427 3843 invenitur
2450 3788 2689 3841 aemulus
2705 3787 3228 3859 ,immoderateque
3241 3787 3548 3841 detrahen-

1926 3878 2073 3932 tium
2119 3878 2448 3931 lacerantur
2479 3876 2767 3930 morsibus
2792 3876 3099 3929 aftluentes
3121 3874 3348 3946 opibus,
3381 3876 3550 3930 multi

1925 3966 2186 4022 Belisarii
2206 3964 2495 4037 prosperis
2521 3964 2970 4020 offendebantur
3000 3963 3371 4018 successibus.
3410 3963 3552 4018 Huic

1923 4054 2276 4110 calumniam
2306 4053 2516 4108 acerbo
2564 4055 2925 4123 componunt
2965 4051 3123 4118 felle,
3154 4053 3214 4105 et
3265 4051 3552 4107 accrbiori

1924 4147 2135 4215 parant
2167 4143 2342 4198 exitu.
2368 4142 2627 4214 Denique
2655 4156 2859 4212 regem
2884 4140 3101 4196 adeunt
3130 4138 3543 4211 improbissimi

1924 4232 2213 4299 homines,
2255 4235 2315 4286 et
2340 4231 2621 4286 invidiam
2674 4230 2945 4296 excitant,
2977 4232 3297 4283 asserentes
3347 4245 3553 4284 necem

1926 4320 2078 4391 regis
2105 4336 2170 4375 ac
2204 4319 2523 4390 usurpandi
2552 4318 2784 4390 imperii
2814 4316 3137 4389 potentiam
3191 4334 3225 4371 a
3276 4316 3547 4374 Belisario

211 4421 345 4460 rum
366 4407 585 4479 cepisse
611 4407 835 4478 gavisus
864 4411 970 4461 est.
1005 4407 1189 4471 Quem
1222 4407 1280 4461 in
1309 4407 1453 4462 solio
1482 4407 1647 4478 regni
1659 4407 1827 4477 juxta
1853 4425 1903 4483 D
1927 4408 2283 4463 affectatam.
2323 4408 2481 4462 Haud
2519 4407 2752 4462 difﬁcile
2782 4407 3054 4480 princeps
3076 4405 3354 4477 impulsus
3379 4408 3464 4461 est
3490 4410 3553 4461 ut

212 4510 273 4547 se
298 4496 497 4551 sedere
527 4496 685 4562 fecit,
709 4498 767 4550 et
793 4499 853 4549 ut
883 4495 1221 4567 provincias,
1253 4513 1393 4567 quas
1412 4495 1686 4550 Romanis
1714 4496 1825 4549 eri-

220 4583 559 4653 puerat,sibi
592 4582 922 4639 restitueret
939 4583 1370 4655 imperavit.Cui
1391 4583 1515 4638 ille:
1534 4605 1561 4633 «
1582 4584 1704 4638 Non
1738 4583 1824 4636 in-

217 4673 723 4741 quam,dabo.»Ad
736 4673 856 4727 haec
871 4673 1224 4727 Justimanus
1236 4671 1588 4742 responditm
1622 4673 1822 4726 Daras.

222 4762 333 4814 Pro
354 4762 510 4831 cujus
571 4760 823 4815 novitate
853 4760 1140 4814 sermonis
1170 4760 1369 4814 civitas
1422 4776 1489 4813 eo
1545 4759 1654 4813 loci
1686 4775 1823 4813 con-

213 4851 333 4902 strn
351 4855 433 4905 cta
454 4854 543 4905 est
571 4851 658 4905 cui
688 4852 863 4904 Daras
908 4867 1124 4904 nomen
1158 4853 1262 4905 est.
1300 4850 1413 4903 Rex
1442 4852 1633 4903 autem
1651 4849 1826 4904 Persi-

215 4934 321 5003 dis,
352 4940 477 4994 licet
510 4955 626 4993 non
654 4938 1025 5004 voluntarius,
1068 4938 1267 4992 omnia
1295 4938 1347 4992 ei
1376 4937 1629 4992 restituit
1689 4954 1817 5009 quae

216 5023 455 5081 Romani
480 5026 905 5096 fuerantjuris;
941 5026 1132 5098 sicque
1156 5026 1215 5079 in
1258 5042 1505 5096 regnum
1544 5042 1711 5080 suum
1739 5028 1824 5080 est

215 5115 402 5171 redire
420 5115 1111 5187 permissusJustinianus
1135 5132 1364 5187 quoque
1380 5117 1667 5187 Augustus
1688 5133 1819 5171 cum

220 5215 427 5273 magno
456 5204 755 5274 triumpho
806 5203 1371 5275 Constantinopolim
1411 5210 1498 5258 est
1526 5220 1821 5275 regressus

214 5288 367 5346 Tunc
388 5292 1094 5363 Antonia,ejusquondam
1123 5292 1423 5359 amata,sui
1453 5309 1821 5364 nequaquam

215 5378 407 5448 oblita,
439 5381 682 5452 sumptis
735 5380 990 5451 quinque
1040 5381 1226 5435 aureis
1271 5380 1547 5451 palatium
1605 5386 1690 5434 est
1739 5381 1823 5436 in-

215 5484 424 5537 gressa.
456 5472 498 5524 Ε
548 5469 758 5541 quibus
808 5469 949 5522 duos
982 5470 1140 5524 dedit
1181 5470 1553 5540 janitoribus,
1602 5475 1663 5523 ut
1713 5470 1820 5525 sibi

212 5561 431 5625 pateret
454 5559 754 5623 introitus;
791 5560 905 5610 tres
964 5575 1095 5614 vero
1146 5559 1475 5614 tenentibus
1504 5559 1813 5627 cortinam,

216 5649 275 5697 ut
306 5665 461 5703 suam
481 5648 960 5720 permitterentur
984 5666 1253 5705 enarrare
1280 5666 1531 5704 causam.
1564 5649 1631 5702 Et
1655 5654 1811 5703 stam

1928 4497 2202 4552 credibile
2229 4497 2466 4551 duceret
2496 4495 2652 4567 quod
2686 4511 2789 4566 pro
2822 4512 2957 4549 vero
2980 4494 3403 4550 affirmabatur.
3435 4496 3548 4550 Ita-

1926 4602 2038 4657 que
2065 4585 2401 4658 priusquam
2439 4584 2546 4639 sibi
2571 4586 2917 4656 probaretur
2962 4588 3393 4641 tentamentum
3445 4586 3543 4641 ali-

1927 4674 2082 4745 quod
2112 4675 2317 4745 tlagitii
2345 4673 2818 4746 parricidalis,vel
2844 4675 3133 4729 mendacii
3160 4674 3545 4746 suspicionem

1926 4764 2256 4818 excluderet
2283 4781 2529 4818 examen
2567 4764 2843 4827 veritatis,
2862 4765 3309 4835 suggerentibus
3333 4765 3548 4819 calum-

1929 4851 2274 4915 niatoribus,
2294 4853 2462 4924 jubet
2484 4869 2617 4907 eum
2652 4869 2983 4924 expugnare
3011 4853 3314 4908 Vandalos.
3348 4854 3413 4908 Hi
3444 4870 3551 4908 sas-

1926 4939 2164 5011 pissime
2197 4940 2480 4994 maximas
2514 4940 2756 4994 Romani
2790 4940 3070 4995 exercitus
3126 4940 3273 4996 vires
3314 4940 3556 4996 clarissi-

1927 5046 2158 5101 musque
2190 5029 2512 5085 nobilitatis
2540 5030 3039 5100 pessundcderant
3068 5030 3260 5085 duces.
3308 5031 3557 5101 Accepta

1929 5119 2037 5172 hac
2058 5118 2318 5189 jussione
2364 5117 2660 5190 principis,
2690 5117 2990 5173 Belisarins
3040 5118 3281 5174 domum
3336 5116 3548 5188 repetit

1928 5225 2179 5263 moerens
2216 5224 2283 5262 ac
2342 5207 2538 5262 tristis.
2571 5207 2755 5272 Quem
2787 5224 2931 5262 uxor
2955 5224 3057 5263 sua
3087 5207 3250 5279 gravi
3308 5222 3550 5261 cernens

1928 5296 2199 5350 affectum
2240 5296 2854 5367 moerore,inquiritab
2873 5312 2940 5351 eo
2956 5312 3188 5351 causam
3217 5293 3548 5350 oti‘uscantis

1921 5383 2131 5438 faciem
2156 5383 2281 5455 ejus
2309 5384 2623 5439 maestitiae.
2647 5385 2834 5455 Rogat
2852 5384 2957 5438 sibi
2978 5382 3339 5437 manifestari
3362 5398 3544 5437 secre-

1922 5476 2068 5540 tum,
2102 5474 2145 5527 si
2171 5474 2317 5528 forte
2345 5473 2559 5545 aliquid
2591 5473 2811 5528 consilii
2842 5474 3028 5526 valeat
3053 5472 3320 5526 conferre
3351 5471 3543 5526 subsi-

1918 5561 2073 5615 dium
2128 5562 2229 5617 Cni
2260 5562 2353 5616 ille
2385 5562 2562 5633 pl'tclli
2599 5579 2722 5616 rem
2754 5563 2875 5616 fore
2921 5560 3079 5627 dixit,
3118 5578 3235 5616 non
3264 5559 3532 5627 lanificii;

1918 5648 2164 5722 ideoque
2178 5652 2330 5705 viros
2343 5651 2528 5721 magis
2549 5668 2725 5721 quam
2743 5648 2989 5704 feminas
3006 5652 3276 5720 oportere
3293 5647 3537 5703 consuli-
