3940 6166
216 602 384 675 przelio
434 603 751 670 decernere,
783 600 1189 656 Childebertus
1226 598 1470 654 validior
1521 596 1781 669 equitatu

218 698 391 757 avertit
417 691 774 751 hestem.Nec
801 689 1013 745 diutius
1037 690 1363 760 potuerunt
1389 686 1655 742 resistere
1668 685 1777 740 Ge-

218 789 304 857 thi,
333 802 455 843 cum
487 783 733 838 virorum
758 778 940 835 contis
971 780 1031 832 et
1058 777 1299 832 fremitu
1331 791 1616 848 equorum
1648 791 1781 830 cen-

1267 386 1599 445 HISTORIA
1628 385 2080 445 FRANCORUM.
2108 416 2178 429 -—
2204 385 2334 443 LIB.
2365 388 2433 444 II.

216 514 439 586 paratus.
476 510 573 569 Ubi
618 510 836 585 utrique
889 507 1169 567 exercitui
1219 508 1436 583 placuit
1480 507 1539 563 in
1569 523 1777 581 campo
1805 510 1863 571 Α

3410 386 3518 451 670

2438 561 2463 584 ,
2535 504 2764 562 CAPUT
2788 506 2873 563 1x.

2122 596 2206 651 De
2236 594 2467 652 Cletarz'i
2489 599 2546 652 in
2579 596 2873 668 Thorz'ngos
2927 602 3275 674 expeditione.

1956 686 2113 752 Inde,
2147 686 2324 741 fratre
2364 685 2619 741 Clotarie
2649 685 2710 741 in
2742 687 3081 747 societatem
3133 693 3377 766 adscite,
3405 696 3525 772 ipse

1881 793 2011 832 cum
2043 775 2163 830 filio
2191 775 2598 831 Theodeberte
2653 778 3016 853 Theringam
3047 783 3211 855 petit.
3244 787 3525 845 Praeerat-

216 877 572 932 turbarentur.
608 868 871 925 Conversi
908 867 1090 939 igitur
1138 866 1197 920 in
1231 866 1455 920 diversa
1483 864 1578 919 alii
1624 867 1775 931 sunt,
1820 914 1824 919 ,
1876 864 2182 937 Thoringis
2198 881 2296 919 rex
2327 864 2808 939 Hermenfredus,
2829 871 3052 927 duobus
3082 874 3198 929 suis
3226 877 3529 935 trucidatis

214 965 439 1039 plelique
452 962 767 1018 adclassem
787 955 1263 1028 refugiebant.Ex
1285 971 1352 1009 ea
1369 970 1598 1027 quoque
1614 955 1777 1024 parte
1878 954 2170 1013 fratribus.
2207 951 2308 1008 Cui
2339 960 2669 1012 accesserat
2694 974 2762 1012 ex
2783 960 3055 1034 conjugie
3079 980 3228 1019 vana
3256 968 3531 1038 quaedam

212 1068 476 1110 occurrere
499 1048 786 1116 Franci,ac
806 1046 1527 1116 universes,prteoccupate
1546 1041 1775 1108 itinere,

213 1142 467 1214 repellunt
494 1156 528 1193 a
556 1137 720 1193 mari.
754 1138 875 1209 Ipse
904 1133 1251 1201 Amalricus,
1282 1133 1485 1203 fugere
1515 1133 1776 1197 cenatus,

214 1229 478 1286 ecclesiam
509 1225 921 1281 catholicorum
941 1239 1112 1276 cursu
1140 1221 1388 1294 petebat.
1413 1220 1570 1274 Tunc
1585 1236 1729 1273 unus
1747 1235 1779 1274 e

212 1323 374 1374 turma
394 1317 763 1380 Francorum,
779 1312 950 1366 citate
974 1327 1125 1382 eque
1151 1326 1284 1363 eum
1304 1308 1783 1374 insecutus,hasta

211 1408 441 1465 cominus
462 1419 796 1478 percussum
827 1405 995 1457 terrae
1021 1400 1110 1471 dej
1123 1399 1233 1454 ecit
1251 1398 1670 1453 exanimatum.

270 1498 425 1568 Cujus
449 1497 755 1567 comperto
787 1490 1045 1557 interitu,
1081 1490 1481 1545 Childebertus
1508 1491 1638 1560 post
1668 1490 1784 1544 ter-

214 1604 329 1659 gum
352 1586 460 1640 iter
488 1583 748 1655 dirigens
763 1579 1381 1646 Getherum,Toletum
1412 1578 1641 1640 urbem,
1662 1575 1786 1647 ipse

214 1679 404 1730 terrere
420 1673 557 1728 belli
582 1671 801 1727 civibus
830 1668 1232 1735 consternatis,
1256 1667 1379 1722 sine
1412 1682 1580 1721 mera
1610 1681 1788 1737 oppu-

1882 1044 2095 1100 mentis
2111 1042 2304 1109 elatio,
2336 1043 2504 1114 quod
2529 1043 2584 1098 ei
2615 1045 2736 1102 ﬁlia
2760 1048 3100 1108 Theodorici
3123 1054 3276 1126 regis
3325 1057 3528 1124 Italici,

1881 1151 1948 1190 ex
1980 1149 2179 1189 sorore
2223 1133 2495 1202 suscepta
2537 1132 2826 1199 Clodevei.
2849 1139 2981 1210 jure
3011 1143 3383 1213 copularetur
3430 1163 3534 1200 nu-

1882 1223 2064 1296 ptiali.
2094 1223 2222 1277 Hinc
2238 1219 2520 1276 muliebri
2542 1223 2689 1280 fastu
2721 1228 2869 1282 elata
2890 1230 3045 1300 quod
3060 1231 3241 1303 regali
3263 1236 3534 1289 manaret

1884 1312 2175 1384 prosapia,
2207 1310 2459 1364 fratrem
2492 1313 2712 1382 mariti,
2747 1316 3113 1374 Bertharium
3146 1322 3409 1390 nomine,
3446 1322 3533 1377 in-

1887 1400 2049 1478 genti
2094 1400 2298 1455 ederat
2338 1398 2710 1458 crudelitate.
2751 1405 3010 1478 Denique
3039 1408 3242 1463 suadet
3292 1409 3413 1465 viro
3466 1411 3530 1464 ut

1886 1473 2131 1544 fratrem
2159 1488 2263 1543 sibi
2293 1490 2583 1545 aemulum
2606 1493 2721 1547 vita
2750 1473 2935 1565 privet
2964 1498 3023 1550 et
3051 1514 3255 1568 regno.

1961 1579 2025 1634 ld
2052 1578 2169 1639 ille,
2201 1576 2282 1631 nil
2313 1582 2581 1633 moratus
2635 1580 2844 1648 effecit,
2878 1583 3181 1657 missisque
3230 1585 3525 1641 lictoribus

1890 1684 2028 1723 eum
2059 1666 2267 1739 perimi
2280 1665 2471 1737 jussit.
2500 1668 2629 1723 Pari
2659 1670 2836 1725 modo
2863 1672 3060 1736 alium,
3087 1674 3365 1730 vocabulo
3396 1675 3527 1729 Bal-

212 1763 382 1835 gnavit
399 1766 455 1817 et
469 1760 647 1832 cepit;
672 1757 983 1830 multisque
996 1756 1199 1812 ablatis
1217 1755 1498 1811 thesauris
1518 1757 1576 1809 et
1591 1767 1790 1808 sorore
1822 1819 1872 1835 ﬁ
1894 1754 2474 1827 dricum,suspiciene
2504 1755 2782 1813 fraterna:
2807 1759 3206 1817 insimulatum
3233 1761 3521 1829 vindictae,

212 1819 799 1924 assumpta,repedare
820 1819 1129 1901 festinabat
1149 1844 1221 1899 ad
1238 1842 1611 1917 propria.Sed
1635 1843 1794 1896 ante-
1821 1819 1874 1879 Β
1893 1819 2140 1900 infanda
2188 1819 2489 1899 damnavit
2532 1849 2742 1903 morte.
2765 1847 2878 1903 Hac
2908 1852 3031 1904 arte
3060 1851 3414 1923 Amalberga
3446 1819 3526 1921 (id

213 1954 361 2011 quam
403 1938 629 2009 cupitas
678 1933 1048 2006 pervenirent
1088 1933 1160 1987 ad
1214 1933 1395 2000 sedes,
1425 1947 1587 1987 soror
1616 1929 1791 2001 regis,

212 2026 373 2082 nescio
393 2043 509 2099 quo
534 2025 812 2097 depressa
835 2021 1227 2088 incommode,
1255 2021 1371 2076 vita
1393 2021 1652 2076 decessit.
1683 2018 1791 2074 Cu-

207 2116 281 2188 jus
305 2132 503 2187 corpus
534 2114 597 2169 in
626 2114 819 2169 loculo
847 2111 1096 2182 positum
1133 2111 1376 2165 Parisius
1407 2113 1491 2165 est
1512 2110 1792 2177 delatum,

212 2222 263 2259 ac
280 2205 333 2259 in
356 2203 596 2259 basilica
622 2200 809 2256 sancti
843 2199 996 2254 Petri
1016 2200 1181 2270 juxta
1210 2196 1435 2271 patrem
1460 2199 1791 2254 humatum.

211 2292 335 2347 Sane
360 2292 416 2347 in
451 2289 747 2347 thesauris
776 2305 921 2361 quos
951 2288 1342 2344 Childebertus
1378 2288 1563 2343 avexit
1591 2289 1663 2343 ab
1699 2287 1794 2341 Hi-

1898 1936 2116 2007 quippe
2148 1951 2367 1991 nomen
2414 1935 2666 2005 mulieri)
2696 1953 2936 1993 vacuam
2985 1938 3123 1994 fecit
3165 1939 3272 1996 sibi
3327 1940 3523 1995 aulam

1896 2023 2086 2096 regni,
2124 2025 2264 2079 dum
2290 2023 2523 2079 simulat
2542 2025 2706 2080 saluti
2733 2042 2793 2082 se
2821 2028 2966 2082 velle
2986 2029 3285 2084 consulere
3304 2026 3519 2083 mariti.

1893 2113 2064 2170 Miser
2106 2112 2223 2179 ille,
2256 2111 2354 2184 qui
2383 2113 2671 2184 putaverit
2700 2114 2857 2187 quod
2888 2115 2987 2171 illa
3009 2115 3071 2171 in
3101 2116 3226 2187 ejus
3247 2115 3523 2172 fratribus

1896 2199 2275 2272 parricidales
2300 2201 2514 2256 odisset
2534 2202 2939 2275 cogitationes,
2964 2221 3070 2260 nec
3095 2204 3521 2261 animadverte-

1896 2292 1990 2346 ret
2015 2292 2320 2345 consortes
2359 2291 2525 2363 regni
2557 2308 2622 2346 ac
2648 2291 3040 2363 periculorum
3090 2293 3345 2348 sublatos
3402 2309 3524 2348 esse

209 2382 668 2453 spaniis,reperta
696 2382 835 2434 sunt
859 2368 1221 2433 ecclesiastici
1250 2377 1512 2432 utensilia
1540 2375 1800 2432 ministe-

210 2471 285 2534 rii,
313 2489 375 2526 ex
401 2471 557 2526 vasis
591 2485 737 2542 quos
772 2467 971 2522 dicunt
1000 2467 1167 2522 fuisse
1205 2466 1553 2534 Salomonis,
1584 2481 1800 2521 novem

1901 2394 2168 2435 suorum.
2199 2377 2360 2433 Adeo
2391 2380 2544 2451 apud
2580 2380 2879 2453 improbos
2913 2384 2999 2436 est
3025 2380 3264 2436 affectus
3292 2380 3435 2448 vilis,
3462 2383 3527 2437 ut

1901 2468 2017 2522 cita
2068 2467 2262 2539 pravis
2319 2468 2780 2540 suggestienibus
2839 2473 3271 2544 exterqueatur.
3328 2471 3523 2527 Profe-

213 2559 591 2631 pretiesissimi
655 2556 884 2622 calices,
924 2554 1253 2627 quindecim
1301 2559 1549 2627 patenas,
1594 2552 1800 2626 viginti
1902 2560 2027 2611 ctus
2065 2557 2264 2627 itaque
2286 2557 2676 2614 Theodericus
2705 2558 2765 2613 in
2784 2558 3119 2632 Therigam,
3160 2559 3391 2615 obviam
3424 2561 3526 2614 ha-

213 2665 371 2721 capsaa
400 2645 1033 2719 Evangelierum.Quaz
1050 2645 1242 2699 omnia
1261 2661 1394 2699 cum
1419 2644 1599 2700 solide
1622 2641 1804 2698 fabri-
1903 2644 2030 2701 buit
2084 2645 2574 2701 Hermenfredum
2624 2662 2759 2702 cum
2808 2646 3117 2704 innumera
3154 2649 3530 2705 multitudine

213 2735 1073 2809 cataforentauro,gemmisque
1092 2737 1296 2789 ornata
1309 2732 1804 2804 opereinclusorio
1905 2732 2187 2788 hostium.
2222 2732 2513 2788 Federant
2566 2737 2764 2789 autem
2788 2736 3064 2807 Thoringi
3084 2737 3323 2805 fossam,
3352 2753 3530 2810 quam

215 2844 294 2882 rex
320 2831 516 2883 tamen
552 2826 786 2898 integer
817 2825 889 2878 ab
919 2840 1119 2878 eorum
1151 2823 1463 2895 cupiditate
1485 2826 1691 2877 cuncta
1720 2820 1808 2893 (ut
1910 2825 2175 2879 texerant
2222 2822 2591 2893 operimento
2651 2823 2952 2895 cespitum,
2986 2828 3051 2880 ut
3097 2825 3531 2882 advenientium

215 2919 318 2971 erat
334 2913 720 2989 largissimus)
751 2912 984 2968 diversis
1004 2911 1202 2967 tribuit
1226 2911 1498 2967 ecclesiis.
1528 2911 1642 2967 Sed
1666 2911 1808 2966 dum
1911 2910 2051 2965 inibi
2083 2908 2528 2965 debilitarentur
2554 2910 2686 2982 equi
2718 2912 3090 2967 Francorum.
3117 2912 3243 2977 Quo
3270 2913 3529 2985 cognito,

215 3003 481 3060 incursare
518 3004 715 3058 studet
743 3002 954 3067 aliena,
987 3000 1237 3071 perdidit
1261 3016 1388 3071 quas
1417 3000 1656 3070 putabat
1684 3014 1806 3053 sua.
1912 2997 2114 3053 Franci
2148 2996 2867 3070 acriterindignatihestes
2884 2999 3088 3055 ultima
3110 3001 3533 3057 labefactarunt

216 3091 341 3147 Nam
356 3092 755 3148 Theodericus
775 3090 956 3144 frater
978 3087 1168 3159 ipsius,
1187 3088 1389 3142 dolens
1417 3090 1810 3143 Arvernorum
1842 3097 1891 3157 C
1913 3087 2090 3154 caede,
2123 3088 2396 3157 actosque
2428 3087 2488 3141 in
2518 3087 2723 3159 fugam
2768 3104 2947 3159 usque
2996 3088 3381 3145 Onestrudem
3427 3090 3533 3144 ﬂu-

219 3182 399 3236 urbem
419 3182 494 3236 ab
528 3196 597 3235 eo
629 3179 740 3234 sibi
768 3178 939 3233 fuisse
963 3177 1268 3244 sublatam,
1294 3192 1418 3231 eam
1448 3177 1568 3248 ipse
1598 3176 1808 3230 iterato
1912 3176 2070 3230 vium
2100 3179 2546 3247 persequuntur.
2577 3176 2659 3230 lbi
2684 3176 2861 3231 etiam
2892 3177 3235 3234 adversariis
3263 3179 3531 3234 resistam

216 3270 430 3339 invadit,
459 3270 745 3341 caesisque
774 3269 860 3322 vel
892 3266 1102 3338 fugatis
1130 3282 1275 3336 quos
1305 3265 1704 3321 Childebertus
1734 3263 1809 3319 ad
1913 3265 2064 3321 ausis
2081 3265 2441 3337 transituque
2469 3266 2779 3337 prohibere
2810 3266 3316 3340 Frances,gravius
3345 3272 3529 3324 certa-

216 3360 470 3415 tuendam
533 3358 851 3429 reliquerat
897 3356 1123 3421 urbem,
1156 3354 1568 3420 Mundericum,
1607 3354 1704 3425 qui
1747 3368 1809 3407 se
1909 3371 2069 3413 men.
2113 3354 2225 3409 Sed
2254 3354 2353 3408 ubi
2382 3372 2442 3409 se
2469 3354 2669 3409 Franci
2696 3355 2821 3427 ipse
2844 3373 2946 3413 usu
2983 3358 3166 3413 veteri
3191 3362 3530 3432 assuetaque

215 3448 592 3520 propinquum
608 3446 761 3518 regis
763 3445 785 3516 j
796 3444 1455 3515 actitabat,regnumque
1467 3443 1571 3497 sibi
1585 3440 1808 3508 deberi,

213 3536 397 3607 perimi
420 3536 620 3608 jussit,
643 3539 703 3589 et
729 3551 856 3606 quas
885 3533 1006 3604 ejus
1039 3535 1206 3588 erant
1237 3532 1340 3586 sub
1368 3531 1566 3586 ﬁscum
1599 3529 1809 3601 redigi.

217 3623 297 3678 Hic
316 3626 541 3680 etenim
565 3623 924 3679 Mundericus
941 3621 1224 3694 persuasis
1238 3619 1560 3675 Arvernicis
1577 3619 1810 3685 civibus,

214 3716 429 3772 collecta
442 3715 632 3771 etiam
653 3714 1004 3769 rusticorum
1025 3728 1140 3767 non
1164 3727 1338 3782 parva
1358 3713 1817 3778 manu,castrum

213 3802 587 3859 Victuriacum
640 3805 842 3858 contra
894 3800 1319 3856 Theodericum
1386 3799 1655 3871 pervasit.
1708 3797 1817 3853 Ubi

216 3891 337 3948 dum
353 3910 453 3948 rex
466 3908 612 3947 eum
635 3891 932 3945 obsidione
946 3889 1232 3955 cinxisset,
1255 3890 1313 3942 et
1330 3904 1603 3959 superare
1618 3885 1818 3959 nequi-

216 3984 306 4048 rct,
327 3981 564 4036 cuidam
587 3995 846 4045 suorum,
863 3977 1145 4046 Aregisilo
1176 3976 1434 4043 nomine,
1456 3976 1815 4048 imperat,ut,

219 4067 335 4124 date
365 4072 739 4125 sacramento
758 4066 1098 4134 securitatis,
1121 4065 1509 4131 Mundericum
1530 4081 1565 4118 a
1585 4063 1818 4119 castello

221 4157 353 4212 exire
374 4157 645 4223 suadeat,
670 4159 951 4227 quatenus
977 4171 1011 4209 a
1032 4152 1584 4209 circumsedentibus
1609 4149 1819 4224 perimi

222 4251 412 4315 posset.
434 4250 541 4302 llle
556 4248 844 4317 praecepto
864 4246 1251 4316 obtemperat,
1273 4260 1336 4297 ac
1363 4242 1819 4296 circumventum

222 4333 514 4391 hominem
528 4338 714 4390 castro
729 4331 1269 4403 educit,datoquein
1282 4331 1434 4384 hunc
1453 4330 1692 4385 modum
1704 4327 1821 4382 suis

224 4420 369 4494 signo
398 4442 412 4479 :
444 4445 470 4476 σ
511 4422 681 4490 Quid,
716 4422 814 4488 ait,
844 4439 877 4476 0
905 4420 1123 4492 populi,
1158 4420 1309 4474 hunc
1335 4419 1523 4473 virum
1549 4416 1819 4489 aspicitis,

225 4512 655 4584 acsinunquam
678 4511 830 4581 ampl
845 4509 933 4564 ius
950 4524 1085 4563 eum
1100 4506 1419 4562 vidissctis?
1442 4527 1469 4556 »
1504 4505 1600 4560 His
1614 4504 1695 4561 illi
1719 4523 1819 4560 au-

228 4597 583 4673 ditisimpetu
598 4597 1062 4654 inMundericum
1085 4593 1564 4667 proruunt.Quod
1585 4594 1678 4648 ille
1699 4610 1821 4649 cer-

227 4701 372 4751 nens,
400 4687 751 4759 Aregisilum
779 4686 857 4741 sic
887 4684 1203 4756 alloquitur
1238 4699 1250 4737 ε
1286 4703 1317 4735 «
1350 4682 1514 4749 Quia,
1547 4681 1754 4754 inquit,
1787 4698 1820 4736 ο

224 4773 506 4846 Aregisile,
553 4773 822 4847 perjuriis
852 4789 949 4827 me
976 4771 1254 4843 decepisti
1279 4771 1412 4837 tuis,
1447 4787 1514 4825 ex
1542 4772 1651 4826 hoc
1680 4773 1823 4824 tem-

226 4876 350 4930 pore
362 4867 417 4918 te
433 4865 719 4919 viventem
737 4864 925 4917 nullus
942 4865 1142 4917 cernet
1157 4860 1334 4916 oculis
1355 4859 1598 4916 carnis.»
1619 4860 1686 4913 Et
1700 4859 1822 4913 haec

229 4949 427 5019 dicens,
463 4952 544 5006 uti
568 4967 722 5022 pone
755 4968 887 5005 eum
921 4951 1129 5017 stabat,
1162 4951 1363 5004 lancea
1385 4947 1540 5002 inter
1564 4948 1822 5019 scapulas

226 5037 413 5094 adacta
435 5056 573 5095 eum
595 5042 763 5094 terrae
780 5039 993 5105 defixit,
1011 5037 1430 5109 evaginateque
1448 5036 1661 5108 gladio,
1685 5036 1819 5092 her-

229 5126 364 5182 tatus
386 5129 592 5196 socios,
614 5144 789 5200 super
816 5128 1010 5182 hostes
1043 5126 1229 5193 irruit,
1260 5142 1344 5194 ac,
1376 5141 1674 5197 quousque
1706 5125 1818 5197 spi-

228 5212 357 5270 ritus
383 5217 515 5271 vitze
543 5216 602 5271 in
635 5234 705 5271 eo
733 5215 861 5282 fuit,
885 5216 1107 5270 caedere
1133 5231 1249 5270 non
1272 5214 1529 5269 cessavit.
1550 5214 1821 5270 Arcadius

231 5318 466 5373 quoque,
486 5304 581 5376 qui
609 5304 811 5359 urbem
828 5302 1166 5357 Arverniam
1186 5302 1552 5356 Childeberto
1569 5301 1821 5357 tradide-

230 5394 331 5458 rat,
355 5392 624 5447 Bituricas
643 5392 885 5463 aufugit.
904 5393 981 5446 Ea
1008 5392 1142 5446 urbs
1163 5396 1293 5446 tunc
1321 5391 1686 5447 Childeberte
1720 5410 1818 5464 pa-

235 5480 399 5535 tebat.
430 5484 605 5537 Mater
632 5498 764 5535 vero
798 5481 919 5551 ejus
950 5484 1122 5553 atque
1146 5480 1323 5535 amita
1361 5481 1816 5551 cemprelienszr,

236 5570 376 5639 apud
403 5571 723 5627 Cadurcum
751 5571 953 5625 urbem
987 5569 1253 5625 exsiliata:
1286 5573 1435 5627 sunt.

1844 4553 1895 4611 D

1912 3445 2180 3500 vincendi
2231 3444 2653 3500 conﬁrmarunt
2704 3446 3140 3517 consuetudine,
3174 3449 3377 3505 ordine
3429 3466 3529 3504 suo

1917 3534 2033 3589 nixi
2060 3533 2419 3589 incursantes
2444 3534 2688 3602 caedere,
2717 3537 2890 3592 scutis
2911 3537 3216 3609 repellere,
3247 3538 3374 3593 nisu
3404 3555 3530 3594 em-

1918 3623 1978 3678 ni
2009 3639 2075 3678 ac
2098 3623 2305 3678 virtute
2337 3622 2696 3679 inconditam
2721 3625 3160 3682 multitudinem
3203 3627 3260 3683 in
3292 3626 3531 3683 ﬂuvium
3562 3659 3579 3664 —

1920 3728 2126 3783 urgere
2155 3715 2470 3783 cmperunt.
2501 3713 2614 3766 Nec
2644 3712 2875 3768 difficile
2905 3713 3015 3770 fuit
3034 3715 3285 3785 plurimo
3311 3717 3371 3771 in
3404 3732 3530 3770 am-

1920 3815 2057 3854 nem
2087 3798 2295 3869 mergi,
2328 3814 2460 3852 cum
2486 3798 2642 3853 haud
2672 3800 2873 3870 procul
2903 3816 2937 3854 a
2961 3799 3156 3856 littere
3181 3819 3273 3857 res
3296 3818 3528 3874 gerere-

1918 3891 2032 3943 tur.
2058 3889 2241 3942 Tanta
2270 3890 2460 3942 autem
2494 3890 2715 3958 strages
2738 3890 2876 3942 tunc
2904 3889 2975 3943 de
3022 3890 3329 3961 Thormgis
3380 3891 3533 3947 facta

1917 3977 2088 4032 fuisse
2110 3976 2314 4043 fertur,
2339 3979 2421 4043 ut,
2455 3991 2737 4030 casserum
2767 3976 3038 4047 congerie
3065 3980 3299 4049 epplete
3330 3978 3527 4047 ﬂuvio,

1920 4065 2121 4121 Franci
2149 4082 2322 4137 super
2350 4064 2683 4120 interfectos
2726 4065 2785 4119 in
2817 4064 3155 4121 ulteriorem
3211 4066 3530 4122 transirent

1920 4154 2130 4227 ripam.
2165 4153 2612 4208 Hermenfredus
2639 4152 2778 4225 ipse,
2807 4168 2939 4207 cum
2967 4154 3162 4224 paucis
3190 4156 3436 4227 elapsus,
3469 4155 3528 4211 in

1921 4243 2351 4299 munimentum
2374 4259 2431 4295 se
2449 4241 2692 4295 contulit
2717 4240 2892 4298 urbis.
2918 4240 3102 4304 Quem
3128 4245 3328 4316 postea
3343 4243 3528 4299 Theo-

1922 4332 2171 4393 dericus,
2220 4331 2333 4385 fide
2396 4330 2556 4395 data,
2579 4329 2848 4384 Tulbiaco
2880 4330 3055 4398 [hodie
3106 4331 3321 4394 Zulich]
3348 4332 3421 4386 ad
3470 4350 3528 4388 se

1922 4420 2118 4475 venire
2147 4417 2464 4484 mandavit,
2497 4434 2766 4489 eumque,
2800 4418 2939 4472 dum
2961 4419 3395 4476 deambulatum
3425 4438 3530 4493 per

1923 4526 2157 4565 murum
2195 4507 2351 4562 urbis
2381 4507 2525 4561 irent
2562 4509 2619 4561 et
2666 4505 2772 4561 sibi
2804 4507 3146 4563 alterutrum
3178 4509 3530 4566 sermocina-

1925 4603 2146 4664 rentur,
2176 4596 2534 4669 praecipitem
2565 4595 2837 4650 deorsum
2868 4595 3005 4667 egit.
3035 4595 3139 4661 Qui
3171 4613 3346 4652 ruens
3372 4615 3530 4655 com-

1926 4687 2150 4742 minuto
2182 4687 2423 4741 cerebro
2452 4684 2811 4740 examinatus
2841 4688 2945 4739 est.
2980 4685 3055 4738 Ex
3076 4701 3145 4739 ee
3168 4701 3397 4758 quoque
3425 4703 3526 4758 ge-

1925 4775 2060 4830 nitis
2089 4776 2331 4830 minime
2362 4773 2618 4846 pepercit
2650 4791 2663 4840 ;
2692 4773 2812 4841 sed,
2845 4789 2942 4828 eos
2966 4773 3310 4846 strangulari
3326 4775 3528 4845 praeci-

1924 4862 2108 4933 piens,
2161 4864 2451 4918 universas
2498 4860 2923 4938 Theringerum
2994 4860 3248 4916 civitates
3300 4862 3529 4917 Francis

1922 4952 2268 5024 subjugavit,
2301 4951 2659 5023 pristinaque
2703 4966 2801 5005 eos
2822 4948 2990 5021 jussit
3034 4948 3284 5006 incolere
3337 4951 3525 5007 demi-

1921 5040 2068 5096 cilia.

2559 5127 2783 5184 CAPUT
2810 5128 2872 5184 X.

1990 5218 2072 5272 De
2091 5218 2294 5288 origine
2317 5215 2654 5271 Francorum
2682 5217 2873 5270 citatus
2891 5214 3044 5270 divus
3066 5215 3452 5287 Hieronymus.

1990 5306 2251 5378 Denique
2282 5306 2525 5360 Francos
2540 5304 2750 5359 'l‘horin
2759 5321 2966 5375 gerum
2998 5305 3141 5360 ﬁnes
3161 5305 3318 5376 prius
3336 5322 3526 5377 posse-

1923 5395 2067 5449 disse
2098 5395 2361 5466 superior
2382 5394 2691 5448 declaravit
2715 5411 2928 5448 sermo.
2948 5394 3059 5448 Sed
3091 5397 3148 5448 et
3179 5395 3379 5450 beatus
3407 5394 3529 5449 Hie-

1921 5502 2217 5555 ronymus,
2250 5484 2308 5537 in
2340 5486 2611 5556 opusculo
2643 5485 2796 5555 quod
2827 5484 2898 5537 de
2928 5483 3054 5536 Vita
3085 5484 3278 5538 Sancti
3306 5485 3530 5554 scripsit

1927 5573 2249 5639 Hilarionis,
2282 5573 2479 5627 asserit
2508 5574 2656 5626 hanc
2680 5574 2940 5643 gentem,
2973 5587 3090 5626 non
3116 5575 3238 5626 tam
3269 5574 3526 5644 amplam

1916 5677 2089 5734 quam
2121 5662 2442 5730 robustam,
2462 5661 2611 5717 inter
2632 5661 2775 5737 ﬁnes
2800 5658 3092 5716 Saxonum
3108 5660 3404 5732 quondam
3427 5659 3527 5715 ha-
