3940 6166
480 325 580 386 ὒῊ

1567 323 1834 383 AIMOINI
1859 323 2172 385 MONACHI
2188 324 2682 388 FLORIACENSIS
3625 339 3712 401 072

485 452 697 510 bitasse
723 453 780 510 et
802 451 1285 520 Alamannorum,
1307 467 1643 535 memorans
1672 450 1822 507 illius
1843 451 2095 508 nationis
2114 456 2169 516 Α
2195 451 2549 524 ingredienti
2565 454 2805 510 domum
2838 454 3010 527 pedes
3025 470 3332 529 apparuere
3353 455 3538 512 detecti
3560 474 3718 519 arma-

486 542 766 599 illustrem
774 544 1050 615 juvenem
1064 543 1135 598 ab
1158 541 1364 598 eodem
1379 543 1498 598 viro
1511 542 1612 596 Dei
1624 542 1890 597 daemone
1908 542 2090 613 ejecto

486 632 658 688 fuisse
684 635 1086 689 curatum.Nec
1112 632 1280 688 nobis
1308 633 1472 689 oneri
1503 632 1612 687 erit
1634 632 1810 703 ipsius
1841 631 2090 686 disertis-

480 721 613 776 simi
667 721 839 776 verba
888 737 1106 793 ponere
1143 721 1268 789 viri,
1301 738 1430 777 cum
1474 723 1531 776 et
1560 724 1817 787 nqstram
1849 720 1909 790 (si
1938 719 2089 774 inse-

481 811 707 882 rantur)
720 812 1035 866 honestent
1053 812 1386 878 materiam,
1406 813 1463 864 et
1484 810 1673 882 gentis
1688 809 2086 864 fortitudinem

480 899 852 956 innotescant
880 901 1099 973 pariter
1123 904 1181 956 et
1231 900 1498 955 decorem
1536 898 1745 966 ;simul
1803 897 1977 953 etiam
2030 899 2091 951 ut

478 989 660 1043 virtus
692 989 794 1044 Dei
833 988 892 1043 in
925 989 1126 1060 gentili
1164 1005 1394 1061 quoque
1426 990 1665 1060 operata
1700 986 1939 1043 homine
1978 986 2089 1042 evi-

484 1076 692 1132 denter
724 1082 1021 1150 appareat.
1054 1077 1149 1132 Ait
1177 1093 1318 1149 ergo
1350 1075 1556 1130 divinas
1586 1075 1729 1147 legis
1757 1074 2042 1146 interpres
2070 1089 2088 1131 :

488 1188 516 1216 «
546 1166 897 1223 Candidatus
928 1165 1247 1221 Constantii
1277 1164 1645 1236 imperatoris
1670 1164 1871 1218 rutilus
1901 1180 2088 1231 coma,

484 1258 543 1310 et
572 1255 825 1310 candore
864 1253 1121 1326 corporis
1148 1253 1406 1308 indicans
1429 1252 1783 1325 provinciam
1807 1251 1978 1324 (inter
1999 1252 2095 1307 Sa-

483 1360 663 1399 xones
694 1343 905 1416 quippe
937 1360 1003 1397 ac
1030 1344 1385 1397 Alamannos
1401 1358 1543 1413 gens
1562 1342 1684 1411 ejus
1705 1357 1823 1395 non
1844 1345 1961 1395 tam
1980 1343 2097 1396 lata

485 1448 663 1503 quam
692 1431 1065 1502 valida,apud
1091 1430 1391 1485 historicos
1409 1429 1903 1497 Germania,nunc
1926 1430 2097 1484 Fran-

483 1520 572 1573 cia
601 1518 810 1573 dicitur
850 1517 1111 1590 antiqua)
1161 1518 1231 1573 ab
1263 1518 1507 1573 infantia
1555 1535 1843 1591 possessus
1896 1535 1930 1572 a
1978 1518 2092 1572 da:-

484 1623 684 1675 mone,
719 1606 815 1679 qui
848 1607 1112 1661 noctibus
1142 1624 1272 1661 eum
1294 1606 1955 1678 ululare,ingemiscere,
1977 1606 2091 1660 fre-

483 1711 647 1750 mere
701 1694 967 1750 dentibus
1002 1694 1405 1767 compellebat.
1436 1694 1534 1749 Hic
1565 1699 1785 1750 secreto
1816 1696 1888 1749 ab
1915 1695 2094 1767 impe-

2197 546 2411 598 torum.
2447 544 2612 609 Quod
2643 544 2738 600 ubi
2769 543 3191 611 animadvertit,
3221 560 3346 599 suos
3372 562 3554 617 capere
3580 564 3718 604 arma

2187 631 2374 702 jubet,
2393 650 2566 706 seque
2585 634 2926 704 praecedere.
2951 632 3229 687 Iutellexit
3244 633 3484 703 protinus
3507 634 3724 691 Theodo-

2193 720 2344 775 ricus
2376 721 2615 776 fratrem
2665 723 2862 777 dolum
2894 720 3281 792 prmsensisse;
3313 725 3384 785 et,
3416 738 3480 775 ne
3515 724 3723 795 amplius

2195 810 2569 865 manifestum
2601 811 2766 865 fieret
2790 810 3028 877 factum,
3054 810 3178 864 loco
3204 809 3443 863 muneris
3470 809 3656 864 discum
3683 811 3724 864 ei

2194 899 2294 955 dat
2343 902 2710 971 argenteum,
2744 899 2960 971 gratias
3014 915 3191 971 agens
3232 902 3456 970 propter
3498 899 3726 955 collatum

2193 988 2488 1043 auxilium.
2521 988 2914 1043 Nescientibus
2943 1004 3081 1059 ergo
3104 986 3215 1041 suis
3238 986 3371 1058 quid
3396 988 3567 1041 actum
3592 987 3732 1058 foret,

2192 1075 2478 1132 Clotarius
2508 1079 2792 1131 metatum
2823 1076 3054 1147 repetiit
3083 1092 3268 1130 suum.
3302 1076 3430 1130 Post
3450 1075 3560 1129 haec
3583 1074 3733 1130 Theo-

2195 1164 2422 1220 doricus
2458 1182 2588 1220 cum
2616 1166 2731 1220 suis
2757 1169 2989 1238 questus
3013 1164 3135 1219 sine
3188 1180 3354 1219 causa
3376 1180 3431 1218 se
3456 1180 3604 1217 suum
3630 1179 3737 1234 per-

2195 1253 2406 1308 didisse
2443 1254 2721 1321 catinum,
2755 1254 3040 1309 advocans
3076 1253 3522 1308 Theodebertum
3568 1251 3736 1321 filium,

2199 1363 2228 1391 ‹‹
2259 1342 2432 1407 Vade,
2466 1341 2566 1410 ait,
2598 1344 2672 1397 ad
2701 1346 2971 1414 patruum
2996 1345 3182 1408 tuum,
3214 1344 3271 1395 et
3289 1344 3414 1413 pete
3444 1340 3509 1395 ab
3537 1356 3596 1395 eo
3636 1356 3741 1392 vasa

2196 1446 2291 1485 me
2318 1431 2368 1485 ei
2401 1431 2555 1486 dono
2588 1431 2803 1486 datum.
2833 1451 2859 1480 »
2893 1431 3049 1486 Abiit
3070 1431 3184 1498 illa,
3213 1445 3278 1484 ac
3305 1429 3421 1483 sine
3444 1444 3594 1482 mora
3617 1425 3742 1498 quod

2196 1520 2360 1591 petiit
2382 1520 2730 1591 impetravit.
2752 1520 3033 1575 Clotarius
3065 1519 3199 1573 inde
3229 1516 3566 1590 regrediens,
3592 1515 3741 1568 Bade-

2193 1608 2437 1679 gundim
2468 1608 2647 1664 filiam
2676 1607 2968 1663 Bertharii'
2986 1606 3138 1679 regis
3168 1622 3359 1661 secum
3386 1604 3618 1668 abduxit,
3639 1618 3743 1674 qua:

2193 1698 2568 1768 postmodum
2599 1698 2753 1771 apud
2783 1697 3072 1753 Pictavam
3108 1695 3311 1752 urbem
3368 1691 3548 1749 multis
3571 1688 3744 1747 effulsit

484 1788 680 1840 ratore
719 1784 1075 1840 evectionem
1098 1785 1282 1856 petiit,
1298 1800 1528 1839 causam
1549 1783 1950 1855 eisimpliciter
1978 1801 1989 1838 :
2012 1784 2093 1839 in-
2116 1780 2167 1839 B
2191 1785 2512 1842 virtutibus.

481 1873 699 1941 dicans,
719 1876 798 1941 et,
817 1872 1061 1946 acceptis
1077 1873 1149 1928 ad
1162 1874 1522 1928 consularem
1540 1889 1768 1946 quoque
1788 1872 2090 1928 Palestina:

480 1961 707 2029 litteris,
741 1978 872 2016 cum
904 1961 1128 2033 ingenti
1175 1962 1398 2017 honore
1452 1978 1518 2017 ac
1557 1961 1838 2017 comitatu
1881 1961 2088 2017 Gazam

484 2049 761 2105 ded-uetus
788 2052 890 2106 est.
922 2048 1028 2114 Qui
1058 2066 1187 2105 cum
1219 2067 1254 2104 a
1307 2049 1711 2105 decurionibus
1766 2049 1877 2104 loci
1940 2049 2091 2104 illius

480 2137 773 2210 quaesisset
804 2138 899 2194 ubi
924 2138 1213 2194 habitaret
1249 2138 1504 2193 Hilarion
1536 2140 1874 2206 monachus,
1907 2137 2089 2193 territi

479 2227 776 2294 Gazenses,
805 2229 1216 2300 putanteseum
1247 2228 1317 2282 ab
1346 2227 1700 2298 imperatore
1727 2226 1986 2293 missum,
2017 2227 2090 2281 ad

480 2315 901 2371 monasterium
917 2318 1316 2387 perrexerunt,
1332 2320 1395 2370 ut
1410 2319 1467 2370 et
1483 2317 1767 2371 honorem
1796 2332 2091 2370 commen-

477 2405 616 2459 dato
638 2404 996 2473 exhiberent,
1029 2407 1106 2471 et,
1138 2404 1183 2457 si
1211 2404 1351 2476 quid
1371 2421 1436 2459 ex
1466 2404 2088 2476 praeteritisinjuriisin

476 2493 830 2549 Hilarionem
853 2494 1001 2548 esset
1044 2492 1297 2560 offensae,
1346 2509 1494 2548 novo
1538 2493 1727 2549 officio
1776 2493 2086 2551 deleretur.

475 2583 896 2640 Deambulabat
924 2585 1119 2637 autem
1146 2586 1282 2637 tunc
1312 2599 1482 2638 senex
1522 2583 1580 2637 in
1611 2582 1800 2637 arenis
1825 2583 2090 2639 mollibus

477 2675 535 2727 et
559 2688 753 2727 secum
779 2671 852 2725 de
881 2670 1115 2742 psalmis
1144 2670 1333 2727 nescio
1363 2671 1500 2744 quid
1551 2672 2084 2726 submurmurabat.

475 2761 800 2832 Vidensque
822 2761 1050 2814 tantam
1079 2759 1311 2815 turbam
1329 2760 1681 2828 venientem,
1715 2760 1989 2828 subsistit,
2008 2764 2085 2830 et,

445 2849 800 2911 ~resalutatis
830 2849 1100 2904 omnibus
1120 2864 1412 2922 manuque
1444 2849 1525 2904 eis
1554 2848 1926 2918 benedicens,
1959 2854 2088 2920 post

473 2940 680 2996 horam
713 2940 952 2994 caeteros
983 2937 1141 2993 abire
1203 2938 1478 3010 prwcepit
1506 2955 1520 3006 ;
1553 2937 1716 2992 illum
1761 2954 1895 2992 vero
1953 2954 2085 2994 cum

473 3028 650 3084 servis
674 3026 790 3082 suis
803 3029 862 3081 et
882 3025 1308 3099 apparitoribus
1334 3042 1594 3083 manere.
1614 3028 1690 3080 Ex
1724 3026 1901 3081 oculis
1927 3026 2085 3081 enim

2264 1875 2406 1930 Cum
2425 1875 2692 1948 igitur,ut
2715 1874 2890 1949 prwfa
2902 1875 2938 1930 ti
2958 1871 3585 1943 sumus,Theodoricum
3603 1873 3743 1941 atque

2192 1962 2649 2031 Childebertum,
2709 1982 2853 2037 quos
2904 1966 3179 2037 junxerat
3235 1966 3457 2027 natura,
3506 1958 3743 2014 divideret

2190 2051 2497 2118 discordia,
2523 2053 2763 2108 tandem
2794 2053 3109 2108 domestico
3143 2051 3361 2108 foedere
3381 2047 3613 2104 civilium
3640 2047 3746 2099 sunt

2189 2143 2547 2215 sequestrata
2574 2142 2858 2196 bellorum
2884 2140 3224 2196 certamina.
3260 2138 3370 2193 Sed
3399 2133 3743 2210 quorumdam

2191 2229 2577 2285 nefandorum
2630 2230 3031 2285 molitionibus
3059 2228 3393 2291 hominum,
3432 2224 3521 2298 qui
3548 2219 3745 2278 assiduis

2190 2316 2445 2386 gaudent
2471 2318 2884 2374 mutationibus
2914 2334 3132 2384 rerum,
3166 2318 3377 2373 iterum
3430 2315 3596 2385 pactae
3623 2306 3746 2382 pacis

2189 2403 2399 2459 violata
2430 2408 2563 2460 sunt
2581 2406 2736 2477 jura.
2772 2408 3138 2478 Quapropter
3168 2404 3335 2461 multi
3369 2399 3627 2457 nobilium
3646 2395 3744 2460 ﬁlii.

2191 2492 2417 2547 obsides
2444 2499 2687 2567 utraque
2715 2512 2783 2550 ex
2811 2498 2974 2568 parte
2995 2495 3091 2568 qui
3124 2495 3356 2550 fuerant
3381 2491 3514 2555 dati,
3532 2482 3746 2542 servituti

2189 2580 2761 2653 subjiciuntur.lnter
2786 2587 3021 2639 caeteros
3043 2600 3178 2639 vere
3201 2598 3380 2654 nepos
3408 2576 3552 2634 beati
3569 2576 3745 2644 Grego-

2188 2668 2259 2723 rii
2285 2669 2612 2742 Lingonicze
2665 2655 2822 2727 urbis
2850 2671 3125 2745 episcopi,
3161 2672 3301 2727 dum
3332 2665 3614 2739 cujusdam
3637 2661 3745 2716 bar-

2189 2757 2333 2813 barii
2377 2760 2606 2815 servitio
2659 2766 3041 2834 premeretur,
3076 2778 3111 2816 a
3163 2755 3470 2815 memorati
3499 2748 3744 2826 pontiﬁcis

2189 2862 2372 2914 servo,
2389 2849 2578 2905 Leone
2601 2850 2904 2917 vocabulo,
2928 2849 3024 2921 qui
3056 2846 3449 2921 praeparandis
3479 2840 3643 2916 epulis
3663 2836 3748 2892 mi-

2188 2934 2488 2992 nisterium
2513 2938 2839 3005 exhibebat,
2859 2935 3586 3009 subducitur,pristianue
3615 2926 3748 2982 liber-

2187 3023 2292 3077 tati
2315 3028 2425 3080 hoc
2452 3026 2657 3081 ordine
2679 3026 3246 3082 restituitur.Audito
3276 3024 3482 3098 quippe
3514 3015 3741 3090 praefatus

473 3118 598 3189 ejus
625 3133 690 3172 ac
713 3116 891 3183 vultu,
924 3130 1025 3169 cur
1046 3114 1313 3176 venisset,
1333 3119 1666 3187 agnoverat.
1699 3114 1905 3170 Statim
1945 3131 2083 3186 ergo
2117 3129 2165 3189 α
2185 3114 2453 3169 sacerdos
2496 3132 2626 3169 eum
2665 3116 2908 3170 Treviris
2934 3115 3205 3183 detineri,
3236 3113 3411 3168 mittit
3437 3122 3628 3182 pueros
3648 3101 3743 3175 qui,

473 3206 546 3262 ad
582 3203 1107 3275 interrogationem
1155 3220 1459 3274 suspensus
1482 3204 1683 3271 homo,
1718 3203 1809 3257 vix
1865 3206 2084 3259 terram
2186 3199 2377 3257 oblato
2397 3202 2635 3259 domino
2656 3205 2780 3277 ejus
2795 3204 3176 3277 pretio,illum
3196 3202 3400 3258 exinde
3414 3193 3743 3255 abducerent.

473 3294 729 3366 pedibus
762 3295 1007 3364 tangens
1035 3294 1095 3346 et
1122 3292 1377 3346 immane
1407 3292 1662 3363 rugiens.
1698 3290 1841 3363 Syro
1868 3292 2081 3364 quoin-

472 3384 801 3454 terrogatus
846 3380 1055 3449 fuerat,
1086 3396 1356 3436 sermone
1390 3380 1703 3451 respondit.
1728 3380 1960 3435 Videres
2012 3380 2082 3435 de

472 3487 574 3526 ore
603 3470 876 3536 barbaro,
911 3473 970 3524 et
996 3469 1093 3541 qui
1122 3469 1399 3523 Francam
1431 3470 1658 3523 tantum
1693 3484 1759 3523 ac
1816 3467 2081 3523 Latinam

472 3561 713 3614 noverat
740 3557 1024 3628 linguam,
1056 3556 1199 3629 Syra
1242 3557 1315 3611 ad
1341 3573 1550 3628 purum
1580 3557 1757 3612 verba
1785 3573 2076 3624 resonare,

472 3650 536 3702 ut
560 3664 679 3702 non
705 3645 917 3701 stridor
938 3645 1322 3719 aspirationis.
1348 3663 1465 3701 non
1483 3645 1700 3701 idioma
1724 3645 1958 3719 aliquod
1974 3648 2079 3701 Pa-

472 3735 677 3791 laestini
705 3736 928 3791 deesset
956 3734 1188 3807 eloquii.
1219 3735 1522 3791 Confessus
1553 3739 1639 3791 est
1665 3735 1858 3807 itaque
1880 3753 1993 3808 quo
2019 3736 2079 3791 in

472 3841 605 3880 eum
629 3825 806 3881 modo
834 3825 1065 3880 daemon
1092 3824 1394 3893 intrasset;
1424 3828 1501 3893 et,
1520 3829 1584 3880 ut
1597 3825 1945 3899 interpretes
1959 3826 2080 3898 ejus

472 3913 872 3985 intelligerent
898 3912 998 3986 qui
1017 3915 1272 3969 Graecam
1290 3918 1517 3970 tantum
1547 3932 1612 3970 ac
1633 3915 1894 3970 Latinam
1913 3933 2082 3971 nove-

468 4006 602 4059 rant
623 4003 903 4077 linguam,
922 4006 1114 4061 Graece
1132 4021 1360 4077 quoque
1383 4021 1518 4059 eum
1536 4005 1934 4078 interrogavit.
1956 4008 2078 4071 Quo

469 4092 686 4148 similia
737 4093 909 4149 verba
955 4094 1161 4149 eodem
1193 4094 1600 4165 respondente,
1634 4094 1902 4149 admirati
1926 4098 2077 4150 sunt.

466 4182 671 4236 Multas
682 4182 932 4254 denique
945 4182 1404 4238 incantationum
1418 4182 1469 4237 ei
1483 4183 1807 4238 occasiones
1819 4187 1878 4238 et
1891 4200 2080 4239 neces-

465 4270 695 4327 sitatem
711 4272 1069 4343 magicarum
1090 4272 1425 4328 obtendenti
1450 4272 1661 4327 artium
1691 4290 1703 4327 :
1724 4291 1755 4325 ‹‹
1773 4273 1897 4329 Non
1916 4290 2075 4341 curo,

465 4358 570 4427 ait,
604 4361 899 4431 quomodo
950 4360 1273 4424 intraveris,
1304 4361 1404 4416 sed
1434 4363 1496 4416 ut
1521 4378 1691 4417 exeas
1722 4362 1779 4417 in
1839 4363 2078 4418 nomine
2101 4384 2155 4444 Ι)

468 4448 704 4504 Domini
722 4450 901 4504 nostri
913 4451 1042 4505 Jesu
1064 4449 1269 4506 Christi
1291 4450 1836 4522 impero.»Cumque
1853 4454 2079 4507 curatus

467 4540 636 4605 esset,
674 4536 1042 4610 simplicitate
1085 4537 1295 4593 rustica
1330 4540 1531 4594 decem
1564 4540 1688 4595 auri
1719 4540 1894 4596 libras
1938 4540 2077 4597 olfe-

465 4643 623 4693 rens,
651 4625 1040 4682 hordeaceum
1099 4626 1170 4680 ab
1201 4642 1268 4681 eo
1315 4627 1536 4699 accepit
1573 4645 1809 4700 panem,
1841 4629 2078 4685 audiens

467 4715 624 4788 quod
662 4714 759 4786 qui
788 4716 887 4771 tali
917 4714 1045 4770 cibo
1077 4716 1367 4771 alerentur
1386 4733 1592 4772 aurum
1620 4734 1724 4791 pro
1750 4718 1871 4774 luto
1906 4719 2076 4774 duce-

466 4807 619 4859 rent.
644 4822 675 4855 »
704 4803 832 4857 Haec
863 4803 1003 4858 dixit
1032 4804 1431 4876 Hieronymus,
1461 4805 1546 4859 vir
1574 4806 1633 4862 in
1663 4812 1861 4863 sancta
1885 4809 2075 4863 Eccle-

465 4892 551 4946 sia
571 4890 734 4945 omni
765 4891 1002 4946 laudum
1050 4893 1340 4964 praeconio
1375 4893 1603 4964 dignus.
1635 4896 1748 4951 Nos
1778 4899 1971 4952 autem
2002 4896 2076 4952 ad

464 4996 593 5035 rem
623 4982 870 5052 coeptam
904 4983 1193 5036 vertamus
1223 4982 1551 5040 articulum.

1106 5069 1328 5125 CAPUT
1348 5072 1432 5127 ΧΙ.

668 5156 751 5213 De
778 5158 994 5230 religuis
1025 5156 1260 5215 Clotariz'
1285 5166 1335 5214 et
1364 5158 1680 5214 Theoderici
1702 5163 1881 5231 gestis.

534 5244 795 5318 Denique
836 5246 975 5302 dum
1009 5248 1161 5318 apud
1213 5248 1569 5320 Thoringam
1617 5265 1794 5305 morai
1846 5248 2073 5315 ﬁerent,

461 5333 847 5389 Theodericus
875 5335 1038 5390 fratri
1066 5336 1312 5392 Clotario
1345 5338 1593 5393 occultas
1630 5342 1789 5409 parat
1817 5338 2071 5408 insidias,

465 5438 832 5495 expansoque
860 5425 918 5479 in
945 5429 1109 5496 parte
1126 5426 1332 5481 domus
1351 5428 1756 5494 velo,armatos
1778 5432 1905 5499 post
1934 5428 2070 5483 illud

465 5524 617 5569 stare
640 5512 810 5584 jubet
838 5515 933 5587 qui
967 5516 1278 5571 Clotarium
1308 5517 1379 5571 ad
1401 5534 1568 5572 suum
1598 5518 1925 5575 venientem
1957 5519 2072 5574 col-

460 5602 724 5676 loquium
745 5602 1139 5676 eximproviso
1159 5604 1579 5661 iuterimerent.
1607 5606 1857 5664 Clotario
1880 5609 2072 5680 itaque

2186 3286 2401 3351 Quibus
2429 3293 2706 3349 barbarus
2754 3295 3056 3367 respondit
3088 3312 3100 3349 :
3139 3317 3167 3345 «
3203 3293 3321 3361 Hic,
3353 3290 3622 3364 inquiens.
3647 3288 3744 3338 iam

2180 3368 2444 3448 praeclari
2474 3382 2702 3452 generis
2750 3399 2896 3453 puer
2947 3400 3064 3438 non
3122 3381 3465 3448 dimittetur,
3504 3377 3602 3434 nisi
3629 3373 3743 3432 mihi

2183 3465 2385 3522 decem
2415 3468 2574 3526 librae
2602 3471 2724 3525 auri
2756 3471 2983 3526 dentur.
3009 3493 3037 3521 ››
3069 3472 3182 3526 Illis
3209 3472 3330 3526 haec
3356 3468 3608 3542 episcopo
3629 3481 3746 3519 nun-

2182 3553 2480 3621 tiantibus,
2503 3558 2613 3614 Leo
2636 3575 2695 3613 se
2718 3560 2925 3615 obtulit
2952 3559 3179 3615 dicens:
3214 3581 3243 3610 ‹‹
3274 3557 3541 3615 Permitte
3575 3570 3674 3620 me,
3700 3553 3745 3606 et

2181 3657 2290 3714 980
2309 3662 2415 3716 per
2437 3648 2540 3702 Dei
2561 3647 2835 3705 auxilium
2865 3666 3109 3722 puerum
3133 3648 3412 3704 liberabo.
3444 3668 3471 3695 »
3505 3643 3616 3709 Quo
3638 3656 3743 3714 per-

2181 3731 2449 3790 mittente
2460 3736 2806 3807 {quaesitum
2832 3737 2925 3792 ille
2948 3738 3264 3809 quemdam
3297 3734 3583 3793 hominem
3606 3729 3746 3799 rogat

2181 3825 2244 3875 ut
2262 3839 2322 3877 se
2354 3823 2592 3880 domino
2617 3824 2801 3896 pueri,
2823 3826 2981 3898 quasi
3006 3826 3308 3899 proprium
3335 3824 3621 3887 famulum,
3638 3832 3745 3871 ven-

2181 3908 2301 3975 dat,
2331 3915 2389 3965 et
2413 3914 2663 3983 pretium
2692 3916 2817 3970 loco
2852 3914 3115 3971 beneficii
3143 3914 3203 3969 in
3235 3932 3366 3970 suos
3395 3929 3521 3970 usus
3545 3906 3739 3964 habeat.

2181 3997 2430 4054 Obaudit
2452 4000 2545 4056 ille
2577 4001 2752 4063 dicto.
2779 4006 2837 4056 et
2864 4020 2998 4057 eum
3025 4004 3332 4058 duodecim
3355 4000 3535 4057 aureis
3560 4008 3744 4051 memo-

2179 4092 2304 4143 rato
2336 4089 2595 4144 vendidit
2624 4090 2764 4148 viro.
2802 4091 2978 4156 Qaarit
3006 4091 3217 4147 deinde
3243 4092 3501 4147 detenter
3527 4104 3558 4142 a
3583 4086 3740 4139 Leone

2179 4176 2317 4248 quid
2341 4178 2533 4251 operis
2559 4179 2664 4233 scit
2680 4197 2875 4251 agere.
2900 4180 3000 4236 Cui
3021 4181 3132 4235 Leo
3162 4197 3175 4235 :
3213 4204 3241 4231 «
3275 4183 3337 4235 In
3366 4168 3739 4253 praeparandis.

2178 4266 2388 4339 inquit,
2409 4269 2593 4341 epulis
2625 4271 2814 4324 nullus
2837 4286 2931 4325 me
2961 4270 3243 4343 praeteriit
3268 4267 3557 4339 disc1plina
3576 4260 3738 4318 artis»

2178 4359 2432 4430 Imperat
2458 4375 2596 4430 ergo
2630 4356 2907 4414 dominus
2926 4362 2987 4414 ut
3016 4358 3366 4414 adveniente
3389 4356 3477 4412 die
3507 4350 3637 4410 Solis
3661 4345 3739 4418 (sic

2178 4445 2335 4500 enim
2376 4446 2608 4501 barbari
2637 4446 2788 4502 diem
2823 4450 3029 4502 vocant
3059 4446 3443 4510 Dominicam)
3474 4444 3576 4499 tale
3603 4436 3740 4511 parci

2176 4534 2524 4603 convivium,
2556 4536 2711 4607 quod
2738 4535 2961 4590 venturi
3002 4536 3077 4590 ad
3128 4552 3265 4591 eum
3306 4533 3472 4590 amici
3522 4524 3739 4585 habeant

2178 4623 2553 4679 admiratum.
2580 4625 2872 4692 Quodille,
2894 4630 3247 4697 congregata
3276 4620 3626 4681 multitudine
3640 4613 3738 4687 gal-

2177 4715 2365 4770 lorum
2399 4716 2876 4789 gallinaceorum,
2910 4715 2986 4770 ita
3015 4716 3362 4787 praeparavit
3406 4716 3465 4768 ut
3514 4702 3739 4765 dicereut

2176 4805 2429 4860 convivae
2460 4823 2519 4861 se
2551 4821 2656 4860 nec
2686 4804 2744 4859 in
2778 4821 2979 4860 mensa
3007 4804 3161 4874 regis
3189 4805 3305 4859 tale
3331 4801 3464 4876 quid
3494 4801 3734 4871 gustasse-

2161 4893 2406 4950 .Gavisus
2430 4895 2699 4950 dominus
2721 4894 2974 4949 Leonem
2999 4893 3399 4967 promptuario
3422 4885 3661 4964 praeficit,
3684 4893 3737 4934 ac

2176 5000 2469 5040 summam
2497 4985 2584 5040 sui
2613 4983 2863 5055 gratiam
2890 4983 3169 5055 impertit.

2252 5076 2385 5130 Post
2410 5074 2548 5129 anni
2570 5072 2845 5128 circulum
2866 5090 2995 5128 cum
3012 5074 3200 5128 Attalo
3227 5072 3309 5144 (id
3332 5071 3537 5145 quippe
3551 5073 3736 5121 nomen

2177 5164 2402 5235 nepotis
2432 5161 2682 5233 episcopi
2704 5166 2846 5227 erat)
2872 5162 2930 5216 in
2963 5166 3149 5236 prato,
3182 5179 3249 5217 eo
3279 5160 3431 5235 quod
3457 5159 3546 5214 ille
3573 5153 3738 5208 custos

2175 5268 2459 5326 equorum
2515 5255 2682 5319 esset,
2715 5251 3030 5307 descendit.
3063 5252 3130 5305 Et
3159 5251 3330 5305 versis
3368 5248 3471 5303 sibi
3524 5240 3736 5326 invicem

2177 5324 2382 5405 dorsis,
2414 5358 2487 5397 ne
2538 5345 3010 5412 agnoscerentur,
3041 5342 3360 5413 loquentes,
3392 5336 3633 5392 Attalum
3672 5324 3735 5379 sic

2175 5432 2525 5502 compellare
2554 5431 2725 5502 coepit
2753 5447 2765 5484 :
2804 5431 3098 5501 «Tempus
3119 5434 3223 5496 est,
3256 5428 3507 5501 inquam,
3540 5440 3570 5477 ο
3594 5430 3733 5491 puer.

2189 5524 2248 5573 ut
2272 5521 2340 5574 de
2360 5519 2544 5593 patria
2564 5519 3023 5591 cogitemusllac
3047 5519 3217 5591 igitur
3237 5520 3401 5573 nocte
3427 5516 3557 5569 dum
3585 5517 3735 5593 equms

2181 5626 2213 5664 e
2242 5613 2408 5681 pastu
2433 5608 2744 5676 reduxeris,
2773 5625 2906 5663 cave
2933 5625 3005 5663 ne
3034 5623 3240 5664 somno
3270 5602 3532 5679 graveris,
3562 5591 3735 5656 sed,“t
