3940 6166
208 444 298 508 m
1246 412 1567 482 HISTORIA
1591 404 2054 475 FRANCORUM.
2086 446 2156 458 -
2184 404 2318 473 LIB.
2349 407 2421 472 ll.
3433 407 3540 475 s7;

213 584 346 625 ame
371 566 600 621 vocatus
627 555 820 623 fueris,
834 552 945 611 iter
966 552 1014 609 si
1040 551 1194 624 sapis
1215 552 1475 605 nostrum
1498 544 1748 617 parabis.
1775 561 1805 592 »
1825 538 1877 603 Α
1914 540 1972 593 et
2003 537 2084 594 ait
2116 556 2133 592 :
2160 560 2189 590 «
2219 535 2263 592 Ν
2274 554 2386 593 unc
2421 535 2569 592 mihi
2605 533 2835 594 bonum
2889 537 2976 594 est
3032 534 3185 594 mori
3216 539 3483 596 cumﬁliis

212 658 439 714 Eaforte
484 654 652 708 nocte
678 649 808 715 Leo,
855 658 1141 717 generum
1187 637 1411 695 domini
1450 636 1522 692 ad
1563 636 1805 690 domum
1911 627 2075 682 meis.
2109 627 2332 682 Mortua
2361 628 2483 717 est
2515 626 2719 697 pietas.
2757 629 2918 717 Nunc
2947 627 3206 700 profecto
3257 628 3401 683 illud
3454 632 3541 685 est

207 746 531 802 redeuntem
564 714 911 812 prosecutus,
945 734 1080 788 vina
1119 728 1392 802 porrexit.
1423 726 1522 782 Cui
1553 725 1649 779 ille
1663 724 1801 795 joco
1904 717 2137 787 tempus
2159 731 2298 786 quo,
2327 714 2373 768 si
2400 730 2609 768 omnes
2629 732 2734 770 sua
2765 715 2907 770 dent
2935 714 3193 783 consilia,
3221 715 3354 769 huic
3388 719 3539 772 malo

209 836 303 890 ait:
334 856 361 883 α
395 832 515 897 Dic,
548 802 582 885 ὁ
616 842 777 899 puer,
799 825 841 879 si
867 824 1082 887 valeas,
1112 836 1228 892 qua
1254 821 1421 872 nocte
1453 815 1519 871 ad
1550 813 1801 886 patriam
1906 803 2232 899 remedium
2254 802 3052 899 inveniantnullum.Novum
3072 804 3183 857 hoc
3212 804 3417 874 ﬂagitii
3437 821 3538 876 ge-

205 921 396 980 reverti
413 890 668 975 destinas
683 918 710 969 ?
731 890 863 969 »Ἀᾶ
880 927 1060 984 quem
1085 890 1198 963 Leo
1220 908 1358 963 item
1372 904 1646 978 jocaudo,
1662 903 1806 957 veri-
1905 908 2015 945 Dus
2032 893 2139 954 est,
2154 907 2269 961 quo
2294 890 2493 984 patrui
2520 890 2920 946 innocentium
2934 892 3415 962 .appetuntvitam
3443 910 3540 949 ne.

205 979 371 1070 tatem
402 1022 604 1064 tamen
631 1005 854 1061 effatus:
883 979 916 1055 ἆ
944 1003 1086 1067 Hac,
1138 996 1327 1070 inquit
1368 998 1558 1061 nocte,
1590 993 1635 1046 si
1658 994 1806 1048 Deus
1907 982 2135 1070 potum.
2154 979 2906 1051 Doleo,fateor,parricidas
2920 995 3225 1051 generasse
3254 997 3351 1036 me
3366 980 3535 1051 ﬁlios,

205 1098 652 1177 permiserit.»—
678 1119 704 1146 ι
720 1066 1343 1162 Utinam,aitalter,me
1355 1081 1678 1139 custodiant
1689 1082 1805 1136 mei
1907 1068 2007 1141 qui
2024 1084 2145 1166 non
2162 1072 2403 1177 possent
2415 1066 3228 1177 parcere‘parentib‘us.S.edde
3247 1069 3361 1125 illis
3377 1073 3537 1177 taceo

205 1156 413 1256 famuli,
447 1205 524 1242 ne
561 1183 698 1258 quid
728 1183 795 1237 de
825 1156 1008 1237 domo
1039 1193 1176 1231 mea
1206 1175 1450 1229 auferas.
1484 1193 1513 1220 »
1546 1170 1803 1225 Necdum
1908 1156 2225 1258 quosjusta
2246 1157 2525 1228 allegatio
2558 1161 2845 1213 maternae
2867 1156 3208 1211 calamitatis
3234 1161 3541 1217 exososfe-

203 1243 379 1352 itaque
400 1243 609 1348 prima
636 1271 811 1328 noctis
830 1269 1034 1341 quiete
1084 1266 1393 1329 transacta,
1443 1261 1555 1315 Leo
1592 1259 1665 1313 ad
1711 1262 1803 1313 At-
1906 1248 2087 1343 οξπίὶξι·
2119 1243 2338 1342 νεξνξυῐι
2361 1244 2424 1352 i1:
2445 1245 2569 1343 ξδῐίε
2588 1245 2761 1299 “una?
2774 1243 3345 1352 Γξῖρθνίυξηυνοξυθω
3363 1248 3541 1305 Offen-

400 1331 720 1438 properans
743 1331 949 1432 quaerit
975 1373 1053 1411 an
1093 1353 1334 1409 haberet
1360 1350 1647 1423 spatham.
1679 1346 1803 1411 Quo
1904 1331 2120 1438 ξίοῐξξδνι
2144 1331 3167 1438 ηίδίίίιξῼάίῐιιΐθὲοίξηδιίξξεὲίδίξξιθ
3185 1333 3542 1438 δίίίεξνξίθῦίιᾶ

204 1418 445 1529 negant;
491 1418 589 1508 ὼε
636 1469 670 1505 a
714 1418 897 1521 cépile
951 1442 1179 1501 domini
1226 1441 1311 1496 sui
1357 1442 1580 1494 scutum
1634 1437 1804 1492 simul
1906 1418 2409 1529 injviiie'turportio
2427 1419 3540 1529 paterthereditatis.Pereuntitaque

1438 1528 1445 1529 -
1565 1528 1571 1529 -
1910 1524 1933 1529 Α
2064 1524 2084 1529 Α
2121 1524 2278 1529 Δ..-..-
2317 1511 2414 1529 ---31
2448 1509 2458 1529 3
2528 1527 2537 1529 -
2644 1512 2866 1529 -----ι---..
2900 1507 3004 1529 312-
3070 1511 3123 1529 Al
3170 1527 3279 1529 ,,,,_,
3370 1517 3380 1529 ι
3495 1516 3506 1526 ο

1907 1508 1983 1563 ad
2016 1508 2286 1562 dolorem
2316 1509 2483 1578 mihi,
2516 1510 2590 1565 ad
2614 1510 2874 1564 fructum
2900 1508 3027 1563 illis.
3055 1511 3130 1564 At
3159 1517 3390 1583 quaerat
3412 1516 3540 1588 quis

1910 1602 1972 1651 ut
2003 1595 2143 1668 quid
2170 1611 2271 1651 eos
2285 1597 2552 1653 occidere
2574 1598 2774 1654 velint.
2797 1596 3122 1667 Cognoscat
3142 1599 3279 1671 quia
3301 1603 3379 1660 ad
3398 1621 3542 1676 prae-

1907 1702 2041 1739 sens
2070 1683 2208 1756 ipsis
2227 1701 2389 1740 mors
2408 1702 2613 1741 eorum
2646 1684 2927 1758 proficiet.
2966 1685 3228 1742 Miseram
3261 1706 3383 1760 me,
3411 1709 3541 1764 quae

1908 1776 1984 1831 ad
2014 1776 2119 1829 hos
2146 1774 2370 1831 fructus
2396 1776 2772 1831 fecunditatis
2790 1792 2917 1830 sum
2952 1782 3264 1848 reservata,
3299 1785 3365 1837 ut
3392 1783 3541 1838 infe-

203 1528 319 1602 cum
372 1544 601 1597 framea
651 1538 857 1601 aufert,
926 1531 1356 1603 sciscitantique
1419 1528 1657 1584 domino
1711 1545 1802 1583 re-

203 1634 423 1708 spondit
461 1650 523 1687 se
555 1647 695 1697 esse,
742 1628 1004 1698 velleque
1043 1623 1321 1687 Attalum,
1369 1618 1466 1691 qui
1520 1621 1803 1690 tanquam

201 1723 375 1779 ebrius
404 1720 757 1794 quiescebat,
791 1716 1090 1781 suscitare,
1134 1716 1194 1767 ut
1232 1711 1306 1766 ad
1358 1713 1585 1782 pastum
1626 1724 1806 1780 equos

202 1812 453 1867 deducat.
489 1810 588 1863 Illo
627 1823 761 1861 vero
795 1821 915 1860 non
953 1804 1267 1867 abnuente,
1303 1798 1594 1870 profectus
1623 1800 1708 1851 est
1734 1795 1806 1850 ad

200 1900 472 1966 Attalum;
508 1896 874 1966 ascensisque
923 1890 1082 1963 equis
1135 1888 1430 1962 raptisque
1461 1885 1806 1958 quibusdam
1837 1872 1889 1930 Β
1910 1862 2043 1966 licia
2071 1861 2152 1916 eis
2185 1864 3231 1966 ῼοξνίὲθτθξηῃυῦθξθβυξιῐξξῖιίοἶξᾶΐδι
3255 1876 3541 1944 nepotum

200 1988 433 2042 vestibus
464 1986 580 2040 sive
624 1981 1007 2047 ornamentis,
1056 1978 1246 2033 triduo
1291 1975 1479 2048 jejuni
1510 1976 1618 2030 iter
1646 1990 1809 2047 pera-

201 2079 352 2149 gunt.
380 2074 698 2129 Venientes
722 2087 855 2125 vero
892 2084 1062 2139 super
1084 2068 1318 2133 Mosam,
1348 2066 1486 2120 dum
1513 2083 1546 2120 a
1576 2064 1810 2136 quibus-

201 2164 318 2219 dam
347 2163 777 2227 detinerentur,
814 2157 1025 2213 relictis
1056 2156 1218 2229 equis
1244 2170 1415 2226 super
1439 2170 1674 2225 parmas
1705 2152 1814 2206 ﬂu-

201 2253 340 2309 vium
371 2250 850 2315 transmearunt;
878 2246 1226 2317 inventaque
1243 2244 1453 2299 arbore
1475 2242 1672 2316 pruni,
1688 2241 1814 2312 ejus

200 2343 371 2398 ablato
409 2342 626 2407 fructu,
676 2338 834 2392 inter
862 2336 974 2391 iter
1020 2335 1316 2406 agendum
1362 2349 1430 2388 eo
1469 2350 1528 2387 se
1572 2332 1811 2387 satiant.

202 2433 366 2488 l’orro
393 2431 554 2485 viam
587 2425 834 2499 ingressi
865 2424 1213 2497 Campaniae,
1232 2425 1401 2478 nocte
1423 2422 1677 2493 quadam
1707 2438 1811 2475 au-

202 2520 350 2575 diunt
366 2518 630 2575 sonitum
647 2519 777 2588 post
788 2517 952 2585 terga
967 2512 1319 2568 currentium
1331 2527 1613 2582 equorum
1626 2553 1639 2566 .
1652 2511 1814 2565 Tunc

203 2605 297 2662 Leo
327 2607 399 2661 ad
424 2619 715 2678 puerum:
751 2624 779 2652 ‹‹
816 2601 1280 2666 Prosternamur,
1298 2597 1506 2670 inquit,
1523 2601 1719 2665 terra},
1739 2612 1813 2651 ne

203 2694 514 2750 videamur.
552 2714 581 2741 »
605 2693 763 2748 Tunc
787 2691 916 2761 post
942 2692 1207 2744 truncum
1232 2686 1363 2742 rubi
1394 2704 1451 2741 se
1495 2687 1811 2751 collocant,

203 2784 452 2839 extractis
483 2786 688 2837 tamen
726 2778 951 2850 gladiis,
983 2784 1064 2846 ut,
1096 2778 1140 2834 si
1171 2793 1402 2832 necesse
1434 2776 1607 2843 foret,
1630 2774 1721 2828 bis
1751 2790 1812 2828 se

209 2871 591 2927 defensarent.
620 2868 852 2940 Equites
872 2884 1001 2923 vero
1028 2884 1097 2923 eo
1124 2865 1233 2921 loci
1257 2863 1666 2930 constiterunt,
1682 2878 1810 2933 spe-

204 2964 406 3016 ctantes
432 2961 626 3016 donec
654 2958 785 3030 equi
812 2957 974 3011 urina
991 2956 1340 3011 selevarent.
1373 2953 1641 3024 Dixitque
1665 2951 1813 3005 alter

206 3048 268 3103 ad
287 3050 536 3104 alterum
556 3065 569 3102 :
596 3070 624 3097 «
643 3047 735 3101 Vae
751 3045 912 3114 mihi,
931 3045 1062 3117 quia
1074 3044 1304 3115 fugiunt
1324 3042 1382 3097 hi
1405 3036 1805 3097 detestabiles!

205 3136 397 3191 Verum
432 3137 481 3191 si
518 3134 932 3200 invenirentur,
956 3149 1131 3187 unum
1157 3149 1222 3186 ex
1236 3131 1318 3185 eis
1332 3125 1811 3203 patibulo,alium

1912 1953 2213 2006 auferrent
2229 1953 2483 2024 pignora
2502 1951 2515 2005 ι
2538 1954 2682 2024 Ego,
2698 1952 2788 2006 inf
2789 1954 2991 2021 antuli,
3005 1957 3207 2011 vestrae
3220 1974 3395 2015 causa
3411 1977 3538 2016 sum

1913 2037 2280 2113 perditionis,
2304 2057 2435 2111 qua:
2466 2040 2906 2097 inconsideratis
2944 2045 3423 2112 persuasionibus
3443 2065 3545 2121 pa-

1913 2130 2069 2182 trem
2090 2131 2349 2182 vestrum
2384 2129 2573 2200 objeci
2600 2129 2873 2200 periculis
2903 2131 3126 2189 mortis.
3161 2132 3317 2191 Satis
3345 2136 3543 2193 infelia

1914 2218 2108 2270 mater
2130 2214 2385 2284 fueram,
2433 2218 2560 2273 avia
2606 2219 2757 2274 volui
2790 2236 2912 2274 esse
2966 2220 3287 2282 sollicitior.
3331 2206 3544 2284 Videns

1914 2303 2061 2359 mihi
2089 2307 2328 2360 aetatem
2352 2306 2686 2377 precedere,
2718 2308 2935 2364 tentavi
2961 2313 3265 2371 consulere
3295 2320 3426 2388 post
3446 2334 3543 2374 me

1915 2395 2225 2464 nepotibus
2246 2398 2454 2467 ;atque
2480 2398 2707 2452 utinam
2738 2399 3186 2456 consuluissem!
3249 2404 3362 2462 Sed
3388 2425 3544 2464 nunc

1916 2499 2016 2537 eos
2035 2483 2180 2537 mihi
2204 2483 2445 2554 quidem
2475 2486 2647 2560 eripit
2675 2487 3056 2543 intolerabilis
3076 2506 3366 2565 aerumna,
3398 2515 3547 2571 quos

1916 2571 2106 2644 magis
2138 2570 2443 2643 magisque
2474 2575 2988 2631 commendaverat
3004 2581 3219 2637 natura
3235 2588 3294 2639 et
3323 2570 3544 2641 miseri-

1916 2661 2137 2715 cordia.
2155 2658 2398 2716 Summe
2424 2662 2595 2731 Deus,
2612 2681 2685 2719 ne
2712 2664 2867 2720 inter
2881 2683 3088 2739 greges
3105 2672 3416 2729 noxiorum
3440 2675 3541 2730 de-

1915 2754 2086 2821 putes
2118 2746 2346 2803 animas
2366 2750 2788 2821 innocentium,
2815 2770 2920 2808 nec
2941 2771 3199 2814 eassaeva
3214 2761 3539 2818 inferorum

1914 2838 2180 2894 crucient
2193 2838 2509 2908 supplicia;
2541 2840 2641 2895 sed
2668 2842 2889 2896 mundo
2911 2859 3233 2914 supernum
3266 2849 3381 2905 iter
3411 2867 3539 2905 car-

1912 2926 2191 2999 pentibus
2206 2942 2237 2978 e
2255 2927 2492 2998 vestigio
2511 2929 2823 3000 tranquilla
2838 2933 3072 2986 aeternae
3084 2934 3215 2989 vita:
3228 2938 3540 2994 succedant

1912 3014 2267 3072 habitacula.
2288 3036 2316 3064 »
2352 3017 2447 3070 llis
2471 3017 3065 3090 dictis,indignatione
3094 3022 3267 3077 simul
3298 3028 3356 3078 et
3373 3041 3536 3079 com-

1914 3108 2190 3178 passione
2220 3122 2328 3161 vox
2359 3110 2445 3161 est
2473 3107 2795 3179 intercepta
2826 3109 3136 3179 loquentis.
3169 3113 3380 3168 Verum
3439 3113 3538 3169 ubi

220 3182 397 3191 πη..-
432 3182 481 3191 υ-
518 3182 931 3200 ---η----κηη
960 3182 1131 3187 _-____-
1162 3182 1222 3186 ,η
1332 3182 1359 3203 π
1606 3182 1617 3194 ,

207 3226 527 3298 gladiorum
552 3223 759 3278 ictibus
778 3222 1102 3294 perderem.
1132 3242 1160 3269 ››
1192 3221 1327 3274 Erat
1351 3222 1547 3273 autem
1576 3213 1812 3287 quihaec

1921 3199 2190 3269 spiritum
2217 3198 2529 3270 resumpsit
2563 3215 2576 3252 :
2624 3219 2654 3248 «
2706 3199 2774 3251 Et
2800 3197 2964 3269 quid,
2997 3199 3098 3268 ait,
3126 3202 3283 3257 aliud
3306 3206 3488 3258 restat
3510 3204 3539 3257 ‘?

204 3314 539 3387 loquebatur
568 3311 836 3368 dominus
864 3311 1112 3365 illorum.
1148 3308 1250 3372 Qui
1280 3307 1451 3361 motis
1483 3303 1656 3376 equis
1680 3318 1813 3357 cum

203 3403 338 3459 socio
366 3401 609 3459 recessit
632 3418 668 3455 a
696 3402 838 3455 loco.
872 3399 950 3454 Illi
979 3415 1113 3453 vero
1156 3396 1359 3451 eadem
1394 3395 1572 3448 nocte
1622 3390 1816 3446 Remis

202 3491 508 3559 venientes,
539 3508 573 3546 a
628 3488 956 3561 presbytero
1002 3487 1256 3541 Paulello
1308 3500 1414 3556 per
1453 3480 1705 3537 biduum
1732 3496 1819 3535 re-

202 3581 383 3649 creati,
420 3580 503 3635 ad
527 3579 763 3634 beatum
777 3576 1114 3648 Gregorium
1135 3575 1269 3629 sunt
1289 3568 1563 3642 regressi.
1597 3569 1821 3624 Attalus

201 3684 316 3725 cum
352 3668 572 3742 gaudio
595 3669 904 3739 susceptus,
927 3667 1039 3721 Leo
1059 3680 1191 3719 cum
1209 3678 1385 3716 uxore
1407 3676 1473 3713 ac
1494 3656 1631 3712 ﬁliis
1653 3657 1823 3712 liber-

203 3758 305 3811 tate
334 3756 707 3829 prtemioque
734 3757 904 3809 terrae
931 3753 1178 3809 donatus
1203 3754 1312 3805 est.

818 3841 1041 3898 CAPUT
1075 3840 1188 3896 Xll.

577 3934 661 3989 De
694 3933 814 3988 dolo
846 3934 901 3986 in
943 3931 1083 4003 ﬁlios
1114 3926 1435 3984 Clodomz'ri.

268 4028 496 4084 Interea
530 4023 789 4081 Clotildis
816 4021 1023 4093 regina
1059 4016 1306 4074 Parisius
1342 4014 1626 4083 residens,
1675 4015 1823 4072 filios

208 4111 782 4184 Clodomiri,nepotes
797 4127 948 4173 suos,
965 4107 1164 4164 solerti
1184 4105 1475 4160 nutrichat
1493 4103 1819 4176 diligentia.

212 4204 601 4263 Childebertus
624 4204 816 4257 autem
839 4200 959 4254 zelo
989 4197 1216 4263 ductus,
1244 4193 1401 4266 quod
1423 4191 1657 4249 videbat
1676 4194 1827 4265 regi-

208 4309 329 4349 nam
360 4298 703 4351 maternum
718 4304 888 4360 super
902 4304 999 4342 eos
1014 4284 1333 4341 declinasse
1353 4281 1638 4350 animum,
1658 4288 1824 4337 autu-

211 4396 361 4439 mans
386 4380 659 4454 deperire
675 4378 781 4433 sibi
805 4373 1084 4450 quidquid
1110 4370 1357 4427 materni
1382 4369 1617 4426 affectus
1636 4372 1695 4425 in
1717 4371 1826 4425 illis

215 4470 746 4534 trausfundebalur,
778 4464 1093 4521 Clotarium
1120 4461 1331 4516 excitat
1365 4462 1426 4513 ut
1450 4475 1479 4512 e
1513 4460 1705 4514 medio
1726 4460 1828 4515 ho-

218 4559 423 4614 minum
457 4555 704 4613 tollendi
736 4554 1126 4609 adolescentes
1162 4547 1525 4604 occasionem
1579 4550 1822 4619 quaerat.

219 4644 527 4719 Dolasaque
543 4642 866 4699 adinvicem
889 4641 1186 4711 captantes
1199 4634 1455 4703 consilia,
1479 4634 1551 4689 ad
1575 4640 1825 4690 matrem

217 4732 461 4807 dirigunt
481 4733 582 4807 qui
604 4732 963 4786 memoratos
978 4729 1220 4801 juvenes
1241 4725 1311 4780 ab
1337 4739 1405 4779 ea
1429 4726 1718 4794 susceptos
1751 4724 1825 4778 ad

218 4838 268 4877 se
281 4824 642 4894 perduceret,
667 4822 986 4876 asserentes
999 4818 1140 4873 velle
1154 4833 1213 4871 se
1229 4813 1487 4869 debitam
1509 4811 1644 4884 ipsis
1658 4812 1825 4885 regni

216 4910 442 4967 reddere
457 4908 1029 4985 portionem.Dolum
1043 4903 1246 4976 regina
1258 4919 1375 4958 non
1388 4901 1651 4972 praevidit
1664 4918 1828 4957 man-

221 4997 455 5073 dataque
475 5001 667 5056 filioru
679 5015 734 5053 m
752 4996 1021 5070 paruiteo
1036 4993 1344 5049 studiosius
1357 5008 1470 5063 quo
1489 4990 1824 5045 adolescen-

222 5088 343 5143 tulis
366 5089 518 5145 bene
551 5105 673 5143 esse
726 5084 1130 5159 gratulabatur
1172 5081 1518 5137 consultum.
1567 5078 1828 5150 Suscepit

222 5174 430 5249 legatus
454 5180 721 5250 juvenes,
740 5179 803 5230 ut
815 5192 912 5230 eos
935 5173 1247 5229 deduceret
1268 5170 1337 5225 ad
1348 5185 1515 5240 reges
1535 5169 1614 5223 Eo
1643 5168 1824 5222 disce-

227 5262 412 5333 dente,
427 5284 459 5322 e
490 5264 731 5337 vestigio
757 5263 913 5318 venit
943 5264 1107 5329 alter,
1121 5258 1366 5329 forcipes
1385 5260 1439 5311 et
1454 5255 1710 5328 gladium
1724 5256 1822 5310 de-

223 5350 420 5411 ferens.
456 5355 675 5420 Quibus
701 5352 906 5424 regina
948 5350 1078 5406 visis
1116 5346 1356 5420 inquirit
1397 5344 1533 5417 quid
1574 5344 1677 5399 sibi
1714 5344 1824 5399 ista

224 5445 406 5501 velint.
443 5445 541 5501 Cui
574 5443 935 5501 veredarius:
972 5464 999 5493 «
1032 5440 1143 5508 Sic,
1187 5436 1397 5509 inquit,
1422 5434 1700 5491 mandant
1722 5433 1823 5488 ﬁlii

225 5532 323 5602 tui,
341 5535 473 5591 velis
502 5552 575 5590 ne
595 5536 837 5607 nepotes
860 5539 987 5587 tuos
1000 5527 1248 5595 tonderi,
1267 5544 1339 5581 an
1354 5524 1549 5597 gladio
1564 5522 1825 5595 percuti?

228 5619 498 5680 Delibera.
532 5623 723 5678 Unum
743 5622 903 5677 enim
922 5636 1124 5677 eorum
1139 5633 1368 5673 necesse
1385 5618 1472 5670 est
1487 5612 1631 5670 fieri.
1662 5637 1681 5661 ι
1701 5613 1824 5678 Quo

228 5706 322 5768 illa
334 5713 543 5788 audito,
564 5713 681 5770 alta
697 5712 931 5769 trahens
945 5728 979 5768 a
994 5713 1226 5785 pectore
1240 5704 1500 5782 suspiria,
1516 5702 1821 5779 ingemuit,

1916 3286 2190 3343 Conditio
2212 3286 2357 3341 mihi
2377 3287 2616 3343 offertur
2636 3290 2829 3342 utrum
2848 3288 3054 3343 malim
3081 3305 3180 3346 eos
3205 3290 3538 3356 tonderi,an

1917 3378 2117 3450 gladio
2157 3378 2398 3450 percuti.
2432 3379 2545 3434 Sed
2581 3379 2870 3450 utcunque
2897 3394 2957 3433 se
2989 3396 3082 3435 res
3110 3382 3325 3437 habeat
3348 3383 3536 3437 nulla-

1918 3471 2093 3523 tenus
2111 3467 2348 3524 clericos
2379 3468 2505 3523 ﬁeri
2535 3467 2743 3540 patiar.
2781 3485 2814 3519 »

1994 3560 2127 3614 Haec
2143 3558 2519 3633 dixit,putans
2536 3559 2692 3631 quod
2705 3557 2919 3631 pietate
2937 3559 3070 3615 ﬂexi
3085 3564 3314 3618 naturae
3328 3563 3535 3617 atanto

1923 3648 2266 3704 desisterent
2285 3646 2795 3712 scelere.Quamvis
2813 3648 2975 3705 enim
2994 3651 3047 3705 ei
3072 3655 3213 3706 nota
3232 3655 3382 3707 esset
3408 3651 3537 3707 Clo-

1923 3739 2056 3794 tarii
2087 3738 2305 3806 feritas,
2338 3754 2637 3810 nunquam
2672 3741 2871 3793 tamen
2901 3741 3140 3795 credere
3167 3741 3358 3811 potuit
3381 3740 3539 3814 quod

1924 3845 2104 3900 usque
2127 3828 2201 3883 ad
2216 3827 2604 3901 parricidium
2626 3832 3122 3900 perseveraret.At
3151 3831 3247 3883 ille
3276 3831 3450 3901 longe
3464 3830 3536 3885 ab

1924 3917 2047 3987 ejus
2077 3896 2366 3972 sententia
2405 3917 2702 3983 aberrans,
2734 3919 3035 3987 arreptum
3072 3917 3364 3972 seniorem
3397 3920 3538 3972 natu

1924 4022 2169 4080 puerum
2187 4006 2261 4061 ad
2273 4009 2494 4061 terram
2511 4004 3032 4076 elisit,cultelloque
3048 4006 3194 4059 latus
3208 4004 3539 4076 perfodiens

1924 4097 2039 4151 vita
2058 4095 2320 4168 privavit.
2347 4096 2511 4160 Quod
2531 4110 2774 4150 cernens
2788 4093 3089 4165 junior,ad
3101 4093 3534 4149 Cbildebertum

1925 4203 1984 4240 se
2014 4186 2285 4255 contulit;
2325 4188 2383 4241 et
2420 4185 2663 4240 suffusus
2691 4183 2964 4255 lacrymis
2985 4184 3172 4257 specie
3197 4183 3535 4253 miserabili,

1927 4274 2119 4348 patrui
2137 4275 2429 4329 inhaerens
2452 4273 2723 4345 vestigiis,
2750 4288 2917 4327 orare
2942 4273 3197 4340 veniam,
3223 4288 3288 4327 ac
3318 4277 3382 4327 ut
3410 4272 3535 4328 ani-

1928 4380 2091 4418 mum
2125 4362 2229 4418 sibi
2259 4364 2412 4435 regis
2437 4363 2671 4417 Clotarii
2689 4360 3064 4417 conciliatum
3080 4362 3350 4417 redderet
3368 4363 3534 4418 obse-

1927 4454 2295 4509 crare.Motus
2317 4452 2412 4507 ille
2429 4451 2804 4506 miseratione
2834 4450 3079 4506 fratrem
3111 4451 3533 4523 deprecabatur

1928 4544 1991 4598 ut
2018 4545 2238 4597 natura:
2252 4540 2744 4612 contemplatione
2762 4539 3201 4607 molliretiram,
3221 4541 3535 4613 nepotique

1925 4634 2211 4703 parceret,
2242 4646 2415 4703 supra
2445 4629 2592 4684 iram
2621 4628 2977 4684 constituens
2999 4629 3092 4699 jus
3119 4632 3360 4684 naturae.
3394 4631 3536 4686 Pro-

1927 4720 2199 4775 mittebat
2216 4718 2393 4774 etiam
2424 4734 2482 4773 se
2495 4734 2599 4789 pro
2615 4717 2787 4789 hujus
2816 4716 2901 4773 rei
2926 4716 3311 4773 vicissitudine
3321 4718 3537 4772 benefi-

1925 4808 2079 4863 cium
2110 4808 2269 4881 quod
2301 4807 2422 4879 ipse
2443 4808 2616 4862 vellet
2664 4821 3137 4876 recompensare.
3187 4805 3288 4861 Cui
3313 4807 3529 4862 frater:

1932 4920 1960 4949 «
1993 4898 2145 4952 Dum
2178 4900 2263 4965 tu,
2296 4895 2504 4969 inquit,
2532 4896 2703 4967 hujus
2723 4897 2859 4949 tacti
2907 4894 3173 4950 minister
3227 4895 3439 4965 existis,
3473 4899 3536 4951 ut

1928 4987 2067 5060 quid
2094 4987 2354 5042 misereri
2383 4987 2525 5040 velle
2551 4989 2606 5040 te
2628 4984 2893 5040 simulas?
2912 4984 3059 5049 Quin
3080 4985 3270 5058 potius
3290 5002 3535 5058 puerum

1927 5080 2037 5132 ate
2063 5077 2410 5148 expelle,aut
2435 5091 2539 5146 pro
2562 5090 2631 5129 eo
2661 5090 2912 5129 morere.
2968 5093 3001 5127 »
3061 5074 3272 5129 veritus
3300 5075 3526 5130 Childe-

1901 5158 2126 5221 'bertus
2156 5165 2330 5218 verba
2360 5164 2573 5233 fratris,
2608 5179 2713 5217 nec
2738 5162 2861 5234 ejus
2888 5164 3105 5232 valens,
3161 5163 3278 5218 imo
3310 5164 3532 5230 nolens,

1927 5253 2219 5308 contraire
2240 5253 2797 5326 voluntati,puerum
2817 5268 2851 5307 a
2872 5270 2931 5307 se
2947 5252 3380 5325 repulit.'Quem
3407 5250 3533 5305 Clo-

1924 5344 2104 5400 tarius
2128 5361 2196 5399 eo
2223 5359 2336 5416 quo
2360 5343 2603 5397 fratrem
2631 5341 2774 5413 ejus,
2810 5340 3109 5397 interemit
3154 5341 3349 5416 modo.
3385 5339 3533 5395 Reli-

1925 5450 2070 5507 quus
2100 5433 2198 5506 qui
2230 5434 2530 5505 supererat
2549 5448 2579 5486 e
2617 5430 2910 5497 fratribus,
2933 5431 3060 5484 vitae
3084 5430 3272 5504 potius
3289 5415 3353 5487 ac
3368 5428 3535 5486 saluti

1928 5538 2105 5596 quam
2122 5538 2301 5593 regno
2322 5521 2598 5584 intentus,
2614 5522 2887 5593 prompta
2905 5518 3317 5575 fidissimorum
3333 5517 3533 5575 sibifa-

1927 5612 2221 5667 mulorum
2249 5626 2357 5682 ope
2391 5627 2541 5677 usus,
2596 5608 2737 5680 fuga
2787 5623 2846 5662 se
2895 5607 3111 5661 exemit
3161 5608 3436 5680 periculo.
3468 5605 3533 5660 Ει

1928 5717 2147 5758 nomen
2178 5699 2513 5757 Clodoaldo.
2543 5697 2650 5764 Qui
2671 5700 2871 5772 postea
2907 5695 3145 5751 clericus
3170 5695 3373 5765 factus,
3399 5709 3533 5770 pre-
