3940 6166
465 394 582 454 ἴδἿὸ
1573 383 1840 448 ᾹΙΜῸΙΝΙ
1869 392 2021 449 ΜΟΝ.

2170 393 2180 449 l
2202 383 2695 452 FLO'RIACENSIS
3638 408 3726 462 676

476 522 782 595 sbyterque
804 517 1120 580 ordinatus,
1147 516 1321 589 digne
1344 518 1430 570 est
1451 518 1838 571 conversatus.
1864 517 1931 570 Et
1950 516 2077 570 vitae
2099 522 2156 582 Α
2180 516 2401 588 legatos
2425 519 2498 572 ad
2528 522 2781 573 castrum
2815 518 3177 590 Caprariam,
3234 525 3296 575 ut
3348 522 3447 577 sibi
3473 524 3601 580 cives
3626 544 3734 601 ape.

477 611 656 666 ﬁnem
693 610 943 676 sortitus,
997 605 1276 661 Noviento
1304 605 1438 659 villa
1468 605 1744 659 territorii
1785 605 2081 660 Parisiacae
2184 609 2358 673 riant,
2393 606 2608 678 dirigit.
2643 607 2952 662 Deutheria
2994 625 3127 662 vero
3168 609 3369 664 mulier
3387 612 3574 667 nobilis
3599 620 3732 671 etsa-

477 699 633 754 urbis
653 699 926 770 sepultus,
962 695 1159 750 multis
1206 694 1622 748 miraculorum
1647 693 1826 763 signis
1856 695 1998 748 coelo
2022 711 2080 748 se
2182 694 2366 765 piens,
2394 696 2554 766 cujus
2585 695 2669 750 vir
2698 696 2769 750 ad
2793 696 3130 766 praedictam
3152 698 3349 752 urbem
3364 704 3579 771 propter
3593 703 3736 759 hosti-

473 787 663 842 vivere
685 787 956 841 declarat.
977 784 1257 839 Clotarius
1274 782 1747 849 autem,nutritiis
1767 798 2081 854 puerorum
2183 782 2298 835 lem
2347 783 2652 838 transierat
2695 783 3012 850 incursum,
3059 785 3444 841 Tbeodeberto
3487 791 3738 846 mandavit

468 874 690 947 pariter
715 874 840 929 neci
870 873 1115 941 traditis,
1151 890 1384 928 ascenso
1417 889 1586 944 equo,
1620 872 1691 926 ab
1730 888 1797 925 eo
1848 873 2084 926 recessit
2184 871 2339 940 quod
2365 871 2599 926 veniens
2621 889 2754 926 cum
2786 888 2925 943 pace
2972 873 3368 944 susciperetur.
3409 874 3519 938 Quo
3555 879 3733 934 adven-

470 963 597 1017 loco
632 981 749 1017 una
798 979 928 1017 cum
963 962 1096 1016 suis.
1153 963 1309 1035 Tunc
1355 959 1608 1015 Clotildis
1639 959 1842 1035 regina
1891 961 2084 1035 ablata
2183 959 2479 1026 tante,illa
2508 960 2559 1014 ei
2583 960 2813 1014 obviam
2839 963 2923 1015 est
2947 977 3263 1032 progressa.
3293 963 3455 1034 Cujus
3473 966 3637 1035 specie
3657 985 3734 1023 rex

469 1037 754 1106 nepotum
780 1035 1115 1107 corpuscula
1136 1033 1411 1088 condiens
1433 1030 1873 1098 aromatibus,in
1899 1033 2080 1087 sancti
2185 1050 2402 1118 captus,
2436 1064 2536 1103 suo
2567 1064 2700 1103 eam
2729 1030 3026 1120 conjungi,
3053 1030 3254 1105 simul.

471 1122 623 1178 Petri
651 1123 884 1178 basilica
903 1122 1039 1178 fecit
1057 1123 1318 1176 humare.
2789 1137 3010 1192 CAPUT
3048 1139 3178 1192 XIV.

1076 1211 1300 1266 CAPUT
1325 1211 1457 1266 XIII.
2505 1225 2588 1278 De
2619 1225 2946 1281 Theodorico
2978 1233 3026 1279 et
3058 1227 3428 1282 Theodeberto.

755 1298 838 1389 De
865 1299 1346 1389 Langobaﬂiqrunt
1370 1300 1579 1389 (ξνίίθεήθ
1591 1301 1867 1389 ῥέε-θεειάτο-
2254 1315 2316 1366 In
2349 1312 2550 1368 diebus
2573 1313 2683 1368 illis
2695 1314 3098 1381 Theodericus,
3124 1316 3465 1387 Sigivaldum
3483 1322 3738 1389 parentem

535 1387 924 1443 Theodoricus
952 1386 1557 1442 autemTheodeberto
1580 1386 1696 1440 ﬁlio
1716 1403 1816 1441 suo
1837 1387 2081 1458 despon-

2183 1418 2351 1455 suum
2386 1401 2652 1457 occidens
2683 1403 2898 1473 gladio,
2931 1405 3077 1458 clam
3095 1386 3737 1460 mandavitTheodeberto

470 1477 558 1534 dit
582 1493 842 1544 uxorem,
864 1476 1142 1530 vocabulo
1160 1474 2080 1547 Wisegardam,ﬁliamWachonis
2184 1493 2246 1544 ut
2271 1491 2452 1544 mium
2487 1493 2628 1562 ejus,
2662 1491 2759 1562 qui
2793 1509 2908 1546 una
2947 1509 3076 1546 cum
3109 1510 3178 1547 eo
3212 1493 3375 1561 ierat,
3407 1493 3739 1552 interimeret.

467 1565 622 1637 regis
660 1565 1195 1637 LODSObardorum-
1225 1564 1325 1620 Hic
1354 1565 1512 1618 locus
1538 1581 1642 1619 “05
1670 1564 1966 1630 admonet:
1990 1562 2078 1618 ίη·
2182 1579 2294 1634 Sed
2323 1579 2438 1646 ille,
2490 1596 2557 1634 eo
2591 1580 2746 1651 quod
2789 1581 2949 1634 illum
2996 1581 3065 1635 de
3117 1598 3278 1636 sacro
3324 1583 3479 1636 fonte
3523 1583 3741 1648 levasset,

469 1663 736 1718 termissa
766 1663 1062 1736 paululum
1085 1664 1286 1732 coeptae
1326 1662 1408 1716 rei
1441 1662 1606 1729 serie,
1639 1663 1938 1717 exordium
1975 1679 2078 1717 nos
2181 1668 2421 1722 ostensis
2452 1667 2707 1739 paternis
2762 1668 2962 1724 litteris
2991 1669 3190 1740 fugam
3221 1670 3412 1736 suasit,
3447 1670 3612 1724 donec
3639 1673 3742 1742 post

469 1751 904 1823 hujuspandere
927 1750 1135 1821 gentis,
1154 1751 1683 1822 etprazteritaretro
1704 1753 1973 1821 tempora
1993 1767 2078 1804 re-
2181 1759 2432 1810 mortem
2462 1757 2640 1826 patris
2673 1757 2794 1828 ipso
2825 1762 3108 1829 regnante
3122 1759 3194 1812 ad
3225 1776 3355 1813 eum
3383 1762 3738 1814 reverteretur.

470 1840 772 1895 tractando
799 1838 1339 1911 repetere;maxime
1355 1855 1486 1893 cum
1517 1839 2074 1910 praeclaraquzedam
2107 1846 2158 1905 B
2181 1844 2286 1909 Qui
2317 1845 2544 1916 fugiens
2561 1845 2714 1916 apud
2743 1846 2964 1900 Latium
2988 1847 3172 1901 latuit.
3201 1849 3331 1902 Post
3350 1848 3467 1901 haec
3489 1847 3743 1900 nuntiatur

469 1929 822 1983 Francorum
854 1930 1016 1998 gesta
1045 1927 1103 1980 in
1132 1927 1379 1982 Historia
1399 1927 1815 1982 contineantur
1853 1928 2074 1998 Longo-
2173 1933 2570 1988 Theodeberto
2601 1938 2828 2004 patrem
2861 1935 3113 2005 graviter
3163 1938 3462 2007 aegrotare.
3496 1935 3591 1999 Qui
3614 1938 3740 2004 post-

467 2018 806 2072 bardorum.
841 2017 1028 2071 Winili
1047 2017 1242 2089 igitur,
1275 2017 1370 2087 qui
1397 2021 1454 2071 et
1473 2017 1864 2087 Langobardi,
1891 2018 1962 2071 ab
1983 2018 2074 2072 in-
2175 2021 2372 2092 positis
2398 2021 2616 2075 caeteris
2642 2023 2813 2075 rebus
2840 2040 2906 2076 eo
2957 2024 3164 2091 tendit,
3197 2024 3497 2078 Deutheria
3524 2028 3741 2076 Arverno

461 2107 584 2160 sula
623 2105 967 2173 Germanizr,
992 2123 1119 2178 quae
1160 2106 1540 2160 Scaudinavia
1571 2106 1798 2173 dicitur,
1835 2105 2068 2177 egressi,
2174 2109 2392 2163 relicta.
2419 2110 2993 2178 Theodoricusenim,
3014 2129 3145 2165 cum
3167 2113 3291 2182 jam
3319 2111 3513 2181 viginti
3532 2114 3743 2181 quatuor

463 2195 598 2250 Ibor
619 2211 684 2249 ac
715 2195 896 2249 Aione
913 2194 1168 2260 ducibus,
1193 2195 1495 2266 regionem
1511 2211 1637 2265 quae
1662 2194 1980 2265 Scoringua
1994 2195 2073 2248 di-
2174 2197 2598 2268 annisregnum
2615 2197 2909 2265 tenuisset,
2926 2199 3042 2253 vita
3061 2200 3366 2267 decedens,
3388 2199 3740 2253 Theodeberto

465 2284 633 2346 citur,
664 2283 826 2354 quasi
854 2282 1164 2337 habitaturi
1180 2286 1311 2336 sunt
1336 2282 1693 2353 ingressi.De
1707 2299 1816 2354 qua
1835 2286 2073 2354 propter
2172 2284 2290 2339 ﬁlio
2318 2286 2622 2339 sedemsui
2657 2287 2889 2359 reliquit
2916 2288 3102 2358 regni.
3138 2287 3268 2354 Qui,
3303 2289 3619 2342 mansuetus
3637 2303 3745 2339 θυη-

461 2369 964 2441 victuspenuriam
986 2370 1138 2425 exire
1160 2371 2069 2442 compulsi,transieruntinMau-
2173 2373 2278 2427 ctis
2318 2377 2490 2445 atque
2541 2375 2855 2442 modestus,
2893 2376 3129 2446 justitize
3181 2394 3411 2448 quoque
3450 2377 3553 2429 fuit
3595 2377 3745 2428 cultor

459 2458 688 2530 ringua.
724 2459 884 2513 Unde
916 2459 1213 2529 progressi
1244 2459 1652 2513 habitaverunt
1681 2459 1738 2512 iu
1768 2459 2066 2516 Gollanda.
2173 2462 2457 2533 egregius.
2510 2463 2937 2535 Consurgentes
2983 2481 3119 2519 vero
3170 2465 3561 2519 Cbildebcrtus
3603 2467 3744 2534 atque

460 2545 812 2617 Mortuisque
826 2545 1294 2616 ducibus,regem
1310 2546 1412 2600 sibi
1433 2548 1863 2618 Agelmundum
1886 2549 2068 2604 filium
2173 2548 2455 2603 Clotarius
2485 2567 2613 2604 eum
2646 2567 2827 2621 regno
2854 2552 3066 2622 pellere
3109 2552 3302 2606 conati
3324 2554 3474 2606 sunt.
3507 2551 3642 2614 Quos
3670 2549 3746 2602 de-

460 2633 660 2690 Aionis
693 2633 852 2688 ducis
881 2637 1226 2702 statuerunt,
1260 2635 1357 2706 qui
1405 2650 1508 2704 per
1534 2635 1774 2706 triginta
1804 2640 1862 2690 et
1891 2638 2066 2694 trium
2171 2638 2432 2692 mulcens
2476 2639 2567 2692 ille
2619 2656 2868 2710 regnum
2911 2640 3194 2710 sagaciter
3221 2643 3463 2711 recepit;
3497 2640 3743 2708 missoque

465 2721 751 2778 curricula
776 2739 1069 2777 annorum
1096 2722 1208 2777 illis
1236 2723 1484 2794 prmfuit.
1539 2723 1640 2778 Cui
1670 2726 1937 2779 successit
1965 2727 2066 2781 La-
2171 2726 2396 2794 nuntio,
2423 2728 2791 2782 Deutheriam
2821 2729 2891 2782 ab
2923 2731 3178 2783 Arverno
3232 2745 3490 2795 evocans,
3519 2729 3613 2782 sibi
3639 2743 3743 2780 eam

460 2813 678 2868 missio.
717 2812 1058 2868 Lamissioni
1089 2830 1320 2886 quoque
1361 2815 1561 2868 Letbu.
1599 2817 1732 2869 Post
1762 2815 1947 2870 Letllu
1975 2834 2066 2871 re-
2170 2814 2228 2868 in
2264 2816 2698 2870 matrimonium
2734 2817 3039 2888 copulavit.
3085 2817 3344 2873 Cernens
3394 2817 3744 2872 Cbildebertus

465 2903 664 2976 gnavit
689 2903 981 2958 Hildehoc.
1017 2902 1138 2966 Quo
1196 2903 1490 2972 defuncto,
1523 2905 1757 2976 quintus
1800 2905 2070 2959 Gudehoc
2171 2903 2322 2972 quod
2357 2921 2490 2958 eum
2522 2905 2572 2958 vi
2605 2904 2708 2958 sibi
2750 2905 2994 2960 subdere
3045 2907 3332 2978 nequiret,
3384 2905 3622 2960 amicitia
3656 2903 3741 2957 sibi

459 3007 709 3063 regnum
737 2991 1002 3061 suscepit.
1037 2992 1252 3047 Deinde
1266 2996 1395 3063 post
1416 3009 1695 3063 pugnam,
1724 3010 1897 3064 quam
1919 2994 2070 3066 inter
2170 2991 2318 3044 necti
2342 2993 2704 3046 commodius
2719 2993 2898 3062 duxit,
2918 2993 3745 3066 accersitumquetriplicibusex

462 3079 784 3134 Odoacrem
807 3080 1198 3134 etFeIetheum
1213 3080 1383 3135 fuisse
1403 3081 1679 3152 superiori
1705 3097 2066 3135 commemo-
2093 3097 2139 3159 C
2173 3081 2332 3133 omni
2361 3082 2693 3152 supellectili
2723 3100 2825 3136 sua
2847 3083 3207 3138 ornamentis
3237 3084 3489 3139 donavit.
3513 3080 3741 3136 Civaldus

459 3168 711 3223 ravimus
742 3168 956 3234 libello,
991 3167 1232 3238 profecti
1273 3168 1636 3238 Longobardi
1671 3168 1740 3222 de
1789 3169 2068 3224 Gollanda
2171 3172 2388 3235 autem,
2424 3169 2696 3240 Sigivaldi
2728 3171 2876 3224 ﬁlius
2907 3171 3145 3225 audiens
3172 3170 3746 3226 Theodeberlumloco

457 3259 844 3327 pervenerunt
863 3255 921 3308 in
946 3255 1252 3325 Rugiland,
1279 3272 1406 3326 quae
1435 3255 1631 3309 Latine
1653 3257 1948 3326 Rugorum
1975 3274 2069 3327 pa-
2170 3257 2348 3326 patris
2365 3275 2631 3328 regnare,
2659 3259 2730 3312 ad
2749 3277 2880 3313 eum
2904 3260 3094 3313 rediit.
3122 3260 3308 3324 Quem
3329 3279 3426 3315 rex
3450 3259 3746 3315 .leosculaus

455 3345 568 3399 tria
597 3344 822 3399 dicitur.
853 3343 997 3396 Nam
1025 3343 1150 3396 land
1180 3343 1378 3412 lingua
1403 3344 1846 3409 Germanorum,
1881 3346 2068 3417 patria
2169 3349 2402 3399 cunctas
2435 3347 2485 3400 ei
2530 3350 2802 3417 paternas
2844 3348 3093 3402 restituit
3138 3349 3524 3415 hmreditates,
3563 3349 3681 3402 data
3706 3341 3745 3398 ci

460 3433 670 3487 dicitur
695 3431 871 3486 verbo
886 3431 1244 3485 Latinorum.
1275 3432 1554 3502 Exempto
1570 3434 1762 3485 autem
1795 3433 2066 3489 humanis
2166 3433 2340 3487 tertia
2352 3451 2415 3487 ex
2434 3435 2702 3489 omnibus
2717 3453 2843 3508 quae
2860 3454 2892 3490 a
2913 3439 3119 3509 patruo
3133 3441 3437 3510 acceperat
3451 3435 3748 3493 muneribus

461 3521 634 3576 rebus
664 3518 956 3584 Gudeboc,
985 3518 1250 3573 successit
1275 3518 1325 3571 ei
1349 3519 1496 3572 ﬁlius
1524 3519 1722 3574 Claﬁ‘o.
1740 3521 2063 3577 Decedente
2166 3525 2351 3592 parte.
2375 3523 2584 3577 Verum
2605 3524 2917 3579 Deutheria
2937 3542 3179 3580 cernens
3197 3527 3378 3582 ﬁliam
3401 3544 3576 3592 suam,
3599 3537 3746 3596 quam

458 3624 689 3679 quoque
712 3606 988 3661 Claﬂ‘one.
1007 3607 1146 3662 Tato
1169 3623 1417 3677 regnum
1441 3607 1640 3661 tenuit.
1660 3607 1780 3672 Quo
1801 3612 2062 3682 tempore
2165 3625 2231 3663 ex
2265 3610 2442 3681 priori
2476 3617 2804 3683 susceperat
2833 3613 2977 3680 viro,
3001 3615 3162 3670 valde
3195 3617 3477 3682 adultam,
3502 3616 3668 3670 verita
3690 3628 3747 3666 ne

458 3695 850 3767 Langobardi,
879 3695 1078 3750 relicta
1121 3696 1422 3766 Rugorum
1451 3695 1660 3768 patria,
1689 3701 1973 3752 venerunt
2003 3698 2062 3753 in
2168 3713 2348 3768 arege
2362 3700 2883 3772 concupisceretur,
2906 3703 3512 3777 vehiculoimpositam
3535 3700 3749 3759 indomi-

457 3783 676 3856 campis
711 3784 1063 3855 patentibus,
1123 3784 1223 3855 qui
1272 3799 1543 3839 sermone
1573 3785 1874 3842 barbarico
1933 3787 2065 3858 fclth
2167 3786 2353 3858 tisque
2383 3789 2565 3844 bobus
2597 3793 2840 3844 tractam
2871 3791 3022 3862 apud
3055 3792 3375 3848 Virdunum
3419 3793 3488 3848 de
3514 3794 3672 3865 ponte
3698 3788 3745 3843 in

456 3872 844 3944 appellantur,
859 3875 1311 3944 manseruntque
1330 3872 1431 3929 ibi.
1453 3872 1576 3937 Quo
1599 3874 1735 3929 dum
1756 3875 2066 3931 demoran-
2168 3875 2380 3930 Mosam
2400 3876 2746 3948 praecipitari
2767 3879 2956 3949 jussit.
2994 3881 3126 3934 Erat
3151 3899 3328 3952 porro
3357 3881 3747 3937 Tbeodebcrtus

455 3960 872 4028 tur,Radulfus,
901 3962 1346 4016 rexHerqurum
1358 3961 1562 4022 ,faadus
1576 3963 1730 4034 quod
1751 3980 1884 4018 cum
1906 3966 2069 4020 Tato-
2169 3978 2269 4016 rex
2281 3963 2512 4035 egregie
2526 3967 3141 4036 moratus.Agnoscens
3156 3984 3290 4024 vero
3305 3969 3460 4040 quod
3472 3963 3746 4022 Deutheria

447 4048 1271 4122 nepepigeratirrumpens,eo
1286 4051 2069 4122 quodcompereratfratrem
2172 4067 2357 4113 suam,
2387 4057 2449 4105 ut
2463 4052 2805 4123 prmdictum
2837 4056 2942 4121 est,
2963 4054 3358 4112 interemisset
3380 4057 3575 4127 ﬁliam,
3599 4069 3746 4123 repu-

453 4155 621 4202 suum
648 4156 1044 4216 germanuma
1069 4139 1188 4192 ﬁlia
1218 4138 1450 4195 Tatonis
1463 4139 1869 4195 nefandissime
1889 4142 2067 4198 inter-
2173 4137 2328 4192 diata
2357 4139 2498 4211 ipsa,
2529 4140 2903 4212 Visegardam
2935 4141 3146 4197 iterum
3179 4144 3286 4199 sibi
3313 4145 3557 4200 sociavit.

458 4237 745 4308 emptum,
777 4229 996 4283 bellum
1038 4227 1089 4282 ei
1145 4227 1358 4282 intulit.
1393 4227 1506 4282 Sed
1550 4229 1668 4299 ipse
1701 4246 1829 4284 cum
1863 4231 1975 4284 suis
2034 4249 2068 4288 a
2794 4231 3016 4286 CAPUT
3053 4231 3159 4285 xv.

457 4316 853 4393 Longobardis
882 4317 1202 4386 superatus,
1249 4314 1364 4369 vita
1397 4315 1614 4387 pariter
1663 4321 1722 4372 et
1767 4335 1949 4390 regno
1981 4325 2067 4375 est
2089 4389 2125 4393 _
2229 4387 2267 4393 _
2439 4316 2558 4393 _De
2590 4313 2859 4393 Belisarii
2885 4319 3096 4393 reliquis
3127 4323 3464 4376 successibus.

460 4411 734 4484 privatus.
769 4405 953 4459 Tanta
983 4405 1178 4457 autem
1218 4407 1606 4460 consternatio
1635 4423 1698 4460 ac
1756 4407 1838 4478 (ut
1879 4407 2016 4463 verii

2229 4387 2410 4442 Porro
2439 4388 2880 4461 Belisariuspost
2900 4387 3178 4461 inclytum
3200 4410 3374 4464 quem
3409 4394 3477 4447 de
3507 4387 3742 4445 Vandalis

461 4475 1250 4569 dicam)mentium_ali_enatio
1273 4493 1396 4564 ejus
1420 4493 1624 4569 invasit
1637 4496 1971 4564 exercitum,
2001 4517 2017 4553 ι

2183 4479 2228 4529 ιι
2279 4493 2451 4548 supra
2503 4476 2772 4545 diximus,
2830 4479 2981 4550 apud
3051 4481 3605 4553 Constantinopolim
3644 4475 3739 4547 egit

455 4563 666 4626 virides
695 4568 936 4637 segetes,
968 4563 1070 4617 lini
1127 4563 1381 4634 campes,
1443 4565 1686 4620 ﬂumina
1737 4563 2059 4625 crederent,
2163 4563 2808 4636 triumphum,intimus
2829 4568 3150 4623 amicorum
3177 4564 3742 4642 Justinianiprincipis

460 4659 727 4730 Dumque
760 4652 996 4710 brachia
1025 4651 1188 4723 quasi
1210 4653 1462 4707 nataturi
1480 4656 1878 4723 extenderent,
1914 4675 2062 4713 asu-
2162 4651 2950 4727 habebatur.Et,astipulante
2964 4657 3742 4730 priorissocietatispraeroga-

457 4745 922 4822 pervenientibus
936 4743 1057 4797 sine
1100 4740 1434 4797 difﬁcultate
1473 4743 1847 4801 caedebantur
1883 4749 2059 4803 bosti-
2166 4741 2296 4808 liva,
2320 4759 2451 4797 Cum
2471 4742 2622 4797 inter
2637 4745 2853 4815 Primos
2871 4748 3225 4800 secretorum
3244 4748 3491 4802 arbitros
3516 4747 3626 4817 ipse
3641 4740 3740 4814 pri-

457 4836 756 4895 bus.lrruit
769 4837 960 4888 autem
985 4847 1154 4901 super
1194 4830 1495 4885 Tationem
1547 4832 1756 4888 Wacho
1780 4835 1930 4890 ﬁlius
1942 4838 2061 4892 fra-
2163 4847 2292 4884 mus
2307 4832 2697 4899 accersiretur,
2719 4835 3033 4888 multorum
3049 4839 3253 4889 contra
3267 4835 3652 4890 seinvidorum
3668 4847 3743 4884 ex-

454 4927 560 4982 tris
576 4923 1108 4991 suiﬁnterfectoquc
1125 4918 1472 4990 eo,ipsejam
1487 4924 1715 4975 octavus
1728 4939 1899 4993 super
1911 4926 2057 4980 Lon-
2161 4918 2354 4974 citavit
2373 4920 2568 4974 corda.
2589 4920 2692 4983 Qui
2712 4921 2972 4976 dolentes
2989 4923 3253 4978 uberiore
3267 4925 3427 4978 illum
3444 4924 3647 4995 pollere
3660 4934 3743 4990 po-

457 5013 745 5089 gobardus
760 5024 1007 5082 regnum
1027 5006 1412 5078 tenuit.llujus
1429 5007 1630 5076 ﬁliam,
1645 5012 2058 5081 utpraedictum
2161 5008 2595 5080 tentia,sibique
2615 5009 2956 5080 deputantes
2971 5012 3200 5065 officere
3217 5012 3275 5066 in
3297 5030 3408 5084 quo
3424 5013 3513 5067 ille
3531 5009 3744 5083 proﬁce-

457 5106 564 5171 est,
593 5100 978 5157 Theodericus
1021 5096 1139 5150 ﬁlio
1173 5112 1273 5150 suo
1301 5097 1700 5153 'I‘lieodeberto
1724 5100 2056 5173 despondit,
2162 5101 2270 5164 ret,
2289 5097 2449 5169 quasi
2464 5097 2655 5152 salutis
2674 5097 2907 5153 Caesaris
2922 5099 3385 5168 solliciti,crebro
3403 5101 3453 5154 ei
3468 5095 3743 5154 denuntia-

458 5195 644 5258 Quam
686 5190 778 5244 ille
803 5189 933 5259 post
953 5188 1204 5240 mortem
1232 5185 1409 5256 patris
1425 5187 1777 5259 relinquens,
1813 5191 2056 5249 Deulhc-
2157 5185 2299 5240 bant
2317 5209 2336 5232 ι
2366 5185 2435 5239 ab
2457 5186 2676 5240 insidiis
2695 5187 2946 5242 Belisarii
2963 5189 3087 5243 fore
3107 5189 3444 5244 cavendum.
3463 5189 3633 5253 Quem
3649 5182 3740 5238 nisi

453 5283 603 5338 riam
632 5274 1419 5348 Romanigenerisfeminam
1450 5278 1555 5331 bac
1574 5279 1644 5332 de
1687 5295 1855 5336 causa
1898 5283 2057 5339 duxit
2156 5275 2262 5347 ipsi
2318 5269 2688 5329 simulatioue
2739 5275 3011 5331 ﬁdelioris
3059 5277 3280 5332 consilii
3329 5274 3736 5334 revocavissent,

454 5386 715 5427 uxorem:
737 5371 883 5424 Dum
896 5364 1478 5437 Gothi,postmortem
1495 5366 1971 5435 Clodovei,multa
1984 5372 2054 5428 de
2147 5364 2478 5435 jamdulum
2496 5361 2749 5419 BeliSarii
2762 5365 2953 5437 gladio
2971 5367 3337 5421 interfectum
3355 5365 3733 5425 Iustinianum,

452 5457 925 5531 hisquaaipseeis
954 5454 1270 5509 abstulerat
1304 5455 1706 5525 pervasissent,
1736 5459 2055 5516 Theodori-
2155 5469 2516 5525 regnumque
2553 5453 2793 5526 indigno
2845 5454 3060 5510 llaercdi
3110 5456 3518 5511 vacuefactum-
3577 5474 3602 5501 ’δ
3654 5447 3735 5504 Ηίε

453 5565 552 5606 cus
578 5546 1040 5602 Theodebertum
1064 5543 1246 5598 ﬁlium
1267 5560 1435 5598 suum
1465 5544 1537 5599 ad
1569 5561 1638 5599 ea
1660 5551 2056 5620 recuperanda
2155 5555 2326 5623 atque
2356 5551 2688 5623 hujusmodi
2716 5551 3014 5624 regiorum
3053 5554 3384 5622 satellitum,
3433 5568 3530 5607 seu
3575 5547 3732 5604 etiam

453 5634 795 5702 direxit.Qui
807 5633 880 5692 ad
904 5631 2051 5712 urbemBiturislal.,Biterrisjaccendens,
2153 5638 2478 5716 primorum
2492 5636 3731 5716 palatiisermonibusAugustusperinvidiam
