3862 6172
186 339 257 393 ssi
1181 325 1500 386 HISTORIA
1529 321 1975 384 anvcoauu.
2007 357 2078 368 —
2104 324 2232 383 LIB.
2265 301 2342 384 1i.

3347 331 3454 388 682

184 460 468 518 cenandum
493 431 788 513 alacritate
830 456 982 512 ultra
1012 455 1247 517 solitum
1296 455 1496 519 utitur,
1530 453 1740 510 exstin-
1763 461 1819 520 Α
1841 469 1970 509 cum
2006 469 2074 510 eo
2105 454 2390 508 exsultans
2442 451 2750 508 celebravit
2781 452 3015 510 Pascha.
3043 451 3331 508 Gloriosus
3375 459 3456 510 et-

184 552 259 605 ctis
275 549 426 604 cereis
441 565 473 602 a
501 547 614 602 suis
640 546 916 601 occiditur
945 550 1003 600 et
1022 545 1185 616 Agila
1211 562 1458 616 regnum
1475 543 1737 616 arripuit.

178 638 305 710 Gothi
327 653 446 691 vero
466 637 593 705 jam
618 636 754 690 olim
775 636 980 689 vitium
1012 635 1120 688 hoc
1163 635 1223 688 in
1254 633 1741 688 consuetudinem

176 729 408 779 verterunt
453 729 529 789 ut,
555 725 692 778 dum
748 723 829 777 eis
858 739 956 778 rex
996 722 1272 793 proprius
1299 720 1672 792 displicuerit,
1710 737 1744 774 a

176 813 261 867 suis
284 813 647 867 interimatur.
675 812 881 865 Verum
905 810 1304 865 Childebertus
1329 813 1626 880 acceptam
1651 809 1745 863 be-

177 901 235 954 ali
256 899 511 954 Vincentii
535 900 738 953 stolam
773 898 1021 953 Parisius
1049 898 1256 965 defert,
1281 897 1744 968 aadificatamque

174 988 266 1042 solo
291 991 439 1041 tenus
470 985 768 1040 basilicam
800 987 1025 1040 nomini
1057 986 1315 1057 ejusdem
1348 985 1529 1039 sancti
1560 985 1744 1039 levita:

176 1092 222 1130 ac
247 1074 488 1146 martyris
515 1075 769 1129 dedicari
801 1075 958 1129 fecit.
988 1076 1051 1128 In
1100 1091 1214 1146 qua
1264 1091 1381 1128 non
1435 1073 1742 1127 minimam

171 1179 389 1218 vasorum
414 1167 666 1233 partem,
691 1180 819 1235 quae
850 1180 985 1218 eum
1017 1181 1051 1217 a
1076 1163 1274 1218 Toleto
1309 1164 1630 1232 asportasse
1660 1178 1748 1215 su-

172 1269 251 1324 pra
274 1253 727 1319 memoravimus,
753 1269 885 1306 cum
912 1251 1095 1324 capsis
1127 1251 1586 1322 evangeliorum,
1619 1266 1745 1304 cru-

169 1357 238 1394 ces
262 1357 470 1412 quoque
521 1340 750 1394 mirifici
784 1341 976 1410 operis
1007 1339 1234 1412 aliaque
1289 1338 1528 1394 devotus
1556 1338 1746 1393 excel-

169 1427 436 1482 lentissima
465 1427 711 1483 contulit
733 1443 1000 1482 munera.

737 1515 961 1571 CAPUT
989 1516 1120 1572 XXI.

333 1603 409 1657 De
440 1603 786 1658 Theodeberti
815 1606 875 1657 in
905 1603 1125 1659 Italiam
1156 1603 1511 1674 expeditione.

218 1689 564 1746 Childeberto
587 1693 781 1763 itaque
812 1707 943 1746 cum
966 1693 1144 1746 fratre
1177 1692 1426 1748 Clotario
1458 1691 1744 1764 Hispaniae

1844 543 2006 598 enim
2029 543 2086 597 in
2104 543 2313 598 sanctis
2333 543 2482 596 Deus
2503 541 2726 596 assidue
2748 541 2854 597 sibi
2869 541 3110 612 placitos
3133 542 3452 598 mirificans

1843 631 2110 698 famulos,
2131 630 2261 684 huic
2280 631 2514 700 egregio
2531 628 2683 684 Patri
2703 629 3072 684 excellentius
3095 631 3452 701 cmterisjure

1845 719 2091 790 praebuit
2113 719 2224 772 iter
2249 719 2321 773 ad
2347 735 2405 772 se
2437 718 2831 790 perveniendi,
2860 719 3051 791 qui,in
3079 721 3334 774 convalle
3357 736 3455 792 po-

1845 807 1984 861 situs
2012 808 2422 878 lacrymarum,
2457 806 2819 862 ascensiones
2874 807 3148 862 virtutum
3182 808 3240 862 in
3281 809 3452 864 corde

1847 894 2206 967 disposuerat
2225 912 2350 961 suo,
2371 895 2582 949 scalam
2605 895 2800 962 Iacob,
2820 911 2924 966 per
2936 913 3112 968 quam
3136 898 3452 953 ascenden-

1845 987 1929 1037 tes
1944 983 2132 1054 angeli
2153 983 2457 1038 monstrati
2476 983 2748 1050 sunt,suis
2768 999 3097 1055 proponens
3119 986 3453 1041 sectandam

1846 1070 2204 1142 sequacibus.
2225 1073 2286 1125 In
2311 1071 2470 1142 cujus
2486 1075 2705 1138 autem,
2729 1074 2792 1126 ut
2806 1089 2946 1143 pace
2970 1073 3234 1128 omnium
3251 1075 3456 1147 loquar

1845 1163 2200 1226 sanctorum,
2224 1177 2342 1215 non
2375 1159 2564 1213 dicam
2589 1159 2878 1230 martyris,
2899 1176 3096 1214 verum
3123 1164 3180 1215 et
3211 1163 3454 1234 apostoli

1848 1247 2117 1310 transitu,
2146 1251 2265 1302 tam
2320 1246 2642 1302 innumeris
2689 1251 2925 1318 tamque
2986 1248 3161 1303 divini
3214 1249 3455 1322 fulgoris

1849 1336 2160 1407 splendens
2208 1336 2476 1408 apparuit
2529 1335 2618 1390 via
2659 1335 3043 1391 luminaribus
3092 1338 3454 1411 vestibusque

1849 1426 2055 1478 ornata
2083 1424 2453 1495 nuptialibus.
2487 1424 2682 1496 Neque
2711 1423 2868 1479 enim
2895 1425 2953 1478 in
2987 1442 3054 1480 eo
3087 1427 3227 1480 calle
3259 1427 3453 1482 textile

1847 1513 2201 1568 credendum
2252 1516 2337 1568 est
2387 1513 2718 1585 apparuisse
2769 1513 3031 1584 pallium,
3075 1531 3189 1587 quo
3221 1519 3453 1571 aeternae

1846 1599 2297 1672 incorruptionis
2326 1602 2690 1672 migrabatur
2718 1602 2791 1656 ad
2823 1619 3093 1674 regnum.

1918 1687 2004 1742 Nil
2029 1705 2203 1760 porro
2237 1688 2571 1744 mirandum
2599 1690 2767 1743 bunc'
2798 1690 3003 1746 divinae
3035 1693 3282 1748 latorem
3314 1695 3454 1766 legis

162 1781 316 1847 partes
337 1779 734 1850 aggredienle,
755 1779 1206 1847 Theodebertus,
1225 1780 1564 1835 Theodorici
1594 1780 1747 1852 regis
1773 1785 1824 1844 B
1845 1775 1994 1830 hanc
2012 1776 2070 1830 in
2096 1776 2489 1847 assumptione
2517 1777 2749 1848 spiritUS
2774 1780 3158 1850 promeruisse
3181 1782 3450 1852 gloriam,

162 1863 297 1931 filius,
325 1871 786 1921 memoratarum
809 1883 990 1937 nepos
1018 1884 1242 1939 regum,
1269 1867 1326 1922 in
1361 1868 1581 1923 Italiam
1613 1885 1744 1923 cum

159 1955 372 2009 maximo
390 1971 636 2009 suorum
656 1955 913 2026 equitatu
933 1956 1234 2010 contendit
1254 1973 1498 2030 eamque
1512 1958 1583 2011 ab
1595 1957 1745 2029 Alpi-

159 2039 240 2093 bus
257 2058 420 2113 usque
441 2043 521 2097 ad
543 2043 974 2098 maritimorum
995 2044 1246 2098 confinia
1265 2045 1526 2099 locorum
1549 2061 1746 2116 perva-

158 2132 291 2197 gatus
311 2130 682 2184 tributariam
707 2131 895 2186 etfacit
920 2134 977 2185 et
993 2132 1065 2186 ad
1088 2132 1324 2204 propria
1343 2132 1595 2187 reditum
1618 2149 1743 2187 ma-

158 2219 322 2272 turans
363 2219 740 2274 Bucellenum
787 2219 995 2274 ducem
1026 2221 1097 2275 ad
1126 2221 1563 2290 pervadendum
1605 2220 1744 2275 Sici-

155 2304 264 2359 liam
292 2310 342 2361 et
371 2309 604 2379 reliqua
634 2309 808 2362 Italia:
862 2308 1113 2362 ﬁnitima
1168 2309 1420 2380 reliquit.
1456 2309 1584 2382 Qui,
1615 2309 1749 2381 Tyr.

156 2394 304 2450 rbeno
331 2397 480 2451 mari
512 2397 907 2463 transfretato,
931 2397 1184 2452 Siciliam
1209 2398 1463 2453 maxima
1484 2415 1551 2454 ex
1573 2383 1747 2470 parte

154 2483 366 2554 subegit,
407 2488 717 2556 castraque
749 2487 835 2539 vel
868 2485 1038 2540 urbes
1097 2486 1273 2540 Italia:
1308 2487 1647 2558 pervadens,
1680 2503 1747 2540 ex

155 2570 563 2641 subjugatarum
593 2573 785 2644 praeda
820 2573 1123 2628 nationum
1151 2575 1320 2628 xenia
1346 2575 1746 2630 Theodeberto

153 2657 388 2715 mittebat
427 2661 581 2732 regi.

734 2749 958 2803 CAPUT
987 2751 1141 2804 XXII.

615 2836 699 2890 De
729 2843 914 2893 sancto
945 2836 1233 2892 Benedicto
1247 2882 1259 2894 .

207 2923 366 2994 Hujus
377 2925 467 2997 pri
479 2925 666 2996 ncipis
683 2926 1063 2996 temporibus,
1085 2943 1118 2980 a
1131 2925 1592 2980 Cinnomannica
1608 2926 1749 2981 urbe

1847 1864 2349 1936 quicorruptibilis
2372 1864 2557 1919 adhuc
2580 1865 3043 1922 circumamictus
3056 1870 3310 1940 tegmine
3334 1888 3453 1925 car-

1845 1951 1953 2019 nis,
1984 1951 2157 2006 tantis
2186 1952 2398 2007 effulsit
2438 1953 2850 2008 miraculorum
2901 1955 3102 2026 signis,
3139 1962 3201 2010 ut
3228 1957 3336 2011 nisi
3366 1959 3451 2012 vir

1842 2042 1966 2095 toto
1985 2040 2324 2095 venerabilis
2349 2041 2509 2108 orbe,
2525 2057 2676 2112 papa
2693 2042 2954 2096 videlicet
2973 2043 3300 2115 Gregorius,
3328 2047 3449 2116 ejus

1845 2131 1992 2181 esset
2017 2127 2146 2182 vitae
2176 2129 2392 2182 relator
2419 2129 2706 2201 simulque
2736 2134 2988 2186 assertor
3017 2131 3280 2200 eximius,
3313 2150 3446 2204 pro-

1844 2215 2070 2271 fectoab
2085 2217 2760 2288 inﬁdelibusquibusdam
2779 2220 3058 2275 mirandis
3071 2222 3450 2294 derogaretur

1845 2303 2314 2362 actibus.Verum
2338 2310 2399 2359 ut
2424 2317 2764 2377 praeteream
2787 2308 2942 2378 quod
2974 2307 3160 2362 adhuc
3178 2312 3449 2381 puerulus

1847 2409 2109 2448 eremum
2129 2393 2295 2464 petiit
2316 2393 2850 2465 intrepidus,quod,
2870 2398 2932 2448 ut
2954 2396 3189 2467 quidam
3211 2402 3450 2470 propter

1803 2491 1806 2494 '
1847 2482 2035 2552 ipsum
2062 2480 2144 2534 ait
2170 2480 2417 2552 sapiens,
2439 2499 2544 2536 nec
2572 2482 2846 2537 Martinus
2870 2485 2990 2538 toto
3024 2485 3357 2542 nominatus
3388 2487 3446 2542 in

1849 2569 1986 2623 orbe
2009 2569 2206 2623 fecisse
2229 2569 2751 2640 dignoscitur,illud
2763 2575 2917 2626 certe
2932 2588 3047 2626 non
3062 2573 3454 2631 omittendum

1849 2657 2022 2728 quod,
2047 2657 2530 2728 postmultiplicia
2552 2658 2969 2713 charismatum
2993 2660 3149 2715 dona
3169 2661 3240 2717 ab
3269 2664 3458 2718 omni-

1850 2747 2084 2814 potente
2106 2745 2212 2799 sibi
2239 2762 2528 2812 concessa,
2547 2745 2730 2800 tribus
2743 2747 3236 2816 admirandis,nec
3250 2753 3458 2808 saeculo

1851 2836 2022 2886 antea
2040 2833 2305 2903 cognitis,
2325 2835 2554 2904 resplen
2566 2833 2689 2887 duit
2708 2834 3019 2894 miraculis.
3039 2839 3098 2891 In
3114 2855 3182 2892 eo
3205 2857 3458 2912 namque

1851 2920 2006 2992 quod
2021 2922 2141 2976 solo
2157 2921 2368 2976 intuitu
2385 2922 3458 2999 ligatisolvitvincularustici,quodque

149 3009 366 3082 legatiad
387 3014 947 3069 castrumCassinum
964 3015 1228 3084 profecti,
1245 3014 1636 3069 beatissimum
1653 3017 1754 3069 Pa.
1775 3023 1824 3084 ο
1852 3010 1955 3064 sub
1983 3013 2309 3077 momento,
2324 3011 2486 3082 quasi
2513 3012 2616 3066 sub
2642 3011 2776 3066 solis
2796 3013 2984 3081 radio,
3014 3015 3308 3070 universus
3322 3020 3458 3072 ante

148 3101 272 3154 trem
309 3102 712 3168 Benedictum,
742 3105 871 3172 post
887 3102 1265 3166 eremiticam,
1285 3109 1348 3156 ut
1370 3103 1751 3173 praemisimus

149 3187 300 3243 vitam
329 3190 386 3243 in
411 3191 518 3244 illo
549 3194 748 3244 sancto
780 3190 1092 3261 degentem
1117 3191 1405 3258 coenobio,
1431 3191 1751 3263 omnigena

147 3281 523 3346 poposcerunt
538 3294 729 3349 prece,
753 3281 814 3330 ut
829 3277 1035 3332 fratres
1057 3277 1116 3331 in
1135 3278 1458 3333 monastica
1474 3281 1750 3351 probatos

148 3367 568 3421 conversatione
620 3365 695 3420 ad
749 3365 1133 3420 occidentales
1161 3365 1439 3437 dirigeret
1467 3371 1680 3438 partes,
1713 3384 1747 3422 a

146 3451 325 3519 quibus
338 3455 457 3508 leni
467 3455 495 3525 j
508 3471 620 3524 ugo
641 3455 854 3526 regulae
869 3453 977 3508 illis
993 3454 1064 3508 ab
1078 3454 1201 3525 ipso
1219 3455 1446 3510 traditae
1459 3455 1748 3511 Gallicana

146 3541 465 3598 subderetur
501 3542 885 3600 cervicositas.
921 3542 1029 3606 Qui
1078 3543 1333 3615 gratanti
1375 3543 1572 3599 animo
1605 3545 1746 3599 dile-

145 3630 276 3683 ctum
296 3649 467 3687 suum
499 3631 844 3702 discipulum
865 3632 1122 3687 Maurum
1141 3632 1214 3687 ad
1239 3633 1340 3687 has
1362 3636 1588 3688 nostras
1602 3633 1750 3688 dire-

147 3715 487 3789 xitregiones
515 3719 683 3791 eique
701 3719 1125 3774 sanctissimum
1146 3721 1230 3775 sui
1251 3720 1440 3776 obitus
1465 3721 1620 3776 diem
1645 3722 1749 3776 im-

141 3804 338 3862 minere
371 3808 674 3879 praedixit,
707 3807 1136 3864 evidentissime
1179 3809 1491 3880 designans
1537 3827 1604 3864 eo
1646 3827 1747 3865 sua

140 3897 936 3951 sacratissimatransferenda
966 3898 1089 3951 fore
1121 3898 1384 3952 membre
1417 3915 1531 3969 quo
1554 3898 1739 3953 chari-

138 3981 495 4040 tatisvinculo
513 3984 620 4039 sibi
639 3985 860 4039 unitum
880 3985 1148 4040 mittebat
1161 3986 1743 4058 alumnum.lnclytus

140 4084 260 4140 ergo
287 4073 539 4129 Domini
572 4075 748 4128 levita
776 4075 1021 4140 Maurus,
1055 4074 1166 4129 iter
1196 4076 1268 4130 ad
1298 4077 1505 4132 Gallias
1535 4094 1738 4150 agens,

140 4155 256 4214 dum
274 4160 328 4216 in
349 4180 577 4235 pagum
596 4163 1605 4233 devenissetAntissiodorensem,die
1629 4183 1744 4237 qua

142 4245 435 4306 Dominicae
450 4269 637 4307 ccena:
651 4268 716 4306 ex
738 4268 899 4306 more
915 4250 968 4305 in
987 4252 1151 4306 terris
1163 4253 1564 4308 celebrabatur
1582 4271 1742 4308 sacra

139 4337 480 4407 solemnitas,
503 4341 580 4395 ad
603 4340 1023 4394 monasterium
1039 4340 1222 4394 sancti
1243 4342 1739 4410 Romani,nutritii

139 4427 414 4492 quondam
447 4429 642 4483 Patris
661 4428 977 4495 Benedicti,
1004 4428 1254 4484 divertit.
1287 4431 1458 4501 Cujus
1487 4432 1741 4502 gratuita

137 4515 510 4572 collocutione
535 4518 800 4572 laborem
833 4517 1136 4589 longinqui
1168 4517 1390 4573 itineris
1410 4520 1661 4574 allevans
1688 4522 1739 4575 ei

137 4599 183 4654 in
205 4606 466 4674 proximo
499 4623 623 4660 esse
642 4606 1001 4661 denuntiavit
1027 4607 1323 4679 diem,quo
1349 4607 1551 4662 beatus
1574 4611 1742 4664 Pater

136 4692 405 4749 coalestem
441 4695 712 4766 gaudens
765 4695 1068 4750 scanderet
1099 4695 1167 4749 ad
1205 4695 1476 4767 patriam.
1511 4697 1578 4751 Et
1609 4714 1739 4753 ecce

136 4784 284 4834 nocte
307 4783 407 4836 illa
440 4801 577 4855 quae
606 4786 874 4838 sanctum
902 4784 1266 4856 praecedebat
1297 4785 1454 4840 diem
1481 4785 1736 4854 Sabbati,

135 4882 232 4936 quo
253 4870 448 4942 vigilia
471 4871 915 4926 resurrectionis
943 4872 1151 4927 colitur
1179 4873 1407 4941 Christi,
1431 4875 1646 4929 scilicet
1664 4894 1739 4930 xn

133 4954 355 5014 Kalend.
381 4961 625 5032 Aprilis,
656 4961 842 5014 subito
864 4965 1062 5032 raptus
1091 4963 1146 5016 in
1188 4963 1390 5034 spiritu
1418 4963 1554 5018 vidit
1584 4964 1738 5019 viam

134 5045 299 5112 palliis
321 5051 581 5103 stratam
615 5066 679 5103 ac
706 5050 1028 5104 innumeris
1049 5068 1344 5106 coruscam
1377 5053 1739 5124 lampadibus

135 5134 193 5187 ab
213 5138 332 5206 ejus
352 5141 511 5193 cella
529 5140 599 5193 ad
626 5142 836 5194 coelum
868 5158 1046 5212 usque
1072 5143 1438 5214 pertendere,
1468 5143 1738 5214 quodque

136 5237 192 5275 co
209 5228 442 5282 tramite
461 5228 967 5284 dilectusDomino
995 5231 1200 5285 caelum
1225 5232 1738 5286 Benedictusscau-

134 5311 298 5381 deret,
327 5318 613 5388 angelum
646 5317 751 5372 sibi
785 5319 1075 5373 dicentem
1104 5320 1337 5375 audivit.
1367 5321 1434 5374 Et
1464 5321 1535 5375 ad
1562 5338 1620 5375 se
1646 5338 1738 5376 re-

135 5413 333 5470 versus,
362 5406 659 5476 lacrymas
685 5406 889 5461 votiva:
916 5407 1134 5462 indices
1160 5408 1391 5463 visionis
1412 5407 1733 5477 effundens,

133 5505 245 5558 qua:
269 5493 375 5547 sibi
401 5494 668 5548 revelata
688 5496 1130 5551 fuerautsancto
1147 5497 1408 5552 Romano
1424 5498 1651 5570 aperuit
1672 5515 1737 5554 ac

134 5581 474 5654 participem
528 5584 765 5639 coaleslis
794 5601 928 5638 eum
968 5584 1186 5641 faciens
1221 5586 1437 5658 gaudii,
1472 5591 1736 5647 sanctum

480 5691 752 5750 Ρλτκοι..
779 5691 1029 5749 CXXXIX.

1852 3101 2225 3171 conspectum
2258 3099 2380 3170 ejus
2411 3100 2678 3155 collectus
2723 3104 2808 3156 est
2841 3103 3123 3170 mundus;
3157 3103 3272 3158 sive
3305 3105 3459 3176 quod

1852 3189 2030 3241 strata
2061 3187 2249 3260 palliis
2270 3204 2334 3242 ac
2366 3187 2687 3244 innumeris
2709 3207 2945 3246 corusca
2965 3192 3328 3263 lampadibus
3347 3193 3459 3256 via,

1852 3274 1925 3329 ad
1957 3275 2228 3346 polorum
2257 3275 2560 3331 subvectus
2587 3281 2672 3332 est
2706 3278 2843 3345 alta,
2874 3279 3177 3334 neminem
3207 3280 3285 3335 illi
3317 3285 3458 3353 puto

1851 3363 2277 3436 conferendum
2301 3367 3050 3438 sanctorum,Magnaporro
3079 3369 3325 3437 nobis,si
3346 3370 3459 3425 dis-

1849 3453 2121 3508 simulare
2144 3455 2434 3521 nolumus,
2454 3457 2538 3508 est
2559 3453 2773 3509 indicta
2797 3456 3101 3527 probitatis
3129 3459 3458 3527 necessitas,

1850 3542 2055 3614 quibus
2078 3543 2362 3598 donatum
2377 3545 2463 3597 est
2488 3545 2716 3598 tantum
2737 3561 2801 3598 ac
2830 3546 3004 3600 talem
3030 3546 3088 3600 in
3121 3548 3458 3618 praesentia-

1850 3647 1981 3685 rum
2013 3632 2226 3685 habere
2273 3636 2608 3702 patronum,
2646 3635 2706 3686 ut
2745 3632 2816 3686 ab
2846 3633 2996 3688 illius
3026 3651 3327 3708 nunquam
3355 3654 3459 3709 pro

1847 3736 2014 3791 posse
2045 3718 2384 3790 magisterio
2433 3720 2814 3788 discedentes,
2848 3739 2975 3792 quae
3031 3724 3354 3792 audivimus
3388 3726 3459 3779 ab

1846 3808 1943 3862 illo
1958 3811 2014 3861 et
2039 3807 2250 3861 mentis
2275 3808 2452 3862 oculis
2476 3808 2722 3862 vidimus
2747 3809 2802 3862 in
2823 3809 2918 3864 illo
2948 3813 3461 3867 sectemur.Aderit

1845 3914 1950 3969 pro
1982 3899 2139 3950 certo
2169 3896 2336 3950 nobis
2370 3900 2544 3968 utque
2579 3897 2874 3968 quondam
2906 3901 3235 3970 corporales
3265 3901 3459 3954 rustici

1846 4001 2045 4051 nexus,
2069 3984 2148 4039 sic
2172 3987 2505 4039 nostrorum
2529 3985 2711 4039 solvet
2729 3984 3011 4055 ligamina
3033 3986 3456 4056 peccaminum,

1845 4076 1903 4126 et
1931 4089 2181 4144 quorum
2213 4073 2270 4125 in
2295 4072 2792 4143 contemplatione
2819 4072 2998 4126 totius
3027 4073 3182 4128 orbis
3204 4074 3459 4130 creditur

1844 4161 2082 4232 elegisse
2112 4161 2726 4228 domicilia,eorum,si
2757 4161 2960 4216 devote
2988 4161 3068 4216 ilii
3096 4163 3456 4231 adhzrreant,

1845 4250 2069 4304 animas
2103 4267 2202 4303 sua
2233 4253 2538 4320 sequentes
2570 4249 2828 4321 vestigia,
2863 4267 2994 4304 cum
3030 4269 3245 4323 magno
3279 4253 3456 4308 divini

1843 4338 2078 4394 luminis
2108 4339 2440 4418 splendore,
2472 4339 2528 4392 in
2575 4342 2794 4394 aeterna
2835 4340 3079 4396 deducet
3108 4341 3454 4402 habitacula.

1842 4429 2019 4499 Hujus
2040 4445 2177 4482 sane
2220 4428 2403 4482 Patris
2434 4427 2634 4494 vitam,
2664 4432 2727 4483 ut
2752 4429 3090 4501 praedictum
3123 4433 3228 4498 est,
3256 4432 3459 4487 beatus

1843 4517 2066 4589 scripsit
2124 4533 2276 4589 papa
2303 4515 2649 4587 Gregorius;
2713 4518 2872 4588 cujus
2927 4520 3099 4574 flores
3154 4521 3363 4592 eloquii
3395 4521 3452 4576 in

1840 4610 2038 4660 sancta
2068 4604 2374 4658 universali
2405 4604 2654 4659 Ecclesia
2707 4607 2861 4660 velut
2901 4624 3106 4661 aurum
3140 4608 3452 4680 refulgent.

1841 4696 1952 4751 Sed
1985 4697 2042 4749 et
2102 4693 2222 4749 Odo
2284 4693 2626 4748 venerabilis
2677 4695 2852 4749 abbas
2883 4695 3054 4766 hujus
3085 4696 3454 4752 Floriacensis

1841 4783 2202 4851 monasterii,
2237 4781 2295 4836 in
2326 4799 2439 4854 quo
2472 4799 2622 4853 saepe
2682 4784 3071 4840 nominandus
3096 4802 3336 4859 corpore
3360 4804 3450 4842 re-

1841 4872 2081 4945 quiescit
2100 4875 2270 4926 Pater
2287 4871 2831 4944 Benedictus,ipsius
2855 4875 3200 4930 memoriam
3230 4875 3288 4929 in
3307 4893 3448 4948 quo-

1842 4962 1977 5015 dam
2008 4977 2279 5016 sermone
2314 4959 2571 5015 mirificis
2602 4962 2820 5016 extollit
2862 4962 3145 5018 laudibus.
3178 4964 3291 5019 Nos
3315 4982 3448 5021 vero

1840 5068 1944 5123 pro
1978 5067 2176 5105 amore
2217 5049 2362 5102 tanti
2399 5048 2631 5119 patroni
2663 5050 2842 5104 nostri
2879 5051 2966 5106 his
3011 5051 3343 5123 prmlibatis,
3375 5053 3448 5108 ad

1841 5139 2148 5194 Historiam
2187 5153 2571 5192 recurramus.

2429 5225 2653 5282 CAPUT
2691 5229 2868 5284 XXIII.

2131 5318 2212 5371 Dc
2241 5316 2498 5373 Belisariz'
2525 5315 2740 5388 reliquis
2765 5320 2923 5388 gestis
2953 5325 3002 5371 et
3029 5335 3168 5372 nece.

1911 5408 2212 5462 Belisarius
2260 5405 2454 5476 igitur,
2488 5404 2584 5476 qui
2630 5405 2759 5476 jam
2794 5405 3044 5461 secundo
3091 5406 3163 5460 ad
3194 5405 3443 5464 Africam

1839 5497 2125 5553 transiens
2142 5495 2466 5551 Vintharitb
2479 5493 2868 5550 Vandalorum
2890 5511 3089 5566 regem
3116 5495 3446 5551 rebellionis

1839 5587 2346 5644 insimulatumsuh
2361 5589 2493 5645 dolo
2507 5587 2660 5662 pacis
2673 5585 3445 5659 interemerat,residuosqua

3151 5693 3226 5751 22
