3940 6166
486 348 595 406 683

1551 332 1816 397 ᾹΪΜΟῘΝῙ
1852 332 2164 398 MONACHI
2200 331 2696 398 FLORIACENSIS

3624 354 3716 416 684

486 470 888 527 Vandalornm
928 462 1263 537 reipublicae
1290 463 1437 538 jugo
1476 464 1884 533 substraverat,
1911 465 2106 521 audito
2124 466 2181 528 A
2207 465 2329 533 Hic,
2357 468 2632 522 exorante
2657 464 2987 523 Desiderato
3016 465 3365 527 Viriduueusi
3384 472 3640 549 episeopo,
3664 479 3732 534 ci.

489 560 648 632 quod
669 557 871 613 Franci
893 555 1123 610 ltaliam
1143 555 1763 622 infestarent,Romam
1786 555 1974 609 redire
1990 572 2109 608 ma-

485 652 683 704 turato
717 643 1038 702 contendit.
1095 645 1162 697 Et
1192 643 1409 699 civitati
1452 643 1942 715 appropinquans,
1974 660 2106 697 cum

489 753 705 809 magno
745 734 1014 789 omnium
1046 733 1349 805 utriusque
1377 750 1541 788 sexus
1570 732 1769 787 laetitia
1793 736 2105 804 susceptus,

495 824 704 879 obtulit
730 823 901 878 beato
923 825 1095 878 Petro
1123 838 1227 892 per
1253 839 1459 876 manus
1476 838 1639 893 papm
1662 821 1849 892 Vigilii
1870 836 2109 875 auream

488 928 721 967 crucem
782 914 1017 966 centum
1070 911 1373 977 librarum,
1407 909 1832 982 pretiosissimis
1862 909 2111 981 gemmis

491 1005 853 1067 exornatam,
877 999 937 1054 in
970 1016 1085 1071 qua
1111 1015 1243 1054 suas
1280 998 1662 1069 descripserat
1689 996 1971 1051 victorias.
2015 999 2107 1051 ln-

491 1089 677 1162 deque
700 1089 774 1144 ad
797 1089 1020 1145 bellum
1052 1089 1335 1143 retractus
1354 1088 1730 1152 Francorum,
1751 1085 1890 1139 dum
1910 1083 2104 1156 pauci-

498 1180 679 1233 tatem
696 1177 884 1249 gentis
903 1175 1229 1232 contemnit
1250 1176 1637 1246 virtutemque
1656 1170 2106 1245 ignorat,paucis

490 1269 550 1321 et
561 1266 680 1337 ipse
695 1265 1003 1336 assumptis
1017 1280 1277 1336 pugnam
1293 1281 1410 1319 non
1428 1262 1706 1318 dubitavit
1717 1261 2102 1317 committere.

490 1355 603 1410 Sed
636 1353 912 1409 Romanis
941 1369 1046 1424 pro
1077 1353 1260 1406 salute
1317 1355 1375 1407 et
1406 1351 1695 1407 libertate.
1730 1348 1962 1404 Francis
2000 1364 2104 1420 pro

490 1442 863 1513 adipiscenda
880 1440 1064 1512 gloria
1084 1444 1381 1495 certamen
1410 1443 1553 1494 erat.
1572 1440 1640 1493 Et
1660 1438 1796 1511 quia
1812 1454 1880 1492 eo
1902 1453 1961 1492 se
1978 1437 2102 1509 glo-

490 1531 793 1587 riosiorem
821 1530 1131 1602 sperabant
1148 1533 1445 1599 reportare
1466 1525 1904 1598 triumphum,si
1928 1525 2103 1580 totius

492 1620 646 1675 orbis
669 1619 912 1674 victores
929 1620 1221 1672 Romanos
1241 1616 1524 1682 vicissent,
1546 1616 1696 1670 mori
1720 1614 1908 1686 potius
1924 1630 2102 1685 quam

490 1710 616 1764 loco
632 1709 836 1763 cedere
857 1708 1179 1779 elegerant.
1198 1706 1342 1759 Inito
1361 1706 1558 1776 itaque
1581 1702 1946 1776 praelio,dum
1971 1719 2107 1756 neu-

2207 554 2368 609 vibus
2389 554 2647 624 ejusdem
2677 554 2832 610 urbis
2859 559 2985 611 octo
3008 556 3188 613 millia
3209 559 3521 631 solidorum,
3545 565 3626 636 qui
3653 583 3735 622 an-

2209 641 2430 697 nuatim
2457 641 2661 697 exinde
2693 642 2815 713 ejus
2843 642 3236 701 inferebantur
3260 647 3536 718 thesauris,
3564 653 3734 725 largis-

2208 729 2353 784 sima
2379 729 2736 801 benignitate
2763 730 2835 785 ad
2861 733 3333 789 restaurationem
3358 739 3606 794 concessit
3631 741 3737 796 civi-

2208 817 2494 872 tatis.Fuit
2508 817 2663 872 idem
2682 835 2778 873 rex
2794 819 3025 891 egregie
3040 825 3293 878 moratus
3309 824 3616 898 eloquioque
3628 828 3737 883 atla-

2209 905 2358 960 bilis.
2393 905 2499 970 Qui
2523 906 2921 962 beatissimum
2965 909 3220 965 Maurum
3262 911 3320 966 in
3349 913 3577 984 quadam
3603 921 3737 986 parte

2206 992 2374 1064 regni
2395 992 2500 1060 sui,
2528 993 2587 1048 in
2612 996 3013 1067 Andegavensi
3038 997 3295 1053 videlicet
3315 1016 3476 1072 pago,
3501 1007 3743 1059 monaste-

2206 1081 2358 1137 rium
2390 1086 2847 1152 construentem,
2866 1085 3022 1157 quod
3041 1086 3457 1143 Glannafolium
3476 1088 3741 1162 antiquitus

2206 1170 2423 1225 dictum
2447 1175 2553 1240 est,
2578 1171 2820 1228 mirifice
2843 1173 3037 1241 coluit,
3055 1175 3379 1248 praediaque
3395 1177 3627 1249 ingentia
3638 1196 3743 1234 cum

2204 1258 2328 1313 aliis
2352 1259 2529 1331 regias
2558 1260 2971 1317 munificentia:
3004 1262 3170 1318 donis
3198 1280 3300 1336 per
3324 1266 3662 1338 semetipsum
3686 1268 3744 1323 ad

2205 1347 2480 1402 eumdem
2494 1348 2821 1404 accedendo
2840 1350 3028 1405 locum
3051 1350 3455 1423 benignissnne
3465 1355 3747 1409 contribuit.

2205 1434 2487 1489 Successit
2510 1435 2562 1490 ei
2582 1436 2947 1491 Theobaldus
2973 1437 3122 1494 ﬁlius
3147 1438 3292 1509 ejus,
3317 1440 3401 1494 vir
3420 1440 3630 1512 quidem
3658 1443 3750 1497 Deo

2204 1522 2430 1578 deditus
2460 1525 2519 1577 et
2567 1541 2763 1580 servos
2792 1526 2914 1598 ejus
2946 1526 3112 1582 unice
3145 1528 3405 1601 diligens,
3436 1529 3528 1585 sed
3568 1530 3620 1584 in
3646 1547 3753 1586 suos

2203 1611 2470 1666 crudelis.
2507 1612 2679 1682 Cujus
2710 1616 2973 1685 tempore
3004 1617 3170 1671 stella
3196 1633 3263 1671 ex
3312 1617 3537 1673 adverso
3558 1617 3753 1673 veniens

2207 1698 2265 1754 in
2289 1701 2486 1754 lunam
2515 1700 2777 1772 ingressa
2816 1706 2919 1757 est.
2947 1703 3102 1758 Tunc
3117 1721 3343 1778 quoque
3360 1722 3474 1761 uvae
3492 1706 3545 1760 in
3565 1707 3753 1772 arbore,

490 1800 582 1851 tra
626 1796 776 1850 acies
807 1796 973 1850 alteri
1007 1795 1257 1861 cederet,
1287 1793 1527 1848 tandem
1560 1791 1809 1846 Romani
1835 1792 2104 1857 salutem,
2126 1802 2179 1861 Β
2206 1804 2334 1859 qua:
2362 1788 2682 1843 Sambucus
2704 1789 2931 1857 dicitur,
2961 1796 3112 1847 nata:
3125 1796 3278 1858 sunt,
3294 1797 3351 1847 et
3369 1794 3531 1849 ﬂores
3544 1794 3753 1865 ipsarum

489 1903 595 1958 pro
622 1902 737 1957 qua
766 1884 1105 1957 aliquandiu
1138 1883 1535 1948 substiterant,
1570 1880 1835 1952 deperire
1879 1879 1986 1934 sibi
2016 1879 2104 1933 in-

491 1974 836 2046 telligentes,
856 1974 998 2028 dum
1023 1972 1366 2027 fortissimos
1394 1986 1653 2042 quosque
1681 1984 1919 2024 suorum
1950 1969 2102 2023 bello

491 2064 767 2135 oppetere
795 2066 1123 2123 cernerent,
1151 2059 1431 2132 paulatim
1461 2075 1520 2114 se
1546 2055 1848 2113 certamini
1878 2056 2104 2111 subtra-

490 2151 627 2205 here
655 2154 979 2221 coaperunt.
1026 2151 1108 2203 lta
1137 2148 1225 2202 vir
1251 2146 1677 2202 strenuissimus
1717 2144 2040 2211 Belisarius,
2072 2162 2106 2199 a

489 2239 603 2293 suis
657 2238 941 2305 desertus,
985 2237 1057 2291 ab
1088 2236 1348 2290 hostibus
1397 2234 1837 2298 circumventus,
1870 2232 2108 2303 nequid-

491 2343 668 2399 quam
694 2326 926 2380 fortiter
952 2324 1171 2379 faciens
1197 2322 1508 2376 exstinctus
1538 2323 1642 2375 est.
1675 2320 1744 2374 Et
1764 2319 1861 2391 qui
1889 2320 2107 2374 multa-

491 2430 622 2469 rum
640 2414 744 2467 sub
777 2412 1074 2482 triumpho
1107 2408 1376 2482 gentium
1401 2408 1655 2480 captivos
1671 2407 1989 2463 adduxerat
2016 2424 2106 2462 re-

491 2520 613 2575 ges,
630 2519 665 2558 a
687 2502 831 2557 duce
852 2518 971 2556 non
995 2500 1185 2555 dicam
1212 2497 1581 2569 imperatoris
1602 2501 1699 2552 aut
1715 2497 1885 2569 regis,
1908 2514 2107 2551 verum

490 2590 803 2646 tetrarchae
834 2590 1191 2643 Francorum
1218 2586 1416 2654 victus,
1444 2586 1561 2640 vita
1590 2601 1721 2641 cum
1751 2584 2000 2640 nominis
2020 2584 2107 2639 sui

491 2678 749 2752 privatus
780 2679 866 2732 est
901 2675 1108 2747 gloria.

1087 2763 1313 2820 CAPUT
1343 2763 1517 2817 XXIV.

489 2854 573 2911 De
617 2855 764 2910 beato
816 2852 1073 2923 Gregorio
1113 2851 1438 2919 Lingonensi
1480 2856 1530 2903 et
1571 2856 1742 2903 castra
1777 2848 2107 2902 Divionensi.

565 2946 698 3000 Erat
724 2948 861 2999 tunc
885 2939 1177 3013 temporis
1210 2939 1412 2994 beatus
1443 2937 1751 3008 Gregorius
1782 2936 2111 3007 Lingonicaa

490 3033 648 3089 urbis
703 3032 911 3106 praesul
968 3045 1254 3084 summus.
1292 3026 1405 3083 Sed
1455 3025 1589 3099 quia
1628 3025 1797 3096 hujus
1824 3024 2112 3095 pontiﬁcis

491 3122 896 3185 meminimus,
916 3119 1158 3189 dignum
1190 3118 1279 3171 est
1314 3118 1375 3169 ut
1403 3115 1575 3169 situm
1606 3113 1964 3168 Divionensis
1990 3129 2109 3167 cas-

489 3201 700 3269 tri,ubi
730 3199 985 3255 maxime
1018 3197 1382 3260 morabatur,
1398 3192 1842 3265 pandamus.Est
1862 3191 2111 3264 denique

489 3290 635 3345 illud
664 3293 917 3344 castrum
958 3286 1018 3340 in
1052 3283 1251 3353 campi
1284 3281 1526 3354 pianitie
1559 3279 1739 3335 muris
1768 3279 2112 3334 firmissimis

491 3376 938 3440 circumdatum,
963 3372 1215 3428 turribus
1244 3369 1488 3441 triginta
1508 3368 1693 3423 tribus
1719 3368 2108 3435 honestatum,

491 3468 677 3519 terras
704 3464 927 3517 habens
949 3460 1190 3527 fertiles,
1223 3475 1331 3530 per
1361 3474 1506 3529 quas
1532 3473 1566 3511 a
1599 3455 1839 3511 meridie
1872 3457 2111 3511 Oscarus

490 3554 649 3608 haud
672 3552 872 3624 procul
920 3568 953 3605 a
983 3566 1149 3604 muro
1176 3547 1326 3615 fluit,
1355 3546 1605 3617 piscibus
1632 3544 1805 3599 dives.
1832 3545 1918 3599 Ab
1944 3546 2111 3617 aqui-

492 3644 627 3698 lone
658 3643 805 3696 alter
857 3638 1063 3694 ﬂuvius
1093 3653 1198 3709 per
1247 3639 1483 3709 portam
1514 3634 1861 3707 ingreditur,
1895 3651 1958 3689 ac
2005 3636 2109 3690 sub

492 3732 671 3803 ponte
695 3729 1005 3784 decurrens
1035 3741 1255 3797 perque
1291 3723 1467 3779 aliam
1525 3726 1754 3794 portam
1782 3722 2107 3794 egrediens,

494 3817 865 3873 molendinos
890 3831 1122 3870 summa
1152 3813 1323 3868 vertit
1357 3812 1677 3867 velocitate.
1710 3813 1897 3867 Murus
1926 3812 2000 3866 ad
2029 3812 2108 3866 vi-

495 3906 641 3979 ginti
674 3905 848 3977 pedes
880 3903 1115 3976 quadris
1167 3901 1485 3957 aedificatus
1538 3900 1841 3972 lapidibus,
1867 3900 2112 3971 desuper

496 3996 755 4052 minores
769 3991 1159 4067 superpositos
1175 3990 1394 4046 habens
1409 3988 1649 4061 lapides,
1666 3988 1725 4043 in
1744 3988 2111 4043 altitudinem

497 4083 743 4156 pedibus
772 4101 897 4150 xxx,
929 4082 989 4136 in
1021 4079 1388 4136 latitudinem
1430 4095 1519 4143 xv,
1552 4076 1891 4148 porrigitur.
1922 4078 2111 4132 Porta:

498 4172 577 4229 ibi
607 4175 875 4244 quatuor,
900 4187 934 4225 a
958 4166 1405 4243 qualuor'plagis
1430 4165 1572 4221 celi.
1596 4164 1760 4229 Quod
1782 4181 1913 4220 cum
1935 4168 2110 4221 tanta:

501 4260 574 4315 sit
605 4258 1044 4332 magnitudinis,
1076 4274 1177 4311 cur
1209 4255 1363 4310 urbis
1407 4254 1684 4310 vocabulo
1715 4254 1971 4309 caruerit
2001 4255 2110 4309 mi-

2210 1876 2509 1943 arborum,
2530 1893 2658 1948 qum
2692 1878 2860 1949 nigra
2886 1880 3147 1951 proferre
3173 1881 3360 1936 solent
3387 1898 3577 1954 grana,
3595 1881 3757 1936 botros

2206 1965 2596 2034 protulerunt.
2630 1965 2822 2021 Gravis
2859 1983 2927 2022 eo
2959 1970 3225 2039 tempore
3264 1986 3328 2024 ac
3356 1970 3515 2024 solito
3544 1968 3757 2040 asperior

2204 2050 2391 2106 hiems
2413 2052 2564 2107 facta
2584 2056 2691 2121 est,
2724 2053 2804 2109 ita
2826 2058 2888 2109 ut
2917 2059 3205 2111 torrentes
3229 2056 3506 2129 congelati
3534 2057 3753 2129 pervium

2205 2156 2377 2212 super
2395 2157 2455 2195 se
2470 2141 2699 2212 populis
2714 2140 2825 2197 iter
2841 2143 3170 2213 praeberent
3182 2192 3187 2199 .
3199 2147 3341 2200 Aves
3361 2162 3577 2218 quoque
3591 2145 3749 2215 rigore

2207 2226 2456 2282 astricta).
2482 2228 2571 2282 vel
2594 2228 2773 2298 fame,
2796 2230 3008 2302 absque
3030 2233 3147 2287 ullo
3172 2233 3475 2289 hominum
3499 2233 3637 2300 dolo,
3664 2231 3752 2285 im-

2207 2331 2413 2370 mersa:
2457 2315 2683 2371 nivibus
2734 2319 3131 2390 capiebantur.
3165 2322 3263 2376 Hic
3319 2322 3531 2393 accepit
3558 2335 3754 2376 uxorem

2208 2402 2388 2458 filiam
2399 2404 2682 2472 Waconis,
2698 2407 2849 2477 regis
2860 2408 3756 2479 Lengobardorum,Walderadam

2210 2491 2472 2560 nomine,
2496 2509 2611 2547 sua:
2643 2509 2904 2549 sororem
2931 2512 3213 2553 novercas.
3247 2497 3354 2562 Qui
3383 2514 3508 2554 cum
3539 2514 3630 2571 per
3655 2499 3758 2551 octo

2209 2596 2498 2635 annorum
2524 2580 2805 2636 curricula
2827 2587 3057 2639 strenue
3079 2590 3406 2657 susceptum
3433 2586 3761 2657 gubernasset

2208 2683 2480 2739 regnum,
2514 2667 2628 2722 vita
2658 2668 2964 2738 decedens,
2996 2671 3384 2745 principatum
3414 2673 3592 2745 gentis
3611 2688 3756 2745 quam

2208 2754 2617 2826 regebat,cum
2648 2756 2952 2825 thesauris,
2981 2758 3232 2815 Clotario
3256 2761 3553 2833 dereliquit
3580 2760 3761 2814 habea-

2211 2842 2370 2897 dum.
2406 2843 2546 2897 Huic
2571 2860 2704 2899 vero
2738 2845 2986 2902 Clotario
3031 2847 3268 2903 fuerunt
3292 2848 3463 2904 virilis
3486 2865 3633 2904 sexus
3660 2846 3759 2910 filii,

2211 2948 2277 2986 ex
2305 2932 2543 2987 diversis
2568 2934 2913 3005 conjugibus
2942 2936 3073 3004 orti,
3102 2954 3357 2993 numero
3373 2941 3584 3010 septem
3600 2940 3650 2992 et
3673 2950 3765 2990 una

2210 3019 2449 3075 femina.
2475 3021 2555 3075 De
2578 3022 2838 3092 lngunde
2870 3024 3128 3095 quidem,
3150 3025 3511 3094 Guntharius,
3526 3023 3763 3081 Childeri-

2210 3124 2327 3176 cus,
2358 3108 2757 3177 Chcrebertus,
2786 3110 3178 3181 Guntrannus,
3211 3114 3536 3186 Sigebertus
3558 3116 3611 3168 et
3639 3112 3763 3167 Clot-

2210 3196 2378 3252 sinda
2406 3197 2544 3252 ﬁlia.
2580 3200 2659 3253 De
2688 3197 3070 3271 Charagunde
3100 3218 3260 3269 vero,
3292 3220 3484 3259 sorore
3509 3198 3763 3274 Ingundis,

2209 3285 2413 3340 habuit
2436 3286 2844 3357 Chilpericum.
2869 3289 3082 3344 Amore
3111 3289 3363 3363 denique
3388 3290 3644 3364 Ingundis
3684 3288 3765 3342 du-

2211 3377 2354 3441 ctus,
2378 3374 2822 3446 Charagundem
2855 3377 2979 3448 ejus
3006 3393 3354 3449 germanam
3384 3380 3485 3435 sibi
3518 3380 3573 3433 in
3597 3373 3763 3433 matri-

2210 3463 2477 3519 monium
2505 3465 2893 3535 copulaverat.
2926 3466 3007 3521 De
3063 3467 3357 3524 Gunsinde
3385 3473 3569 3524 autem
3598 3463 3766 3539 genuit

2211 3552 2568 3612 Chrannum.

2800 3643 3024 3699 CAPUT
3053 3645 3228 3701 XXVI.

2457 3728 2539 3784 De
2566 3729 2685 3784 odio
2730 3729 3072 3787 Francorum
3102 3736 3156 3787 in
3185 3734 3561 3791 Parthenium.

2278 3818 2435 3874 Tunc
2462 3818 2739 3890 temporis
2766 3820 2970 3875 Franci
2998 3821 3379 3878 Parthenium
3406 3822 3462 3877 in
3486 3819 3681 3894 palatio
3702 3833 3771 3873 re-

2211 3905 2299 3977 gis
2321 3906 2710 3961 Theodoberti
2727 3908 3024 3979 quondam
3042 3914 3365 3982 potentem,
3382 3910 3478 3983 qui
3497 3926 3587 3965 eos
3606 3908 3772 3971 tributi

2212 4010 2389 4049 onere
2420 3994 2585 4049 valde
2636 4001 2945 4067 presserat,
2976 3997 3278 4055 immensis
3328 3997 3775 4072 persequebantur

2213 4082 2372 4138 odiis.
2397 4082 2503 4147 Qui
2531 4099 2663 4138 cum
2688 4101 2747 4139 se
2775 4089 3037 4141 cerneret
3062 4103 3181 4143 non
3202 4104 3369 4160 posse
3385 4088 3631 4151 evadere,
3658 4084 3773 4139 duos

2211 4175 2380 4243 rogat
2396 4171 2694 4245 episcopos
2708 4176 2769 4228 ut
2780 4190 2840 4229 se
2858 4174 3102 4229 Treviris
3113 4175 3404 4232 deducant
3422 4172 3773 4243 saavientisque

2210 4260 2407 4331 populi
2420 4260 2764 4317 seditionem
2782 4279 2882 4317 sua
2894 4263 3303 4334 prwdicatione
3316 4263 3649 4328 sedent.Quo
3660 4260 3771 4314 dum

501 4366 633 4404 rum
664 4349 929 4403 habetur.
950 4347 1063 4401 Hoc
1080 4344 1319 4417 quidem
1341 4343 1414 4398 ab
1434 4343 1742 4398 Aureliano
1759 4342 2111 4415 imperatore
2135 4362 2188 4422 D
2213 4365 2328 4403 una
2348 4365 2481 4404 cum
2512 4365 2579 4404 eo
2613 4354 2774 4418 eunt,
2797 4368 2914 4406 una
2941 4351 3198 4407 noctium
3225 4354 3398 4427 ccepit
3412 4352 3694 4425 prmdictus
3708 4345 3774 4400 vir

503 4440 898 4493 constructum
928 4433 1239 4506 antiquitas
1277 4433 1536 4487 asseruit.

1110 4521 1334 4576 CAPUT
1364 4521 1513 4575 XXV.

702 4615 787 4669 De
815 4611 1105 4669 Chrotildis
1127 4610 1275 4665 obitu
1308 4615 1356 4666 et
1380 4608 1609 4664 Clotarii
1632 4611 1909 4682 progenie.

575 4705 802 4759 Interea
825 4702 994 4757 bonae
1034 4698 1334 4769 memprias
1366 4698 1570 4769 regina
1606 4699 1937 4766 Chrotildis,
1972 4716 2113 4754 uxor

506 4790 796 4858 Clodovei,
817 4788 1114 4861 quondam
1139 4788 1337 4857 magni
1364 4787 1537 4857 regis,
1571 4786 1700 4857 piis,
1730 4787 1924 4859 quoad
1952 4786 2111 4851 vixit,

503 4880 730 4935 intenta
785 4877 1075 4948 operibus,
1099 4874 1253 4947 apud
1287 4875 1493 4929 urbem
1547 4874 1737 4945 posita
1762 4874 2113 4930 Turonicam

505 4966 775 5038 migravit
791 4966 864 5020 ad
887 4964 1203 5021 Dominum
1223 4964 1395 5034 plena
1421 4962 1668 5017 dierum.
1686 4962 1858 5034 Cujus
1880 4980 2110 5035 corpus,

503 5073 539 5112 a
564 5055 691 5110 filiis
720 5055 856 5127 ipsis
904 5053 1274 5111 Childeberto
1305 5069 1371 5107 ac
1403 5050 1651 5107 Clotario
1693 5051 1925 5124 regibus
1980 5070 2112 5109 cum

503 5162 719 5216 magno
753 5145 1122 5218 psallentium
1154 5142 1330 5198 choro
1382 5142 1587 5197 exinde
1619 5142 1910 5197 sublatum
1953 5143 2112 5198 Pari-

502 5235 733 5306 siusque
764 5233 1042 5300 delatum,
1078 5232 1133 5286 in
1169 5232 1420 5285 sacraria
1448 5230 1696 5287 basilicae
1747 5232 1928 5287 sancti
1960 5232 2112 5287 Petri

490 5322 659 5394 juxta
684 5324 833 5378 latus
863 5322 969 5377 viri
1000 5322 1085 5377 sui
1118 5324 1203 5376 est
1232 5322 1544 5392 sepultum.
1578 5322 1641 5375 In
1694 5321 1906 5376 eadem
1935 5320 2112 5375 etiam

499 5412 777 5469 orationis
826 5412 1002 5467 domo
1058 5412 1229 5466 beata
1257 5410 1547 5465 Genovefa
1575 5410 1817 5465 humata
1847 5409 2107 5482 quiescit.

492 5502 927 5559 Theodebertus
984 5516 1237 5573 quoque,
1293 5516 1392 5554 rex
1446 5499 1897 5565 Austrasiorum,
1948 5498 2108 5553 febre

494 5593 683 5655 valida
707 5594 961 5662 vexatus,
990 5589 1147 5647 diem
1199 5588 1400 5646 clausit
1437 5604 1592 5645 anno
1645 5586 1811 5660 regni
1866 5586 1951 5643 sui
1988 5603 2105 5643 xm.

2215 4436 2512 4492 dormiens
2527 4454 2691 4492 voces
2712 4438 3000 4508 emittere,
3019 4440 3250 4497 dicens:
3275 4466 3303 4491 ‹‹
3336 4443 3480 4499 Heu!
3513 4437 3643 4496 heu!
3672 4450 3773 4490 suc-

2212 4524 2447 4589 currite,
2475 4526 2573 4598 qui
2595 4526 2828 4582 adestis.
2853 4549 2881 4577 »
2915 4528 3314 4601 Expergefacti
3345 4526 3774 4600 circumjecentes

2214 4616 2447 4684 rogant,
2470 4614 2609 4685 quid
2639 4614 2822 4669 esset?
2854 4615 3170 4688 Respondit
3192 4617 3289 4673 ille
3326 4619 3525 4675 vidisse
3555 4634 3609 4672 se
3636 4615 3777 4668 Ausa-

2215 4701 2378 4756 nium
2406 4702 2701 4773 quondam
2720 4703 2973 4758 amicum
2994 4721 3183 4773 suum,
3199 4723 3263 4762 ac
3282 4707 3647 4780 Papianillam
3668 4713 3776 4755 uxo-

2214 4807 2340 4845 rem
2374 4790 2695 4861 propriam,
2726 4808 2869 4863 quos
2898 4793 3038 4849 olim
3094 4794 3213 4850 zelo
3269 4796 3470 4851 ductus
3505 4788 3775 4851 occiderat,

2214 4882 2484 4933 vocantes
2508 4896 2567 4933 se
2600 4897 2664 4934 ac
2686 4879 2739 4934 vi
2762 4883 3245 4954 compellentesct
3268 4884 3521 4939 dicentes
3547 4899 3560 4937 :
3589 4902 3613 4933 σ
3640 4874 3777 4937 Veni,

2216 4969 2278 5020 ut
2298 4970 2431 5021 ante
2454 4968 2634 5022 Deum
2652 4968 2722 5023 de
2745 4968 2960 5041 injuste
2986 4987 3126 5026 nece
3143 4974 3340 5028 nostra
3362 4971 3647 5028 nobiscum
3670 4980 3779 5021 con-

2213 5055 2438 5109 tendas.
2466 5077 2493 5105 ››
2524 5056 2783 5112 Tandem
2814 5057 3043 5113 venitur
3069 5060 3313 5115 Treviris
3339 5064 3397 5116 et
3424 5057 3660 5132 episcopi
3678 5057 3779 5108 tur-

2214 5143 2413 5198 batum
2435 5146 2711 5217 populum
2739 5164 2841 5202 sua
2858 5148 3131 5203 volebant
3156 5149 3323 5205 linire
3356 5150 3626 5205 oratione.
3660 5143 3776 5199 Cum

2216 5232 2547 5304 nequirent,
2580 5235 2960 5291 Parthenium
2993 5237 3052 5291 in
3110 5239 3408 5293 ecclesiam
3450 5239 3671 5293 ductum
3698 5227 3778 5284 uni

2214 5337 2360 5376 arcae
2387 5322 3120 5393 immiserunt,sternentes
3144 5327 3389 5401 desuper
3409 5321 3775 5383 velaecclesizr.

2213 5409 2474 5484 Cumque
2500 5414 2746 5486 populus
2772 5419 3023 5471 scrutata
3053 5416 3285 5471 basilica
3307 5416 3614 5481 recederet,
3642 5412 3777 5466 fren-

2212 5499 2356 5555 dens
2377 5502 2532 5574 quod
2554 5519 2672 5558 non
2700 5502 3078 5574 inveniretur,
3103 5522 3247 5560 unus
3266 5523 3296 5560 e
3315 5505 3482 5560 turba
3500 5500 3774 5558 exclamat:

2212 5607 2244 5644 ς
2277 5590 2381 5660 En,
2412 5590 2700 5664 inquiens,
2723 5608 2879 5663 arca,
2915 5593 3012 5650 ubi
3042 5610 3162 5651 non
3194 5597 3279 5651 est
3304 5593 3569 5668 quaesitus
3602 5590 3776 5647 uoster
