  <div class='ocr_page' id='page_1' title='image "/cluster/home/n/w/nwhite01/storage/ocr_20150623/139/hvd.32044054759998/348.png"; bbox 0 0 3862 6172; ppageno 0'>
   <div class='ocr_carea' id='block_1_1' title="bbox 158 401 3410 492">
    <p class='ocr_par' dir='ltr' id='par_1_1' title="bbox 158 401 3410 492">
     <span class='ocr_line' id='line_1_1' title="bbox 158 401 3410 492; baseline -0.012 0"><span class='ocrx_word' id='word_1_1' title='bbox 158 436 235 492; x_wconf 78' lang='lat'><strong>685</strong></span> <span class='ocrx_word' id='word_1_2' title='bbox 1153 414 1475 477; x_wconf 63' lang='lat' dir='ltr'><strong>HISTORIA</strong></span> <span class='ocrx_word' id='word_1_3' title='bbox 1525 405 1970 472; x_wconf 79' lang='lat' dir='ltr'><strong>FRANCORUM.</strong></span> <span class='ocrx_word' id='word_1_4' title='bbox 2008 436 2078 450; x_wconf 90' lang='lat'><strong>-</strong></span> <span class='ocrx_word' id='word_1_5' title='bbox 2108 407 2242 466; x_wconf 68' lang='lat' dir='ltr'><strong>LIB.</strong></span> <span class='ocrx_word' id='word_1_6' title='bbox 2272 406 2338 462; x_wconf 87' lang='grc' dir='ltr'><strong>Π.</strong></span> <span class='ocrx_word' id='word_1_7' title='bbox 3305 401 3410 458; x_wconf 87' lang='lat'><strong>686</strong></span> 
     </span>
    </p>
   </div>
   <div class='ocr_carea' id='block_1_2' title="bbox 157 527 3405 627">
    <p class='ocr_par' dir='ltr' id='par_1_2' title="bbox 157 527 3405 627">
     <span class='ocr_line' id='line_1_2' title="bbox 157 527 3405 627; baseline -0.01 -14"><span class='ocrx_word' id='word_1_8' title='bbox 157 555 467 617; x_wconf 83' lang='lat' dir='ltr'><strong>adversarius.</strong></span> <span class='ocrx_word' id='word_1_9' title='bbox 500 574 527 603; x_wconf 83' lang='lat'>»</span> <span class='ocrx_word' id='word_1_10' title='bbox 557 551 923 624; x_wconf 87' lang='lat' dir='ltr'><strong>Statimquee</strong></span> <span class='ocrx_word' id='word_1_11' title='bbox 949 550 1204 604; x_wconf 88' lang='lat' dir='ltr'><strong>reserata</strong></span> <span class='ocrx_word' id='word_1_12' title='bbox 1231 563 1363 602; x_wconf 85' lang='lat' dir='ltr'><strong>arca</strong></span> <span class='ocrx_word' id='word_1_13' title='bbox 1384 543 1700 600; x_wconf 75' lang='lat' dir='ltr'><strong>extrahitur</strong></span> <span class='ocrx_word' id='word_1_14' title='bbox 1718 539 2078 627; x_wconf 79' lang='lat' dir='ltr'><strong>Aredderet.</strong></span> <span class='ocrx_word' id='word_1_15' title='bbox 2109 534 2275 627; x_wconf 91' lang='lat' dir='ltr'><strong>Quod</strong></span> <span class='ocrx_word' id='word_1_16' title='bbox 2303 533 2450 627; x_wconf 81' lang='lat' dir='ltr'><strong>dum</strong></span> <span class='ocrx_word' id='word_1_17' title='bbox 2482 532 2576 627; x_wconf 85' lang='lat' dir='ltr'><strong>ille</strong></span> <span class='ocrx_word' id='word_1_18' title='bbox 2609 547 2668 586; x_wconf 89' lang='lat' dir='ltr'><strong>se</strong></span> <span class='ocrx_word' id='word_1_19' title='bbox 2699 530 2890 585; x_wconf 85' lang='lat' dir='ltr'><strong>facere</strong></span> <span class='ocrx_word' id='word_1_20' title='bbox 2933 527 3253 627; x_wconf 75' lang='lat' dir='ltr'><strong>sponderet</strong></span> <span class='ocrx_word' id='word_1_21' title='bbox 3294 543 3405 626; x_wconf 75' lang='lat' dir='ltr'><strong>nec</strong></span> 
     </span>
    </p>
   </div>
   <div class='ocr_carea' id='block_1_3' title="bbox 155 619 3410 718">
    <p class='ocr_par' dir='ltr' id='par_1_3' title="bbox 155 619 3410 718">
     <span class='ocr_line' id='line_1_3' title="bbox 155 619 3410 718; baseline -0.01 -17"><span class='ocrx_word' id='word_1_22' title='bbox 155 667 203 705; x_wconf 87' lang='lat' dir='ltr'><strong>ac</strong></span> <span class='ocrx_word' id='word_1_23' title='bbox 223 645 468 718; x_wconf 63' lang='lat' dir='ltr'><strong>lapidibus</strong></span> <span class='ocrx_word' id='word_1_24' title='bbox 495 641 567 696; x_wconf 88' lang='lat' dir='ltr'><strong>ad</strong></span> <span class='ocrx_word' id='word_1_25' title='bbox 608 619 939 694; x_wconf 73' lang='lat' dir='ltr'><strong>columnam</strong></span> <span class='ocrx_word' id='word_1_26' title='bbox 984 637 1190 707; x_wconf 89' lang='lat' dir='ltr'><strong>ligatus</strong></span> <span class='ocrx_word' id='word_1_27' title='bbox 1224 633 1542 707; x_wconf 79' lang='lat' dir='ltr'><strong>perimitur.</strong></span> <span class='ocrx_word' id='word_1_28' title='bbox 1575 631 1702 686; x_wconf 88' lang='lat' dir='ltr'><strong>Fuit</strong></span> <span class='ocrx_word' id='word_1_29' title='bbox 1801 631 2000 718; x_wconf 76' lang='lat' dir='ltr'><strong>tamen</strong></span> <span class='ocrx_word' id='word_1_30' title='bbox 2031 620 2406 718; x_wconf 42' lang='lat' dir='ltr'><strong>fac_eret,-ipsi</strong></span> <span class='ocrx_word' id='word_1_31' title='bbox 2436 623 2649 718; x_wconf 41' lang='lat' dir='ltr'><strong>contra.</strong></span> <span class='ocrx_word' id='word_1_32' title='bbox 2682 635 2818 718; x_wconf 78' lang='lat' dir='ltr'><strong>eum</strong></span> <span class='ocrx_word' id='word_1_33' title='bbox 2863 619 3175 718; x_wconf 76' lang='lat' dir='ltr'><strong>pugnaturi</strong></span> <span class='ocrx_word' id='word_1_34' title='bbox 3212 619 3410 718; x_wconf 50' lang='lat' dir='ltr'><strong>‘aciem</strong></span> 
     </span>
    </p>
   </div>
   <div class='ocr_carea' id='block_1_4' title="bbox 157 704 3410 802">
    <p class='ocr_par' dir='ltr' id='par_1_4' title="bbox 157 704 3410 802">
     <span class='ocr_line' id='line_1_4' title="bbox 157 704 3410 802; baseline -0.01 -11"><span class='ocrx_word' id='word_1_35' title='bbox 157 704 329 791; x_wconf 48' lang='lat' dir='ltr'><strong>vero-in</strong></span> <span class='ocrx_word' id='word_1_36' title='bbox 354 705 655 785; x_wconf 74' lang='lat' dir='ltr'><strong>sumendis</strong></span> <span class='ocrx_word' id='word_1_37' title='bbox 684 727 823 781; x_wconf 89' lang='lat' dir='ltr'><strong>cibis</strong></span> <span class='ocrx_word' id='word_1_38' title='bbox 853 704 1068 780; x_wconf 73' lang='lat' dir='ltr'><strong>avidus.</strong></span> <span class='ocrx_word' id='word_1_39' title='bbox 1117 704 1240 778; x_wconf 25' lang='lat' dir='ltr'><strong>Sed:</strong></span> <span class='ocrx_word' id='word_1_40' title='bbox 1273 739 1406 794; x_wconf 71' lang='lat' dir='ltr'><strong>quin</strong></span> <span class='ocrx_word' id='word_1_41' title='bbox 1437 721 1702 776; x_wconf 81' lang='lat' dir='ltr'><strong>sumebat</strong></span> <span class='ocrx_word' id='word_1_42' title='bbox 1801 715 2154 769; x_wconf 87' lang='lat' dir='ltr'><strong>direxerunt.</strong></span> <span class='ocrx_word' id='word_1_43' title='bbox 2189 709 2406 774; x_wconf 88' lang='lat' dir='ltr'><strong>Quibus</strong></span> <span class='ocrx_word' id='word_1_44' title='bbox 2436 725 2565 762; x_wconf 90' lang='lat' dir='ltr'><strong>cum</strong></span> <span class='ocrx_word' id='word_1_45' title='bbox 2593 707 2689 761; x_wconf 92' lang='lat' dir='ltr'><strong>ille</strong></span> <span class='ocrx_word' id='word_1_46' title='bbox 2728 706 2885 761; x_wconf 84' lang='lat' dir='ltr'>haud</span> <span class='ocrx_word' id='word_1_47' title='bbox 2909 704 3152 802; x_wconf 72' lang='lat' dir='ltr'><strong>segnius</strong></span> <span class='ocrx_word' id='word_1_48' title='bbox 3173 704 3410 802; x_wconf 83' lang='lat' dir='ltr'><strong>obviam</strong></span> 
     </span>
    </p>
   </div>
   <div class='ocr_carea' id='block_1_5' title="bbox 154 793 3411 886">
    <p class='ocr_par' dir='ltr' id='par_1_5' title="bbox 154 793 3411 886">
     <span class='ocr_line' id='line_1_5' title="bbox 154 793 3411 886; baseline -0.009 -7"><span class='ocrx_word' id='word_1_49' title='bbox 154 826 312 880; x_wconf 79' lang='lat' dir='ltr'><strong>hausto</strong></span> <span class='ocrx_word' id='word_1_50' title='bbox 339 823 458 875; x_wconf 88' lang='lat' dir='ltr'><strong>aloe</strong></span> <span class='ocrx_word' id='word_1_51' title='bbox 489 819 682 873; x_wconf 90' lang='lat' dir='ltr'><strong>statim</strong></span> <span class='ocrx_word' id='word_1_52' title='bbox 727 816 1019 886; x_wconf 90' lang='lat' dir='ltr'><strong>egerebat,</strong></span> <span class='ocrx_word' id='word_1_53' title='bbox 1056 818 1118 868; x_wconf 92' lang='lat' dir='ltr'><strong>ut</strong></span> <span class='ocrx_word' id='word_1_54' title='bbox 1147 814 1256 867; x_wconf 87' lang='lat' dir='ltr'><strong>alia</strong></span> <span class='ocrx_word' id='word_1_55' title='bbox 1289 811 1453 866; x_wconf 88' lang='lat' dir='ltr'><strong>cilius</strong></span> <span class='ocrx_word' id='word_1_56' title='bbox 1473 825 1700 864; x_wconf 85' lang='lat' dir='ltr'><strong>sumere</strong></span> <span class='ocrx_word' id='word_1_57' title='bbox 1799 803 1930 868; x_wconf 97' lang='lat' dir='ltr'><strong>iret,</strong></span> <span class='ocrx_word' id='word_1_58' title='bbox 1959 803 2085 856; x_wconf 91' lang='lat' dir='ltr'><strong>orta</strong></span> <span class='ocrx_word' id='word_1_59' title='bbox 2115 801 2462 869; x_wconf 86' lang='lat' dir='ltr'><strong>tempestate</strong></span> <span class='ocrx_word' id='word_1_60' title='bbox 2490 797 2563 850; x_wconf 91' lang='lat' dir='ltr'><strong>ab</strong></span> <span class='ocrx_word' id='word_1_61' title='bbox 2582 797 2836 886; x_wconf 76' lang='lat' dir='ltr'><strong>hocsunt</strong></span> <span class='ocrx_word' id='word_1_62' title='bbox 2859 793 3104 886; x_wconf 82' lang='lat' dir='ltr'><strong>repressi</strong></span> <span class='ocrx_word' id='word_1_63' title='bbox 3126 793 3411 850; x_wconf 83' lang='lat' dir='ltr'><strong>facinore.</strong></span> 
     </span>
    </p>
   </div>
   <div class='ocr_carea' id='block_1_6' title="bbox 155 882 3416 984">
    <p class='ocr_par' dir='ltr' id='par_1_6' title="bbox 155 882 3416 984">
     <span class='ocr_line' id='line_1_6' title="bbox 155 882 3416 984; baseline -0.01 -17"><span class='ocrx_word' id='word_1_64' title='bbox 155 914 316 984; x_wconf 87' lang='lat' dir='ltr'><strong>posset.</strong></span> <span class='ocrx_word' id='word_1_65' title='bbox 357 908 670 980; x_wconf 84' lang='lat' dir='ltr'><strong>Strepitum</strong></span> <span class='ocrx_word' id='word_1_66' title='bbox 714 882 942 977; x_wconf 78' lang='lat' dir='ltr'><strong>quoque</strong></span> <span class='ocrx_word' id='word_1_67' title='bbox 986 901 1197 958; x_wconf 86' lang='lat' dir='ltr'><strong>ventris</strong></span> <span class='ocrx_word' id='word_1_68' title='bbox 1236 900 1294 955; x_wconf 92' lang='lat' dir='ltr'><strong>in</strong></span> <span class='ocrx_word' id='word_1_69' title='bbox 1323 899 1548 972; x_wconf 91' lang='lat' dir='ltr'><strong>publico</strong></span> <span class='ocrx_word' id='word_1_70' title='bbox 1579 896 1701 952; x_wconf 89' lang='lat' dir='ltr'><strong>sine</strong></span> <span class='ocrx_word' id='word_1_71' title='bbox 1804 887 2423 984; x_wconf 27' lang='lat' dir='ltr'><strong>i’ostibmcphrannus</strong></span> <span class='ocrx_word' id='word_1_72' title='bbox 2447 900 2578 984; x_wconf 38' lang='lat' dir='ltr'><strong>Aper</strong></span> <span class='ocrx_word' id='word_1_73' title='bbox 2623 882 3087 984; x_wconf 73' lang='lat' dir='ltr'><strong>subintroductas</strong></span> <span class='ocrx_word' id='word_1_74' title='bbox 3134 897 3416 984; x_wconf 66' lang='lat' dir='ltr'><strong>personas</strong></span> 
     </span>
    </p>
   </div>
   <div class='ocr_carea' id='block_1_7' title="bbox 157 970 3416 1055">
    <p class='ocr_par' dir='ltr' id='par_1_7' title="bbox 157 970 3416 1055">
     <span class='ocr_line' id='line_1_7' title="bbox 157 970 3416 1055; baseline -0.01 -1"><span class='ocrx_word' id='word_1_75' title='bbox 157 970 242 1055; x_wconf 72' lang='lat' dir='ltr'><strong>ulla</strong></span> <span class='ocrx_word' id='word_1_76' title='bbox 264 970 543 1053; x_wconf 73' lang='lat' dir='ltr'><strong>emittebat</strong></span> <span class='ocrx_word' id='word_1_77' title='bbox 569 970 933 1048; x_wconf 74' lang='lat' dir='ltr'><strong>verecundia.</strong></span> <span class='ocrx_word' id='word_1_78' title='bbox 1324 970 1339 972; x_wconf 47' lang='lat'>_</span> <span class='ocrx_word' id='word_1_79' title='bbox 1803 976 2075 1032; x_wconf 84' lang='lat' dir='ltr'><strong>fratribus</strong></span> <span class='ocrx_word' id='word_1_80' title='bbox 2107 973 2387 1030; x_wconf 80' lang='lat' dir='ltr'><strong>insinuari</strong></span> <span class='ocrx_word' id='word_1_81' title='bbox 2443 973 2580 1028; x_wconf 83' lang='lat' dir='ltr'><strong>facit</strong></span> <span class='ocrx_word' id='word_1_82' title='bbox 2621 974 2848 1043; x_wconf 85' lang='lat' dir='ltr'><strong>patrem</strong></span> <span class='ocrx_word' id='word_1_83' title='bbox 2899 970 3049 1024; x_wconf 91' lang='lat' dir='ltr'><strong>bello</strong></span> <span class='ocrx_word' id='word_1_84' title='bbox 3106 970 3416 1040; x_wconf 83' lang='lat' dir='ltr'><strong>oppetiisse</strong></span> 
     </span>
    </p>
   </div>
   <div class='ocr_carea' id='block_1_8' title="bbox 565 1057 3412 1136">
    <p class='ocr_par' dir='ltr' id='par_1_8' title="bbox 565 1057 3412 1136">
     <span class='ocr_line' id='line_1_8' title="bbox 565 1057 3412 1136; baseline -0.005 -12"><span class='ocrx_word' id='word_1_85' title='bbox 565 1120 571 1124; x_wconf 77' lang='grc'>.</span> <span class='ocrx_word' id='word_1_86' title='bbox 665 1081 887 1136; x_wconf 79' lang='lat' dir='ltr'><strong>CAPUT</strong></span> <span class='ocrx_word' id='word_1_87' title='bbox 920 1079 1117 1134; x_wconf 80' lang='lat' dir='ltr'><strong>XXVII.</strong></span> <span class='ocrx_word' id='word_1_88' title='bbox 1806 1064 2108 1120; x_wconf 87' lang='lat' dir='ltr'><strong>Saxonico.</strong></span> <span class='ocrx_word' id='word_1_89' title='bbox 2142 1062 2246 1129; x_wconf 88' lang='lat' dir='ltr'><strong>Illi,</strong></span> <span class='ocrx_word' id='word_1_90' title='bbox 2281 1078 2385 1132; x_wconf 91' lang='lat' dir='ltr'><strong>pro</strong></span> <span class='ocrx_word' id='word_1_91' title='bbox 2417 1077 2551 1116; x_wconf 91' lang='lat' dir='ltr'><strong>vero</strong></span> <span class='ocrx_word' id='word_1_92' title='bbox 2584 1059 2803 1114; x_wconf 92' lang='lat' dir='ltr'><strong>dictum</strong></span> <span class='ocrx_word' id='word_1_93' title='bbox 2835 1057 3120 1123; x_wconf 88' lang='lat' dir='ltr'><strong>arbitrati,</strong></span> <span class='ocrx_word' id='word_1_94' title='bbox 3155 1058 3412 1128; x_wconf 89' lang='lat' dir='ltr'><strong>Burgun-</strong></span> 
     </span>
    </p>
   </div>
   <div class='ocr_carea' id='block_1_9' title="bbox 262 1144 1787 1222">
    <p class='ocr_par' dir='ltr' id='par_1_9' title="bbox 262 1144 1570 1222">
     <span class='ocr_line' id='line_1_9' title="bbox 262 1144 1570 1222; baseline -0.01 -10"><span class='ocrx_word' id='word_1_95' title='bbox 262 1158 330 1212; x_wconf 83' lang='lat' dir='ltr'><strong>Dc</strong></span> <span class='ocrx_word' id='word_1_96' title='bbox 349 1155 581 1212; x_wconf 86' lang='lat' dir='ltr'><strong>Clotarii</strong></span> <span class='ocrx_word' id='word_1_97' title='bbox 602 1152 768 1208; x_wconf 82' lang='lat' dir='ltr'><strong>edicto</strong></span> <span class='ocrx_word' id='word_1_98' title='bbox 797 1159 846 1205; x_wconf 87' lang='lat' dir='ltr'><strong>et</strong></span> <span class='ocrx_word' id='word_1_99' title='bbox 871 1151 1204 1222; x_wconf 64' lang='lat' dir='ltr'><strong>expeiitione</strong></span> <span class='ocrx_word' id='word_1_100' title='bbox 1230 1149 1285 1203; x_wconf 79' lang='lat' dir='ltr'><strong>in</strong></span> <span class='ocrx_word' id='word_1_101' title='bbox 1311 1144 1570 1202; x_wconf 76' lang='lat' dir='ltr'><strong>Saxones.</strong></span> 
     </span>
    </p>
   </div>
   <div class='ocr_carea' id='block_1_10' title="bbox 1890 1144 3415 1222">
    <p class='ocr_par' dir='ltr' id='par_1_10' title="bbox 1890 1145 3415 1222">
     <span class='ocr_line' id='line_1_10' title="bbox 1890 1145 3415 1222; baseline -0.005 -14"><span class='ocrx_word' id='word_1_102' title='bbox 1890 1170 1966 1208; x_wconf 77' lang='lat' dir='ltr'><strong>im</strong></span> <span class='ocrx_word' id='word_1_103' title='bbox 1998 1152 2171 1207; x_wconf 88' lang='lat' dir='ltr'><strong>citato</strong></span> <span class='ocrx_word' id='word_1_104' title='bbox 2207 1152 2480 1222; x_wconf 91' lang='lat' dir='ltr'><strong>repetunt</strong></span> <span class='ocrx_word' id='word_1_105' title='bbox 2507 1149 2670 1203; x_wconf 92' lang='lat' dir='ltr'><strong>calle.</strong></span> <span class='ocrx_word' id='word_1_106' title='bbox 2706 1147 2799 1201; x_wconf 82' lang='lat' dir='ltr'><strong>His</strong></span> <span class='ocrx_word' id='word_1_107' title='bbox 2821 1145 3415 1213; x_wconf 86' lang='lat' dir='ltr'><strong>abeuntibus,Chran-</strong></span> 
     </span>
    </p>
   </div>
   <div class='ocr_carea' id='block_1_11' title="bbox 208 1233 3417 1317">
    <p class='ocr_par' dir='ltr' id='par_1_11' title="bbox 208 1233 3417 1317">
     <span class='ocr_line' id='line_1_11' title="bbox 208 1233 3417 1317; baseline -0.004 -15"><span class='ocrx_word' id='word_1_108' title='bbox 208 1245 474 1317; x_wconf 86' lang='lat' dir='ltr'><strong>Proposuit</strong></span> <span class='ocrx_word' id='word_1_109' title='bbox 515 1245 709 1298; x_wconf 88' lang='lat' dir='ltr'><strong>autem</strong></span> <span class='ocrx_word' id='word_1_110' title='bbox 743 1239 1022 1296; x_wconf 80' lang='lat' dir='ltr'><strong>Clotarius</strong></span> <span class='ocrx_word' id='word_1_111' title='bbox 1053 1237 1327 1302; x_wconf 75' lang='lat' dir='ltr'><strong>edictum,</strong></span> <span class='ocrx_word' id='word_1_112' title='bbox 1385 1237 1447 1289; x_wconf 77' lang='lat' dir='ltr'><strong>ut</strong></span> <span class='ocrx_word' id='word_1_113' title='bbox 1489 1235 1707 1317; x_wconf 68' lang='grc' dir='ltr'><strong>οιιῐιοῐδεξ</strong></span> <span class='ocrx_word' id='word_1_114' title='bbox 1809 1259 1916 1296; x_wconf 90' lang='lat' dir='ltr'><strong>nus</strong></span> <span class='ocrx_word' id='word_1_115' title='bbox 1941 1244 2070 1311; x_wconf 88' lang='lat' dir='ltr'><strong>post</strong></span> <span class='ocrx_word' id='word_1_116' title='bbox 2096 1255 2195 1294; x_wconf 91' lang='lat' dir='ltr'><strong>eos</strong></span> <span class='ocrx_word' id='word_1_117' title='bbox 2226 1238 2336 1293; x_wconf 89' lang='lat' dir='ltr'><strong>iter</strong></span> <span class='ocrx_word' id='word_1_118' title='bbox 2367 1237 2644 1308; x_wconf 87' lang='lat' dir='ltr'><strong>dirigens,</strong></span> <span class='ocrx_word' id='word_1_119' title='bbox 2677 1239 2846 1307; x_wconf 89' lang='lat' dir='ltr'><strong>capta</strong></span> <span class='ocrx_word' id='word_1_120' title='bbox 2872 1233 3241 1290; x_wconf 86' lang='lat' dir='ltr'><strong>Cabilonensi</strong></span> <span class='ocrx_word' id='word_1_121' title='bbox 3274 1234 3417 1289; x_wconf 89' lang='lat' dir='ltr'><strong>urbe</strong></span> 
     </span>
    </p>
   </div>
   <div class='ocr_carea' id='block_1_12' title="bbox 157 1305 3419 1400">
    <p class='ocr_par' dir='ltr' id='par_1_12' title="bbox 157 1305 3419 1400">
     <span class='ocr_line' id='line_1_12' title="bbox 157 1305 3419 1400; baseline -0.007 -11"><span class='ocrx_word' id='word_1_122' title='bbox 157 1305 365 1389; x_wconf 68' lang='lat' dir='ltr'><strong>Ecclesia:</strong></span> <span class='ocrx_word' id='word_1_123' title='bbox 388 1331 700 1388; x_wconf 89' lang='lat' dir='ltr'><strong>Galliarum</strong></span> <span class='ocrx_word' id='word_1_124' title='bbox 734 1330 870 1384; x_wconf 80' lang='lat' dir='ltr'><strong>fisco</strong></span> <span class='ocrx_word' id='word_1_125' title='bbox 901 1327 1134 1383; x_wconf 85' lang='lat' dir='ltr'><strong>tertiam</strong></span> <span class='ocrx_word' id='word_1_126' title='bbox 1167 1328 1392 1397; x_wconf 90' lang='lat' dir='ltr'><strong>partem</strong></span> <span class='ocrx_word' id='word_1_127' title='bbox 1425 1305 1712 1377; x_wconf 60' lang='lat' dir='ltr'><strong>solverent</strong></span> <span class='ocrx_word' id='word_1_128' title='bbox 1810 1331 1884 1386; x_wconf 68' lang='lat' dir='ltr'>ad</span> <span class='ocrx_word' id='word_1_129' title='bbox 1914 1305 2164 1383; x_wconf 50' lang='lat' dir='ltr'><strong>c-astmm</strong></span> <span class='ocrx_word' id='word_1_130' title='bbox 2184 1330 2458 1400; x_wconf 66' lang='lat' dir='ltr'><strong>properat</strong></span> <span class='ocrx_word' id='word_1_131' title='bbox 2486 1305 2850 1391; x_wconf 57' lang='lat' dir='ltr'><strong>bivionedse,</strong></span> <span class='ocrx_word' id='word_1_132' title='bbox 2876 1323 2971 1377; x_wconf 82' lang='lat' dir='ltr'><strong>ubi</strong></span> <span class='ocrx_word' id='word_1_133' title='bbox 2996 1323 3237 1395; x_wconf 75' lang='lat' dir='ltr'><strong>quidam</strong></span> <span class='ocrx_word' id='word_1_134' title='bbox 3255 1323 3419 1378; x_wconf 63' lang='lat' dir='ltr'><strong>Cleri-</strong></span> 
     </span>
    </p>
   </div>
   <div class='ocr_carea' id='block_1_13' title="bbox 145 1404 1670 1487">
    <p class='ocr_par' dir='ltr' id='par_1_13' title="bbox 145 1404 1666 1486">
     <span class='ocr_line' id='line_1_13' title="bbox 145 1404 1666 1486; baseline -0.01 -9"><span class='ocrx_word' id='word_1_135' title='bbox 145 1404 412 1477; x_wconf 15' lang='lat' dir='ltr'><strong>ifructuum.</strong></span> <span class='ocrx_word' id='word_1_136' title='bbox 463 1418 648 1484; x_wconf 89' lang='lat' dir='ltr'><strong>Quod,</strong></span> <span class='ocrx_word' id='word_1_137' title='bbox 683 1417 981 1472; x_wconf 86' lang='lat' dir='ltr'><strong>resistente</strong></span> <span class='ocrx_word' id='word_1_138' title='bbox 1012 1414 1293 1486; x_wconf 86' lang='lat' dir='ltr'><strong>lnjurioso</strong></span> <span class='ocrx_word' id='word_1_139' title='bbox 1324 1409 1616 1484; x_wconf 85' lang='lat' dir='ltr'><strong>pontifice,</strong></span> <span class='ocrx_word' id='word_1_140' title='bbox 1652 1407 1666 1462; x_wconf 89' lang='lat' dir='ltr'><strong>i</strong></span> 
     </span>
    </p>
   </div>
   <div class='ocr_carea' id='block_1_14' title="bbox 1895 1404 3420 1487">
    <p class='ocr_par' dir='ltr' id='par_1_14' title="bbox 1895 1412 3420 1487">
     <span class='ocr_line' id='line_1_14' title="bbox 1895 1412 3420 1487; baseline -0.005 -15"><span class='ocrx_word' id='word_1_141' title='bbox 1895 1434 2037 1484; x_wconf 89' lang='lat' dir='ltr'><strong>rum,</strong></span> <span class='ocrx_word' id='word_1_142' title='bbox 2053 1416 2258 1471; x_wconf 87' lang='lat' dir='ltr'><strong>curiosi</strong></span> <span class='ocrx_word' id='word_1_143' title='bbox 2281 1415 2416 1487; x_wconf 91' lang='lat' dir='ltr'><strong>quid</strong></span> <span class='ocrx_word' id='word_1_144' title='bbox 2434 1414 2704 1468; x_wconf 86' lang='lat' dir='ltr'><strong>Chranno</strong></span> <span class='ocrx_word' id='word_1_145' title='bbox 2726 1412 3038 1474; x_wconf 89' lang='lat' dir='ltr'><strong>accideret,</strong></span> <span class='ocrx_word' id='word_1_146' title='bbox 3051 1428 3223 1483; x_wconf 87' lang='lat' dir='ltr'><strong>super</strong></span> <span class='ocrx_word' id='word_1_147' title='bbox 3241 1412 3420 1466; x_wconf 89' lang='lat' dir='ltr'><strong>altare</strong></span> 
     </span>
    </p>
   </div>
   <div class='ocr_carea' id='block_1_15' title="bbox 156 1497 3432 1580">
    <p class='ocr_par' dir='ltr' id='par_1_15' title="bbox 156 1497 3432 1580">
     <span class='ocr_line' id='line_1_15' title="bbox 156 1497 3432 1580; baseline -0.007 -16"><span class='ocrx_word' id='word_1_148' title='bbox 156 1511 248 1580; x_wconf 81' lang='lat' dir='ltr'><strong>ipso</strong></span> <span class='ocrx_word' id='word_1_149' title='bbox 272 1508 491 1564; x_wconf 85' lang='lat' dir='ltr'><strong>exordio</strong></span> <span class='ocrx_word' id='word_1_150' title='bbox 516 1508 1010 1561; x_wconf 89' lang='lat' dir='ltr'><strong>tentamentorum</strong></span> <span class='ocrx_word' id='word_1_151' title='bbox 1027 1497 1715 1557; x_wconf 68' lang='lat' dir='ltr'><strong>estcassatum.Posthzec</strong></span> <span class='ocrx_word' id='word_1_152' title='bbox 1813 1510 1930 1561; x_wconf 66' lang='lat' dir='ltr'><strong>tres</strong></span> <span class='ocrx_word' id='word_1_153' title='bbox 1958 1507 2276 1576; x_wconf 63' lang='lat' dir='ltr'><strong>posuerunt</strong></span> <span class='ocrx_word' id='word_1_154' title='bbox 2307 1503 2552 1568; x_wconf 63' lang='lat' dir='ltr'><strong>codices,</strong></span> <span class='ocrx_word' id='word_1_155' title='bbox 2587 1502 2642 1555; x_wconf 75' lang='lat' dir='ltr'><strong>id</strong></span> <span class='ocrx_word' id='word_1_156' title='bbox 2679 1504 2787 1564; x_wconf 61' lang='grc' dir='ltr'><strong>ρει,</strong></span> <span class='ocrx_word' id='word_1_157' title='bbox 2821 1501 3268 1572; x_wconf 59' lang='lat' dir='ltr'><strong>prophetarum,</strong></span> <span class='ocrx_word' id='word_1_158' title='bbox 3304 1499 3432 1570; x_wconf 73' lang='grc' dir='ltr'><strong>Ερί-</strong></span> 
     </span>
    </p>
   </div>
   <div class='ocr_carea' id='block_1_16' title="bbox 157 1583 3428 1664">
    <p class='ocr_par' dir='ltr' id='par_1_16' title="bbox 157 1583 3428 1664">
     <span class='ocr_line' id='line_1_16' title="bbox 157 1583 3428 1664; baseline -0.005 -4"><span class='ocrx_word' id='word_1_159' title='bbox 157 1599 274 1653; x_wconf 82' lang='lat' dir='ltr'><strong>idem</strong></span> <span class='ocrx_word' id='word_1_160' title='bbox 301 1599 403 1652; x_wconf 75' lang='lat' dir='ltr'><strong>Rex</strong></span> <span class='ocrx_word' id='word_1_161' title='bbox 435 1597 495 1650; x_wconf 77' lang='lat' dir='ltr'><strong>in</strong></span> <span class='ocrx_word' id='word_1_162' title='bbox 529 1596 779 1650; x_wconf 74' lang='lat' dir='ltr'><strong>Saxones</strong></span> <span class='ocrx_word' id='word_1_163' title='bbox 806 1597 1029 1649; x_wconf 69' lang='lat' dir='ltr'><strong>rectum</strong></span> <span class='ocrx_word' id='word_1_164' title='bbox 1063 1591 1173 1645; x_wconf 61' lang='lat' dir='ltr'><strong>iter</strong></span> <span class='ocrx_word' id='word_1_165' title='bbox 1197 1589 1422 1656; x_wconf 65' lang='grc' dir='ltr'><strong>ἀίΐθιίιν</strong></span> <span class='ocrx_word' id='word_1_166' title='bbox 1456 1586 1553 1659; x_wconf 66' lang='lat' dir='ltr'><strong>qni</strong></span> <span class='ocrx_word' id='word_1_167' title='bbox 1575 1583 1712 1640; x_wconf 48' lang='lat'><strong>3595‘</strong></span> <span class='ocrx_word' id='word_1_168' title='bbox 1815 1595 2094 1649; x_wconf 88' lang='lat' dir='ltr'><strong>stolarum</strong></span> <span class='ocrx_word' id='word_1_169' title='bbox 2123 1591 2379 1664; x_wconf 82' lang='lat' dir='ltr'><strong>Apostoli</strong></span> <span class='ocrx_word' id='word_1_170' title='bbox 2413 1608 2477 1646; x_wconf 92' lang='lat' dir='ltr'><strong>ac</strong></span> <span class='ocrx_word' id='word_1_171' title='bbox 2499 1589 2972 1662; x_wconf 89' lang='lat' dir='ltr'><strong>Evangeliorum.</strong></span> <span class='ocrx_word' id='word_1_172' title='bbox 2997 1588 3270 1645; x_wconf 84' lang='lat' dir='ltr'><strong>Oratione</strong></span> <span class='ocrx_word' id='word_1_173' title='bbox 3287 1604 3428 1659; x_wconf 87' lang='lat' dir='ltr'><strong>ergo</strong></span> 
     </span>
    </p>
   </div>
   <div class='ocr_carea' id='block_1_17' title="bbox 157 1674 3432 1750">
    <p class='ocr_par' dir='ltr' id='par_1_17' title="bbox 157 1674 3432 1750">
     <span class='ocr_line' id='line_1_17' title="bbox 157 1674 3432 1750; baseline -0.003 -11"><span class='ocrx_word' id='word_1_174' title='bbox 157 1686 254 1739; x_wconf 89' lang='lat' dir='ltr'><strong>duis</strong></span> <span class='ocrx_word' id='word_1_175' title='bbox 273 1684 688 1740; x_wconf 81' lang='lat' dir='ltr'><strong>excursionibus</strong></span> <span class='ocrx_word' id='word_1_176' title='bbox 735 1683 1087 1736; x_wconf 84' lang='lat' dir='ltr'><strong>Francorum</strong></span> <span class='ocrx_word' id='word_1_177' title='bbox 1133 1677 1508 1732; x_wconf 90' lang='lat' dir='ltr'><strong>devastabant</strong></span> <span class='ocrx_word' id='word_1_178' title='bbox 1548 1674 1712 1728; x_wconf 85' lang='lat' dir='ltr'><strong>ﬁnes.</strong></span> <span class='ocrx_word' id='word_1_179' title='bbox 1819 1682 1892 1736; x_wconf 73' lang='lat' dir='ltr'>ad</span> <span class='ocrx_word' id='word_1_180' title='bbox 1913 1681 2225 1735; x_wconf 84' lang='lat' dir='ltr'><strong>Dominum</strong></span> <span class='ocrx_word' id='word_1_181' title='bbox 2245 1679 2415 1746; x_wconf 86' lang='lat' dir='ltr'><strong>facta,</strong></span> <span class='ocrx_word' id='word_1_182' title='bbox 2440 1680 2641 1750; x_wconf 88' lang='lat' dir='ltr'><strong>aperto</strong></span> <span class='ocrx_word' id='word_1_183' title='bbox 2667 1678 3088 1749; x_wconf 83' lang='lat' dir='ltr'><strong>Prophetarum</strong></span> <span class='ocrx_word' id='word_1_184' title='bbox 3119 1677 3264 1731; x_wconf 92' lang='lat' dir='ltr'><strong>libro</strong></span> <span class='ocrx_word' id='word_1_185' title='bbox 3279 1677 3432 1731; x_wconf 82' lang='lat' dir='ltr'><strong>hunc</strong></span> 
     </span>
    </p>
   </div>
   <div class='ocr_carea' id='block_1_18' title="bbox 159 1763 3434 1844">
    <p class='ocr_par' dir='ltr' id='par_1_18' title="bbox 159 1763 3434 1844">
     <span class='ocr_line' id='line_1_18' title="bbox 159 1763 3434 1844; baseline -0.005 -8"><span class='ocrx_word' id='word_1_186' title='bbox 159 1773 329 1836; x_wconf 69' lang='lat' dir='ltr'><strong>ovibus</strong></span> <span class='ocrx_word' id='word_1_187' title='bbox 381 1789 556 1844; x_wconf 75' lang='lat' dir='ltr'><strong>super</strong></span> <span class='ocrx_word' id='word_1_188' title='bbox 603 1771 879 1824; x_wconf 75' lang='lat' dir='ltr'><strong>Wisel‘am</strong></span> <span class='ocrx_word' id='word_1_189' title='bbox 944 1767 1182 1822; x_wconf 77' lang='grc' dir='ltr'><strong>ῘῙιινίιιῐῐὶ</strong></span> <span class='ocrx_word' id='word_1_190' title='bbox 1244 1765 1394 1819; x_wconf 73' lang='lat' dir='ltr'><strong>bello</strong></span> <span class='ocrx_word' id='word_1_191' title='bbox 1446 1763 1716 1828; x_wconf 70' lang='lat' dir='ltr'><strong>SUbﬂCtiS.</strong></span> <span class='ocrx_word' id='word_1_192' title='bbox 1817 1769 2072 1840; x_wconf 90' lang='lat' dir='ltr'><strong>primum</strong></span> <span class='ocrx_word' id='word_1_193' title='bbox 2107 1783 2376 1838; x_wconf 89' lang='lat' dir='ltr'><strong>reperere</strong></span> <span class='ocrx_word' id='word_1_194' title='bbox 2405 1765 2744 1821; x_wconf 85' lang='lat' dir='ltr'><strong>versiculum</strong></span> <span class='ocrx_word' id='word_1_195' title='bbox 2781 1778 2796 1822; x_wconf 89' lang='lat'><strong>:</strong></span> <span class='ocrx_word' id='word_1_196' title='bbox 2827 1765 3103 1835; x_wconf 67' lang='lat' dir='ltr'><strong>Ait/eram</strong></span> <span class='ocrx_word' id='word_1_197' title='bbox 3146 1768 3434 1821; x_wconf 82' lang='lat' dir='ltr'><strong>maceriam</strong></span> 
     </span>
    </p>
   </div>
   <div class='ocr_carea' id='block_1_19' title="bbox 153 1851 1678 1932">
    <p class='ocr_par' dir='ltr' id='par_1_19' title="bbox 153 1851 1678 1932">
     <span class='ocr_line' id='line_1_19' title="bbox 153 1851 1678 1932; baseline -0.005 -19"><span class='ocrx_word' id='word_1_198' title='bbox 153 1860 424 1932; x_wconf 83' lang='lat' dir='ltr'><strong>Thoringos</strong></span> <span class='ocrx_word' id='word_1_199' title='bbox 456 1876 708 1932; x_wconf 91' lang='lat' dir='ltr'><strong>quoque,</strong></span> <span class='ocrx_word' id='word_1_200' title='bbox 763 1875 829 1913; x_wconf 89' lang='lat' dir='ltr'><strong>eo</strong></span> <span class='ocrx_word' id='word_1_201' title='bbox 877 1855 1031 1928; x_wconf 89' lang='lat' dir='ltr'><strong>quod</strong></span> <span class='ocrx_word' id='word_1_202' title='bbox 1081 1854 1399 1909; x_wconf 85' lang='lat' dir='ltr'><strong>Saxonibus</strong></span> <span class='ocrx_word' id='word_1_203' title='bbox 1443 1851 1678 1907; x_wconf 77' lang='lat' dir='ltr'><strong>auxiliur</strong></span> 
     </span>
    </p>
   </div>
   <div class='ocr_carea' id='block_1_20' title="bbox 1909 1851 3434 1932">
    <p class='ocr_par' dir='ltr' id='par_1_20' title="bbox 1909 1853 3434 1926">
     <span class='ocr_line' id='line_1_20' title="bbox 1909 1853 3434 1926; baseline -0.003 -15"><span class='ocrx_word' id='word_1_204' title='bbox 1909 1874 1954 1920; x_wconf 90' lang='lat' dir='ltr'><strong>s,</strong></span> <span class='ocrx_word' id='word_1_205' title='bbox 1987 1863 2037 1911; x_wconf 85' lang='lat' dir='ltr'><strong>et</strong></span> <span class='ocrx_word' id='word_1_206' title='bbox 2065 1859 2163 1910; x_wconf 86' lang='lat' dir='ltr'><strong>erit</strong></span> <span class='ocrx_word' id='word_1_207' title='bbox 2195 1857 2250 1909; x_wconf 88' lang='lat' dir='ltr'><strong>in</strong></span> <span class='ocrx_word' id='word_1_208' title='bbox 2275 1855 2648 1909; x_wconf 78' lang='lat' dir='ltr'><strong>desolationem</strong></span> <span class='ocrx_word' id='word_1_209' title='bbox 2667 1871 2772 1925; x_wconf 88' lang='lat' dir='ltr'><strong>pro</strong></span> <span class='ocrx_word' id='word_1_210' title='bbox 2797 1871 2854 1907; x_wconf 89' lang='lat' dir='ltr'><strong>eo</strong></span> <span class='ocrx_word' id='word_1_211' title='bbox 2878 1853 3021 1926; x_wconf 81' lang='lat' dir='ltr'><strong>quod</strong></span> <span class='ocrx_word' id='word_1_212' title='bbox 3041 1853 3221 1908; x_wconf 78' lang='lat' dir='ltr'><strong>debuit</strong></span> <span class='ocrx_word' id='word_1_213' title='bbox 3257 1854 3434 1924; x_wconf 78' lang='lat' dir='ltr'><strong>facere</strong></span> 
     </span>
    </p>
   </div>
   <div class='ocr_carea' id='block_1_21' title="bbox 158 1940 3433 2020">
    <p class='ocr_par' dir='ltr' id='par_1_21' title="bbox 158 1940 3433 2020">
     <span class='ocr_line' id='line_1_21' title="bbox 158 1940 3433 2020; baseline -0.002 -19"><span class='ocrx_word' id='word_1_214' title='bbox 158 1949 390 2017; x_wconf 84' lang='lat' dir='ltr'><strong>tulissent,</strong></span> <span class='ocrx_word' id='word_1_215' title='bbox 419 1949 804 2020; x_wconf 90' lang='lat' dir='ltr'><strong>depopulatus</strong></span> <span class='ocrx_word' id='word_1_216' title='bbox 833 1949 936 2000; x_wconf 91' lang='lat' dir='ltr'><strong>est.</strong></span> <span class='ocrx_word' id='word_1_217' title='bbox 971 1946 1169 1998; x_wconf 90' lang='lat' dir='ltr'><strong>Denuo</strong></span> <span class='ocrx_word' id='word_1_218' title='bbox 1201 1941 1518 1997; x_wconf 84' lang='lat' dir='ltr'><strong>Saxonibus</strong></span> <span class='ocrx_word' id='word_1_219' title='bbox 1540 1940 1721 1994; x_wconf 88' lang='lat' dir='ltr'><strong>rebel-</strong></span> <span class='ocrx_word' id='word_1_220' title='bbox 1819 1963 2003 2010; x_wconf 87' lang='lat' dir='ltr'><strong>uvam,</strong></span> <span class='ocrx_word' id='word_1_221' title='bbox 2035 1945 2162 2014; x_wconf 77' lang='lat' dir='ltr'><strong>fecit</strong></span> <span class='ocrx_word' id='word_1_222' title='bbox 2197 1960 2320 2000; x_wconf 77' lang='lat' dir='ltr'><strong>vero</strong></span> <span class='ocrx_word' id='word_1_223' title='bbox 2366 1943 2638 1999; x_wconf 83' lang='lat' dir='ltr'><strong>labruscas</strong></span> <span class='ocrx_word' id='word_1_224' title='bbox 2688 1941 2819 2012; x_wconf 88' lang='lat' dir='ltr'><strong>(Isa.</strong></span> <span class='ocrx_word' id='word_1_225' title='bbox 2867 1959 2919 2008; x_wconf 94' lang='lat' dir='ltr'><strong>v,</strong></span> <span class='ocrx_word' id='word_1_226' title='bbox 2975 1941 3120 2013; x_wconf 76' lang='grc'><strong>4-5).</strong></span> <span class='ocrx_word' id='word_1_227' title='bbox 3157 1942 3433 1996; x_wconf 86' lang='lat' dir='ltr'><strong>Reserate</strong></span> 
     </span>
    </p>
   </div>
   <div class='ocr_carea' id='block_1_22' title="bbox 156 2027 3435 2108">
    <p class='ocr_par' dir='ltr' id='par_1_22' title="bbox 156 2027 3435 2108">
     <span class='ocr_line' id='line_1_22' title="bbox 156 2027 3435 2108; baseline -0.002 -20"><span class='ocrx_word' id='word_1_228' title='bbox 156 2036 246 2090; x_wconf 86' lang='lat' dir='ltr'><strong>lare</strong></span> <span class='ocrx_word' id='word_1_229' title='bbox 270 2037 618 2108; x_wconf 86' lang='lat' dir='ltr'><strong>parantibus,</strong></span> <span class='ocrx_word' id='word_1_230' title='bbox 652 2035 931 2089; x_wconf 89' lang='lat' dir='ltr'><strong>Clotarius</strong></span> <span class='ocrx_word' id='word_1_231' title='bbox 962 2031 1230 2086; x_wconf 88' lang='lat' dir='ltr'><strong>adversus</strong></span> <span class='ocrx_word' id='word_1_232' title='bbox 1266 2046 1364 2084; x_wconf 91' lang='lat' dir='ltr'><strong>eos</strong></span> <span class='ocrx_word' id='word_1_233' title='bbox 1407 2027 1720 2083; x_wconf 81' lang='lat' dir='ltr'><strong>exercitum</strong></span> <span class='ocrx_word' id='word_1_234' title='bbox 1822 2033 2001 2087; x_wconf 81' lang='lat' dir='ltr'><strong>etiam</strong></span> <span class='ocrx_word' id='word_1_235' title='bbox 2027 2033 2286 2104; x_wconf 78' lang='lat' dir='ltr'><strong>Apostoli</strong></span> <span class='ocrx_word' id='word_1_236' title='bbox 2312 2031 2507 2087; x_wconf 81' lang='lat' dir='ltr'><strong>codice</strong></span> <span class='ocrx_word' id='word_1_237' title='bbox 2537 2032 2648 2086; x_wconf 84' lang='lat' dir='ltr'><strong>hoc</strong></span> <span class='ocrx_word' id='word_1_238' title='bbox 2700 2031 3082 2086; x_wconf 86' lang='lat' dir='ltr'><strong>invenerunt:</strong></span> <span class='ocrx_word' id='word_1_239' title='bbox 3119 2029 3257 2084; x_wconf 90' lang='lat' dir='ltr'><strong>Cum</strong></span> <span class='ocrx_word' id='word_1_240' title='bbox 3287 2030 3435 2086; x_wconf 76' lang='lat' dir='ltr'><strong>dixe-</strong></span> 
     </span>
    </p>
   </div>
   <div class='ocr_carea' id='block_1_23' title="bbox 159 2115 3436 2192">
    <p class='ocr_par' dir='ltr' id='par_1_23' title="bbox 159 2115 3436 2192">
     <span class='ocr_line' id='line_1_23' title="bbox 159 2115 3436 2192; baseline -0.002 -13"><span class='ocrx_word' id='word_1_241' title='bbox 159 2129 327 2179; x_wconf 85' lang='lat' dir='ltr'><strong>movet.</strong></span> <span class='ocrx_word' id='word_1_242' title='bbox 342 2126 550 2180; x_wconf 87' lang='lat' dir='ltr'><strong>Verum</strong></span> <span class='ocrx_word' id='word_1_243' title='bbox 577 2123 831 2178; x_wconf 82' lang='lat' dir='ltr'><strong>Saxones</strong></span> <span class='ocrx_word' id='word_1_244' title='bbox 852 2119 1160 2192; x_wconf 89' lang='lat' dir='ltr'><strong>superioris</strong></span> <span class='ocrx_word' id='word_1_245' title='bbox 1177 2117 1310 2174; x_wconf 89' lang='lat' dir='ltr'><strong>belli</strong></span> <span class='ocrx_word' id='word_1_246' title='bbox 1342 2118 1512 2188; x_wconf 85' lang='lat' dir='ltr'><strong>plaga</strong></span> <span class='ocrx_word' id='word_1_247' title='bbox 1529 2115 1720 2170; x_wconf 89' lang='lat' dir='ltr'><strong>humi-</strong></span> <span class='ocrx_word' id='word_1_248' title='bbox 1822 2121 1938 2176; x_wconf 89' lang='lat' dir='ltr'><strong>rint</strong></span> <span class='ocrx_word' id='word_1_249' title='bbox 1969 2137 1981 2175; x_wconf 93' lang='lat'><strong>:</strong></span> <span class='ocrx_word' id='word_1_250' title='bbox 2023 2121 2146 2177; x_wconf 71' lang='lat' dir='ltr'><strong>Pax</strong></span> <span class='ocrx_word' id='word_1_251' title='bbox 2175 2127 2225 2174; x_wconf 76' lang='lat' dir='ltr'><strong>et</strong></span> <span class='ocrx_word' id='word_1_252' title='bbox 2248 2121 2520 2187; x_wconf 73' lang='lat' dir='ltr'><strong>securitas,</strong></span> <span class='ocrx_word' id='word_1_253' title='bbox 2553 2127 2677 2174; x_wconf 86' lang='lat' dir='ltr'><strong>tunc</strong></span> <span class='ocrx_word' id='word_1_254' title='bbox 2709 2121 3029 2190; x_wconf 80' lang='lat' dir='ltr'><strong>repentinus</strong></span> <span class='ocrx_word' id='word_1_255' title='bbox 3051 2120 3122 2172; x_wconf 87' lang='lat' dir='ltr'><strong>eis</strong></span> <span class='ocrx_word' id='word_1_256' title='bbox 3157 2120 3332 2173; x_wconf 78' lang='lat' dir='ltr'><strong>veniet</strong></span> <span class='ocrx_word' id='word_1_257' title='bbox 3353 2121 3436 2173; x_wconf 85' lang='lat' dir='ltr'><strong>in-</strong></span> 
     </span>
    </p>
   </div>
   <div class='ocr_carea' id='block_1_24' title="bbox 155 2204 3437 2285">
    <p class='ocr_par' dir='ltr' id='par_1_24' title="bbox 155 2204 3437 2285">
     <span class='ocr_line' id='line_1_24' title="bbox 155 2204 3437 2285; baseline -0.002 -19"><span class='ocrx_word' id='word_1_258' title='bbox 155 2213 264 2275; x_wconf 87' lang='lat' dir='ltr'><strong>liati,</strong></span> <span class='ocrx_word' id='word_1_259' title='bbox 293 2230 386 2284; x_wconf 90' lang='lat' dir='ltr'><strong>per</strong></span> <span class='ocrx_word' id='word_1_260' title='bbox 413 2215 642 2285; x_wconf 86' lang='lat' dir='ltr'><strong>legatos</strong></span> <span class='ocrx_word' id='word_1_261' title='bbox 671 2209 1112 2266; x_wconf 90' lang='lat' dir='ltr'><strong>commissorum</strong></span> <span class='ocrx_word' id='word_1_262' title='bbox 1147 2207 1502 2280; x_wconf 88' lang='lat' dir='ltr'><strong>postulantes</strong></span> <span class='ocrx_word' id='word_1_263' title='bbox 1531 2204 1722 2258; x_wconf 83' lang='lat' dir='ltr'><strong>indul-</strong></span> <span class='ocrx_word' id='word_1_264' title='bbox 1825 2210 2010 2263; x_wconf 84' lang='lat' dir='ltr'><strong>teritus</strong></span> <span class='ocrx_word' id='word_1_265' title='bbox 2041 2208 2101 2281; x_wconf 92' lang='grc' dir='ltr'><strong>(Ι</strong></span> <span class='ocrx_word' id='word_1_266' title='bbox 2136 2209 2321 2265; x_wconf 84' lang='lat' dir='ltr'><strong>Thess.</strong></span> <span class='ocrx_word' id='word_1_267' title='bbox 2355 2225 2412 2275; x_wconf 91' lang='lat' dir='ltr'><strong>v,</strong></span> <span class='ocrx_word' id='word_1_268' title='bbox 2442 2211 2515 2272; x_wconf 88' lang='lat'><strong>3).</strong></span> <span class='ocrx_word' id='word_1_269' title='bbox 2551 2208 2830 2263; x_wconf 90' lang='lat' dir='ltr'><strong>Dominus</strong></span> <span class='ocrx_word' id='word_1_270' title='bbox 2861 2211 3052 2262; x_wconf 87' lang='lat' dir='ltr'><strong>autem</strong></span> <span class='ocrx_word' id='word_1_271' title='bbox 3089 2206 3148 2261; x_wconf 91' lang='lat' dir='ltr'><strong>in</strong></span> <span class='ocrx_word' id='word_1_272' title='bbox 3178 2207 3437 2278; x_wconf 87' lang='lat' dir='ltr'><strong>Evange-</strong></span> 
     </span>
    </p>
   </div>
   <div class='ocr_carea' id='block_1_25' title="bbox 157 2294 3440 2370">
    <p class='ocr_par' dir='ltr' id='par_1_25' title="bbox 157 2294 3440 2370">
     <span class='ocr_line' id='line_1_25' title="bbox 157 2294 3440 2370; baseline -0.002 -16"><span class='ocrx_word' id='word_1_273' title='bbox 157 2301 486 2370; x_wconf 82' lang='lat' dir='ltr'><strong>genliam,de</strong></span> <span class='ocrx_word' id='word_1_274' title='bbox 509 2303 716 2356; x_wconf 65' lang='lat' dir='ltr'><strong>ceetero</strong></span> <span class='ocrx_word' id='word_1_275' title='bbox 740 2297 1210 2353; x_wconf 89' lang='lat' dir='ltr'><strong>emendationem</strong></span> <span class='ocrx_word' id='word_1_276' title='bbox 1242 2294 1588 2366; x_wconf 87' lang='lat' dir='ltr'><strong>pollicentur</strong></span> <span class='ocrx_word' id='word_1_277' title='bbox 1602 2309 1725 2347; x_wconf 88' lang='lat' dir='ltr'><strong>sua-</strong></span> <span class='ocrx_word' id='word_1_278' title='bbox 1823 2295 1900 2350; x_wconf 91' lang='lat' dir='ltr'><strong>lio</strong></span> <span class='ocrx_word' id='word_1_279' title='bbox 1933 2295 2012 2350; x_wconf 89' lang='lat' dir='ltr'><strong>ait</strong></span> <span class='ocrx_word' id='word_1_280' title='bbox 2044 2313 2057 2351; x_wconf 91' lang='lat'><strong>:</strong></span> <span class='ocrx_word' id='word_1_281' title='bbox 2088 2295 2197 2362; x_wconf 84' lang='lat' dir='ltr'><strong>Qui</strong></span> <span class='ocrx_word' id='word_1_282' title='bbox 2245 2313 2351 2350; x_wconf 89' lang='lat' dir='ltr'><strong>non</strong></span> <span class='ocrx_word' id='word_1_283' title='bbox 2391 2295 2543 2350; x_wconf 86' lang='lat' dir='ltr'><strong>audit</strong></span> <span class='ocrx_word' id='word_1_284' title='bbox 2572 2296 2732 2351; x_wconf 81' lang='lat' dir='ltr'><strong>verba</strong></span> <span class='ocrx_word' id='word_1_285' title='bbox 2756 2313 2872 2349; x_wconf 83' lang='lat' dir='ltr'><strong>mea</strong></span> <span class='ocrx_word' id='word_1_286' title='bbox 2909 2295 3299 2350; x_wconf 81' lang='lat' dir='ltr'><strong>assimilabitur</strong></span> <span class='ocrx_word' id='word_1_287' title='bbox 3326 2297 3440 2348; x_wconf 85' lang='lat' dir='ltr'><strong>viro</strong></span> 
     </span>
    </p>
   </div>
   <div class='ocr_carea' id='block_1_26' title="bbox 157 2378 3438 2460">
    <p class='ocr_par' dir='ltr' id='par_1_26' title="bbox 157 2378 3438 2460">
     <span class='ocr_line' id='line_1_26' title="bbox 157 2378 3438 2460; baseline -0.001 -15"><span class='ocrx_word' id='word_1_288' title='bbox 157 2404 361 2460; x_wconf 84' lang='lat' dir='ltr'><strong>rumque</strong></span> <span class='ocrx_word' id='word_1_289' title='bbox 389 2406 593 2444; x_wconf 86' lang='lat' dir='ltr'><strong>rerum</strong></span> <span class='ocrx_word' id='word_1_290' title='bbox 622 2387 886 2442; x_wconf 90' lang='lat' dir='ltr'><strong>omnium</strong></span> <span class='ocrx_word' id='word_1_291' title='bbox 913 2388 1138 2456; x_wconf 87' lang='lat' dir='ltr'><strong>partem</strong></span> <span class='ocrx_word' id='word_1_292' title='bbox 1169 2382 1446 2450; x_wconf 91' lang='lat' dir='ltr'><strong>mediam,</strong></span> <span class='ocrx_word' id='word_1_293' title='bbox 1479 2378 1726 2451; x_wconf 82' lang='lat' dir='ltr'><strong>exceptis</strong></span> <span class='ocrx_word' id='word_1_294' title='bbox 1824 2385 1983 2439; x_wconf 80' lang='lat' dir='ltr'><strong>stulto</strong></span> <span class='ocrx_word' id='word_1_295' title='bbox 2011 2385 2109 2456; x_wconf 88' lang='lat' dir='ltr'><strong>qui</strong></span> <span class='ocrx_word' id='word_1_296' title='bbox 2139 2384 2424 2453; x_wconf 71' lang='lat' dir='ltr'><strong>aediﬁcavit</strong></span> <span class='ocrx_word' id='word_1_297' title='bbox 2453 2383 2669 2438; x_wconf 88' lang='lat' dir='ltr'><strong>domum</strong></span> <span class='ocrx_word' id='word_1_298' title='bbox 2692 2401 2846 2438; x_wconf 86' lang='lat' dir='ltr'><strong>suam</strong></span> <span class='ocrx_word' id='word_1_299' title='bbox 2868 2401 3026 2455; x_wconf 83' lang='lat' dir='ltr'><strong>super</strong></span> <span class='ocrx_word' id='word_1_300' title='bbox 3049 2400 3290 2450; x_wconf 79' lang='lat' dir='ltr'><strong>arenam,</strong></span> <span class='ocrx_word' id='word_1_301' title='bbox 3327 2387 3438 2442; x_wconf 91' lang='lat' dir='ltr'><strong>etc.</strong></span> 
     </span>
    </p>
   </div>
   <div class='ocr_carea' id='block_1_27' title="bbox 156 2464 3444 2547">
    <p class='ocr_par' dir='ltr' id='par_1_27' title="bbox 156 2464 3444 2547">
     <span class='ocr_line' id='line_1_27' title="bbox 156 2464 3444 2547; baseline -0.004 -19"><span class='ocrx_word' id='word_1_302' title='bbox 156 2475 449 2547; x_wconf 84' lang='lat' dir='ltr'><strong>conjugibus</strong></span> <span class='ocrx_word' id='word_1_303' title='bbox 487 2493 551 2530; x_wconf 89' lang='lat' dir='ltr'><strong>ac</strong></span> <span class='ocrx_word' id='word_1_304' title='bbox 582 2474 793 2539; x_wconf 89' lang='lat' dir='ltr'><strong>liberis,</strong></span> <span class='ocrx_word' id='word_1_305' title='bbox 825 2474 949 2527; x_wconf 93' lang='lat' dir='ltr'><strong>loco</strong></span> <span class='ocrx_word' id='word_1_306' title='bbox 981 2471 1233 2527; x_wconf 82' lang='lat' dir='ltr'><strong>otferunt</strong></span> <span class='ocrx_word' id='word_1_307' title='bbox 1261 2467 1537 2540; x_wconf 89' lang='lat' dir='ltr'><strong>pignoris.</strong></span> <span class='ocrx_word' id='word_1_308' title='bbox 1563 2464 1727 2531; x_wconf 86' lang='lat' dir='ltr'><strong>Quod</strong></span> <span class='ocrx_word' id='word_1_309' title='bbox 1831 2471 2051 2542; x_wconf 78' lang='grc' dir='ltr'><strong>(ΜαιιΙι,</strong></span> <span class='ocrx_word' id='word_1_310' title='bbox 2082 2489 2180 2540; x_wconf 71' lang='grc' dir='ltr'><strong>γη,</strong></span> <span class='ocrx_word' id='word_1_311' title='bbox 2215 2474 2330 2545; x_wconf 67' lang='grc'><strong>26),</strong></span> <span class='ocrx_word' id='word_1_312' title='bbox 2363 2474 2431 2527; x_wconf 72' lang='lat' dir='ltr'><strong>Et</strong></span> <span class='ocrx_word' id='word_1_313' title='bbox 2478 2473 2603 2528; x_wconf 47' lang='lat' dir='ltr'><strong>haec</strong></span> <span class='ocrx_word' id='word_1_314' title='bbox 2640 2472 2876 2544; x_wconf 75' lang='lat' dir='ltr'><strong>quidem</strong></span> <span class='ocrx_word' id='word_1_315' title='bbox 2931 2472 3002 2528; x_wconf 77' lang='lat' dir='ltr'><strong>de</strong></span> <span class='ocrx_word' id='word_1_316' title='bbox 3050 2472 3320 2528; x_wconf 69' lang='lat' dir='ltr'><strong>Chmnno</strong></span> <span class='ocrx_word' id='word_1_317' title='bbox 3352 2488 3444 2527; x_wconf 75' lang='lat' dir='ltr'><strong>os-</strong></span> 
     </span>
    </p>
   </div>
   <div class='ocr_carea' id='block_1_28' title="bbox 156 2553 2178 2636">
    <p class='ocr_par' dir='ltr' id='par_1_28' title="bbox 156 2553 2178 2636">
     <span class='ocr_line' id='line_1_28' title="bbox 156 2553 2178 2636; baseline -0.004 -21"><span class='ocrx_word' id='word_1_318' title='bbox 156 2560 320 2617; x_wconf 82' lang='lat' dir='ltr'><strong>Franci</strong></span> <span class='ocrx_word' id='word_1_319' title='bbox 349 2563 646 2636; x_wconf 89' lang='lat' dir='ltr'><strong>despectui</strong></span> <span class='ocrx_word' id='word_1_320' title='bbox 675 2562 977 2626; x_wconf 85' lang='lat' dir='ltr'><strong>habentes,</strong></span> <span class='ocrx_word' id='word_1_321' title='bbox 1023 2558 1291 2630; x_wconf 71' lang='lat' dir='ltr'><strong>praelium</strong></span> <span class='ocrx_word' id='word_1_322' title='bbox 1340 2553 1728 2611; x_wconf 90' lang='lat' dir='ltr'><strong>adoriundum</strong></span> <span class='ocrx_word' id='word_1_323' title='bbox 1830 2565 1995 2616; x_wconf 69' lang='lat' dir='ltr'><strong>tensa</strong></span> <span class='ocrx_word' id='word_1_324' title='bbox 2023 2565 2178 2618; x_wconf 73' lang='lat' dir='ltr'><strong>sunt,</strong></span> 
     </span>
    </p>
   </div>
   <div class='ocr_carea' id='block_1_29' title="bbox 156 2645 2852 2718">
    <p class='ocr_par' dir='ltr' id='par_1_29' title="bbox 156 2645 2852 2718">
     <span class='ocr_line' id='line_1_29' title="bbox 156 2645 2852 2718; baseline -0.003 -15"><span class='ocrx_word' id='word_1_325' title='bbox 156 2654 408 2718; x_wconf 88' lang='lat' dir='ltr'><strong>putarunt.</strong></span> <span class='ocrx_word' id='word_1_326' title='bbox 444 2651 644 2707; x_wconf 87' lang='lat' dir='ltr'><strong>Coacti</strong></span> <span class='ocrx_word' id='word_1_327' title='bbox 677 2651 928 2705; x_wconf 86' lang='lat' dir='ltr'><strong>Saxones</strong></span> <span class='ocrx_word' id='word_1_328' title='bbox 955 2663 1197 2702; x_wconf 89' lang='lat' dir='ltr'><strong>manum</strong></span> <span class='ocrx_word' id='word_1_329' title='bbox 1229 2645 1732 2710; x_wconf 86' lang='lat' dir='ltr'><strong>conserere,tanta</strong></span> <span class='ocrx_word' id='word_1_330' title='bbox 2434 2649 2660 2704; x_wconf 71' lang='lat' dir='ltr'><strong>CAPUT</strong></span> <span class='ocrx_word' id='word_1_331' title='bbox 2683 2650 2852 2705; x_wconf 72' lang='lat' dir='ltr'><strong>xxix,</strong></span> 
     </span>
    </p>
   </div>
   <div class='ocr_carea' id='block_1_30' title="bbox 155 2731 3444 2810">
    <p class='ocr_par' dir='ltr' id='par_1_30' title="bbox 155 2731 3444 2810">
     <span class='ocr_line' id='line_1_30' title="bbox 155 2731 3444 2810; baseline -0 -17"><span class='ocrx_word' id='word_1_332' title='bbox 155 2735 197 2791; x_wconf 81' lang='lat' dir='ltr'><strong>in</strong></span> <span class='ocrx_word' id='word_1_333' title='bbox 225 2739 449 2796; x_wconf 80' lang='lat' dir='ltr'><strong>Francos</strong></span> <span class='ocrx_word' id='word_1_334' title='bbox 488 2742 680 2810; x_wconf 83' lang='lat' dir='ltr'><strong>strage</strong></span> <span class='ocrx_word' id='word_1_335' title='bbox 705 2735 964 2792; x_wconf 82' lang='lat' dir='ltr'><strong>bacchati</strong></span> <span class='ocrx_word' id='word_1_336' title='bbox 996 2737 1128 2789; x_wconf 75' lang='lat' dir='ltr'><strong>sunt</strong></span> <span class='ocrx_word' id='word_1_337' title='bbox 1159 2737 1221 2788; x_wconf 73' lang='lat' dir='ltr'><strong>ut</strong></span> <span class='ocrx_word' id='word_1_338' title='bbox 1249 2732 1336 2786; x_wconf 78' lang='lat' dir='ltr'><strong>vix</strong></span> <span class='ocrx_word' id='word_1_339' title='bbox 1354 2731 1520 2804; x_wconf 66' lang='lat' dir='ltr'><strong>pallet</strong></span> <span class='ocrx_word' id='word_1_340' title='bbox 1542 2731 1730 2786; x_wconf 71' lang='grc' dir='ltr'>Οιοὶᾶ-</span> <span class='ocrx_word' id='word_1_341' title='bbox 1830 2737 1914 2793; x_wconf 88' lang='lat' dir='ltr'><strong>De</strong></span> <span class='ocrx_word' id='word_1_342' title='bbox 1939 2736 2264 2793; x_wconf 74' lang='lat' dir='ltr'><strong>Cliildeberti</strong></span> <span class='ocrx_word' id='word_1_343' title='bbox 2280 2744 2406 2810; x_wconf 84' lang='lat' dir='ltr'><strong>post</strong></span> <span class='ocrx_word' id='word_1_344' title='bbox 2435 2739 2594 2808; x_wconf 81' lang='lat' dir='ltr'><strong>regni</strong></span> <span class='ocrx_word' id='word_1_345' title='bbox 2605 2739 2838 2807; x_wconf 82' lang='lat' dir='ltr'><strong>fraterni</strong></span> <span class='ocrx_word' id='word_1_346' title='bbox 2851 2740 3242 2809; x_wconf 67' lang='lat' dir='ltr'><strong>aﬂ’ectationem</strong></span> <span class='ocrx_word' id='word_1_347' title='bbox 3258 2745 3444 2794; x_wconf 87' lang='lat' dir='ltr'><strong>morte.</strong></span> 
     </span>
    </p>
   </div>
   <div class='ocr_carea' id='block_1_31' title="bbox 156 2821 3448 2900">
    <p class='ocr_par' dir='ltr' id='par_1_31' title="bbox 156 2821 3448 2900">
     <span class='ocr_line' id='line_1_31' title="bbox 156 2821 3448 2900; baseline -0.001 -18"><span class='ocrx_word' id='word_1_348' title='bbox 156 2827 220 2880; x_wconf 86' lang='lat' dir='ltr'><strong>rio</strong></span> <span class='ocrx_word' id='word_1_349' title='bbox 232 2829 339 2898; x_wconf 87' lang='lat' dir='ltr'><strong>regi</strong></span> <span class='ocrx_word' id='word_1_350' title='bbox 351 2831 721 2900; x_wconf 88' lang='lat' dir='ltr'><strong>superessent</strong></span> <span class='ocrx_word' id='word_1_351' title='bbox 742 2825 814 2880; x_wconf 92' lang='lat' dir='ltr'><strong>ad</strong></span> <span class='ocrx_word' id='word_1_352' title='bbox 828 2825 977 2896; x_wconf 64' lang='lat' dir='ltr'><strong>fugae</strong></span> <span class='ocrx_word' id='word_1_353' title='bbox 995 2821 1187 2896; x_wconf 89' lang='lat' dir='ltr'><strong>potius</strong></span> <span class='ocrx_word' id='word_1_354' title='bbox 1205 2821 1540 2876; x_wconf 88' lang='lat' dir='ltr'><strong>societatem</strong></span> <span class='ocrx_word' id='word_1_355' title='bbox 1554 2835 1733 2892; x_wconf 84' lang='lat' dir='ltr'><strong>quam</strong></span> <span class='ocrx_word' id='word_1_356' title='bbox 1910 2826 2310 2881; x_wconf 87' lang='lat' dir='ltr'><strong>Childebertus</strong></span> <span class='ocrx_word' id='word_1_357' title='bbox 2332 2842 2466 2881; x_wconf 91' lang='lat' dir='ltr'><strong>vero</strong></span> <span class='ocrx_word' id='word_1_358' title='bbox 2490 2825 2782 2880; x_wconf 71' lang='lat' dir='ltr'><strong>mstimans</strong></span> <span class='ocrx_word' id='word_1_359' title='bbox 2806 2825 3048 2880; x_wconf 82' lang='lat' dir='ltr'><strong>fratrem</strong></span> <span class='ocrx_word' id='word_1_360' title='bbox 3071 2843 3104 2881; x_wconf 88' lang='lat' dir='ltr'><strong>a</strong></span> <span class='ocrx_word' id='word_1_361' title='bbox 3125 2826 3448 2881; x_wconf 85' lang='lat' dir='ltr'><strong>Saxonibus</strong></span> 
     </span>
    </p>
   </div>
   <div class='ocr_carea' id='block_1_32' title="bbox 153 2912 3450 2985">
    <p class='ocr_par' dir='ltr' id='par_1_32' title="bbox 153 2912 3450 2985">
     <span class='ocr_line' id='line_1_32' title="bbox 153 2912 3450 2985; baseline 0 -19"><span class='ocrx_word' id='word_1_362' title='bbox 153 2913 206 2966; x_wconf 85' lang='lat' dir='ltr'><strong>ad</strong></span> <span class='ocrx_word' id='word_1_363' title='bbox 230 2917 523 2985; x_wconf 73' lang='lat' dir='ltr'><strong>prteliandi</strong></span> <span class='ocrx_word' id='word_1_364' title='bbox 554 2913 890 2970; x_wconf 90' lang='lat' dir='ltr'><strong>subsidium.</strong></span> <span class='ocrx_word' id='word_1_365' title='bbox 1837 2912 2233 2976; x_wconf 87' lang='lat' dir='ltr'><strong>interfectum,</strong></span> <span class='ocrx_word' id='word_1_366' title='bbox 2266 2914 2460 2967; x_wconf 78' lang='lat' dir='ltr'><strong>Remis</strong></span> <span class='ocrx_word' id='word_1_367' title='bbox 2509 2913 2787 2968; x_wconf 87' lang='lat' dir='ltr'><strong>accedens</strong></span> <span class='ocrx_word' id='word_1_368' title='bbox 2835 2917 3042 2967; x_wconf 89' lang='lat' dir='ltr'><strong>cuncta</strong></span> <span class='ocrx_word' id='word_1_369' title='bbox 3072 2913 3352 2968; x_wconf 89' lang='lat' dir='ltr'><strong>incendiis</strong></span> <span class='ocrx_word' id='word_1_370' title='bbox 3385 2929 3450 2967; x_wconf 92' lang='lat' dir='ltr'><strong>ac</strong></span> 
     </span>
    </p>
   </div>
   <div class='ocr_carea' id='block_1_33' title="bbox 681 2998 3450 3073">
    <p class='ocr_par' dir='ltr' id='par_1_33' title="bbox 681 2998 3450 3073">
     <span class='ocr_line' id='line_1_33' title="bbox 681 2998 3450 3073; baseline -0.001 -17"><span class='ocrx_word' id='word_1_371' title='bbox 681 3001 906 3057; x_wconf 84' lang='lat' dir='ltr'><strong>CAPUT</strong></span> <span class='ocrx_word' id='word_1_372' title='bbox 943 2998 1165 3054; x_wconf 84' lang='lat' dir='ltr'><strong>XXVIII.</strong></span> <span class='ocrx_word' id='word_1_373' title='bbox 1837 3001 2058 3073; x_wconf 90' lang='lat' dir='ltr'><strong>rapinis</strong></span> <span class='ocrx_word' id='word_1_374' title='bbox 2085 3001 2344 3056; x_wconf 82' lang='lat' dir='ltr'><strong>vastavit.</strong></span> <span class='ocrx_word' id='word_1_375' title='bbox 2391 3001 2548 3055; x_wconf 91' lang='lat' dir='ltr'><strong>Tunc</strong></span> <span class='ocrx_word' id='word_1_376' title='bbox 2604 2999 2732 3055; x_wconf 71' lang='lat' dir='ltr'><strong>dum</strong></span> <span class='ocrx_word' id='word_1_377' title='bbox 2785 3002 3136 3056; x_wconf 90' lang='lat' dir='ltr'><strong>locustarum</strong></span> <span class='ocrx_word' id='word_1_378' title='bbox 3165 3002 3314 3056; x_wconf 88' lang='lat' dir='ltr'><strong>acies</strong></span> <span class='ocrx_word' id='word_1_379' title='bbox 3345 3017 3450 3072; x_wconf 90' lang='lat' dir='ltr'><strong>per</strong></span> 
     </span>
    </p>
   </div>
   <div class='ocr_carea' id='block_1_34' title="bbox 542 3088 3450 3162">
    <p class='ocr_par' dir='ltr' id='par_1_34' title="bbox 542 3088 3450 3162">
     <span class='ocr_line' id='line_1_34' title="bbox 542 3088 3450 3162; baseline -0.001 -16"><span class='ocrx_word' id='word_1_380' title='bbox 542 3091 625 3146; x_wconf 88' lang='lat' dir='ltr'><strong>De</strong></span> <span class='ocrx_word' id='word_1_381' title='bbox 655 3090 912 3145; x_wconf 82' lang='lat' dir='ltr'><strong>Chranno</strong></span> <span class='ocrx_word' id='word_1_382' title='bbox 943 3095 991 3142; x_wconf 86' lang='lat' dir='ltr'><strong>et</strong></span> <span class='ocrx_word' id='word_1_383' title='bbox 1019 3090 1132 3158; x_wconf 83' lang='lat' dir='ltr'><strong>ejus</strong></span> <span class='ocrx_word' id='word_1_384' title='bbox 1163 3091 1351 3157; x_wconf 80' lang='lat' dir='ltr'><strong>gestis.</strong></span> <span class='ocrx_word' id='word_1_385' title='bbox 1762 3129 1809 3162; x_wconf 59' lang='grc' dir='ltr'><strong>Γ,</strong></span> <span class='ocrx_word' id='word_1_386' title='bbox 1837 3091 2160 3144; x_wconf 82' lang='lat' dir='ltr'><strong>Arvernum</strong></span> <span class='ocrx_word' id='word_1_387' title='bbox 2190 3106 2257 3144; x_wconf 86' lang='lat' dir='ltr'><strong>ac</strong></span> <span class='ocrx_word' id='word_1_388' title='bbox 2287 3088 2716 3144; x_wconf 88' lang='lat' dir='ltr'><strong>Lemovicinum</strong></span> <span class='ocrx_word' id='word_1_389' title='bbox 2765 3089 2824 3144; x_wconf 92' lang='lat' dir='ltr'><strong>in</strong></span> <span class='ocrx_word' id='word_1_390' title='bbox 2865 3107 3138 3162; x_wconf 89' lang='lat' dir='ltr'><strong>campum</strong></span> <span class='ocrx_word' id='word_1_391' title='bbox 3169 3089 3450 3145; x_wconf 87' lang='lat' dir='ltr'><strong>transiere</strong></span> 
     </span>
    </p>
   </div>
   <div class='ocr_carea' id='block_1_35' title="bbox 208 3173 3455 3252">
    <p class='ocr_par' dir='ltr' id='par_1_35' title="bbox 208 3173 3455 3252">
     <span class='ocr_line' id='line_1_35' title="bbox 208 3173 3455 3252; baseline 0.001 -21"><span class='ocrx_word' id='word_1_392' title='bbox 208 3177 325 3234; x_wconf 84' lang='lat' dir='ltr'><strong>Erat</strong></span> <span class='ocrx_word' id='word_1_393' title='bbox 357 3184 644 3252; x_wconf 62' lang='lat' dir='ltr'><strong>praeterea</strong></span> <span class='ocrx_word' id='word_1_394' title='bbox 671 3178 918 3233; x_wconf 89' lang='lat' dir='ltr'><strong>Clotario</strong></span> <span class='ocrx_word' id='word_1_395' title='bbox 943 3176 1110 3242; x_wconf 83' lang='lat' dir='ltr'><strong>filius,</strong></span> <span class='ocrx_word' id='word_1_396' title='bbox 1142 3174 1381 3230; x_wconf 88' lang='lat' dir='ltr'><strong>nomine</strong></span> <span class='ocrx_word' id='word_1_397' title='bbox 1409 3173 1732 3239; x_wconf 84' lang='lat' dir='ltr'><strong>Cbrannus,</strong></span> <span class='ocrx_word' id='word_1_398' title='bbox 1764 3173 1810 3191; x_wconf 65' lang='grc' dir='ltr'>ν</span> <span class='ocrx_word' id='word_1_399' title='bbox 1840 3177 2259 3233; x_wconf 84' lang='lat' dir='ltr'><strong>Romaniacum</strong></span> <span class='ocrx_word' id='word_1_400' title='bbox 2292 3195 2304 3231; x_wconf 90' lang='lat'><strong>:</strong></span> <span class='ocrx_word' id='word_1_401' title='bbox 2342 3178 2458 3246; x_wconf 92' lang='lat' dir='ltr'><strong>ubi,</strong></span> <span class='ocrx_word' id='word_1_402' title='bbox 2490 3177 2801 3233; x_wconf 89' lang='lat' dir='ltr'><strong>commisso</strong></span> <span class='ocrx_word' id='word_1_403' title='bbox 2833 3179 2986 3234; x_wconf 90' lang='lat' dir='ltr'><strong>inter</strong></span> <span class='ocrx_word' id='word_1_404' title='bbox 3013 3196 3073 3234; x_wconf 91' lang='lat' dir='ltr'><strong>se</strong></span> <span class='ocrx_word' id='word_1_405' title='bbox 3104 3179 3455 3250; x_wconf 71' lang='lat' dir='ltr'><strong>prielio,ma-</strong></span> 
     </span>
    </p>
   </div>
   <div class='ocr_carea' id='block_1_36' title="bbox 161 3261 3453 3341">
    <p class='ocr_par' dir='ltr' id='par_1_36' title="bbox 161 3261 3453 3341">
     <span class='ocr_line' id='line_1_36' title="bbox 161 3261 3453 3341; baseline 0.002 -24"><span class='ocrx_word' id='word_1_406' title='bbox 161 3280 366 3337; x_wconf 86' lang='lat' dir='ltr'><strong>corpore</strong></span> <span class='ocrx_word' id='word_1_407' title='bbox 396 3269 636 3341; x_wconf 90' lang='lat' dir='ltr'><strong>quidem</strong></span> <span class='ocrx_word' id='word_1_408' title='bbox 653 3264 1024 3337; x_wconf 90' lang='lat' dir='ltr'><strong>elegans,sed</strong></span> <span class='ocrx_word' id='word_1_409' title='bbox 1041 3266 1234 3318; x_wconf 89' lang='lat' dir='ltr'><strong>mente</strong></span> <span class='ocrx_word' id='word_1_410' title='bbox 1253 3263 1410 3330; x_wconf 87' lang='lat' dir='ltr'><strong>levis,</strong></span> <span class='ocrx_word' id='word_1_411' title='bbox 1432 3261 1576 3316; x_wconf 91' lang='lat' dir='ltr'><strong>dolis</strong></span> <span class='ocrx_word' id='word_1_412' title='bbox 1596 3261 1736 3316; x_wconf 86' lang='lat' dir='ltr'><strong>nulli</strong></span> <span class='ocrx_word' id='word_1_413' title='bbox 1840 3283 2023 3338; x_wconf 90' lang='lat' dir='ltr'><strong>gnum</strong></span> <span class='ocrx_word' id='word_1_414' title='bbox 2054 3267 2340 3338; x_wconf 90' lang='lat' dir='ltr'><strong>reliquere</strong></span> <span class='ocrx_word' id='word_1_415' title='bbox 2369 3283 2640 3322; x_wconf 88' lang='lat' dir='ltr'><strong>acervum</strong></span> <span class='ocrx_word' id='word_1_416' title='bbox 2692 3268 3042 3322; x_wconf 89' lang='lat' dir='ltr'><strong>locustarum</strong></span> <span class='ocrx_word' id='word_1_417' title='bbox 3078 3267 3453 3327; x_wconf 87' lang='lat' dir='ltr'><strong>infectarum.</strong></span> 
     </span>
    </p>
   </div>
   <div class='ocr_carea' id='block_1_37' title="bbox 155 3350 3446 3426">
    <p class='ocr_par' dir='ltr' id='par_1_37' title="bbox 155 3350 3446 3426">
     <span class='ocr_line' id='line_1_37' title="bbox 155 3350 3446 3426; baseline 0.002 -22"><span class='ocrx_word' id='word_1_418' title='bbox 155 3360 481 3412; x_wconf 83' lang='lat' dir='ltr'><strong>versutorum</strong></span> <span class='ocrx_word' id='word_1_419' title='bbox 551 3354 857 3410; x_wconf 91' lang='lat' dir='ltr'><strong>secundus.</strong></span> <span class='ocrx_word' id='word_1_420' title='bbox 921 3352 1069 3408; x_wconf 82' lang='lat' dir='ltr'><strong>Huic</strong></span> <span class='ocrx_word' id='word_1_421' title='bbox 1145 3352 1372 3407; x_wconf 90' lang='lat' dir='ltr'><strong>animus</strong></span> <span class='ocrx_word' id='word_1_422' title='bbox 1425 3350 1736 3423; x_wconf 86' lang='lat' dir='ltr'><strong>inquietus,</strong></span> <span class='ocrx_word' id='word_1_423' title='bbox 1841 3354 2037 3426; x_wconf 60' lang='lat' dir='ltr'><strong>Coepta</strong></span> <span class='ocrx_word' id='word_1_424' title='bbox 2087 3355 2340 3410; x_wconf 82' lang='lat' dir='ltr'><strong>Chranni</strong></span> <span class='ocrx_word' id='word_1_425' title='bbox 2390 3356 2564 3410; x_wconf 85' lang='lat' dir='ltr'><strong>celeri</strong></span> <span class='ocrx_word' id='word_1_426' title='bbox 2597 3356 2993 3410; x_wconf 88' lang='lat' dir='ltr'><strong>destituuntur</strong></span> <span class='ocrx_word' id='word_1_427' title='bbox 3025 3356 3185 3411; x_wconf 88' lang='lat' dir='ltr'><strong>obitu</strong></span> <span class='ocrx_word' id='word_1_428' title='bbox 3218 3355 3446 3412; x_wconf 85' lang='lat' dir='ltr'><strong>Cbilde-</strong></span> 
     </span>
    </p>
   </div>
   <div class='ocr_carea' id='block_1_38' title="bbox 156 3438 3452 3517">
    <p class='ocr_par' dir='ltr' id='par_1_38' title="bbox 156 3438 3452 3517">
     <span class='ocr_line' id='line_1_38' title="bbox 156 3438 3452 3517; baseline 0.002 -24"><span class='ocrx_word' id='word_1_429' title='bbox 156 3448 393 3516; x_wconf 87' lang='lat' dir='ltr'><strong>prompta</strong></span> <span class='ocrx_word' id='word_1_430' title='bbox 417 3443 690 3510; x_wconf 90' lang='lat' dir='ltr'><strong>audacia,</strong></span> <span class='ocrx_word' id='word_1_431' title='bbox 720 3441 809 3496; x_wconf 90' lang='lat' dir='ltr'><strong>cui</strong></span> <span class='ocrx_word' id='word_1_432' title='bbox 840 3444 1005 3512; x_wconf 91' lang='lat' dir='ltr'><strong>pater</strong></span> <span class='ocrx_word' id='word_1_433' title='bbox 1036 3440 1185 3494; x_wconf 90' lang='lat' dir='ltr'><strong>vices</strong></span> <span class='ocrx_word' id='word_1_434' title='bbox 1213 3457 1341 3494; x_wconf 90' lang='lat' dir='ltr'><strong>suas</strong></span> <span class='ocrx_word' id='word_1_435' title='bbox 1371 3455 1474 3511; x_wconf 90' lang='lat' dir='ltr'><strong>per</strong></span> <span class='ocrx_word' id='word_1_436' title='bbox 1499 3438 1740 3511; x_wconf 82' lang='lat' dir='ltr'><strong>Aquita-</strong></span> <span class='ocrx_word' id='word_1_437' title='bbox 1838 3442 2328 3498; x_wconf 83' lang='lat' dir='ltr'><strong>berti.Namidem</strong></span> <span class='ocrx_word' id='word_1_438' title='bbox 2342 3459 2437 3498; x_wconf 84' lang='lat' dir='ltr'><strong>rex</strong></span> <span class='ocrx_word' id='word_1_439' title='bbox 2453 3447 2581 3515; x_wconf 89' lang='lat' dir='ltr'><strong>post</strong></span> <span class='ocrx_word' id='word_1_440' title='bbox 2605 3443 2891 3517; x_wconf 88' lang='lat' dir='ltr'><strong>diutinam</strong></span> <span class='ocrx_word' id='word_1_441' title='bbox 2907 3443 3452 3516; x_wconf 87' lang='lat' dir='ltr'><strong>regnifunctiouem</strong></span> 
     </span>
    </p>
   </div>
   <div class='ocr_carea' id='block_1_39' title="bbox 155 3527 3452 3602">
    <p class='ocr_par' dir='ltr' id='par_1_39' title="bbox 155 3527 3452 3602">
     <span class='ocr_line' id='line_1_39' title="bbox 155 3527 3452 3602; baseline 0.003 -23"><span class='ocrx_word' id='word_1_442' title='bbox 155 3527 283 3584; x_wconf 87' lang='lat' dir='ltr'><strong>niam</strong></span> <span class='ocrx_word' id='word_1_443' title='bbox 308 3533 703 3588; x_wconf 88' lang='lat' dir='ltr'><strong>commiserat.</strong></span> <span class='ocrx_word' id='word_1_444' title='bbox 727 3532 826 3584; x_wconf 80' lang='lat' dir='ltr'><strong>Ast</strong></span> <span class='ocrx_word' id='word_1_445' title='bbox 854 3528 1004 3584; x_wconf 89' lang='lat' dir='ltr'><strong>illius</strong></span> <span class='ocrx_word' id='word_1_446' title='bbox 1027 3528 1202 3584; x_wconf 78' lang='lat' dir='ltr'><strong>effera</strong></span> <span class='ocrx_word' id='word_1_447' title='bbox 1215 3527 1298 3582; x_wconf 91' lang='lat' dir='ltr'><strong>vis</strong></span> <span class='ocrx_word' id='word_1_448' title='bbox 1314 3527 1495 3582; x_wconf 88' lang='lat' dir='ltr'><strong>animi</strong></span> <span class='ocrx_word' id='word_1_449' title='bbox 1525 3543 1659 3582; x_wconf 90' lang='lat' dir='ltr'><strong>eum</strong></span> <span class='ocrx_word' id='word_1_450' title='bbox 1679 3530 1741 3581; x_wconf 93' lang='lat' dir='ltr'><strong>ut</strong></span> <span class='ocrx_word' id='word_1_451' title='bbox 1839 3531 2002 3588; x_wconf 83' lang='lat' dir='ltr'><strong>febre</strong></span> <span class='ocrx_word' id='word_1_452' title='bbox 2034 3536 2267 3588; x_wconf 85' lang='lat' dir='ltr'><strong>vexatus</strong></span> <span class='ocrx_word' id='word_1_453' title='bbox 2298 3533 2565 3602; x_wconf 92' lang='lat' dir='ltr'><strong>moritur,</strong></span> <span class='ocrx_word' id='word_1_454' title='bbox 2597 3549 2659 3588; x_wconf 89' lang='lat' dir='ltr'><strong>ac</strong></span> <span class='ocrx_word' id='word_1_455' title='bbox 2693 3533 2942 3589; x_wconf 89' lang='lat' dir='ltr'><strong>Parisius</strong></span> <span class='ocrx_word' id='word_1_456' title='bbox 2963 3533 3019 3588; x_wconf 90' lang='lat' dir='ltr'><strong>in</strong></span> <span class='ocrx_word' id='word_1_457' title='bbox 3048 3534 3288 3590; x_wconf 90' lang='lat' dir='ltr'><strong>ecclesia</strong></span> <span class='ocrx_word' id='word_1_458' title='bbox 3316 3551 3452 3589; x_wconf 87' lang='lat' dir='ltr'><strong>san-</strong></span> 
     </span>
    </p>
   </div>
   <div class='ocr_carea' id='block_1_40' title="bbox 154 3615 3487 3694">
    <p class='ocr_par' dir='ltr' id='par_1_40' title="bbox 154 3615 3487 3694">
     <span class='ocr_line' id='line_1_40' title="bbox 154 3615 3487 3694; baseline 0.002 -21"><span class='ocrx_word' id='word_1_459' title='bbox 154 3633 321 3690; x_wconf 82' lang='lat' dir='ltr'><strong>regem</strong></span> <span class='ocrx_word' id='word_1_460' title='bbox 358 3637 532 3694; x_wconf 89' lang='lat' dir='ltr'><strong>agere</strong></span> <span class='ocrx_word' id='word_1_461' title='bbox 580 3636 698 3674; x_wconf 89' lang='lat' dir='ltr'><strong>non</strong></span> <span class='ocrx_word' id='word_1_462' title='bbox 738 3618 980 3673; x_wconf 89' lang='lat' dir='ltr'><strong>sinebat.</strong></span> <span class='ocrx_word' id='word_1_463' title='bbox 1009 3616 1329 3688; x_wconf 86' lang='lat' dir='ltr'><strong>Tyrannica</strong></span> <span class='ocrx_word' id='word_1_464' title='bbox 1360 3615 1608 3687; x_wconf 87' lang='lat' dir='ltr'><strong>denique</strong></span> <span class='ocrx_word' id='word_1_465' title='bbox 1637 3615 1738 3670; x_wconf 83' lang='lat' dir='ltr'><strong>ad-</strong></span> <span class='ocrx_word' id='word_1_466' title='bbox 1841 3623 1916 3677; x_wconf 91' lang='lat' dir='ltr'><strong>cti</strong></span> <span class='ocrx_word' id='word_1_467' title='bbox 1945 3621 2250 3689; x_wconf 86' lang='lat' dir='ltr'><strong>Vincentii,</strong></span> <span class='ocrx_word' id='word_1_468' title='bbox 2273 3638 2450 3693; x_wconf 89' lang='lat' dir='ltr'><strong>quam</strong></span> <span class='ocrx_word' id='word_1_469' title='bbox 2475 3622 2593 3694; x_wconf 91' lang='lat' dir='ltr'><strong>ipse</strong></span> <span class='ocrx_word' id='word_1_470' title='bbox 2614 3621 2945 3691; x_wconf 87' lang='lat' dir='ltr'><strong>fabricarat,</strong></span> <span class='ocrx_word' id='word_1_471' title='bbox 2994 3623 3287 3694; x_wconf 91' lang='lat' dir='ltr'><strong>sepelitur.</strong></span> <span class='ocrx_word' id='word_1_472' title='bbox 3322 3623 3453 3694; x_wconf 86' lang='lat' dir='ltr'><strong>Ejus</strong></span> <span class='ocrx_word' id='word_1_473' title='bbox 3483 3679 3487 3682; x_wconf 78' lang='grc'><em>,</em></span> 
     </span>
    </p>
   </div>
   <div class='ocr_carea' id='block_1_41' title="bbox 155 3703 3455 3784">
    <p class='ocr_par' dir='ltr' id='par_1_41' title="bbox 155 3703 3455 3784">
     <span class='ocr_line' id='line_1_41' title="bbox 155 3703 3455 3784; baseline 0.003 -26"><span class='ocrx_word' id='word_1_474' title='bbox 155 3711 282 3762; x_wconf 85' lang='lat' dir='ltr'><strong>actus</strong></span> <span class='ocrx_word' id='word_1_475' title='bbox 324 3709 669 3764; x_wconf 88' lang='lat' dir='ltr'><strong>crudelitate</strong></span> <span class='ocrx_word' id='word_1_476' title='bbox 727 3724 818 3762; x_wconf 90' lang='lat' dir='ltr'><strong>res</strong></span> <span class='ocrx_word' id='word_1_477' title='bbox 858 3705 1102 3761; x_wconf 89' lang='lat' dir='ltr'><strong>aliorum</strong></span> <span class='ocrx_word' id='word_1_478' title='bbox 1143 3703 1362 3776; x_wconf 88' lang='lat' dir='ltr'><strong>rapinis</strong></span> <span class='ocrx_word' id='word_1_479' title='bbox 1405 3703 1730 3776; x_wconf 88' lang='lat' dir='ltr'><strong>diripiebat.</strong></span> <span class='ocrx_word' id='word_1_480' title='bbox 1841 3727 2093 3782; x_wconf 82' lang='lat' dir='ltr'><strong>regnum</strong></span> <span class='ocrx_word' id='word_1_481' title='bbox 2118 3711 2204 3765; x_wconf 88' lang='lat' dir='ltr'><strong>vel</strong></span> <span class='ocrx_word' id='word_1_482' title='bbox 2238 3710 2490 3764; x_wconf 86' lang='lat' dir='ltr'><strong>thesauri</strong></span> <span class='ocrx_word' id='word_1_483' title='bbox 2521 3710 2596 3765; x_wconf 90' lang='lat' dir='ltr'><strong>ad</strong></span> <span class='ocrx_word' id='word_1_484' title='bbox 2619 3710 2937 3766; x_wconf 89' lang='lat' dir='ltr'><strong>Clotarium</strong></span> <span class='ocrx_word' id='word_1_485' title='bbox 2971 3712 3102 3784; x_wconf 89' lang='lat' dir='ltr'><strong>lege</strong></span> <span class='ocrx_word' id='word_1_486' title='bbox 3131 3712 3455 3768; x_wconf 87' lang='lat' dir='ltr'><strong>redierunt.</strong></span> 
     </span>
    </p>
   </div>
   <div class='ocr_carea' id='block_1_42' title="bbox 157 3791 2848 3869">
    <p class='ocr_par' dir='ltr' id='par_1_42' title="bbox 157 3791 2848 3869">
     <span class='ocr_line' id='line_1_42' title="bbox 157 3791 2848 3869; baseline 0.003 -22"><span class='ocrx_word' id='word_1_487' title='bbox 157 3791 483 3869; x_wconf 85' lang='lat' dir='ltr'><strong>Quapropter</strong></span> <span class='ocrx_word' id='word_1_488' title='bbox 537 3799 706 3869; x_wconf 90' lang='lat' dir='ltr'><strong>pater</strong></span> <span class='ocrx_word' id='word_1_489' title='bbox 757 3809 912 3862; x_wconf 91' lang='lat' dir='ltr'><strong>eum,</strong></span> <span class='ocrx_word' id='word_1_490' title='bbox 967 3793 1256 3865; x_wconf 88' lang='lat' dir='ltr'><strong>legatione</strong></span> <span class='ocrx_word' id='word_1_491' title='bbox 1300 3792 1535 3860; x_wconf 89' lang='lat' dir='ltr'><strong>directa,</strong></span> <span class='ocrx_word' id='word_1_492' title='bbox 1579 3793 1651 3847; x_wconf 92' lang='lat' dir='ltr'><strong>ad</strong></span> <span class='ocrx_word' id='word_1_493' title='bbox 1682 3809 1741 3848; x_wconf 89' lang='lat' dir='ltr'><strong>se</strong></span> <span class='ocrx_word' id='word_1_494' title='bbox 2440 3797 2660 3853; x_wconf 65' lang='lat' dir='ltr'><strong>CtPUT</strong></span> <span class='ocrx_word' id='word_1_495' title='bbox 2700 3800 2848 3854; x_wconf 83' lang='lat' dir='ltr'><strong>XVX.</strong></span> 
     </span>
    </p>
   </div>
   <div class='ocr_carea' id='block_1_43' title="bbox 155 3881 3453 3960">
    <p class='ocr_par' dir='ltr' id='par_1_43' title="bbox 155 3881 3453 3960">
     <span class='ocr_line' id='line_1_43' title="bbox 155 3881 3453 3960; baseline 0.002 -25"><span class='ocrx_word' id='word_1_496' title='bbox 155 3899 358 3941; x_wconf 84' lang='lat' dir='ltr'><strong>evocare</strong></span> <span class='ocrx_word' id='word_1_497' title='bbox 389 3886 617 3941; x_wconf 90' lang='lat' dir='ltr'><strong>curavit</strong></span> <span class='ocrx_word' id='word_1_498' title='bbox 647 3889 708 3938; x_wconf 91' lang='lat' dir='ltr'><strong>ut</strong></span> <span class='ocrx_word' id='word_1_499' title='bbox 739 3882 1105 3938; x_wconf 87' lang='lat' dir='ltr'><strong>insolentiam</strong></span> <span class='ocrx_word' id='word_1_500' title='bbox 1156 3899 1270 3954; x_wconf 89' lang='lat' dir='ltr'><strong>qua</strong></span> <span class='ocrx_word' id='word_1_501' title='bbox 1318 3881 1583 3936; x_wconf 87' lang='lat' dir='ltr'><strong>tumebat</strong></span> <span class='ocrx_word' id='word_1_502' title='bbox 1615 3898 1741 3936; x_wconf 90' lang='lat' dir='ltr'><strong>mo-</strong></span> <span class='ocrx_word' id='word_1_503' title='bbox 1843 3887 1929 3943; x_wconf 76' lang='lat' dir='ltr'><strong>De</strong></span> <span class='ocrx_word' id='word_1_504' title='bbox 1963 3885 2210 3941; x_wconf 84' lang='lat' dir='ltr'><strong>Chranni</strong></span> <span class='ocrx_word' id='word_1_505' title='bbox 2236 3887 2512 3942; x_wconf 83' lang='lat' dir='ltr'><strong>conatibus</strong></span> <span class='ocrx_word' id='word_1_506' title='bbox 2528 3894 2576 3940; x_wconf 90' lang='lat' dir='ltr'><strong>et</strong></span> <span class='ocrx_word' id='word_1_507' title='bbox 2605 3886 2836 3942; x_wconf 82' lang='lat' dir='ltr'><strong>Clotarii</strong></span> <span class='ocrx_word' id='word_1_508' title='bbox 2858 3887 3135 3944; x_wconf 83' lang='lat' dir='ltr'><strong>clementia</strong></span> <span class='ocrx_word' id='word_1_509' title='bbox 3165 3895 3213 3942; x_wconf 91' lang='lat' dir='ltr'><strong>et</strong></span> <span class='ocrx_word' id='word_1_510' title='bbox 3233 3890 3453 3960; x_wconf 84' lang='lat' dir='ltr'><strong>pietate.</strong></span> 
     </span>
    </p>
   </div>
   <div class='ocr_carea' id='block_1_44' title="bbox 158 3969 3453 4048">
    <p class='ocr_par' dir='ltr' id='par_1_44' title="bbox 158 3969 3453 4048">
     <span class='ocr_line' id='line_1_44' title="bbox 158 3969 3453 4048; baseline 0.002 -25"><span class='ocrx_word' id='word_1_511' title='bbox 158 3971 289 4028; x_wconf 84' lang='lat' dir='ltr'><strong>desla</strong></span> <span class='ocrx_word' id='word_1_512' title='bbox 309 3974 710 4048; x_wconf 88' lang='lat' dir='ltr'><strong>increpatione</strong></span> <span class='ocrx_word' id='word_1_513' title='bbox 729 3973 1122 4044; x_wconf 87' lang='lat' dir='ltr'><strong>redargueret.</strong></span> <span class='ocrx_word' id='word_1_514' title='bbox 1139 3972 1235 4024; x_wconf 90' lang='lat' dir='ltr'><strong>Ille</strong></span> <span class='ocrx_word' id='word_1_515' title='bbox 1250 3969 1539 4024; x_wconf 88' lang='lat' dir='ltr'><strong>mandatis</strong></span> <span class='ocrx_word' id='word_1_516' title='bbox 1566 3970 1744 4042; x_wconf 90' lang='lat' dir='ltr'><strong>patris</strong></span> <span class='ocrx_word' id='word_1_517' title='bbox 1917 3976 2262 4030; x_wconf 82' lang='lat' dir='ltr'><strong>Destitutum</strong></span> <span class='ocrx_word' id='word_1_518' title='bbox 2277 3993 2334 4030; x_wconf 90' lang='lat' dir='ltr'><strong>se</strong></span> <span class='ocrx_word' id='word_1_519' title='bbox 2351 3976 2653 4032; x_wconf 86' lang='lat' dir='ltr'><strong>Chrannus</strong></span> <span class='ocrx_word' id='word_1_520' title='bbox 2680 3979 2843 4032; x_wconf 91' lang='lat' dir='ltr'><strong>tanto</strong></span> <span class='ocrx_word' id='word_1_521' title='bbox 2865 3976 3227 4048; x_wconf 89' lang='lat' dir='ltr'><strong>parricidalis</strong></span> <span class='ocrx_word' id='word_1_522' title='bbox 3249 3977 3453 4047; x_wconf 79' lang='lat' dir='ltr'><strong>ﬂagitii</strong></span> 
     </span>
    </p>
   </div>
   <div class='ocr_carea' id='block_1_45' title="bbox 157 4057 3456 4132">
    <p class='ocr_par' dir='ltr' id='par_1_45' title="bbox 157 4057 3456 4132">
     <span class='ocr_line' id='line_1_45' title="bbox 157 4057 3456 4132; baseline 0.001 -20"><span class='ocrx_word' id='word_1_523' title='bbox 157 4059 841 4130; x_wconf 85' lang='lat' dir='ltr'><strong>posthabitis,Parisiusad</strong></span> <span class='ocrx_word' id='word_1_524' title='bbox 864 4057 1742 4114; x_wconf 79' lang='lat' dir='ltr'><strong>Cbildebertumsummostudio</strong></span> <span class='ocrx_word' id='word_1_525' title='bbox 1846 4069 2112 4120; x_wconf 79' lang='lat' dir='ltr'><strong>consorte</strong></span> <span class='ocrx_word' id='word_1_526' title='bbox 2157 4065 2646 4132; x_wconf 74' lang='lat' dir='ltr'><strong>animadverteris,</strong></span> <span class='ocrx_word' id='word_1_527' title='bbox 2680 4065 2753 4119; x_wconf 83' lang='lat' dir='ltr'><strong>ad</strong></span> <span class='ocrx_word' id='word_1_528' title='bbox 2796 4065 3094 4119; x_wconf 88' lang='lat' dir='ltr'><strong>Conabum</strong></span> <span class='ocrx_word' id='word_1_529' title='bbox 3131 4065 3456 4119; x_wconf 87' lang='lat' dir='ltr'><strong>Brittonum</strong></span> 
     </span>
    </p>
   </div>
   <div class='ocr_carea' id='block_1_46' title="bbox 159 4147 3454 4224">
    <p class='ocr_par' dir='ltr' id='par_1_46' title="bbox 159 4147 3454 4224">
     <span class='ocr_line' id='line_1_46' title="bbox 159 4147 3454 4224; baseline 0.003 -27"><span class='ocrx_word' id='word_1_530' title='bbox 159 4151 442 4219; x_wconf 87' lang='lat' dir='ltr'><strong>contendit,</strong></span> <span class='ocrx_word' id='word_1_531' title='bbox 479 4168 552 4205; x_wconf 91' lang='lat' dir='ltr'><strong>ea</strong></span> <span class='ocrx_word' id='word_1_532' title='bbox 575 4147 853 4222; x_wconf 80' lang='lat' dir='ltr'><strong>prapositi</strong></span> <span class='ocrx_word' id='word_1_533' title='bbox 878 4147 1198 4202; x_wconf 88' lang='lat' dir='ltr'><strong>intentione</strong></span> <span class='ocrx_word' id='word_1_534' title='bbox 1229 4149 1288 4201; x_wconf 90' lang='lat' dir='ltr'><strong>ut</strong></span> <span class='ocrx_word' id='word_1_535' title='bbox 1322 4147 1395 4202; x_wconf 90' lang='lat' dir='ltr'><strong>ad</strong></span> <span class='ocrx_word' id='word_1_536' title='bbox 1417 4147 1744 4219; x_wconf 89' lang='lat' dir='ltr'><strong>genitorem</strong></span> <span class='ocrx_word' id='word_1_537' title='bbox 1848 4152 2170 4224; x_wconf 86' lang='lat' dir='ltr'><strong>principem</strong></span> <span class='ocrx_word' id='word_1_538' title='bbox 2199 4153 2852 4224; x_wconf 84' lang='lat' dir='ltr'><strong>confugit,recidivaque</strong></span> <span class='ocrx_word' id='word_1_539' title='bbox 2875 4169 3148 4223; x_wconf 91' lang='lat' dir='ltr'><strong>reparare</strong></span> <span class='ocrx_word' id='word_1_540' title='bbox 3163 4153 3454 4208; x_wconf 90' lang='lat' dir='ltr'><strong>bellaten-</strong></span> 
     </span>
    </p>
   </div>
   <div class='ocr_carea' id='block_1_47' title="bbox 158 4237 3456 4314">
    <p class='ocr_par' dir='ltr' id='par_1_47' title="bbox 158 4237 3456 4314">
     <span class='ocr_line' id='line_1_47' title="bbox 158 4237 3456 4314; baseline 0.003 -26"><span class='ocrx_word' id='word_1_541' title='bbox 158 4251 422 4310; x_wconf 85' lang='lat' dir='ltr'><strong>nunquam</strong></span> <span class='ocrx_word' id='word_1_542' title='bbox 454 4239 699 4294; x_wconf 88' lang='lat' dir='ltr'><strong>rediret.</strong></span> <span class='ocrx_word' id='word_1_543' title='bbox 726 4237 1023 4292; x_wconf 85' lang='lat' dir='ltr'><strong>Abducerc</strong></span> <span class='ocrx_word' id='word_1_544' title='bbox 1047 4253 1178 4290; x_wconf 87' lang='lat' dir='ltr'><strong>vero</strong></span> <span class='ocrx_word' id='word_1_545' title='bbox 1202 4237 1416 4291; x_wconf 90' lang='lat' dir='ltr'><strong>amicos</strong></span> <span class='ocrx_word' id='word_1_546' title='bbox 1435 4237 1622 4308; x_wconf 89' lang='lat' dir='ltr'><strong>regios</strong></span> <span class='ocrx_word' id='word_1_547' title='bbox 1646 4253 1745 4307; x_wconf 92' lang='lat' dir='ltr'><strong>pa-</strong></span> <span class='ocrx_word' id='word_1_548' title='bbox 1847 4241 2136 4298; x_wconf 88' lang='lat' dir='ltr'><strong>tabat.Cui</strong></span> <span class='ocrx_word' id='word_1_549' title='bbox 2159 4242 2432 4297; x_wconf 89' lang='lat' dir='ltr'><strong>nobilitas</strong></span> <span class='ocrx_word' id='word_1_550' title='bbox 2452 4242 2718 4314; x_wconf 87' lang='lat' dir='ltr'><strong>conjugis</strong></span> <span class='ocrx_word' id='word_1_551' title='bbox 2748 4242 3018 4296; x_wconf 92' lang='lat' dir='ltr'><strong>odiorum</strong></span> <span class='ocrx_word' id='word_1_552' title='bbox 3049 4241 3456 4314; x_wconf 88' lang='lat' dir='ltr'><strong>suppeditabat</strong></span> 
     </span>
    </p>
   </div>
   <div class='ocr_carea' id='block_1_48' title="bbox 158 4327 3451 4403">
    <p class='ocr_par' dir='ltr' id='par_1_48' title="bbox 158 4327 3451 4403">
     <span class='ocr_line' id='line_1_48' title="bbox 158 4327 3451 4403; baseline 0.003 -25"><span class='ocrx_word' id='word_1_553' title='bbox 158 4331 429 4402; x_wconf 83' lang='lat' dir='ltr'><strong>rentesque</strong></span> <span class='ocrx_word' id='word_1_554' title='bbox 451 4328 771 4385; x_wconf 87' lang='lat' dir='ltr'><strong>festinabat</strong></span> <span class='ocrx_word' id='word_1_555' title='bbox 803 4330 861 4382; x_wconf 92' lang='lat' dir='ltr'><strong>et</strong></span> <span class='ocrx_word' id='word_1_556' title='bbox 881 4327 1167 4399; x_wconf 63' lang='lat' dir='ltr'><strong>praecipue</strong></span> <span class='ocrx_word' id='word_1_557' title='bbox 1191 4327 1620 4382; x_wconf 83' lang='lat' dir='ltr'><strong>Childebertum</strong></span> <span class='ocrx_word' id='word_1_558' title='bbox 1645 4344 1744 4398; x_wconf 87' lang='lat' dir='ltr'><strong>pa-</strong></span> <span class='ocrx_word' id='word_1_559' title='bbox 1849 4330 2154 4384; x_wconf 88' lang='lat' dir='ltr'><strong>materiam</strong></span> <span class='ocrx_word' id='word_1_560' title='bbox 2184 4331 2340 4402; x_wconf 87' lang='lat' dir='ltr'><strong>quod</strong></span> <span class='ocrx_word' id='word_1_561' title='bbox 2359 4331 2767 4402; x_wconf 74' lang='lat' dir='ltr'><strong>prmemineret</strong></span> <span class='ocrx_word' id='word_1_562' title='bbox 2783 4331 3065 4403; x_wconf 73' lang='lat' dir='ltr'><strong>prosapia:</strong></span> <span class='ocrx_word' id='word_1_563' title='bbox 3088 4331 3451 4389; x_wconf 90' lang='lat' dir='ltr'><strong>claritudine.</strong></span> 
     </span>
    </p>
   </div>
   <div class='ocr_carea' id='block_1_49' title="bbox 162 4413 3452 4492">
    <p class='ocr_par' dir='ltr' id='par_1_49' title="bbox 162 4413 3452 4492">
     <span class='ocr_line' id='line_1_49' title="bbox 162 4413 3452 4492; baseline 0.003 -23"><span class='ocrx_word' id='word_1_564' title='bbox 162 4415 239 4470; x_wconf 83' lang='lat' dir='ltr'><strong>tris</strong></span> <span class='ocrx_word' id='word_1_565' title='bbox 265 4437 636 4490; x_wconf 84' lang='lat' dir='ltr'><strong>germanum.</strong></span> <span class='ocrx_word' id='word_1_566' title='bbox 675 4418 856 4481; x_wconf 91' lang='lat' dir='ltr'><strong>Quem</strong></span> <span class='ocrx_word' id='word_1_567' title='bbox 879 4416 1056 4471; x_wconf 89' lang='lat' dir='ltr'><strong>etiam</strong></span> <span class='ocrx_word' id='word_1_568' title='bbox 1085 4416 1142 4471; x_wconf 91' lang='lat' dir='ltr'><strong>in</strong></span> <span class='ocrx_word' id='word_1_569' title='bbox 1175 4419 1402 4471; x_wconf 87' lang='lat' dir='ltr'><strong>tantum</strong></span> <span class='ocrx_word' id='word_1_570' title='bbox 1425 4417 1496 4470; x_wconf 90' lang='lat' dir='ltr'><strong>ab</strong></span> <span class='ocrx_word' id='word_1_571' title='bbox 1519 4433 1588 4470; x_wconf 92' lang='lat' dir='ltr'><strong>eo</strong></span> <span class='ocrx_word' id='word_1_572' title='bbox 1616 4416 1749 4470; x_wconf 90' lang='lat' dir='ltr'><strong>alie-</strong></span> <span class='ocrx_word' id='word_1_573' title='bbox 1770 4413 1822 4472; x_wconf 93' lang='lat' dir='ltr'><strong>D</strong></span> <span class='ocrx_word' id='word_1_574' title='bbox 1850 4419 1912 4474; x_wconf 90' lang='lat' dir='ltr'><strong>Ei</strong></span> <span class='ocrx_word' id='word_1_575' title='bbox 1942 4437 2157 4475; x_wconf 88' lang='lat' dir='ltr'><strong>nomen</strong></span> <span class='ocrx_word' id='word_1_576' title='bbox 2184 4420 2687 4486; x_wconf 85' lang='lat' dir='ltr'><strong>Calte,Willecario</strong></span> <span class='ocrx_word' id='word_1_577' title='bbox 2710 4420 3259 4492; x_wconf 65' lang='lat' dir='ltr'><strong>genita,Aquitanim</strong></span> <span class='ocrx_word' id='word_1_578' title='bbox 3284 4421 3452 4479; x_wconf 88' lang='lat' dir='ltr'><strong>duce.</strong></span> 
     </span>
    </p>
   </div>
   <div class='ocr_carea' id='block_1_50' title="bbox 163 4506 3456 4583">
    <p class='ocr_par' dir='ltr' id='par_1_50' title="bbox 163 4506 3456 4583">
     <span class='ocr_line' id='line_1_50' title="bbox 163 4506 3456 4583; baseline 0.003 -27"><span class='ocrx_word' id='word_1_579' title='bbox 163 4520 275 4561; x_wconf 87' lang='lat' dir='ltr'><strong>num</strong></span> <span class='ocrx_word' id='word_1_580' title='bbox 293 4509 565 4564; x_wconf 75' lang='lat' dir='ltr'><strong>effecerat</strong></span> <span class='ocrx_word' id='word_1_581' title='bbox 595 4511 657 4562; x_wconf 86' lang='lat' dir='ltr'><strong>ut</strong></span> <span class='ocrx_word' id='word_1_582' title='bbox 679 4507 872 4561; x_wconf 85' lang='lat' dir='ltr'><strong>fratris</strong></span> <span class='ocrx_word' id='word_1_583' title='bbox 900 4506 1076 4561; x_wconf 89' lang='lat' dir='ltr'><strong>vitam</strong></span> <span class='ocrx_word' id='word_1_584' title='bbox 1110 4510 1443 4578; x_wconf 87' lang='lat' dir='ltr'><strong>appeteret;</strong></span> <span class='ocrx_word' id='word_1_585' title='bbox 1478 4507 1747 4561; x_wconf 86' lang='lat' dir='ltr'><strong>Chranno</strong></span> <span class='ocrx_word' id='word_1_586' title='bbox 1853 4509 2250 4576; x_wconf 90' lang='lat' dir='ltr'><strong>Qui,videlicet</strong></span> <span class='ocrx_word' id='word_1_587' title='bbox 2268 4509 3456 4583; x_wconf 84' lang='lat' dir='ltr'><strong>Willecarius,minisClotariiterritus,qui-</strong></span> 
     </span>
    </p>
   </div>
   <div class='ocr_carea' id='block_1_51' title="bbox 164 4593 3451 4671">
    <p class='ocr_par' dir='ltr' id='par_1_51' title="bbox 164 4593 3451 4671">
     <span class='ocr_line' id='line_1_51' title="bbox 164 4593 3451 4671; baseline 0.002 -22"><span class='ocrx_word' id='word_1_588' title='bbox 164 4593 295 4653; x_wconf 75' lang='lat' dir='ltr'><strong>tactis</strong></span> <span class='ocrx_word' id='word_1_589' title='bbox 344 4603 688 4655; x_wconf 90' lang='lat' dir='ltr'><strong>sanctorum</strong></span> <span class='ocrx_word' id='word_1_590' title='bbox 739 4597 1077 4669; x_wconf 89' lang='lat' dir='ltr'><strong>pignoribus</strong></span> <span class='ocrx_word' id='word_1_591' title='bbox 1132 4600 1337 4668; x_wconf 88' lang='lat' dir='ltr'><strong>sponte</strong></span> <span class='ocrx_word' id='word_1_592' title='bbox 1371 4597 1749 4667; x_wconf 87' lang='lat' dir='ltr'><strong>promittente</strong></span> <span class='ocrx_word' id='word_1_593' title='bbox 1852 4598 3451 4671; x_wconf 66' lang='lat' dir='ltr'><strong>busChrannofavissearguebalur,tutelambasilicaasan</strong></span> 
     </span>
    </p>
   </div>
   <div class='ocr_carea' id='block_1_52' title="bbox 164 4685 3458 4761">
    <p class='ocr_par' dir='ltr' id='par_1_52' title="bbox 164 4685 3458 4761">
     <span class='ocr_line' id='line_1_52' title="bbox 164 4685 3458 4761; baseline 0.002 -23"><span class='ocrx_word' id='word_1_594' title='bbox 164 4688 290 4754; x_wconf 86' lang='lat' dir='ltr'><strong>quod</strong></span> <span class='ocrx_word' id='word_1_595' title='bbox 319 4690 499 4759; x_wconf 89' lang='lat' dir='ltr'><strong>patris</strong></span> <span class='ocrx_word' id='word_1_596' title='bbox 527 4691 842 4761; x_wconf 89' lang='lat' dir='ltr'><strong>perpetuus</strong></span> <span class='ocrx_word' id='word_1_597' title='bbox 893 4685 1160 4741; x_wconf 82' lang='lat' dir='ltr'><strong>existeret</strong></span> <span class='ocrx_word' id='word_1_598' title='bbox 1207 4686 1404 4740; x_wconf 89' lang='lat' dir='ltr'><strong>hostis.</strong></span> <span class='ocrx_word' id='word_1_599' title='bbox 1455 4688 1752 4758; x_wconf 84' lang='lat' dir='ltr'><strong>Perpetra—</strong></span> <span class='ocrx_word' id='word_1_600' title='bbox 1853 4687 2151 4742; x_wconf 80' lang='lat' dir='ltr'><strong>ctiMartini</strong></span> <span class='ocrx_word' id='word_1_601' title='bbox 2171 4687 2423 4758; x_wconf 83' lang='lat' dir='ltr'><strong>expetiit;</strong></span> <span class='ocrx_word' id='word_1_602' title='bbox 2447 4705 2621 4759; x_wconf 90' lang='lat' dir='ltr'><strong>quam</strong></span> <span class='ocrx_word' id='word_1_603' title='bbox 2637 4687 2859 4760; x_wconf 89' lang='lat' dir='ltr'><strong>pridem</strong></span> <span class='ocrx_word' id='word_1_604' title='bbox 2879 4692 2935 4741; x_wconf 90' lang='lat' dir='ltr'><strong>et</strong></span> <span class='ocrx_word' id='word_1_605' title='bbox 2951 4687 3458 4752; x_wconf 78' lang='lat' dir='ltr'><strong>Austrabius,alter</strong></span> 
     </span>
    </p>
   </div>
   <div class='ocr_carea' id='block_1_53' title="bbox 166 4774 3454 4849">
    <p class='ocr_par' dir='ltr' id='par_1_53' title="bbox 166 4774 3454 4849">
     <span class='ocr_line' id='line_1_53' title="bbox 166 4774 3454 4849; baseline 0.002 -20"><span class='ocrx_word' id='word_1_606' title='bbox 166 4774 371 4849; x_wconf 79' lang='lat' dir='ltr'><strong>tumque</strong></span> <span class='ocrx_word' id='word_1_607' title='bbox 389 4779 549 4834; x_wconf 87' lang='lat' dir='ltr'><strong>foret</strong></span> <span class='ocrx_word' id='word_1_608' title='bbox 571 4777 813 4832; x_wconf 80' lang='lat' dir='ltr'><strong>facimus</strong></span> <span class='ocrx_word' id='word_1_609' title='bbox 828 4792 1108 4846; x_wconf 89' lang='lat' dir='ltr'><strong>maguum</strong></span> <span class='ocrx_word' id='word_1_610' title='bbox 1133 4791 1198 4830; x_wconf 89' lang='lat' dir='ltr'><strong>ac</strong></span> <span class='ocrx_word' id='word_1_611' title='bbox 1216 4775 1619 4842; x_wconf 85' lang='lat' dir='ltr'><strong>memorabile,</strong></span> <span class='ocrx_word' id='word_1_612' title='bbox 1641 4776 1752 4830; x_wconf 90' lang='lat' dir='ltr'><strong>fra-</strong></span> <span class='ocrx_word' id='word_1_613' title='bbox 1855 4778 1986 4844; x_wconf 83' lang='lat' dir='ltr'><strong>dux,</strong></span> <span class='ocrx_word' id='word_1_614' title='bbox 2019 4776 2354 4848; x_wconf 86' lang='lat' dir='ltr'><strong>expetierat.</strong></span> <span class='ocrx_word' id='word_1_615' title='bbox 2388 4777 2854 4831; x_wconf 87' lang='lat' dir='ltr'><strong>Persecutoribus</strong></span> <span class='ocrx_word' id='word_1_616' title='bbox 2895 4776 3285 4848; x_wconf 67' lang='lat' dir='ltr'><strong>qumrentibus</strong></span> <span class='ocrx_word' id='word_1_617' title='bbox 3319 4795 3454 4834; x_wconf 91' lang='lat' dir='ltr'><strong>eum</strong></span> 
     </span>
    </p>
   </div>
   <div class='ocr_carea' id='block_1_54' title="bbox 166 4862 3455 4940">
    <p class='ocr_par' dir='ltr' id='par_1_54' title="bbox 166 4862 3455 4940">
     <span class='ocr_line' id='line_1_54' title="bbox 166 4862 3455 4940; baseline 0.003 -28"><span class='ocrx_word' id='word_1_618' title='bbox 166 4863 235 4915; x_wconf 83' lang='lat' dir='ltr'><strong>tre</strong></span> <span class='ocrx_word' id='word_1_619' title='bbox 260 4866 311 4920; x_wconf 91' lang='lat' dir='ltr'><strong>in</strong></span> <span class='ocrx_word' id='word_1_620' title='bbox 339 4871 604 4923; x_wconf 89' lang='lat' dir='ltr'><strong>mortem</strong></span> <span class='ocrx_word' id='word_1_621' title='bbox 636 4866 829 4920; x_wconf 90' lang='lat' dir='ltr'><strong>fratris</strong></span> <span class='ocrx_word' id='word_1_622' title='bbox 854 4865 1244 4935; x_wconf 85' lang='lat' dir='ltr'><strong>conspirante,</strong></span> <span class='ocrx_word' id='word_1_623' title='bbox 1268 4862 1311 4918; x_wconf 89' lang='lat' dir='ltr'><strong>si</strong></span> <span class='ocrx_word' id='word_1_624' title='bbox 1330 4866 1477 4918; x_wconf 92' lang='lat' dir='ltr'><strong>Deus</strong></span> <span class='ocrx_word' id='word_1_625' title='bbox 1506 4881 1622 4918; x_wconf 91' lang='lat' dir='ltr'><strong>non</strong></span> <span class='ocrx_word' id='word_1_626' title='bbox 1650 4863 1753 4919; x_wconf 86' lang='lat' dir='ltr'><strong>im-</strong></span> <span class='ocrx_word' id='word_1_627' title='bbox 1852 4865 2056 4920; x_wconf 87' lang='lat' dir='ltr'><strong>exinde</strong></span> <span class='ocrx_word' id='word_1_628' title='bbox 2082 4865 2326 4920; x_wconf 89' lang='lat' dir='ltr'><strong>avellere</strong></span> <span class='ocrx_word' id='word_1_629' title='bbox 2358 4881 2463 4920; x_wconf 87' lang='lat' dir='ltr'><strong>nec</strong></span> <span class='ocrx_word' id='word_1_630' title='bbox 2483 4865 2824 4931; x_wconf 88' lang='lat' dir='ltr'><strong>valentibus,</strong></span> <span class='ocrx_word' id='word_1_631' title='bbox 2842 4864 3335 4936; x_wconf 88' lang='lat' dir='ltr'><strong>admotisignibus</strong></span> <span class='ocrx_word' id='word_1_632' title='bbox 3353 4883 3455 4940; x_wconf 89' lang='lat' dir='ltr'><strong>pa-</strong></span> 
     </span>
    </p>
   </div>
   <div class='ocr_carea' id='block_1_55' title="bbox 167 4952 3461 5025">
    <p class='ocr_par' dir='ltr' id='par_1_55' title="bbox 167 4952 3461 5025">
     <span class='ocr_line' id='line_1_55' title="bbox 167 4952 3461 5025; baseline 0.002 -21"><span class='ocrx_word' id='word_1_633' title='bbox 167 4952 385 5019; x_wconf 82' lang='lat' dir='ltr'><strong>pcdisset</strong></span> <span class='ocrx_word' id='word_1_634' title='bbox 411 4960 468 5012; x_wconf 89' lang='lat' dir='ltr'><strong>et</strong></span> <span class='ocrx_word' id='word_1_635' title='bbox 501 4955 908 5012; x_wconf 85' lang='lat' dir='ltr'><strong>Childebertus</strong></span> <span class='ocrx_word' id='word_1_636' title='bbox 941 4957 1171 5008; x_wconf 90' lang='lat' dir='ltr'><strong>matura</strong></span> <span class='ocrx_word' id='word_1_637' title='bbox 1203 4956 1391 5008; x_wconf 90' lang='lat' dir='ltr'><strong>morte</strong></span> <span class='ocrx_word' id='word_1_638' title='bbox 1422 4969 1539 5008; x_wconf 89' lang='lat' dir='ltr'><strong>non</strong></span> <span class='ocrx_word' id='word_1_639' title='bbox 1572 4970 1749 5025; x_wconf 91' lang='lat' dir='ltr'><strong>oppc-</strong></span> <span class='ocrx_word' id='word_1_640' title='bbox 1854 4956 1994 5010; x_wconf 89' lang='lat' dir='ltr'><strong>riter</strong></span> <span class='ocrx_word' id='word_1_641' title='bbox 2023 4971 2154 5008; x_wconf 94' lang='lat' dir='ltr'><strong>cum</strong></span> <span class='ocrx_word' id='word_1_642' title='bbox 2187 4953 2308 5025; x_wconf 88' lang='lat' dir='ltr'><strong>ipsa</strong></span> <span class='ocrx_word' id='word_1_643' title='bbox 2339 4954 2615 5010; x_wconf 87' lang='lat' dir='ltr'><strong>orationis</strong></span> <span class='ocrx_word' id='word_1_644' title='bbox 2641 4955 2816 5009; x_wconf 84' lang='lat' dir='ltr'><strong>domo</strong></span> <span class='ocrx_word' id='word_1_645' title='bbox 2845 4953 3100 5008; x_wconf 81' lang='lat' dir='ltr'><strong>flammis</strong></span> <span class='ocrx_word' id='word_1_646' title='bbox 3129 4957 3215 5008; x_wconf 88' lang='lat' dir='ltr'><strong>est</strong></span> <span class='ocrx_word' id='word_1_647' title='bbox 3240 4971 3461 5011; x_wconf 88' lang='lat' dir='ltr'><strong>crema-</strong></span> 
     </span>
    </p>
   </div>
   <div class='ocr_carea' id='block_1_56' title="bbox 168 5039 3458 5117">
    <p class='ocr_par' dir='ltr' id='par_1_56' title="bbox 168 5039 3458 5117">
     <span class='ocr_line' id='line_1_56' title="bbox 168 5039 3458 5117; baseline 0.002 -23"><span class='ocrx_word' id='word_1_648' title='bbox 168 5039 337 5099; x_wconf 81' lang='lat' dir='ltr'><strong>liisset.</strong></span> <span class='ocrx_word' id='word_1_649' title='bbox 357 5045 701 5117; x_wconf 84' lang='lat' dir='ltr'><strong>Composito</strong></span> <span class='ocrx_word' id='word_1_650' title='bbox 723 5059 974 5115; x_wconf 86' lang='lat' dir='ltr'><strong>namque</strong></span> <span class='ocrx_word' id='word_1_651' title='bbox 991 5060 1119 5098; x_wconf 91' lang='lat' dir='ltr'><strong>cum</strong></span> <span class='ocrx_word' id='word_1_652' title='bbox 1137 5042 1499 5098; x_wconf 87' lang='lat' dir='ltr'><strong>Cbildeberto</strong></span> <span class='ocrx_word' id='word_1_653' title='bbox 1513 5043 1752 5106; x_wconf 86' lang='lat' dir='ltr'><strong>foedere,</strong></span> <span class='ocrx_word' id='word_1_654' title='bbox 1855 5047 1962 5098; x_wconf 86' lang='lat' dir='ltr'><strong>tus.</strong></span> <span class='ocrx_word' id='word_1_655' title='bbox 1989 5043 2172 5108; x_wconf 89' lang='lat' dir='ltr'><strong>Quam</strong></span> <span class='ocrx_word' id='word_1_656' title='bbox 2203 5042 2484 5098; x_wconf 86' lang='lat' dir='ltr'><strong>Clotarius</strong></span> <span class='ocrx_word' id='word_1_657' title='bbox 2497 5043 2690 5098; x_wconf 92' lang='lat' dir='ltr'><strong>solerti</strong></span> <span class='ocrx_word' id='word_1_658' title='bbox 2720 5041 3000 5097; x_wconf 88' lang='lat' dir='ltr'><strong>industria</strong></span> <span class='ocrx_word' id='word_1_659' title='bbox 3020 5043 3332 5098; x_wconf 87' lang='lat' dir='ltr'><strong>venustiori</strong></span> <span class='ocrx_word' id='word_1_660' title='bbox 3351 5045 3458 5099; x_wconf 90' lang='lat' dir='ltr'><strong>do-</strong></span> 
     </span>
    </p>
   </div>
   <div class='ocr_carea' id='block_1_57' title="bbox 172 5131 3455 5205">
    <p class='ocr_par' dir='ltr' id='par_1_57' title="bbox 172 5131 3455 5205">
     <span class='ocr_line' id='line_1_57' title="bbox 172 5131 3455 5205; baseline 0.001 -21"><span class='ocrx_word' id='word_1_661' title='bbox 172 5131 511 5201; x_wconf 70' lang='lat' dir='ltr'><strong>Aquitaniam</strong></span> <span class='ocrx_word' id='word_1_662' title='bbox 538 5134 751 5188; x_wconf 87' lang='lat' dir='ltr'><strong>iterum</strong></span> <span class='ocrx_word' id='word_1_663' title='bbox 768 5133 998 5205; x_wconf 89' lang='lat' dir='ltr'><strong>repetit,</strong></span> <span class='ocrx_word' id='word_1_664' title='bbox 1019 5131 1217 5186; x_wconf 89' lang='lat' dir='ltr'><strong>omnia</strong></span> <span class='ocrx_word' id='word_1_665' title='bbox 1238 5148 1478 5204; x_wconf 66' lang='lat' dir='ltr'><strong>perquaz</strong></span> <span class='ocrx_word' id='word_1_666' title='bbox 1498 5131 1755 5202; x_wconf 90' lang='lat' dir='ltr'><strong>primum</strong></span> <span class='ocrx_word' id='word_1_667' title='bbox 1858 5133 2014 5189; x_wconf 85' lang='lat' dir='ltr'><strong>navit</strong></span> <span class='ocrx_word' id='word_1_668' title='bbox 2043 5132 2230 5205; x_wconf 87' lang='lat' dir='ltr'><strong>gratia</strong></span> <span class='ocrx_word' id='word_1_669' title='bbox 2259 5137 2582 5204; x_wconf 89' lang='lat' dir='ltr'><strong>stannoque</strong></span> <span class='ocrx_word' id='word_1_670' title='bbox 2613 5133 2735 5202; x_wconf 85' lang='lat' dir='ltr'><strong>ejus</strong></span> <span class='ocrx_word' id='word_1_671' title='bbox 2766 5131 2994 5202; x_wconf 90' lang='lat' dir='ltr'><strong>operuit</strong></span> <span class='ocrx_word' id='word_1_672' title='bbox 3025 5133 3326 5187; x_wconf 85' lang='lat' dir='ltr'><strong>tecta.Non</strong></span> <span class='ocrx_word' id='word_1_673' title='bbox 3341 5132 3455 5187; x_wconf 88' lang='lat' dir='ltr'><strong>dis-</strong></span> 
     </span>
    </p>
   </div>
   <div class='ocr_carea' id='block_1_58' title="bbox 176 5216 3459 5293">
    <p class='ocr_par' dir='ltr' id='par_1_58' title="bbox 176 5216 3459 5293">
     <span class='ocr_line' id='line_1_58' title="bbox 176 5216 3459 5293; baseline 0 -19"><span class='ocrx_word' id='word_1_674' title='bbox 176 5216 293 5274; x_wconf 76' lang='lat' dir='ltr'><strong>ierat</strong></span> <span class='ocrx_word' id='word_1_675' title='bbox 331 5225 696 5279; x_wconf 89' lang='lat' dir='ltr'><strong>subacturus.</strong></span> <span class='ocrx_word' id='word_1_676' title='bbox 735 5223 868 5277; x_wconf 89' lang='lat' dir='ltr'><strong>Post</strong></span> <span class='ocrx_word' id='word_1_677' title='bbox 917 5237 1090 5293; x_wconf 91' lang='lat' dir='ltr'><strong>quem</strong></span> <span class='ocrx_word' id='word_1_678' title='bbox 1138 5223 1322 5293; x_wconf 87' lang='lat' dir='ltr'><strong>pater,</strong></span> <span class='ocrx_word' id='word_1_679' title='bbox 1353 5220 1632 5275; x_wconf 79' lang='lat' dir='ltr'><strong>Saxonica</strong></span> <span class='ocrx_word' id='word_1_680' title='bbox 1663 5237 1758 5275; x_wconf 88' lang='lat' dir='ltr'><strong>oc-</strong></span> <span class='ocrx_word' id='word_1_681' title='bbox 1859 5222 2213 5278; x_wconf 90' lang='lat' dir='ltr'><strong>simulandas</strong></span> <span class='ocrx_word' id='word_1_682' title='bbox 2262 5224 2458 5277; x_wconf 91' lang='lat' dir='ltr'><strong>autem</strong></span> <span class='ocrx_word' id='word_1_683' title='bbox 2514 5221 2612 5276; x_wconf 77' lang='lat' dir='ltr'><strong>filii</strong></span> <span class='ocrx_word' id='word_1_684' title='bbox 2660 5222 2972 5276; x_wconf 88' lang='lat' dir='ltr'><strong>arbitratus</strong></span> <span class='ocrx_word' id='word_1_685' title='bbox 3011 5221 3269 5291; x_wconf 86' lang='lat' dir='ltr'><strong>injurias,</strong></span> <span class='ocrx_word' id='word_1_686' title='bbox 3322 5219 3459 5275; x_wconf 91' lang='lat' dir='ltr'><strong>inde</strong></span> 
     </span>
    </p>
   </div>
   <div class='ocr_carea' id='block_1_59' title="bbox 178 5308 3464 5384">
    <p class='ocr_par' dir='ltr' id='par_1_59' title="bbox 178 5308 3464 5384">
     <span class='ocr_line' id='line_1_59' title="bbox 178 5308 3464 5384; baseline -0 -21"><span class='ocrx_word' id='word_1_687' title='bbox 178 5314 383 5380; x_wconf 84' lang='lat' dir='ltr'><strong>cupatus</strong></span> <span class='ocrx_word' id='word_1_688' title='bbox 413 5312 806 5384; x_wconf 81' lang='lat' dir='ltr'><strong>expeditione,</strong></span> <span class='ocrx_word' id='word_1_689' title='bbox 840 5309 921 5365; x_wconf 89' lang='lat' dir='ltr'><strong>ire</strong></span> <span class='ocrx_word' id='word_1_690' title='bbox 955 5326 1072 5365; x_wconf 91' lang='lat' dir='ltr'><strong>non</strong></span> <span class='ocrx_word' id='word_1_691' title='bbox 1111 5310 1324 5377; x_wconf 92' lang='lat' dir='ltr'><strong>valens,</strong></span> <span class='ocrx_word' id='word_1_692' title='bbox 1357 5309 1758 5365; x_wconf 85' lang='lat' dir='ltr'><strong>Charibertum</strong></span> <span class='ocrx_word' id='word_1_693' title='bbox 1862 5315 2078 5384; x_wconf 90' lang='lat' dir='ltr'><strong>quanta</strong></span> <span class='ocrx_word' id='word_1_694' title='bbox 2097 5311 2283 5382; x_wconf 90' lang='lat' dir='ltr'><strong>potuit</strong></span> <span class='ocrx_word' id='word_1_695' title='bbox 2303 5327 2538 5366; x_wconf 91' lang='lat' dir='ltr'><strong>suorum</strong></span> <span class='ocrx_word' id='word_1_696' title='bbox 2567 5328 2743 5366; x_wconf 89' lang='lat' dir='ltr'><strong>manu</strong></span> <span class='ocrx_word' id='word_1_697' title='bbox 2761 5310 3118 5365; x_wconf 88' lang='lat' dir='ltr'><strong>Britanniam</strong></span> <span class='ocrx_word' id='word_1_698' title='bbox 3137 5312 3221 5363; x_wconf 88' lang='lat' dir='ltr'><strong>est</strong></span> <span class='ocrx_word' id='word_1_699' title='bbox 3243 5308 3464 5380; x_wconf 85' lang='lat' dir='ltr'><strong>ingres-</strong></span> 
     </span>
    </p>
   </div>
   <div class='ocr_carea' id='block_1_60' title="bbox 179 5398 3462 5469">
    <p class='ocr_par' dir='ltr' id='par_1_60' title="bbox 179 5398 3462 5469">
     <span class='ocr_line' id='line_1_60' title="bbox 179 5398 3462 5469; baseline 0 -17"><span class='ocrx_word' id='word_1_700' title='bbox 179 5411 226 5448; x_wconf 84' lang='lat' dir='ltr'><strong>ac</strong></span> <span class='ocrx_word' id='word_1_701' title='bbox 245 5401 642 5457; x_wconf 85' lang='lat' dir='ltr'><strong>Guntrannum</strong></span> <span class='ocrx_word' id='word_1_702' title='bbox 671 5401 814 5454; x_wconf 80' lang='lat' dir='ltr'><strong>filios</strong></span> <span class='ocrx_word' id='word_1_703' title='bbox 833 5415 964 5453; x_wconf 94' lang='lat' dir='ltr'><strong>cum</strong></span> <span class='ocrx_word' id='word_1_704' title='bbox 987 5399 1236 5453; x_wconf 87' lang='lat' dir='ltr'><strong>exercitu</strong></span> <span class='ocrx_word' id='word_1_705' title='bbox 1254 5414 1322 5452; x_wconf 91' lang='lat' dir='ltr'><strong>eo</strong></span> <span class='ocrx_word' id='word_1_706' title='bbox 1346 5398 1557 5469; x_wconf 91' lang='lat' dir='ltr'><strong>dirigit.</strong></span> <span class='ocrx_word' id='word_1_707' title='bbox 1577 5399 1759 5463; x_wconf 88' lang='lat' dir='ltr'><strong>Quem</strong></span> <span class='ocrx_word' id='word_1_708' title='bbox 1863 5419 1974 5455; x_wconf 87' lang='lat' dir='ltr'><strong>sus.</strong></span> <span class='ocrx_word' id='word_1_709' title='bbox 2012 5401 2268 5456; x_wconf 88' lang='lat' dir='ltr'><strong>Occurrit</strong></span> <span class='ocrx_word' id='word_1_710' title='bbox 2291 5400 2341 5454; x_wconf 91' lang='lat' dir='ltr'><strong>ei</strong></span> <span class='ocrx_word' id='word_1_711' title='bbox 2373 5401 2673 5455; x_wconf 86' lang='lat' dir='ltr'><strong>Cbrannus</strong></span> <span class='ocrx_word' id='word_1_712' title='bbox 2706 5417 2838 5454; x_wconf 88' lang='lat' dir='ltr'><strong>cum</strong></span> <span class='ocrx_word' id='word_1_713' title='bbox 2870 5398 3106 5455; x_wconf 67' lang='lat' dir='ltr'><strong>donabo</strong></span> <span class='ocrx_word' id='word_1_714' title='bbox 3137 5398 3462 5452; x_wconf 89' lang='lat' dir='ltr'><strong>Brittonum</strong></span> 
     </span>
    </p>
   </div>
   <div class='ocr_carea' id='block_1_61' title="bbox 181 5481 3463 5562">
    <p class='ocr_par' dir='ltr' id='par_1_61' title="bbox 181 5481 3463 5562">
     <span class='ocr_line' id='line_1_61' title="bbox 181 5481 3463 5562; baseline 0.002 -28"><span class='ocrx_word' id='word_1_715' title='bbox 181 5481 1356 5559; x_wconf 82' lang='lat' dir='ltr'><strong>illi,perArvernicumsecutiterritorium.</strong></span> <span class='ocrx_word' id='word_1_716' title='bbox 1380 5487 1438 5542; x_wconf 91' lang='lat' dir='ltr'><strong>in</strong></span> <span class='ocrx_word' id='word_1_717' title='bbox 1458 5488 1762 5543; x_wconf 90' lang='lat' dir='ltr'><strong>Lemovico</strong></span> <span class='ocrx_word' id='word_1_718' title='bbox 1864 5507 2024 5562; x_wconf 88' lang='lat' dir='ltr'><strong>rege,</strong></span> <span class='ocrx_word' id='word_1_719' title='bbox 2047 5490 2429 5546; x_wconf 87' lang='lat' dir='ltr'><strong>barbarorum</strong></span> <span class='ocrx_word' id='word_1_720' title='bbox 2459 5507 2668 5562; x_wconf 86' lang='lat' dir='ltr'><strong>agmen</strong></span> <span class='ocrx_word' id='word_1_721' title='bbox 2697 5490 2989 5546; x_wconf 90' lang='lat' dir='ltr'><strong>ductante.</strong></span> <span class='ocrx_word' id='word_1_722' title='bbox 3028 5487 3132 5542; x_wconf 91' lang='lat' dir='ltr'><strong>Ubi</strong></span> <span class='ocrx_word' id='word_1_723' title='bbox 3163 5487 3236 5542; x_wconf 88' lang='lat' dir='ltr'><strong>ad</strong></span> <span class='ocrx_word' id='word_1_724' title='bbox 3278 5490 3463 5542; x_wconf 91' lang='lat' dir='ltr'><strong>certa-</strong></span> 
     </span>
    </p>
   </div>
   <div class='ocr_carea' id='block_1_62' title="bbox 178 5572 3468 5649">
    <p class='ocr_par' dir='ltr' id='par_1_62' title="bbox 178 5572 3468 5649">
     <span class='ocr_line' id='line_1_62' title="bbox 178 5572 3468 5649; baseline -0 -19"><span class='ocrx_word' id='word_1_725' title='bbox 178 5572 279 5642; x_wconf 83' lang='lat' dir='ltr'><strong>jam</strong></span> <span class='ocrx_word' id='word_1_726' title='bbox 298 5596 362 5633; x_wconf 92' lang='lat' dir='ltr'><strong>eo</strong></span> <span class='ocrx_word' id='word_1_727' title='bbox 385 5581 654 5636; x_wconf 85' lang='lat' dir='ltr'><strong>assecuto</strong></span> <span class='ocrx_word' id='word_1_728' title='bbox 676 5584 861 5634; x_wconf 90' lang='lat' dir='ltr'><strong>castra</strong></span> <span class='ocrx_word' id='word_1_729' title='bbox 885 5594 1056 5649; x_wconf 92' lang='lat' dir='ltr'><strong>super</strong></span> <span class='ocrx_word' id='word_1_730' title='bbox 1086 5581 1348 5632; x_wconf 88' lang='lat' dir='ltr'><strong>montem</strong></span> <span class='ocrx_word' id='word_1_731' title='bbox 1369 5576 1607 5648; x_wconf 83' lang='lat' dir='ltr'><strong>Nigrum</strong></span> <span class='ocrx_word' id='word_1_732' title='bbox 1636 5595 1765 5632; x_wconf 93' lang='lat' dir='ltr'><strong>con-</strong></span> <span class='ocrx_word' id='word_1_733' title='bbox 1867 5595 2004 5634; x_wconf 88' lang='lat' dir='ltr'><strong>men</strong></span> <span class='ocrx_word' id='word_1_734' title='bbox 2029 5582 2289 5648; x_wconf 88' lang='lat' dir='ltr'><strong>ventum,</strong></span> <span class='ocrx_word' id='word_1_735' title='bbox 2312 5582 2533 5634; x_wconf 78' lang='lat' dir='ltr'><strong>tentato</strong></span> <span class='ocrx_word' id='word_1_736' title='bbox 2564 5578 2833 5649; x_wconf 88' lang='lat' dir='ltr'><strong>utrinque</strong></span> <span class='ocrx_word' id='word_1_737' title='bbox 2864 5575 3125 5648; x_wconf 87' lang='lat' dir='ltr'><strong>agmine,</strong></span> <span class='ocrx_word' id='word_1_738' title='bbox 3153 5575 3247 5630; x_wconf 91' lang='lat' dir='ltr'><strong>ubi</strong></span> <span class='ocrx_word' id='word_1_739' title='bbox 3279 5590 3468 5646; x_wconf 90' lang='lat' dir='ltr'><strong>neque</strong></span> 
     </span>
    </p>
   </div>
   <div class='ocr_carea' id='block_1_63' title="bbox 185 5662 3479 5744">
    <p class='ocr_par' dir='ltr' id='par_1_63' title="bbox 185 5662 3479 5744">
     <span class='ocr_line' id='line_1_63' title="bbox 185 5662 3479 5744; baseline 0.003 -28"><span class='ocrx_word' id='word_1_740' title='bbox 185 5666 466 5726; x_wconf 85' lang='lat' dir='ltr'><strong>stituerunt</strong></span> <span class='ocrx_word' id='word_1_741' title='bbox 501 5669 900 5742; x_wconf 88' lang='lat' dir='ltr'><strong>miseruntque</strong></span> <span class='ocrx_word' id='word_1_742' title='bbox 921 5667 997 5725; x_wconf 90' lang='lat' dir='ltr'><strong>ad</strong></span> <span class='ocrx_word' id='word_1_743' title='bbox 1025 5684 1158 5725; x_wconf 86' lang='lat' dir='ltr'><strong>eum</strong></span> <span class='ocrx_word' id='word_1_744' title='bbox 1191 5671 1254 5725; x_wconf 90' lang='lat' dir='ltr'><strong>ut</strong></span> <span class='ocrx_word' id='word_1_745' title='bbox 1277 5685 1406 5743; x_wconf 70' lang='lat' dir='ltr'><strong>qua:</strong></span> <span class='ocrx_word' id='word_1_746' title='bbox 1438 5671 1769 5742; x_wconf 84' lang='lat' dir='ltr'><strong>pervaserat</strong></span> <span class='ocrx_word' id='word_1_747' title='bbox 1871 5669 2175 5727; x_wconf 84' lang='lat' dir='ltr'><strong>Chrannus</strong></span> <span class='ocrx_word' id='word_1_748' title='bbox 2203 5668 2450 5744; x_wconf 85' lang='lat' dir='ltr'><strong>pecunia</strong></span> <span class='ocrx_word' id='word_1_749' title='bbox 2476 5667 2790 5725; x_wconf 89' lang='lat' dir='ltr'><strong>conductos</strong></span> <span class='ocrx_word' id='word_1_750' title='bbox 2813 5665 3126 5723; x_wconf 89' lang='lat' dir='ltr'><strong>desciscere</strong></span> <span class='ocrx_word' id='word_1_751' title='bbox 3144 5681 3179 5721; x_wconf 88' lang='lat' dir='ltr'><strong>a</strong></span> <span class='ocrx_word' id='word_1_752' title='bbox 3207 5663 3320 5721; x_wconf 81' lang='lat' dir='ltr'><strong>fide</strong></span> <span class='ocrx_word' id='word_1_753' title='bbox 3333 5662 3479 5729; x_wconf 70' lang='lat' dir='ltr'><strong>vidit</strong></span> 
     </span>
    </p>
   </div>
  </div>
