3862 6172
438 378 547 440 687
1506 374 1771 442 amomi
1808 372 2119 443 MONACHI
2158 375 2653 445 FLORIACENSIS
3569 394 3652 459 us

449 502 777 570 Britannos,
808 520 997 575 neque
1015 503 1294 559 Clotarius
1316 505 1499 560 ﬁlium
1535 523 1674 577 erga
1701 524 1761 562 se
1785 511 2046 579 suscepta
2068 513 2120 571 Α
2143 508 2295 580 cepit
2337 508 2656 566 Theodorus
2696 511 2965 583 Augusta:
3020 510 3078 567 in
3136 508 3276 568 hunc
3319 533 3370 571 se
3403 517 3654 579 habentem

446 590 773 662 deposuisse
787 591 1183 664 odia‘suosque
1198 593 1270 647 ad
1286 593 1418 648 belli
1441 598 1672 665 paratos
1700 595 2039 662 certamina,
2143 597 2412 651 modum:
2448 617 2481 650 α
2508 598 2670 667 Veni,
2699 603 2757 653 et
2785 599 3038 671 adimple
3069 600 3228 655 nobis
3256 619 3368 674 quas
3400 622 3557 676 prona
3583 627 3663 665 vo-

446 679 619 733 armis
643 680 1073 734 decernendum
1097 681 1549 736 aestimaverunt.
1581 684 1736 736 Tunc
1763 684 2041 738 Clotarius
2140 686 2359 742 luntate
2388 685 2702 754 promisisti
2727 686 2798 741 de
2827 688 2994 741 Patre
3017 692 3208 742 nostro
3238 690 3501 755 Anthinio,
3520 698 3568 749 et
3590 713 3660 750 re-

442 767 500 819 in
534 768 754 822 incerto
784 769 917 822 belli
945 770 1464 840 p0situs,lacrymis
1484 771 1726 824 suffusus
1746 787 1867 838 ora,
1888 771 2044 825 Chri-
2141 787 2280 825 voca
2304 788 2437 827 eum
2468 772 2528 827 in
2557 774 2783 843 pristini
2809 775 3022 844 gradus
3066 776 3355 832 honorem.
3390 800 3416 828 η
3451 781 3525 835 Ad
3562 783 3664 839 haec

442 858 595 909 stum
627 859 826 911 exorat
852 857 910 910 in
938 859 1059 912 haec
1088 859 1263 913 verba
1294 875 1307 913 :
1338 878 1369 910 «
1393 858 1635 927 Christe,
1657 859 2039 929 inquit,Deus,
2142 860 2433 931 rescripsit
2458 861 2717 933 Vigilius:
2749 883 2779 913 «
2824 863 3004 930 Absit,
3052 863 3261 932 dicens,
3290 866 3436 921 hoca
3461 885 3559 936 me,
3586 871 3666 925 do-

442 944 542 1016 qui
574 946 795 999 occulta
821 945 1128 1000 hominum
1143 948 1294 1001 solus
1315 947 1868 1017 agnoseis,precibus
1890 963 2043 1002 nunc
2143 946 2305 1003 mina
2331 951 2607 1020 Augusta.
2638 950 2800 1005 Prius
2828 951 3050 1006 locutus
3074 968 3199 1007 sum
3217 955 3359 1009 male
3377 958 3430 1009 et
3444 955 3672 1029 insipien-

442 1033 639 1086 adesto
671 1033 837 1102 meis,
843 1034 983 1104 justi
1006 1051 1276 1089 exercens
1289 1051 1530 1089 examen
1553 1034 1784 1106 judicis.
1814 1035 2041 1089 Etenim
2141 1039 2248 1091 ter.
2276 1036 2435 1092 Nunc
2465 1042 2658 1094 autem
2692 1040 2850 1095 nullo
2877 1040 3053 1095 modo
3083 1040 3186 1096 tibi
3211 1043 3501 1111 consentio,
3529 1047 3582 1098 ut
3600 1062 3672 1100 re-

442 1120 597 1191 quod
614 1121 754 1175 nulli
779 1122 1223 1192 justo,maxime
1248 1122 1350 1176 tibi
1377 1122 1940 1194 omniumCognitori
1957 1139 2043 1177 re-
2140 1140 2338 1179 vocem
2354 1126 2657 1182 hominem
2678 1128 3013 1204 haereticum
3040 1131 3099 1183 et
3118 1129 3675 1189 anathematizatum.»

440 1225 594 1276 rum,
626 1210 925 1265 veniabilis
957 1211 1211 1266 Chranni
1243 1210 1498 1283 nequitia
1512 1210 1690 1282 possit
1712 1211 1891 1266 videri
1907 1211 2044 1266 satis
2144 1211 2266 1276 Quo
2309 1214 2527 1283 audito,
2572 1217 2827 1288 Augusta
2857 1216 3015 1271 misit
3041 1217 3376 1274 Anthimum
3403 1219 3679 1276 scribonem
3760 1272 3771 1287 ,

441 1301 628 1352 certus
671 1315 820 1366 sum,
864 1299 996 1354 ideo
1042 1300 1218 1370 quod,
1252 1300 1531 1354 naturalis
1561 1299 1769 1354 oblitus
1793 1299 2043 1371 gratiam
2143 1316 2276 1356 cum
2295 1303 2481 1358 valida
2500 1305 2753 1361 militum
2770 1322 2953 1361 manu
2970 1307 3615 1380 Romam,praecipiensei
3630 1324 3683 1364 ac

440 1386 690 1457 pietatis,
712 1387 904 1442 hostili
938 1388 1134 1442 animo
1167 1391 1370 1443 contra
1398 1388 1576 1443 vitam
1608 1387 1917 1443 insurrexit
1939 1404 2041 1459 pa-
2143 1390 2361 1446 dicens:
2396 1411 2428 1445 α
2457 1393 2747 1465 Vigilium,
2789 1395 2998 1467 inquit,
3047 1395 3369 1451 Romanum
3399 1396 3686 1469 pontificem

438 1473 542 1527 tris
566 1492 579 1542 ;
603 1479 659 1528 et
688 1475 865 1546 quod,
897 1476 1098 1531 fraude
1132 1477 1513 1543 machinatus,
1538 1478 1757 1531 occulte
1788 1475 2043 1548 nequivit
2140 1480 2350 1535 nostris
2379 1480 2769 1537 sanctionibus
2797 1482 3094 1551 rebellem,
3128 1484 3477 1540 decernimus
3501 1489 3557 1539 ut
3580 1484 3686 1540 navi

438 1562 753 1628 efﬁcere,id
771 1581 924 1617 nunc
940 1566 1130 1635 palam
1152 1564 2035 1636 illatobellocontenditexplere.
2138 1565 2474 1639 impositum
2506 1570 2580 1625 ad
2611 1573 2873 1626 nostrum
2906 1571 3109 1627 deduci
3140 1572 3316 1628 facias
3343 1574 3688 1644 conspectum.

439 1651 703 1721 Dumque
726 1651 891 1706 unius
907 1652 1185 1723 decrepiti
1203 1655 1354 1707 senis
1369 1654 1688 1707 accelerare
1712 1652 1919 1724 quaerit
1931 1653 2042 1708 exi—
2140 1656 2251 1710 Nec
2277 1657 2579 1728 cujuslibet
2598 1657 2831 1713 basilica
2859 1663 3196 1714 sanctorum
3220 1659 3552 1715 defensionis
3569 1659 3613 1713 ei
3635 1659 3692 1714 sit

439 1737 606 1805 tium,
637 1756 755 1794 non
786 1740 1065 1796 dubitavit
1100 1740 1274 1796 morti
1314 1758 1601 1812 exponere
1632 1743 1927 1796 tantarum
1956 1742 2042 1796 in-
2140 1745 2560 1816 adjumentum,
2595 1751 2830 1819 excepta
2868 1747 3105 1803 ecclesia
3149 1747 3426 1819 Principis
3454 1747 3699 1818 apostolo-

437 1828 914 1883 numerositatem
946 1830 1229 1899 gentium.
1258 1830 1325 1884 Et
1354 1834 1508 1885 certe
1546 1831 1832 1902 regnandi
1873 1846 2037 1901 spem
2064 1820 2114 1878 Β
2135 1847 2288 1885 rum.
2321 1853 2349 1881 »
2378 1832 2700 1902 Anthimus,
2733 1834 2978 1889 Romam
3008 1834 3320 1905 profectus,
3347 1837 3694 1891 memoratum

436 1915 871 1984 dederam,cum
884 1917 1075 1972 vivens
1095 1919 1326 1973 tuenda:
1344 1918 1395 1972 ei
1413 1919 1743 1991 Aquitania:
1762 1918 2037 1974 sollicitu-
2135 1936 2369 1992 papam,
2395 1920 2531 1975 dum
2557 1921 2860 1976 missarum
2883 1923 3165 1977 solemnia
3179 1923 3239 1977 in
3257 1922 3504 1978 oratorio
3522 1925 3701 1976 sanch

434 2003 631 2058 dinem
652 2005 1207 2061 mandaveram.Sed
1230 2011 1560 2062 morantem
1579 2024 1697 2062 non
1713 2024 1907 2079 passus
1926 2011 2031 2076 est,
2136 2008 2355 2063 Cecilim
2369 2026 2400 2062 x
2422 2009 2661 2064 Kalend.
2687 2011 3018 2065 Decembris
3043 2009 3702 2082 celebrarct(eratquippe

434 2108 542 2147 nec
569 2095 916 2165 exspectavit
942 2113 1212 2168 regnum,
1234 2096 1341 2150 nisi
1374 2096 1679 2166 parricidio
1697 2095 2033 2167 adipiscere-
2133 2097 2254 2153 dies
2284 2098 2458 2154 festus
2485 2098 2662 2170 ipsius
2691 2115 2866 2154 sacra:
2908 2098 3191 2172 virginis),
3246 2114 3490 2154 munera
3524 2098 3708 2170 populo

430 2182 789 2254 tur.Respice
820 2201 981 2256 ergo,
1015 2185 1281 2249 Domine,
1305 2186 1375 2240 de
1398 2185 2029 2256 coslo,etjudicajuste,
2133 2191 2473 2257 erogantem
2504 2187 2689 2241 tenuit
2715 2187 2960 2259 navique
2988 2187 3293 2260 imposuit,
3326 2191 3391 2243 ut
3418 2185 3709 2244 Constanti-

428 2270 683 2343 illudque
696 2272 1185 2343 judiciumexerce
1203 2275 1358 2345 quod
1379 2277 1582 2329 contra
1596 2274 2031 2343 Absalon,patri
2134 2274 2389 2344 nopolim
2413 2274 2743 2330 deduceret.
2777 2274 2962 2338 Quem
2983 2277 3235 2347 populus
3267 2272 3713 2346 Romanusproti—

428 2361 604 2417 David
639 2363 934 2433 quondam
968 2363 1422 2426 infestissimum,
1448 2362 1906 2419 exercuisti.Non
1924 2381 2030 2434 ego
2132 2360 2440 2417 ciscentem
2465 2379 2643 2434 usque
2668 2363 2744 2417 ad
2793 2362 2987 2418 navim
3019 2366 3384 2436 prosecutus,
3416 2363 3649 2435 postulat
3667 2363 3717 2414 ut

425 2450 662 2521 quidem
693 2452 894 2519 David,
913 2451 1013 2507 sed
1037 2456 1232 2506 tamen
1260 2452 1373 2507 fide
1404 2470 1519 2507 non
1544 2452 2027 2524 degener.Credi-
2131 2448 2595 2505 benedictionem
2627 2451 2736 2505 illis
2784 2451 2968 2506 daret.
3020 2451 3146 2516 Qua
3201 2452 3446 2521 tradita,
3477 2453 3627 2507 mota
3651 2452 3720 2504 est

425 2538 509 2592 dit
537 2538 632 2595 ille
648 2540 849 2594 mundi
863 2540 1832 2612 Redemptoremventurum,credo
1848 2545 1905 2595 et
1921 2557 2027 2612 ego
2130 2538 2306 2593 navis.
2339 2539 2463 2594 Non
2485 2540 2719 2594 defuere
2748 2542 2999 2607 tamenJ
3024 2556 3175 2612 quos
3229 2541 3451 2612 injusta
3500 2538 3721 2610 expulsio

420 2626 932 2700 venisse,mquique
947 2628 1696 2699 arbitrumsmculijudicem
1711 2630 2025 2685 futurum.»
2129 2625 2349 2681 Silverii
2373 2626 2433 2681 in
2459 2627 2656 2682 odium
2685 2626 2859 2700 ipsius
2889 2628 3185 2683 excitaret.
3248 2629 3319 2683 Hi
3364 2628 3580 2700 lapides
3616 2626 3726 2698 post

421 2714 517 2769 His
572 2715 861 2770 intentum
908 2716 1172 2789 precibus
1203 2716 1417 2773 audivit
1454 2718 1827 2790 omnipotens
1856 2719 2024 2776 Deus.
2127 2714 2312 2782 illum,
2345 2715 2433 2769 vel
2455 2715 2725 2787 quaslibet
2754 2717 3003 2771 telorum
3030 2733 3262 2787 genera
3285 2732 3415 2772 sors
3446 2714 3725 2775 obtulerat,

420 2802 564 2857 Nam
598 2804 861 2875 superior
887 2806 1041 2861 bello
1071 2805 1274 2874 factus,
1308 2805 1612 2860 Britannos
1634 2823 1812 2878 usque
1843 2806 1915 2861 ad
1938 2821 2025 2859 re-
2118 2800 2419 2872 jacientes,
2452 2801 2511 2856 in
2541 2802 2695 2858 hunc
2713 2804 2955 2858 modum
2988 2803 3041 2858 ei
3056 2804 3579 2860 conviciabontur:
3601 2823 3627 2850 «
3645 2799 3729 2854 Fa-

417 2890 578 2961 fugia
607 2893 862 2961 navium,
894 2910 1034 2965 quas
1065 2894 1138 2949 ad
1166 2894 1272 2949 hos
1302 2911 1434 2949 usus
1467 2888 1832 2964 paraverant,
1865 2896 1947 2961 ut,
1978 2892 2024 2947 si
2125 2906 2250 2944 mes
2276 2893 2376 2945 tua
2404 2893 2618 2959 tecum,
2651 2891 2974 2946 mortalitas
3020 2895 3124 2947 tua
3153 2895 3384 2949 tecum.
3429 2892 3572 2946 Mala
3606 2888 3735 2943 intu-

418 2979 655 3035 adversa
676 2983 962 3037 bellorum
991 2983 1206 3049 forent,
1239 3000 1308 3038 eo
1338 2999 1398 3038 se
1451 2983 1804 3049 conferrent,
1836 2998 2024 3053 perse-
2122 2978 2236 3033 listi
2266 2979 2560 3047 Romanis,
2601 2980 2756 3034 mala
2798 2979 3054 3051 reperias
3090 2997 3213 3052 quo
3267 2980 3456 3036 vadis.
3508 3000 3536 3027 ››
3567 2974 3733 3047 Aliqui

417 3072 598 3136 cutus,
622 3070 938 3125 maximam
969 3088 1035 3125 ex
1067 3071 1148 3126 eis
1179 3074 1439 3142 stragem
1492 3070 1674 3126 dedit.
1722 3071 2024 3126 Chrannus
2051 3100 2098 3160 Ο
2124 3083 2261 3123 sane
2308 3083 2377 3121 ex
2424 3066 2744 3122 fautoribus
2791 3066 2966 3139 ipsius
3013 3067 3349 3123 comitatui‘
3376 3068 3503 3140 ejus
3547 3066 3738 3121 adesse-

416 3173 646 3230 quoque
672 3159 961 3230 ipse,dum
986 3159 1131 3214 ﬁlias
1161 3160 1497 3231 pariterque
1517 3174 1757 3214 uxorem
1788 3159 2023 3229 captivi-
2067 3158 2082 3160 “
2125 3158 2282 3210 runt.

415 3248 519 3302 tati
545 3247 862 3301 subducere
907 3246 1100 3317 gestit,
1148 3247 1220 3301 ab
1251 3247 1504 3301 exercitu
1529 3251 1727 3317 captus
1757 3247 2023 3318 patrique
2196 3243 2303 3308 Qui
2341 3260 2445 3316 per
2473 3244 2725 3300 Siciliam
2755 3243 2866 3299 iter
2898 3244 3136 3313 faciens,
3187 3245 3253 3300 in
3305 3244 3542 3300 civitate
3573 3240 3743 3300 Cathi-

414 3339 816 3407 prassentatus,
858 3336 1018 3406 jussu
1067 3335 1190 3405 ejus
1232 3334 1291 3389 in
1325 3335 1625 3406 cujusdam
1657 3335 2022 3407 pauperculae
2125 3332 2289 3388 nensi
2310 3334 2592 3405 quosdam
2617 3334 2689 3388 ad
2723 3349 2916 3388 sacros
2946 3334 3251 3405 promovit
3274 3334 3541 3400 ordines,
3561 3331 3746 3404 quibus

414 3438 545 3476 casa
573 3438 744 3493 super
775 3438 1076 3477 scamnum
1091 3425 1358 3476 extensus
1375 3421 1683 3493 orarioque
1703 3420 2019 3493 sugillatus,
2121 3420 2352 3475 tuendas
2398 3422 2673 3477 Romanae
2713 3421 2975 3476 Ecclesiae
3018 3421 3329 3494 delegavit
3374 3437 3603 3477 curam.
3641 3419 3751 3489 Ipse

414 3510 630 3565 ibidem
662 3526 792 3565 cum
824 3511 1071 3582 conjuge
1095 3527 1159 3565 ac
1187 3510 1411 3565 ﬁliabus
1439 3510 1560 3582 igni
1583 3513 1669 3564 est
1681 3526 2023 3566 concrema-
2122 3508 2349 3580 navigio
2371 3509 2930 3581 Constantinopolim
2949 3526 3130 3581 usque
3155 3510 3475 3578 devectus,
3496 3510 3568 3564 ab
3585 3508 3751 3575 impe-

414 3599 645 3655 tus.lloc
688 3599 864 3655 modo
912 3599 1083 3670 justas
1115 3599 1352 3654 exsolvit
1400 3615 1599 3670 poenas
1627 3598 1860 3654 ultionis
1888 3599 2023 3654 insi-
2120 3600 2315 3653 ratore
2345 3601 2404 3652 et
2430 3599 2581 3653 clero
2604 3599 2760 3653 urbis
2780 3597 3100 3653 honoriﬁce
3118 3604 3471 3672 susceptus,
3489 3615 3595 3671 per
3614 3595 3758 3654 bien-

415 3687 604 3743 diator
628 3689 826 3758 patris,
855 3689 950 3760 qui
984 3705 1041 3742 se
1074 3688 1235 3744 omni
1262 3691 1635 3743 evacuaverat
1656 3687 1888 3758 pietate.
1922 3689 2023 3743 Pe-
2122 3686 2285 3741 nium
2306 3685 2449 3741 inibi
2467 3690 2552 3741 est
2576 3686 2862 3742 detentus.
2887 3688 3265 3759 Imperatore
3284 3687 3756 3744 communionem

413 3776 511 3832 riit
537 3777 773 3850 quidem
807 3794 922 3832 non
957 3777 1213 3850 optando
1247 3777 1503 3850 patribus
1533 3777 1745 3843 officio,
1769 3777 1870 3831 sed
1899 3793 2019 3831 non
2120 3775 2383 3830 Anthimi
2412 3776 2484 3831 ab
2514 3792 2583 3830 eo
2614 3775 2879 3846 exigente
2901 3775 3385 3851 cautionemque
3405 3793 3620 3834 manus
3634 3774 3760 3847 ejus,

416 3866 851 3922 dissimulando.
884 3866 983 3921 Cui
1004 3866 1098 3921 ille
1121 3868 1405 3938 parceret,
1426 3865 1523 3937 qui
1546 3865 1715 3921 saluti
1739 3870 2018 3938 paternas,
2124 3880 2236 3937 qua
2265 3863 2325 3919 id
2348 3880 2409 3918 se
2441 3864 2745 3933 jfacturum
2792 3863 3223 3935 spoponderat,
3277 3867 3661 3930 ostendente,
3703 3859 3765 3915 ad

415 3959 699 4028 quantum
732 3956 792 4010 in
842 3972 901 4010 se
954 3954 1083 4023 fuit,
1114 3971 1232 4009 non
1287 3955 1548 4027 pepercit
1576 3956 1604 4010 ?
1635 3955 1795 4009 Hunc
1826 3954 2022 4028 itaque
2122 3953 2233 4008 hoc
2258 3969 2434 4024 usque
2451 3953 2748 4007 altercatio
2778 3952 3053 4024 processit
3081 3958 3152 4009 ut
3176 3954 3427 4011 diceret
3448 3971 3605 4029 papa
3629 3949 3766 4024 Vigi-

415 4045 805 4119 improbitatis
834 4060 950 4099 sua:
982 4045 1163 4099 ﬁnem
1195 4045 1494 4099 Chrannus
1535 4038 1771 4099 invenit.
2124 4040 2263 4096 lius:
2294 4064 2321 4090 ‹‹
2354 4041 2471 4112 Ego
2518 4041 2752 4113 quidem
2784 4041 2857 4095 ad
2894 4043 3419 4100 clementissimos
3450 4042 3769 4117 reipublicae

1007 4134 1230 4188 CAPUT
1260 4134 1426 4190 XXXI.
2128 4130 2523 4186 moderatores
2550 4130 2934 4185 Iustinianum
2963 4129 3138 4203 eique
3188 4134 3602 4206 conjunctam
3642 4125 3776 4185 testi-

549 4223 633 4276 De
650 4221 1133 4292 Langobardorum
1162 4223 1367 4292 regibus
1397 4228 1447 4276 et
1483 4222 1661 4277 Totila
1696 4221 1887 4277 Got/ao.
2128 4220 2280 4276 mavi
2310 4236 2406 4276 me
2437 4219 2657 4275 venisse
2693 4220 3078 4278 Theodoram.
3140 4223 3274 4278 Sed
3314 4223 3692 4281 Diocletiano
3722 4233 3777 4273 ac

495 4311 745 4366 Clotario
769 4314 964 4365 autem
986 4311 1337 4365 Francorum
1358 4314 1594 4366 tenente
1616 4312 2024 4385 principatum,
2056 4384 2077 4385 η
2130 4309 2459 4365 Eleutharia
2478 4310 2736 4366 moribus
2761 4310 2949 4383 reperi
2972 4311 3385 4369 crudeliores.
3416 4314 3641 4369 Verum
3660 4308 3780 4385 quia

426 4399 946 4471 Longobardorum
990 4399 1150 4470 genti
1200 4399 1408 4455 Alboin
1466 4405 1736 4473 przeerat,
1785 4384 1883 4473 qui
1913 4418 2030 4456 non
2053 4384 2107 4444 Ῑ)
2134 4400 2387 4456 Christus
2408 4415 2502 4453 me
2533 4399 2691 4454 vobis
2710 4416 2814 4473 pro
2833 4399 3163 4457 commissis
3193 4403 3584 4475 adjudicavit
3599 4384 3784 4475 pecca-

425 4490 607 4544 multo
634 4491 764 4559 post
793 4490 1057 4560 tempore
1089 4489 1501 4560 Longobardos
1551 4490 1610 4545 in
1664 4490 2030 4545 Pannoniam
2132 4491 2224 4558 tis,
2246 4488 2723 4562 patiarquidquid
2744 4492 2828 4544 est
2844 4490 3295 4559 miserrimum,
3321 4495 3482 4552 dum
3502 4511 3607 4551 vos
3617 4492 3784 4566 jusse-

430 4577 684 4634 deduxit.
716 4577 911 4632 Gothis
935 4580 1153 4642 autem,
1177 4579 1275 4650 qui
1299 4577 1527 4633 Italiam
1548 4578 2035 4652 incolebant,post
2134 4580 2257 4635 ritis
2287 4579 2562 4651 quidquid
2592 4582 2680 4634 est
2718 4577 3233 4637 immanissinum.
3292 4585 3479 4641 Haud
3525 4583 3684 4640 enim
3710 4596 3790 4634 re-

430 4666 712 4738 Withigis,
752 4665 987 4733 Badula,
1011 4666 1109 4738 qui
1140 4670 1197 4721 et
1220 4667 1406 4721 Totila
1435 4666 1618 4722 dictus
1647 4670 1752 4735 est,
1780 4669 2031 4740 praefuit.
2134 4668 2406 4742 penditur
2449 4667 2668 4722 meritis
2703 4668 2849 4723 meis
2889 4685 3163 4741 congrua
3224 4672 3614 4743 vicissitudo,
3663 4670 3792 4725 dum

433 4756 540 4821 Qui
580 4756 652 4811 ad
678 4756 1080 4811 beatissimum
1107 4755 1343 4811 veniens
1372 4759 1603 4812 Patrem
1636 4757 2033 4827 Benedictum,
2138 4758 2363 4830 majora
2385 4757 2474 4813 his
2503 4773 2635 4812 mea
2664 4760 2998 4813 mereantur
3032 4758 3355 4818 facinora.
3393 4765 3631 4819 Matura
3672 4760 3798 4815 ultio

433 4846 592 4918 cujus
630 4863 803 4919 supra
830 4846 1222 4915 meminimus,
1256 4847 1327 4901 ab
1355 4864 1422 4902 eo
1455 4849 1513 4901 et
1539 4847 1836 4918 arguendo
1885 4863 2039 4902 com-
2140 4846 2345 4920 ﬂagitii
2389 4847 2600 4912 subest,
2633 4850 2692 4901 et
2717 4846 2894 4919 digno
2921 4848 3264 4905 convenior
3294 4851 3676 4924 expulsionis
3703 4848 3799 4903 Sil-

433 4936 710 5003 monitus,
739 4940 797 4991 et
846 4936 1277 4992 commonendo
1333 4953 1367 4991 a
1413 4952 1528 4991 sua:
1559 4936 1911 4991 crudelitatis
1935 4936 2041 4991 im-
2140 4935 2278 4991 verii
2305 4935 2514 5008 pretio.
2547 4936 2742 5008 Neque
2771 4952 2944 5007 porro
2994 4934 3095 4991 Dei
3149 4942 3424 4997 oculum
3478 4947 3608 4999 tam
3654 4937 3806 5010 impii

433 5026 716 5082 manitate
742 5028 829 5081 est
856 5027 1165 5083 emollitus.
1200 5026 1301 5082 Cui
1330 5026 1486 5081 idem
1512 5026 1598 5080 vir
1626 5025 1860 5080 Domini
1887 5025 2042 5096 quod
2143 5025 2507 5080 machinator
2522 5024 2750 5081 sceleris
2764 5023 3056 5096 praeterire
3073 5030 3415 5097 poteram.
3432 5051 3469 5083 ιδ
3490 5032 3564 5085 Et
3578 5030 3806 5105 quidam

433 5132 597 5172 mare
653 5116 1017 5184 transiturus,
1064 5118 1311 5173 Romam
1373 5116 1754 5187 ingressurus,
1787 5132 1839 5168 1x
1873 5114 2042 5169 annis
2140 5113 2514 5169 familiarium
2544 5113 2816 5186 principis
2858 5129 3039 5185 prope
3065 5119 3322 5186 astans,
3352 5122 3602 5193 alapam
3654 5120 3711 5174 in
3738 5119 3811 5172 fa-

433 5209 802 5277 regnaturus,
838 5205 1064 5261 decimo
1091 5208 1239 5260 esset
1270 5205 1585 5260 moriturus
1610 5202 1893 5275 praedixit.
2140 5202 2290 5257 ciem
2339 5202 2624 5275 pontiﬁcis
2663 5202 2841 5270 dedit,
2887 5203 3115 5259 dicens:
3156 5229 3190 5257 ‹‹
3231 5208 3595 5277 Homicida,
3640 5207 3812 5264 nescis

1011 5294 1237 5349 CAPUT
1263 5295 1455 5348 XXXII.
2138 5292 2228 5347 cui
2266 5293 2558 5363 loqueris?
2600 5293 2687 5346 An
2732 5295 2898 5364 putas
2938 5292 3243 5364 ignorare
3296 5317 3443 5367 nos,
3481 5299 3719 5355 dedisse
3768 5299 3817 5349 te

428 5384 512 5439 De
545 5384 740 5455 Vigilii
754 5402 910 5456 papa:
933 5391 984 5438 et
1036 5382 1320 5436 Theodoro:
1347 5382 1613 5451 Augustae
1651 5384 2032 5438 controversia.
2138 5382 2367 5453 alapam
2398 5381 2622 5436 notario
2652 5383 2771 5448 tuo,
2805 5381 2902 5453 qui
2932 5385 2991 5435 et
3016 5383 3337 5443 continuo
3374 5389 3604 5444 cecidit
3631 5384 3815 5443 exani-

497 5473 734 5545 Vigilius
756 5474 928 5528 etiam
959 5475 1171 5527 sancta:
1197 5471 1475 5526 Romanae
1508 5472 1770 5527 Ecclesiae
1802 5474 2030 5544 praesul,
2137 5472 2267 5537 mis,
2290 5473 2364 5525 et
2393 5470 2575 5524 filium
2606 5469 2788 5525 viduas
2819 5469 3183 5539 Hasterium,
3226 5475 3335 5531 cui
3370 5482 3635 5551 neptem
3666 5482 3821 5534 tuam

425 5562 523 5635 qui
553 5579 623 5618 eo
654 5580 769 5635 quo
800 5561 1388 5618 commemoravimus
1402 5562 1576 5617 modo
1598 5561 1659 5616 in
1682 5563 1875 5617 locum
1898 5580 2027 5617 san-
2131 5560 2375 5615 dederas
2404 5558 2690 5631 Vigiliam,
2704 5558 2866 5630 jussu
2889 5562 2988 5613 tuo
3014 5558 3298 5618 fustibus
3316 5567 3615 5638 usquead
3634 5580 3819 5637 supre«

421 5650 661 5709 ctissimi
689 5651 1029 5727 subrogatus
1057 5653 1247 5710 fuerat
1275 5650 1515 5722 Silverii,
1538 5650 1890 5727 legationem
1908 5644 2024 5708 sus-
2126 5666 2290 5707 mum
2322 5648 2732 5706 labefactatum
2760 5648 3019 5718 exitium,
3050 5663 3449 5731 papamque
3489 5658 3823 5733 Sylverium
