3862 6172
199 404 278 461 689

1206 394 1532 454 HISTORIA
1578 392 2025 456 FRANCORUM.
2053 424 2125 443 -
2155 396 2286 456 LIB.
2315 398 2383 459 II.

3343 404 3450 463 690

198 524 392 581 factione
424 521 526 576 tua'
566 517 884 575 exsiliatum
923 517 953 574 ?
983 517 1107 585 Quo
1164 518 1259 574 ille
1306 518 1524 586 audito,
1559 517 1810 591 perti-A
1845 523 1948 576 est.
1976 521 2260 595 Amingus
2298 539 2433 579 vero
2464 523 2603 581 dum
2632 524 2820 581 Widin
2861 526 3179 584 Gothorum
3227 527 3447 596 comiti,

195 612 323 679 mnit,
334 609 536 681 solique
568 610 682 665 Deo
705 624 868 680 spem
890 624 1053 662 suam
1078 608 1469 676 committens,
1500 606 1560 662 in
1587 607 1737 662 basi-

194 701 324 755 licam
347 701 542 753 sancta:
574 696 906 768 Euphemise
922 696 1184 768 confugit
1208 696 1502 767 tenuitque
1520 696 1738 750 colum-

195 805 302 844 nam
334 785 534 841 altaris.
566 788 614 839 A
644 802 757 857 qua
785 786 1026 852 avulsus,
1053 784 1190 839 fune
1218 785 1364 839 colla
1396 784 1605 854 ligatus
1637 799 1742 854 per

193 880 338 932 totam
366 872 711 929 circumduci
741 874 945 928 urbem
967 873 1205 944 jubetur
1242 875 1413 944 atque
1444 873 1517 927 ad
1541 887 1737 942 vespe-

1843 616 2046 666 contra
2070 613 2365 668 Narsetem
2391 615 2670 669 rebellare
2691 616 3155 687 paranti,auxilio
3187 634 3306 672 esse
3330 635 3447 674 non

1844 699 2387 773 dubitaret,utrique
2418 703 2667 757 Narsetis
2695 704 2901 759 virtute
2930 704 3447 763 vincuntur.Widin

1844 792 2045 859 captus
2076 788 2573 862 Constantinopoli
2605 791 2912 848 exsiliatur.
2937 793 3236 864 Amingus,
3270 795 3365 866 qui
3397 796 3450 850 ei

1841 876 2053 931 auxilio
2098 893 2221 931 esse
2273 879 2549 945 voluerat,
2583 879 2831 935 Narsetis
2875 881 3065 953 gladio
3120 883 3448 952 perimitur.

192 983 288 1021 ram
313 964 583 1035 ergastulo
615 962 822 1030 claudi,
854 962 950 1017 ubi
976 962 1272 1018 modicum
1302 961 1440 1034 quid
1494 961 1656 1034 panis
1685 962 1741 1016 et
1838 963 2062 1019 Tertius
2079 982 2308 1037 quoque
2323 966 2676 1022 Francorum
2698 968 3076 1037 dux,nomine
3093 971 3449 1038 Leutharius,

190 1070 317 1127 aqum
339 1053 383 1108 ei
426 1052 686 1125 quotidie
716 1050 1093 1107 tribuebatur.
1128 1050 1502 1106 Postmodum
1532 1066 1740 1121 sugge-

189 1146 316 1197 rente
339 1141 561 1195 Narsete
604 1140 999 1194 Romanarum
1030 1138 1280 1210 partium
1313 1139 1477 1205 duce,
1504 1138 1742 1193 vinculis

186 1231 241 1284 ab
266 1229 591 1301 imperatore
628 1228 844 1282 levatus
868 1244 932 1283 ac
953 1226 1124 1282 simul
1152 1244 1283 1282 cum
1311 1228 1464 1281 clero
1484 1244 1587 1283 suo
1637 1228 1743 1281 Ro-

188 1334 310 1373 mam
330 1317 508 1372 redire
540 1316 867 1389 permissus,
900 1315 996 1370 ubi
1027 1315 1331 1387 Syracusas
1384 1315 1594 1387 attigit,
1626 1316 1741 1370 cal-

183 1406 268 1462 culi
290 1408 551 1477 languore
588 1404 861 1476 fatigatus
918 1405 1147 1460 defecit.
1177 1404 1347 1475 Cujus
1376 1420 1583 1474 corpus
1631 1405 1742 1459 Ro-

187 1512 311 1550 mam
341 1495 591 1549 delatum
622 1510 687 1548 ac
716 1492 789 1547 ad
819 1495 1081 1547 sanctum
1130 1492 1458 1548 Marcellum
1514 1492 1605 1546 via
1643 1492 1743 1547 Sa-

184 1582 296 1637 laria
320 1586 397 1638 est
420 1583 751 1650 humatum,
777 1582 1118 1637 succedente
1140 1581 1190 1636 ei
1212 1580 1441 1653 Pelagio
1463 1581 1523 1636 in
1551 1581 1742 1653 ponti-

185 1671 392 1726 ﬁcetum.

706 1760 928 1816 CAPUT
955 1760 1172 1815 XXXIII.

1842 1054 2128 1109 Bucelleni
2155 1070 2488 1124 germanus,
2519 1055 2658 1110 dum
2688 1058 2866 1111 multa
2884 1061 3119 1113 onustus
3135 1060 3332 1129 praeda
3359 1076 3450 1116 re-

1842 1142 2056 1213 pedare
2082 1142 2319 1197 festinat
2347 1143 2419 1197 ad
2460 1143 2712 1215 propria,
2738 1144 2845 1199 iter
2873 1147 3160 1202 Veronam
3214 1164 3279 1202 ac
3329 1148 3450 1203 Tri-

1844 1231 2086 1285 dentum
2109 1231 2274 1302 juxta
2317 1232 2504 1286 lacum
2551 1234 2837 1289 Benacum
2869 1236 3104 1306 propria
3135 1239 3322 1291 morte
3354 1237 3452 1292 de-

1844 1319 2076 1375 functus
2108 1323 2212 1375 est.
2246 1320 2457 1374 Habuit
2481 1320 2854 1376 nihilominus
2909 1324 3111 1378 Narses
3158 1329 3453 1380 certamen

1853 1408 2122 1463 adversus
2135 1408 2413 1474 Sisuvald,
2435 1409 2773 1465 Brentorum
2805 1428 3029 1481 regem,
3062 1412 3157 1484 qui
3176 1413 3360 1467 adhuc
3384 1413 3456 1468 de

1836 1486 2197 1552 ‘Herulorum
2251 1497 2427 1569 stirpe
2461 1502 2842 1565 remanserat,
2877 1515 3020 1571 quos
3044 1517 3238 1556 secum
3271 1500 3329 1555 in
3356 1503 3459 1557 Ita-

1844 1585 1984 1640 liam
2015 1585 2253 1641 veniens
2283 1586 2541 1641 Odoacer
2568 1587 2901 1643 adduxerat.
2936 1587 3100 1644 Solus
3130 1589 3342 1663 quippe
3372 1590 3457 1645 Si-

1845 1674 2046 1728 suvald
2075 1674 2147 1728 de
2170 1674 2509 1730 Herulorum
2538 1678 2711 1746 gente
2743 1676 3049 1732 restiterat.
3100 1678 3239 1733 Huic
3261 1679 3461 1733 Narses

1848 1762 2100 1817 ﬁdeliter
2111 1762 2217 1817 sibi
2230 1761 2485 1832 primum
2507 1763 2824 1818 adherenti
2842 1766 3025 1820 multa
3035 1766 3316 1820 beneficia
3329 1783 3462 1822 con-

235 1850 304 1907 De
346 1848 529 1905 Romae
566 1868 597 1905 a
629 1850 807 1904 Totila
835 1850 1101 1905 obsidione
1127 1856 1178 1905 et
1204 1848 1571 1905 Romanorum
1601 1848 1674 1904 ad
1775 1839 1826 1898 Β
1849 1850 1996 1905 tulit.
2031 1849 2145 1905 Sed
2169 1850 2473 1906 novissime
2503 1853 2747 1922 superbe
2790 1853 3068 1909 rebellem
3107 1858 3166 1908 et
3210 1871 3461 1926 regnum

622 1938 991 1994 Justinianum
1012 1940 1280 2009 confugio.

230 2027 388 2082 Totila
414 2044 671 2100 quoque,
706 2043 803 2082 rex
829 2026 1506 2097 Gothorum,depraadata
1557 2023 1746 2079 Sicilia

175 2130 441 2186 regressus,
506 2117 752 2171 Romam
796 2115 1096 2171 obsidione
1147 2115 1343 2170 cinxit.
1377 2114 1549 2185 Cujus
1599 2113 1746 2167 cives

174 2206 357 2258 tantam
375 2207 520 2259 tunc
536 2203 705 2259 famis
735 2204 1037 2275 penuriam
1066 2202 1218 2274 passi
1240 2205 1374 2258 sunt
1393 2204 1456 2256 ut
1480 2200 1591 2256 cibi
1618 2200 1743 2255 ino-

172 2292 244 2361 pia
262 2294 426 2349 coacti
457 2298 735 2348 natorum
762 2309 1000 2349 suorum
1031 2309 1233 2349 carnes
1292 2292 1464 2346 edere
1510 2291 1742 2353 vellent,

170 2380 317 2435 Fessis
342 2382 569 2438 diutina
596 2398 791 2453 pugna
809 2382 1093 2454 simulque
1122 2380 1318 2437 inedia
1336 2379 1610 2435 Romanis
1640 2394 1746 2433 nec

169 2469 445 2525 valentibus
482 2469 700 2526 mania
730 2470 901 2537 tueri,
930 2470 1115 2524 Totila
1161 2487 1196 2524 a
1248 2470 1411 2541 parte
1465 2466 1746 2524 Hostiensi

167 2557 337 2613 urbem
366 2559 619 2629 irrupit;
640 2559 757 2631 qui,
788 2574 1025 2631 parcere
1053 2559 1243 2630 potius
1269 2559 1543 2614 Romanis
1571 2573 1746 2631 quam

167 2660 242 2699 eos
259 2647 501 2717 perdere
522 2649 765 2716 malens,
789 2664 894 2721 per
920 2650 1105 2703 totam
1137 2651 1393 2715 noctem,
1424 2664 1539 2720 qua
1566 2646 1748 2702 victor

164 2734 336 2790 urbem
352 2735 621 2804 intravit,
643 2736 926 2809 quosdam
944 2752 1181 2791 suorum
1201 2735 1455 2791 buccinis
1479 2737 1747 2806 clangere

157 2820 329 2889 jubet:
360 2843 389 2877 ¢
421 2826 505 2880 Ul.
524 2824 672 2881 cives
698 2841 758 2879 se
800 2842 834 2879 a
862 2824 1180 2880 Gothorum
1206 2823 1410 2896 gladiis
1443 2826 1541 2879 aut
1565 2824 1747 2878 eccle-

162 2910 237 2965 siis
257 2915 558 2969 tuerentur
582 2915 680 2968 aut
722 2913 1041 2985 quibusque
1094 2912 1282 2967 modis
1333 2912 1680 2967 occulerent.
1716 2932 1745 2961 »

162 2999 538 3074 Habitavitque
569 3002 929 3073 aliquantum
956 3000 1238 3072 temporis
1287 3016 1418 3055 cum
1452 2999 1743 3066 Romanis,

1849 1938 2092 1993 dilatare
2117 1955 2281 1993 suum
2305 1956 2411 2011 per
2432 1940 2653 1994 Italiam
2671 1940 2997 2011 cupientem
3022 1942 3174 1997 bello
3202 1942 3464 2014 superior

1850 2024 2001 2098 cepit
2027 2026 2290 2097 celsaque
2322 2027 2393 2080 de
2424 2028 2587 2082 trabe
2615 2014 2939 2100 suspendit.
2955 2028 3052 2083 Hic
3082 2030 3286 2083 Narses
3306 2030 3465 2100 prius

1850 2113 2087 2186 quidem
2115 2113 2457 2169 cartularius
2485 2114 2592 2169 fuit
2621 2131 2634 2167 :
2679 2116 2886 2171 deinde
2922 2121 3160 2188 propter
3190 2116 3463 2171 virtutum

1851 2202 2060 2258 merita
2088 2202 2419 2274 patriciatus
2463 2205 2749 2259 honorem
2779 2206 3120 2276 promeruit.
3154 2206 3290 2260 Erat
3327 2221 3462 2260 vero

1846 2290 1929 2344 vir
1953 2289 2258 2363 piissimus,
2288 2291 2571 2362 religione
2583 2292 2912 2359 catholicus,
2942 2292 3001 2347 in
3025 2309 3306 2365 pauperes
3334 2309 3465 2353 mu-

1846 2377 2071 2446 nificus,
2102 2379 2159 2433 in
2202 2380 2610 2451 recuperandis
2648 2383 2982 2436 sanctorum
3036 2381 3281 2436 basilicis
3332 2376 3472 2436 satis

1846 2467 2148 2535 studiosus,
2180 2467 2385 2540 vigiliis
2415 2471 2472 2522 et
2502 2467 2861 2523 orationibus
2892 2469 3036 2525 adeo
3095 2470 3351 2525 intentus
3404 2471 3468 2523 ut

1848 2557 2034 2628 magis
2060 2558 2321 2628 precibus
2368 2560 2485 2613 Deo
2528 2557 2775 2629 profusis
2828 2575 3003 2630 quam
3053 2558 3228 2614 armis
3285 2558 3467 2614 victor

1848 2645 1998 2701 foret
2027 2646 2263 2701 bellicis.

2433 2735 2657 2791 CAPUT
2678 2735 2867 2790 XXXV.

2160 2826 2244 2880 De
2275 2824 2476 2879 Alboz'n
2504 2823 2980 2894 Langobardorum
3009 2840 3147 2893 rege.

1919 2915 1981 2968 In
2008 2913 2118 2968 illis
2147 2912 2368 2979 diebus,
2400 2911 2608 2966 Alboin
2658 2911 2805 2965 filius
2832 2910 3040 2966 Aldoin
3071 2911 3464 2982 Langobardis

1847 3001 2095 3072 prmfuit.
2125 3000 2244 3065 Hic,
2266 2999 2490 3054 vivente
2510 2999 2697 3054 adhuc
2713 2998 2996 3070 genitore,
3014 3015 3147 3053 cum
3171 2998 3464 3054 Turismo-

161 3088 263 3157 plus
287 3092 535 3160 paterna
563 3089 778 3162 pietate
808 3089 1069 3145 circaeos
1090 3105 1222 3143 usus
1247 3105 1420 3160 quam
1447 3087 1747 3160 tyrannica
1772 3127 1819 3187 C
1848 3092 1944 3159 do,
1975 3090 2299 3145 Turissendi
2323 3089 2668 3162 Gepidarum
2694 3088 2846 3158 regis
2864 3087 2981 3142 filio
3010 3088 3161 3142 bello
3183 3086 3460 3187 conflixit.

163 3176 664 3233 crudelitate.Hanc
688 3177 791 3244 illi,
813 3180 876 3231 ut
900 3177 1267 3243 concedatur,
1288 3176 1467 3232 animi
1478 3176 1745 3248 benigni-

162 3264 336 3335 tatem,
364 3267 460 3339 qui
484 3266 687 3321 nimia:
710 3269 882 3321 antea
892 3264 1242 3320 crudelitatis
1259 3264 1572 3331 exstiterat,
1592 3263 1746 3319 beati

160 3352 317 3408 Patris
342 3355 642 3412 Benedicti
701 3355 896 3426 (quem
939 3354 1102 3421 olim,
1130 3356 1193 3409 ut
1242 3354 1586 3425 praedictum
1638 3355 1744 3420 est,

160 3441 409 3515 audierat)
442 3441 696 3498 monitio
725 3441 983 3497 contulit.
1013 3440 1203 3513 Aliqui
1224 3458 1360 3496 sane
1397 3458 1464 3496 ex
1517 3445 1744 3497 senato-

159 3528 309 3597 ribus,
328 3531 580 3587 Romani
611 3530 909 3603 quondam
939 3530 1153 3601 glorias
1183 3529 1455 3593 nominis,
1477 3534 1614 3585 tunc
1644 3546 1744 3585 au-

159 3619 258 3671 tem
282 3619 506 3676 misera:
526 3618 787 3691 reliquiae
807 3618 1046 3673 desertae
1064 3617 1324 3685 civitatis,
1343 3619 1745 3674 Constantino-

157 3706 309 3774 polim
337 3708 733 3763 Iustinianum
764 3706 1086 3779 principem
1127 3705 1397 3761 adierunt
1438 3708 1741 3779 supplices,

158 3793 432 3851 adversum
465 3795 685 3851 Gothos
714 3794 922 3849 auxilia
938 3798 1255 3865 poscentes.
1277 3796 1557 3850 Turbatus
1585 3796 1744 3867 gravi

155 3884 334 3939 nuntio
374 3885 591 3951 Caesar,
623 3883 793 3938 rebus
823 3882 881 3937 in
934 3883 1203 3954 Hesperia
1251 3883 1443 3937 minus
1472 3899 1744 3955 prospere

154 3971 323 4040 gestis,
372 3974 681 4028 Narsetem
735 3971 1089 4039 eunuchum,
1139 3971 1553 4027 cubicularium
1612 3989 1745 4028 vero

153 4074 312 4129 suum,
340 4064 652 4134 expertum
685 4058 819 4115 belli
850 4058 1054 4126 virum,
1083 4060 1245 4115 omni
1276 4060 1495 4116 militias
1528 4078 1653 4133 quae
1686 4062 1744 4115 in

157 4147 292 4205 Italia
309 4155 434 4207 erat
463 4150 745 4224 praefecit.
775 4151 872 4204 Ille
899 4165 1145 4221 propere
1168 4151 1377 4223 (neque
1402 4151 1561 4207 enim
1591 4150 1749 4205 diffe-

155 4238 295 4292 rendi
324 4244 562 4313 tempus
587 4238 849 4309 dabatur)
879 4254 1009 4292 cum
1033 4239 1179 4293 lecta
1206 4240 1378 4311 pube,
1413 4239 1747 4295 transmisso

1848 3179 1914 3233 Et
1944 3195 2076 3233 cum
2107 3194 2337 3234 summa
2365 3178 2417 3232 vi
2448 3177 2719 3249 utrinque
2774 3176 3200 3242 decerneretur,
3252 3175 3460 3230 Alboin

1845 3267 2269 3335 Turismodum,
2310 3270 2473 3339 spata
2522 3266 2738 3321 cervice
2777 3268 2945 3319 tenus
3001 3281 3357 3337 percussum,
3389 3264 3462 3319 ad

1845 3362 2063 3413 terram
2109 3356 2319 3429 dejecit
2347 3360 2663 3412 mortuum.
2733 3354 2965 3410 Turbati
3017 3353 3239 3425 Gepidi,
3304 3354 3462 3426 quod

1846 3446 1999 3518 regis
2025 3445 2226 3511 filium,
2261 3462 2363 3518 per
2403 3460 2575 3518 quem
2626 3444 2882 3499 maxima
2909 3460 2973 3498 ex
3006 3445 3170 3515 parte
3200 3442 3463 3515 prselium

1847 3534 2201 3598 substiterat,
2233 3535 2651 3606 interemptum
2697 3531 3147 3603 conspiciebant,
3171 3531 3231 3585 in
3261 3532 3461 3603 fugam

1846 3622 1990 3677 versi
2036 3626 2186 3677 sunt.
2224 3625 2293 3676 At
2340 3638 2473 3676 vero
2530 3620 2759 3687 Alboin,
2793 3624 3019 3694 patrata
3076 3619 3329 3687 victoria,
3388 3618 3460 3674 ad

1848 3714 2074 3783 patrem
2104 3712 2267 3765 Izetus
2295 3710 2483 3765 rediit.
2520 3711 2633 3764 Nec
2665 3710 2847 3765 multo
2880 3713 3009 3781 post
3037 3708 3088 3764 ei
3121 3708 3237 3764 vita
3293 3708 3459 3763 dece-

1848 3799 2007 3853 denti
2040 3799 2100 3853 in
2138 3815 2385 3869 regnum
2415 3798 2749 3852 substitutus
2786 3801 2889 3852 est.

2442 3885 2665 3940 CAPUT
2689 3886 2902 3939 XXXVI.

1845 3976 1927 4030 De
1958 3974 2184 4030 Cautz’ni
2202 3975 2444 4044 facinore
2464 3979 2513 4027 ct
2527 3973 2705 4027 sancti
2730 3972 2981 4026 Mcdardz'
3006 3973 3237 4027 transitu
3281 3978 3331 4025 et
3378 3989 3457 4026 se-

2530 4060 2744 4131 pulcro.

1921 4151 2014 4205 His
2045 4150 2245 4205 diebus
2273 4148 2563 4214 Cautinus,
2613 4150 2882 4202 Arverna:
2942 4146 3096 4200 urbis
3153 4145 3452 4218 episcopus

1852 4256 1977 4295 rem
2007 4239 2330 4293 inauditam
2359 4237 2555 4291 fecisse
2572 4235 3091 4291 memoratur.Erat
3108 4234 3163 4288 in
3184 4235 3304 4306 ipsa
3319 4234 3459 4289 urbe

155 4323 555 4384 Itediterraneo
588 4328 738 4382 freto
772 4327 831 4382 in
865 4325 1090 4383 Latium
1120 4328 1436 4396 contendit,
1460 4332 1518 4382 et
1540 4329 1753 4400 junctis
1777 4390 1818 4400 _‘
1853 4328 2182 4384 Anastasius
2212 4326 2444 4399 quidam
2471 4325 2726 4392 nomine,
2761 4324 2949 4380 officio
2978 4340 3109 4378 vero
3141 4324 3457 4395 presbyter,

154 4411 242 4467 sibi
286 4415 814 4488 Longodardorum
868 4415 1089 4471 auxiliis
1132 4431 1264 4469 cum
1311 4415 1505 4471 Gothis
1553 4416 1751 4487 proelio
1775 4390 1827 4448 D
1855 4418 2141 4490 ingenuus
2169 4432 2404 4487 genere.
2431 4416 2588 4468 Iluuc
2641 4414 2976 4486 frequenter
3001 4414 3278 4485 pontifex,
3308 4429 3461 4467 nunc

157 4504 385 4560 confixit.
438 4504 747 4575 Totilaque
805 4521 942 4577 rege
994 4503 1296 4559 interfecto
1365 4504 1583 4560 Italiam
1679 4506 1751 4560 ab

153 4604 331 4647 eorum
366 4592 779 4649 dominatione
812 4593 1040 4664 eripuit.

714 4681 935 4736 CAPUT
971 4682 1182 4738 XXXIV.

306 4770 391 4825 De
414 4770 552 4825 bello
583 4770 866 4825 Bucelleno
896 4770 1021 4825 duci
1058 4771 1120 4825 ab
1146 4770 1377 4825 Narsctc
1396 4771 1570 4826 illato.

216 4857 517 4914 Bucelleno
541 4859 718 4912 etiam
747 4858 874 4913 duci
900 4862 1101 4915 Narses
1118 4860 1333 4915 bellum
1354 4859 1749 4931 intulit,qncm

154 4940 589 5013 Theodebertus,
609 4963 705 5002 rex
732 4947 1104 5015 Francorum,
1128 4952 1190 5003 ut
1206 4964 1381 5019 supra
1403 4949 1751 5003 memoravi-

155 5046 287 5101 mus,
315 5052 452 5090 cum
503 5036 733 5091 Italiam
758 5036 1063 5104 introisset,
1096 5054 1355 5092 reversus
1402 5038 1476 5092 ad
1525 5037 1749 5105 Gallias,

154 5134 267 5177 cum
283 5124 548 5197 Amingo
560 5125 672 5180 alio
688 5125 828 5180 duce
845 5124 918 5180 ad
932 5142 1059 5181 eam
1073 5126 1193 5197 subj
1204 5126 1489 5181 iciendam
1505 5127 1751 5199 relique-

158 5212 249 5263 rat.
298 5212 409 5277 Qui
472 5215 832 5282 Bucellenus,
887 5214 1233 5287 interempto
1291 5215 1579 5285 Relisario,
1615 5216 1752 5270 dum

155 5310 286 5366 pene
314 5304 508 5357 totam
544 5302 763 5356 Italiam
785 5302 1203 5373 direptionibus
1241 5306 1490 5358 vastaret
1518 5308 1576 5357 et
1604 5304 1753 5375 regi-

158 5386 248 5439 bus
271 5390 629 5444 Francorum
662 5391 732 5446 de
764 5392 1050 5445 manubiis
1076 5392 1467 5463 subjectorum
1496 5393 1751 5447 hostium

160 5488 386 5533 munera
414 5479 654 5551 copiosa
681 5480 961 5547 conferet,
982 5480 1039 5535 in
1064 5481 1379 5553 Campania
1397 5481 1756 5537 hiematurus

158 5561 208 5616 in
232 5565 809 5633 loco,cuiTannetum
833 5585 1048 5625 nomen
1068 5571 1522 5641 cst,dysentcriae
1550 5572 1755 5625 morbo

161 5649 440 5725 laborans,
474 5658 629 5714 bello
651 5658 860 5731 gravia
879 5659 1110 5716 Narsete
1127 5663 1424 5734 superatus
1455 5659 1760 5716 exstinctus

1854 4506 2135 4578 precibus,
2168 4520 2321 4559 nunc
2350 4503 2523 4558 minis
2553 4502 2937 4574 compellebat
2962 4507 3023 4556 ut
3048 4501 3460 4573 proprietatem

1855 4611 2043 4662 suam,
2065 4610 2241 4665 quam
2274 4609 2378 4665 per
2406 4592 2631 4646 chartas
2660 4591 2925 4663 gloriosas
2957 4590 3257 4645 memoria:
3283 4591 3460 4646 Chro-

1854 4683 2006 4737 tildis
2025 4681 2243 4753 reginae
2275 4680 2620 4752 possidebat,
2652 4696 2781 4733 cum
2814 4680 2947 4751 ipsis
2977 4679 3187 4734 chartis
3217 4679 3269 4733 ei
3307 4680 3460 4734 dono

1853 4770 2166 4834 daret.Quo
2181 4769 2447 4824 omnibus
2466 4768 2652 4822 modis
2670 4768 3276 4840 renuente,episcopus
3288 4783 3321 4820 a
3334 4767 3463 4821 villa

1853 4860 1921 4914 ad
1954 4860 2155 4914 urbem
2170 4858 2478 4914 deductum
2514 4857 2838 4912 custodibus
2868 4857 3076 4928 legavit
3098 4855 3291 4910 inedia
3336 4856 3460 4910 affi-

1853 4948 2142 5015 ciendum,
2170 4947 2228 5002 ni
2261 4947 2439 5018 petita
2468 4946 2803 5018 compleret.
2844 4945 2957 4999 Sed
2988 4946 3080 4999 ille
3102 4944 3237 5000 forti
3264 4944 3461 4999 animo

1855 5039 2172 5111 resistebat,
2197 5036 2390 5091 dicens
2419 5035 2522 5089 sibi
2558 5034 2761 5090 melius
2794 5051 2915 5089 esse
2939 5034 3011 5088 ad
3033 5036 3262 5106 tempus
3307 5034 3462 5088 fame

1854 5127 2003 5184 affici
2036 5142 2213 5198 quam
2245 5124 2465 5178 traditis
2490 5125 2661 5178 rebus
2713 5124 2858 5179 filios
2908 5124 3295 5178 ethredare.
3331 5122 3463 5175 Erat

1856 5216 2008 5286 apud
2036 5213 2327 5269 basilicam
2355 5212 2526 5267 Cassii
2547 5213 2813 5284 martyris
2834 5216 3052 5284 crypta,
3075 5215 3131 5265 et
3155 5211 3212 5265 in
3244 5226 3312 5264 ea
3351 5224 3465 5262 sar-

1855 5305 2180 5375 cophagum
2208 5303 2503 5373 cujusdam
2528 5300 2724 5373 magni
2748 5299 2999 5355 hominis
3021 5316 3086 5353 ex
3120 5297 3284 5353 Pario
3307 5312 3461 5351 mar-

1858 5409 2019 5446 more
2051 5392 2355 5445 factum.ln
2387 5391 2494 5445 hoc
2518 5391 2689 5460 igitur
2722 5390 3105 5455 mausoleo,ex
3143 5387 3303 5457 jussu
3344 5383 3464 5454 epi-

1857 5480 2032 5553 scopi,
2056 5497 2188 5535 cum
2216 5483 2445 5535 mortuo
2474 5479 2665 5534 vivens
2678 5478 2948 5549 sepelitur
2967 5476 3264 5548 presbyter
3278 5471 3465 5545 operi-

1859 5574 2066 5643 turque
2096 5570 2459 5643 lupide,datis
2485 5569 2795 5623 custotibus
2817 5566 3057 5637 quicum
3091 5563 3464 5619 custodirent.

1860 5659 2069 5715 Verum
2095 5658 2452 5732 presbytero,
2475 5662 2753 5729 tanquam
2783 5655 2961 5711 altero
2991 5654 3363 5726 Iona,orante
3394 5648 3467 5705 ad
