3862 6172
418 387 518 445 891

1518 379 1785 441 ΑΙΜΟΪΝΙ
1815 379 2146 456 ,ΜΟΝΑΟΗΙ
2181 378 2677 444 FLORIACENSIS

3572 398 3655 457 892

428 514 765 580 Dominum,
787 505 1330 566 custodesinedriati
1358 505 1494 562 vino
1515 503 1885 560 vertunturin
1903 519 2050 559 som-
2075 506 2131 566 Α
2153 504 2284 560 aliis
2299 505 2574 561 coenobiis
2586 509 2914 564 sanctorum
2931 507 3458 570 muniﬁcentissimus
3473 520 3656 578 exstitit-

425 622 591 661 num.
627 600 792 666 Quod
824 600 918 654 ille
953 597 1311 669 intelligens,
1342 594 1609 661 brachiis,
1643 611 1768 666 quae
1797 596 2048 648 tantum-

426 693 603 748 modo
619 690 798 744 libera
810 690 1046 760 pr0pter
1064 683 1527 756 magnitudinem
1543 683 1784 754 sepulcri
1799 683 2050 736 habebat

427 779 768 851 operculum
797 777 870 831 ad
897 791 1076 830 unam
1106 772 1341 844 impulit
1389 775 1615 842 partem
1678 773 2048 841 reseratoque

426 863 1060 939 aliquantulumloculo
1086 863 1257 932 caput
1274 859 1454 914 erexit
1483 861 1540 912 et
1561 858 1638 912 sic
1667 860 1788 912 toto
1815 861 2048 928 pectore

427 957 649 1012 aditum
676 950 1014 1022 cgrediendi
1039 949 1145 1004 sibi
1179 948 1418 1021 paravit.
1451 947 1802 1001 Gravabatur
1830 949 2044 1011 autem,

427 1048 492 1100 ut
519 1043 641 1115 ipse
683 1039 1054 1114 postmodum
1095 1035 1357 1103 asseruit,
1389 1035 1568 1090 nimio
1616 1036 1818 1100 fetore,
1853 1034 1948 1105 qui
1979 1050 2046 1087 ex

428 1131 752 1206 putrefacto
772 1115 1081 1184 emanabat
1111 1141 1351 1196 corpore
1367 1126 1580 1194 .Itaque
1601 1125 1859 1195 sepulcro
1879 1122 2042 1190 liber,

428 1222 502 1277 ad
528 1219 739 1276 ostium
770 1218 987 1289 crypta:
1013 1216 1306 1287 properat.
1348 1211 1586 1266 Fiebant
1639 1210 1795 1265 enim
1827 1212 1948 1266 haec
1985 1209 2043 1263 in

428 1309 596 1365 initio
645 1307 847 1362 noctis.
883 1304 1036 1369 Quos
1085 1303 1416 1357 obseratum
1472 1299 1768 1355 inveniens
1792 1303 1848 1353 et
1893 1299 2045 1352 inter

428 1398 608 1454 rimas
633 1393 1007 1468 prospiciens,
1030 1389 1498 1445 videthominem
1531 1404 1662 1442 cum
1691 1386 1874 1442 securi
1897 1403 2043 1459 prae-

430 1478 1083 1542 tereuntem.Huncleni
1103 1494 1336 1533 sururro
1369 1493 1611 1532 evocans
1641 1479 1809 1548 rogat
1837 1479 1900 1531 ut
1931 1475 2048 1531 adi-

431 1579 557 1630 tum
589 1571 771 1629 securi
801 1571 1037 1626 reseret.
1082 1567 1205 1632 Quo
1232 1566 1564 1637 impetrato,
1592 1565 1890 1636 presbyter
1921 1581 2048 1636 pro-

430 1661 690 1736 greditur
715 1661 886 1723 liber,
912 1673 1127 1729 rogans
1147 1655 1332 1710 virum
1350 1671 1423 1708 ne
1446 1653 1516 1708 de
1528 1670 1588 1708 se
1610 1653 1878 1724 cuiquam
1904 1653 2048 1708 indi-

2150 594 2404 664 Indeque
2429 595 2754 650 venationis
2786 597 2972 667 gratia
2993 601 3475 675 exercendamujus
3491 611 3664 666 studio-

2149 698 2239 736 sos
2260 682 2384 737 forc
2411 684 2658 739 Francos
2678 702 2849 758 supra
2881 687 3271 752 meminimus,
3294 691 3494 748 Cociam
3510 695 3668 755 silvam

2147 770 2456 841 ingressus,
2479 773 2618 827 dum
2650 790 2821 844 supra
2847 775 2994 829 vires
3014 777 3282 846 corporis,
3303 781 3443 850 quod
3460 789 3673 842 senectus

2149 858 2846 932 debilitaverat,induiget
2876 863 3466 931 exercitationi,animo
3484 873 3676 928 validior

2148 963 2324 1016 quam
2352 963 2618 1017 corpore,
2655 949 3002 1004 comminuit
3033 968 3264 1007 omnem
3313 971 3417 1009 suae
3466 957 3680 1028 vigorem

2146 1035 2345 1089 salutis
2383 1037 2906 1110 aegritudinemque
2953 1042 3237 1096 contraxit
3265 1060 3498 1114 gravem.
3527 1048 3683 1103 Febris

2146 1127 2271 1177 erat
2296 1124 2626 1192 vehemens,
2658 1127 2917 1181 continui
2950 1143 3016 1181 ac
3039 1128 3162 1183 sine
3196 1130 3305 1185 ulla
3323 1131 3683 1190 intermissione

2143 1210 2422 1265 viscerum
2445 1213 2692 1270 dolores.
2747 1216 2896 1270 Dum
2952 1216 3236 1272 cruciatur
3292 1223 3450 1292 atque
3497 1223 3688 1278 alternis

2143 1298 2376 1367 vicibus,
2410 1318 2561 1356 nunc
2590 1302 2951 1374 frigus,nunc
2976 1308 3133 1360 calor
3146 1308 3401 1363 membra
3425 1311 3689 1382 exagitant,

2143 1387 2298 1442 inter
2328 1406 2484 1461 aegra
2520 1392 2760 1462 suspiria
2814 1409 2941 1463 qua:
2991 1411 3158 1449 meus
3214 1399 3562 1469 extorquebat
3609 1399 3692 1454 sibi

2145 1477 2298 1531 male
2321 1478 2550 1532 conscia
2581 1480 2702 1533 haec
2724 1479 2971 1536 iterabat
2989 1483 3196 1538 verba:
3221 1506 3248 1533 «
3276 1485 3408 1551 Vua,
3427 1503 3690 1558 vua,quam

2146 1581 2393 1636 magnus
2419 1570 2503 1620 est
2534 1568 2649 1621 Rex
2682 1569 2776 1622 ille
2805 1569 3067 1637 coelestis,
3091 1571 3186 1642 qui
3225 1572 3301 1626 sic
3329 1573 3571 1628 humiliat
3590 1576 3696 1629 sub-

2148 1654 2314 1709 limes
2346 1658 2513 1709 terrae
2543 1672 2729 1727 reges.
2752 1659 2859 1711 Iste
2900 1673 3030 1712 cum
3051 1658 3123 1713 sit
3153 1660 3499 1727 immortalis,
3529 1663 3698 1717 melior

433 1753 682 1818 caret,ac
707 1751 946 1805 demum
962 1746 1035 1801 ad
1057 1746 1297 1800 domum
1315 1759 1475 1797 suam
1494 1741 1742 1814 indeque
1759 1741 1832 1796 ad
1846 1757 2048 1813 regem
2149 1745 2236 1796 est
2261 1743 2459 1814 quovis
2489 1745 2644 1798 orbis
2685 1747 2975 1800 terrarum
3004 1747 3266 1820 principe
3299 1749 3533 1804 mortali.
3568 1749 3702 1813 Quod

434 1838 749 1894 Clotarium
798 1837 1089 1910 properat.
1134 1833 1233 1887 Cui
1259 1848 1391 1886 cum
1448 1846 1679 1884 causam
1728 1842 2050 1892 enarrasset
2073 1824 2123 1882 B
2149 1830 2194 1884 si
2217 1831 2422 1886 melior
2463 1836 2521 1886 et
2550 1835 2820 1904 potentor
2855 1851 2867 1888 :
2900 1837 2960 1889 et
2988 1835 3033 1888 si
3057 1837 3364 1905 potentior,
3387 1853 3518 1908 ergo
3541 1843 3591 1892 et
3619 1837 3706 1891 mi-

433 1940 764 1997 suam,rege
790 1940 855 1979 ac
871 1921 1248 1994 optimatibus
1272 1919 1592 1975 dicentibus
1622 1918 1776 1991 quod
1799 1933 1905 1972 nec
1939 1918 2046 1972 He-

435 2015 592 2071 rodis
621 2015 708 2068 vel
739 2011 979 2068 Neronis
997 2013 1260 2080 tempore
1284 2008 1423 2063 talia
1450 2008 1684 2062 fuerunt
1705 2006 2051 2076 gesta,jube-

434 2106 528 2158 tur
547 2101 752 2157 adduci
794 2099 1111 2171 episcopus.
1133 2096 1240 2163 Qui
1272 2097 1409 2151 dum
1440 2095 1594 2150 istud
1631 2112 1691 2150 se
1707 2095 1936 2166 jussisse
1957 2111 2051 2149 ne-

431 2194 660 2263 garet,a
680 2190 1015 2263 presbytero
1049 2186 1341 2242 convictus
1371 2185 1756 2256 confususque
1787 2185 2046 2239 abcessit.

432 2280 738 2349 Presbyter
764 2293 899 2331 vero
925 2293 1016 2330 res
1045 2291 1174 2330 suas
1198 2273 1402 2328 tenuit.
1438 2273 1560 2338 Quo
1592 2275 1877 2344 tempore,
1913 2273 2048 2328 bea-

432 2367 525 2421 tus
549 2365 868 2431 Medardus,
894 2361 1336 2418 Vermandensis
1365 2360 1685 2432 episcopus,
1717 2363 1918 2432 plenus
1938 2361 2052 2414 vir-

433 2453 672 2518 tutibus,
704 2450 971 2522 migravit
1018 2452 1092 2505 ad
1126 2449 1460 2504 Dominum.
1496 2449 1665 2520 Cujus
1687 2465 1891 2520 corpus
1923 2449 2049 2503 Clo-

435 2541 617 2596 tarius
646 2557 744 2596 rex
774 2537 1357 2595 honorificentissimo
1384 2537 1710 2592 recondidit
1732 2539 2049 2593 mausoleo.

992 2628 1216 2683 CAPUT
1239 2627 1478 2681 XXXVII.

447 2717 534 2774 .De
553 2716 786 2774 Clotarii
812 2719 947 2787 regis
969 2715 1360 2780 donationibus,
1389 2722 1437 2769 et
1460 2716 1564 2786 piis
1616 2713 1877 2787 operibus,
1901 2715 2053 2771 obitu

1057 2821 1119 2859 ac
1147 2803 1458 2858 hmedibus.

507 2895 667 2951 Idem
699 2911 832 2951 vero
873 2895 1117 2967 inclytus
1145 2911 1246 2948 rex
1276 2894 1629 2948 Francorum
1653 2893 1954 2963 Clotarius,
1982 2895 2055 2950 ad

436 2984 718 3056 suffragia
742 2983 962 3056 egregii
986 2982 1329 3039 confessoris
1353 2981 1646 3038 Martiniin
1679 2984 1919 3038 tutelam
1951 2983 2057 3038 sibi

439 3072 821 3145 exposcenda,
841 3071 1084 3127 Turonis
1103 3070 1262 3126 abiit.
1279 3071 1482 3126 Multus
1519 3069 1596 3125 ibi
1619 3087 1722 3141 pro
1753 3088 1854 3126 sua
1878 3073 2058 3127 salute

439 3176 676 3215 suorum
688 3175 800 3232 que
820 3159 1220 3232 peccaminum
1247 3157 1556 3213 abolitione
1589 3158 1818 3213 Domini
1840 3175 1904 3214 ac
1924 3176 2056 3214 san-

439 3250 668 3303 ctorum
700 3248 823 3318 ejus
850 3250 1115 3319 precator
1137 3249 1194 3302 et
1216 3245 1542 3301 clarissimis
1564 3246 1730 3301 donis
1751 3246 1940 3301 eidem
1970 3264 2061 3302 sa-

443 3349 542 3390 cro
572 3336 698 3391 loco
719 3334 880 3407 regia
905 3333 1248 3390 liberalitate
1279 3332 1610 3405 impartitis,
1639 3333 1698 3388 in
1726 3333 1977 3389 ditandis
2001 3338 2060 3390 et

2147 1919 2475 1975 sericordiee
2505 1921 2763 1993 largitor.
2801 1921 2906 1986 Qui
2931 1939 3070 1992 non,
3111 1928 3174 1979 ut
3203 1926 3369 1980 multi
3422 1925 3707 1991 hominum,

2148 2008 2432 2064 mortibus
2463 2010 2779 2065 delectatur
2798 2028 3031 2066 reorum
3056 2031 3069 2080 ;
3095 2014 3193 2068 sed
3216 2013 3528 2068 misericors
3546 2030 3603 2067 ac
3627 2012 3711 2066 mi-

2149 2101 2369 2152 scrator
2396 2098 2792 2170 paenitentiam
2821 2101 3187 2171 amplectitur
3207 2099 3716 2173 peccatorum.lllius

2150 2185 2328 2258 igitur
2358 2187 2682 2242 clementia;
2714 2204 2924 2243 munus
2954 2191 3089 2244 totis
3111 2193 3199 2245 est
3221 2190 3596 2262 exoptandum
3611 2188 3718 2242 aﬂ'e-

2149 2276 2332 2330 ctibus
2363 2276 2547 2348 deque
2579 2277 2700 2347 ejus
2731 2277 3100 2333 miseratione
3127 2295 3430 2351 nunquam
3456 2279 3720 2349 desperan-

2151 2365 2312 2419 dum.
2339 2383 2369 2416 »
2400 2367 2556 2420 Inter
2584 2365 2687 2420 hos
2709 2369 2880 2438 atque
2911 2367 3248 2437 hujusmodi
3262 2384 3551 2423 sermones
3573 2366 3720 2420 finem

2150 2452 2381 2524 imperii
2401 2453 2602 2514 edidit,
2631 2469 2837 2525 corpus
2865 2456 3054 2522 terras,
3076 2472 3328 2526 regnum
3361 2455 3489 2509 filiis
3516 2452 3724 2509 derelin-

2151 2557 2353 2613 quens,
2382 2558 2488 2614 per
2516 2543 2941 2614 quinquaginta
2967 2547 3024 2597 et
3055 2561 3242 2598 unum
3268 2561 3453 2599 annos
3478 2545 3722 2617 potestate

2150 2629 2398 2698 functus,
2429 2635 2708 2703 perpetua
2736 2647 2802 2686 ac
2830 2649 3031 2703 emper
3057 2632 3116 2686 in
3140 2634 3334 2704 majus
3366 2632 3726 2705 augmentata.

2153 2718 2306 2774 Filiis
2339 2719 2505 2790 regni
2548 2720 2874 2776 haeredibus
2927 2722 3264 2792 hujusmodi
3291 2722 3601 2777 vocabula:
3633 2718 3731 2791 pri-

2155 2824 2302 2875 mus,
2339 2807 2716 2863 Cherebertus
2742 2826 2755 2876 ;
2786 2825 3052 2881 sequens,
3083 2810 3458 2866 Guntrannus
3493 2827 3506 2877 ;
3539 2807 3733 2872 trrtius,

2157 2895 2505 2967 Chilpericus
2539 2913 2551 2963 ;
2589 2900 2844 2967 quartus,
2897 2897 3256 2968 Sigebertus,
3315 2898 3519 2954 vocati.
3566 2896 3740 2967 Sepul-

2157 2987 2359 3055 tusque
2390 2986 2475 3038 est
2511 2983 2571 3037 in
2604 2984 2837 3039 basilica
2867 2985 3060 3039 Sancti
3105 2987 3389 3044 Medardi.
3424 2989 3486 3040 ut
3516 2985 3626 3056 ipse
3645 2983 3741 3053 jus-

2158 3074 2312 3126 serat
2343 3089 2356 3139 ;
2399 3088 2525 3143 quae
2556 3071 2793 3142 triginta
2823 3076 2881 3126 et
2909 3089 2976 3127 eo
3011 3073 3263 3146 amplius
3297 3075 3554 3129 millibus
3580 3073 3645 3126 ab
3689 3086 3744 3124 eo

2158 3160 2306 3227 loco,
2335 3158 2393 3213 in
2421 3177 2534 3232 quo
2559 3159 2736 3214 ﬁnem
2758 3160 2885 3216 vita:
2913 3160 3156 3228 invenit,
3185 3163 3417 3229 aberat,
3438 3176 3642 3232 magno
3667 3159 3746 3211 oh-

2160 3246 2356 3318 sequio
2387 3263 2490 3320 per
2541 3250 2768 3302 tantum
2818 3249 2988 3320 spatii
3041 3250 3328 3306 deductus
3376 3250 3643 3309 filiorum,
3669 3260 3750 3299 seu

2163 3335 2336 3390 etiam
2359 3336 2726 3408 psallentium
2757 3336 3117 3393 clericorum.

1759 3478 1908 3552 Expl
1915 3483 2005 3536 icit
2036 3479 2162 3536 liber
2189 3481 2465 3541 secundus.

1393 3677 1819 3767 INCIPIT
1929 3676 2278 3767 LIBER
2385 3681 2865 3770 TERTIUS

987 3880 1212 3936 CAPUT
1242 3881 1526 3936 PRIMUM.

451 3970 534 4029 De
556 3970 840 4044 Chilperici
870 3972 1004 4041 regis
1033 3988 1155 4025 cum
1188 3970 1450 4041 fratribus
1487 3968 1860 4039 disceptatione
1914 3985 2066 4039 super

950 4061 1257 4116 hereditate
1281 4069 1532 4132 paterna.

526 4152 760 4224 Sepulto
791 4150 1062 4218 Clotario,
1103 4149 1261 4205 varia
1287 4152 1372 4204 est
1402 4149 1556 4205 inter
1584 4151 1734 4206 ﬁlios
1763 4147 1811 4218 ej
1824 4163 1884 4201 us
1915 4147 2067 4200 sorte

454 4245 784 4311 regnatum.
819 4239 1116 4311 Siquidem
1149 4238 1499 4311 Chilpericus
1527 4238 1641 4311 (cui
1674 4237 1825 4294 inter
1864 4235 2071 4289 fratres

457 4345 623 4383 mens
636 4328 978 4399 promptior)
996 4345 1112 4383 non
1128 4331 1431 4384 contentus
1445 4345 1575 4383 cum
1607 4326 1825 4384 caeteris
1841 4327 2071 4396 partem

456 4433 677 4488 ponere
699 4416 988 4484 fratribus,
1007 4417 1304 4472 thesauros
1325 4415 1502 4487 patris
1527 4414 1810 4471 Parisiaca
1840 4413 1898 4466 in
1932 4413 2074 4467 urbe

457 4504 786 4560 reconditos
813 4504 985 4576 rapit,
1019 4505 1091 4559 ad
1137 4504 1366 4560 Francis
1403 4505 1565 4577 (quos
1615 4502 1899 4558 avidiores
1947 4502 2073 4555 fore

457 4595 718 4666 pecuniae
756 4592 1053 4667 persensit)
1084 4594 1271 4665 pretio
1307 4593 1637 4659 sollicitatis,
1672 4592 1822 4663 apud
1857 4607 1953 4646 eos
1982 4607 2073 4644 re-

460 4700 642 4755 gnum
665 4681 924 4754 arripuit.
953 4682 1161 4736 Verum
1194 4681 1484 4751 conjuncti
1513 4682 1721 4735 fratres
1751 4677 2076 4750 improvida

459 4772 780 4844 irruptione
807 4788 940 4826 eum
972 4788 1006 4826 a
1030 4769 1254 4825 civitate
1285 4771 1679 4825 deburtavere.
1702 4767 1920 4823 Dehinc
1937 4784 2074 4820 con-

461 4860 776 4916 ditionibus
801 4859 955 4933 pacis
983 4859 1443 4915 consentientem
1493 4861 1732 4914 evocant
1773 4860 2074 4928 totumque

457 4949 623 5022 regni
652 4967 858 5023 corpus
871 4949 1550 5022 quadripartitasectione
1567 4965 1631 5003 ex
1651 4964 1816 5020 aequo
1847 4945 1906 5000 hi
1935 4961 2075 5017 qua-

454 5042 590 5094 tuor
615 5039 823 5094 fratres
841 5037 1189 5110 partiuntur.
1222 5039 1290 5092 Et
1313 5038 1660 5093 Chereberto
1695 5035 1949 5107 quidem,
1979 5033 2076 5106 qui

455 5130 514 5184 et
536 5127 834 5183 Aribertus
862 5127 1042 5182 dictus
1074 5131 1180 5195 est,
1213 5126 1562 5182 Parisiorum
1590 5125 1743 5192 urbs,
1777 5123 2074 5195 quondam

458 5217 832 5283 Childeberti,
851 5220 1004 5273 sorte
1025 5216 1322 5288 provenit;
1348 5215 1687 5269 Guntranno
1707 5211 2075 5266 Aurelianen-

453 5306 549 5374 sis,
575 5325 823 5380 regnum
835 5306 1096 5362 videlicet
1115 5303 1459 5370 Clodomiri;
1487 5300 1804 5372 Chilperico
1824 5300 2074 5355 Suessio-

459 5395 650 5450 nensis
677 5395 1002 5465 assignatur
1031 5393 1246 5459 civitas,
1271 5395 1441 5462 caput
1472 5393 1529 5443 et
1554 5389 1672 5459 ipsa
1687 5387 1851 5460 regni
1878 5391 2070 5459 pater-

459 5483 518 5538 ni
553 5484 890 5555 ;Sigeberto
916 5486 1112 5536 autem
1143 5478 1796 5549 Mediomatricum,quaz
1812 5481 1868 5532 et
1890 5477 2069 5544 Metis,

455 5570 991 5638 cessit,’l‘heodorici
1010 5569 1195 5641 patrui
1221 5568 1515 5642 quondam
1532 5567 1788 5638 subjecta
1813 5565 2072 5620 domina-

456 5659 558 5716 tui.
594 5659 738 5715 Urbs
786 5660 1010 5715 famosa
1032 5663 1089 5716 et
1119 5659 1352 5732 inclyta,
1385 5675 1448 5714 ac
1481 5656 1608 5714 ideo
1631 5655 1782 5712 inter
1831 5659 2066 5712 aeteras

2165 3882 2337 3936 urbes
2354 3881 2546 3937 Gallia:
2577 3883 2732 3938 haud
2753 3882 3026 3939 mediocri
3042 3901 3282 3957 semper
3312 3886 3521 3942 habita
3541 3887 3677 3940 loco.
3704 3884 3767 3937 De

2169 3988 2283 4042 qua
2312 3971 2525 4043 quidin
2548 3975 2806 4026 veterum
2820 3973 3143 4043 reperimus
3167 3974 3675 4046 libris,paululum
3705 3970 3774 4025 iu-

2168 4060 2434 4114 termissa
2458 4077 2519 4114 re
2550 4064 2757 4130 empta,
2791 4061 2846 4114 in
2883 4061 3140 4116 medium
3196 4063 3600 4135 proferamus.
3651 4061 3772 4115 Cum

2171 4165 2312 4220 gens
2330 4149 2718 4204 Vandalorum
2736 4150 2954 4220 junctis
2979 4150 3084 4206 sibi
3116 4150 3324 4207 Suevis
3356 4158 3419 4208 et
3452 4151 3650 4208 Alanis
3668 4149 3775 4204 Gal-

2171 4238 2275 4293 lias
2296 4239 2707 4311 depopulatum
2727 4240 2809 4293 ire
2827 4239 3490 4308 destinavisset,Chroco
3512 4258 3644 4312 rege
3657 4240 3781 4309 ipso-

2172 4344 2300 4383 rum
2333 4344 2366 4382 a
2397 4331 2582 4382 matre
2603 4345 2703 4382 sua
2731 4327 3010 4399 quaerenti
3033 4328 3170 4400 quid
3190 4329 3475 4385 faciendo
3499 4328 3681 4401 Magni
3702 4341 3782 4381 no-

2175 4435 2309 4474 men
2339 4418 2643 4484 obtineret,
2673 4417 2768 4470 illa
2789 4417 3010 4471 adeum
3038 4437 3050 4472 :
3078 4438 3108 4470 ‹‹
3137 4417 3218 4486 Si,
3253 4419 3477 4490 inquit,
3502 4421 3601 4484 ﬁli,
3621 4419 3782 4472 famo-

2175 4525 2267 4562 sus
2283 4506 2339 4560 in
2371 4506 2509 4561 orbe
2529 4522 2648 4560 esse
2670 4504 2848 4576 cupis,
2867 4522 3215 4575 magnarum
3248 4507 3513 4562 aedificia
3534 4506 3734 4562 aedium
3758 4520 3785 4556 a

2173 4596 2489 4666 majoribus
2508 4596 2789 4649 exstructa
2819 4594 3047 4648 destrue
3087 4596 3490 4668 egregiasque
3543 4596 3701 4650 urbes
3729 4592 3787 4645 dc

2173 4689 2398 4739 struens
2415 4699 2614 4738 eorum
2636 4682 2851 4737 incolas
2863 4681 3053 4754 gladio
3079 4684 3624 4757 exstingue.Ncquc
3649 4681 3787 4736 enim

2179 4773 2418 4828 meliora
2439 4771 2724 4844 prioribus
2735 4774 2899 4841 potes
2929 4771 3176 4825 condere
3208 4773 3563 4828 habitacula
3583 4769 3789 4826 autbel-

2176 4861 2349 4916 laudo
2378 4859 2721 4915 noministui
2741 4858 2988 4930 gloriam
3008 4859 3264 4930 amplius
3285 4878 3682 4934 propagare,»
3707 4858 3792 4910 Cu-

2169 4951 2266 5023 jns
2289 4950 2382 5005 ille
2414 4948 2672 5020 responsi
2706 4965 2822 5002 non
2853 4947 3043 5017 segnis
3075 4953 3396 5006 exsecutor
3428 4950 3647 5006 exstitit
3672 4965 3729 5001 ac
3757 4943 3794 4996 si

2176 5038 2368 5094 divino
2405 5037 2636 5092 oraculo
2670 5052 2786 5090 non
2818 5037 3076 5091 hominis
3102 5053 3242 5093 voce
3311 5039 3544 5093 dictum
3597 5036 3792 5090 fuisset.

2174 5121 2315 5174 Nam
2334 5118 2485 5190 apud
2510 5117 2858 5188 Maguntiam
2877 5121 3053 5189 ponte
3070 5118 3350 5173 Rhenum
3373 5113 3800 5185 transicns,priv

2175 5226 2271 5264 mo
2304 5209 2488 5280 ipsam
2516 5207 2719 5261 urbem
2747 5205 3152 5260 miserabiliter
3189 5206 3422 5261 delevit
3459 5225 3528 5262 ac
3573 5207 3792 5260 demum

2172 5313 2401 5351 cursum
2434 5294 2651 5350 itineris
2703 5294 2862 5348 Metis
2913 5294 3163 5352 dellexit.
3189 5295 3380 5364 Cujus
3441 5295 3622 5360 muri,
3649 5294 3800 5348 nocte

2173 5403 2300 5458 quae
2333 5385 2488 5439 diem
2517 5384 2793 5438 adventus
2821 5383 2941 5452 ejus
2990 5381 3396 5454 praecedebat,
3440 5384 3641 5439 divino
3672 5381 3798 5433 nutu

2172 5479 2376 5546 sponte
2403 5477 2654 5535 ruentes,
2686 5472 2838 5526 viam
2868 5471 3172 5543 irrupturis
3193 5476 3602 5541 aperuerunt.
3631 5473 3804 5525 Incerc

2171 5569 2294 5618 tum
2319 5567 2511 5617 utrum
2537 5563 2682 5615 haue
2712 5560 2907 5615 divina
2937 5559 3264 5631 indignatio
3293 5561 3613 5632 ﬂagitiosis
3639 5564 3692 5612 et
3714 5557 3802 5608 im-

2173 5651 2580 5726 paenitentibus
2646 5649 2922 5706 invexerit
2979 5648 3388 5706 calamitatem
3431 5649 3679 5715 civilius,
3737 5661 3799 5699 an
