3862 6172
231 405 313 464 693
1226 405 1549 463 HISTORIA
1580 407 2025 468 FRANCORUM.
2052 441 2126 455 —
2155 411 2284 470 LIB.
2319 415 2410 471 Ill.

3376 422 3481 483 694

234 535 345 590 forte
370 534 421 587 ut
445 529 821 586 infandissimi
850 530 1154 588 homicidas
1170 533 1326 604 justa
1350 535 1766 589 acceleraretur
1790 540 1845 600 Α
1874 537 2049 607 rium,
2084 539 2246 596 mira:
2276 541 2693 613 magnitudinis
2724 542 2892 600 simul
2936 547 2994 600 et
3036 547 3481 617 pulchritudinis

228 621 442 696 perditio,
470 637 583 692 quo
613 621 857 676 caelestia
886 625 1194 677 autumans
1218 622 1483 693 opitulari
1510 623 1615 677 sibi
1646 623 1760 677 suf-

229 711 372 782 fragia
389 726 447 765 eo
471 709 843 764 contenderet
864 710 958 764 ubi
983 710 1216 765 nefandi
1238 728 1405 765 ausus
1422 712 1628 766 merita
1646 713 1765 766 lue-

224 805 291 856 ret
313 798 579 871 supplicia.
601 797 824 853 Civibus
845 798 1094 871 denique
1124 800 1463 854 Metensibus
1490 818 1668 873 usque
1698 803 1772 856 ad

224 888 649 945 internectionem
671 905 818 960 pene
836 888 1461 959 pessundatis,Treviris
1478 895 1769 962 properat.

220 977 445 1034 Treverici
474 976 532 1031 in
559 977 748 1031 arenis
775 977 1016 1031 civitatis
1036 977 1302 1049 praesidio
1321 978 1525 1044 locato,
1556 980 1773 1034 conati-

219 1068 300 1121 bus
314 1066 416 1137 ejus
433 1065 781 1119 restiterunt.
808 1064 1059 1120 Chrocus
1072 1065 1316 1120 Treviris
1355 1065 1567 1121 infecto
1595 1083 1774 1138 nego-

219 1154 293 1220 tio,
309 1153 479 1207 Arelas
492 1169 819 1225 expugnare
843 1153 1022 1221 nisus,
1042 1153 1345 1225 aquodam
1379 1153 1583 1221 milite,
1600 1155 1773 1211 Mario

216 1241 425 1307 nomine,
443 1245 660 1312 captus,
680 1257 784 1311 per
800 1241 1054 1296 civitates
1080 1257 1224 1313 quas
1237 1245 1520 1296 everterat
1551 1242 1771 1311 ductus,

211 1329 357 1402 pmuis
374 1329 715 1384 excruciatus
732 1329 974 1385 interiit.
1001 1329 1114 1384 Sed
1137 1328 1208 1383 de
1241 1329 1330 1383 his
1364 1329 1498 1384 satis
1530 1330 1769 1385 dictum.

805 1418 1032 1473 CAPUT
1062 1420 1125 1473 II.

349 1508 426 1562 De
449 1505 782 1574 Chereberto,
808 1509 903 1578 qui
920 1514 970 1561 et
1000 1506 1289 1561 Aribertus
1309 1507 1479 1561 dictus
1497 1514 1589 1561 est.

262 1594 633 1657 Cherebertus,
668 1595 762 1667 qui
791 1598 848 1648 et
892 1594 1209 1662 Aribertus,
1255 1611 1352 1650 rex
1400 1595 1771 1663 Parisiorum,

206 1684 543 1754 lngobergam
573 1683 733 1739 duxit
777 1700 1035 1739 uxorem.
1096 1684 1233 1738 Huic
1282 1687 1448 1739 erant
1492 1685 1771 1741 ancillula:

1870 633 2257 699 compactum,
2290 630 2741 703 Hierosolymam
2791 633 3020 689 mittere
3066 635 3371 692 destinavit
3408 639 3480 694 ad

1869 719 1996 772 Jesu
2025 718 2476 774 ChristiDomini
2504 723 2843 792 sepulcrum.
2881 722 2994 777 Sed
3028 740 3156 777 cum
3181 729 3238 779 et
3257 725 3481 783 itineris

1875 806 2180 861 difficultas
2210 811 2266 862 et
2288 807 2737 863 Sarracenorum
2762 810 2858 882 qui
2886 811 3091 866 eadem
3122 812 3482 870 infestabant

1875 896 1999 950 loca
2016 896 2194 952 timor
2214 913 2285 951 ne
2308 900 2437 953 vota
2456 899 2758 970 perﬁceret
2781 899 3155 963 obstitissent,
3173 901 3228 956 in
3246 903 3483 958 Basilica

1876 1001 2002 1055 qua:
2034 984 2397 1041 Cabilonensi
2430 987 2655 1057 adjacet
2692 988 2923 1056 civitati,
2967 990 3128 1061 cujus
3159 991 3480 1046 condendas

1874 1071 1994 1143 ipse
2022 1076 2182 1128 actor
2230 1074 2543 1137 exstiterat,
2576 1092 2744 1147 super
2775 1077 3097 1147 sepulcrum
3127 1079 3307 1134 sancti
3336 1080 3479 1135 Mar-

1875 1161 2000 1214 celli
2051 1161 2185 1232 poni
2221 1162 2412 1233 jussit.
2458 1162 2620 1226 Quod
2652 1164 2909 1235 quandiu
2958 1167 3248 1222 tumulum
3298 1167 3480 1223 sancti

1877 1250 2147 1320 martyris
2177 1250 2440 1304 durando
2468 1252 2805 1319 venustavit,
2837 1254 3057 1308 nullum
3104 1253 3161 1309 in
3189 1258 3311 1309 tota
3350 1256 3480 1311 Gal-

1872 1336 1948 1391 lia
1972 1354 2132 1409 Opus,
2163 1338 2317 1410 quod
2348 1338 2399 1394 ei
2430 1340 2901 1412 sequipararetur,
2930 1342 3116 1414 potuit
3146 1342 3407 1399 inveniri.

2504 1429 2729 1484 CAPUT
2758 1430 2845 1483 ιν.

1873 1515 1959 1570 De
1983 1515 2247 1586 Sigeberli
2269 1517 2391 1588 conj
2396 1519 2514 1586 ugio
2529 1534 2649 1572 cum
2662 1517 2857 1573 Bruna
2872 1517 3167 1573 Gothorum
3184 1521 3325 1590 regis
3339 1521 3476 1589 ﬁlia.

1946 1605 2123 1659 Porro
2146 1604 2737 1677 Sigebertus,cognito
2756 1607 2909 1678 quod
2923 1607 3129 1662 fratres
3141 1609 3213 1662 ob
3233 1608 3483 1663 infausta

1874 1694 2144 1765 conjugia
2165 1694 2323 1764 gravi
2340 1695 2701 1765 subjacerent
2718 1695 3053 1768 upprohrio,
3080 1696 3377 1768 Gogonem
3408 1700 3483 1753 le-

203 1772 322 1825 dute.
346 1772 558 1826 Nomen
590 1771 687 1826 uni
711 1772 1050 1838 Marcovefa,
1083 1772 1264 1826 altera
1308 1772 1625 1827 vocabatur
1661 1774 1774 1827 Me-
1801 1846 1845 1855 _
1875 1785 2073 1851 gatum
2098 1782 2154 1835 in
2180 1783 2509 1853 Hispaniam
2526 1783 3052 1838 adAthanahildum
3072 1786 3484 1855 regemGothoo

201 1859 378 1913 roﬁdis.
423 1860 637 1913 Harum
686 1876 886 1915 amore
936 1876 1034 1914 rex
1078 1860 1157 1913 ita
1198 1859 1460 1930 deperire
1511 1860 1681 1932 coepit
1713 1846 2941 1943 utBrum,quiexercitumimpcratorisab
2960 1874 3228 1944 Hispania
3249 1876 3480 1945 expule-

198 1961 397 2000 uxorem
427 1948 665 2018 ejiceret
698 1949 1109 2019 Ingobergam,
1143 1952 1200 2002 et
1229 1964 1325 2002 eas
1354 1949 1555 2003 ambas
1593 1949 1652 2003 in
1685 1950 1773 2005 lo-
1873 1957 3481 2033 rat,mittitpetitumiilimillius,Brunmnomine,nuptias

195 2048 299 2087 cum
322 2034 435 2104 ejus
462 2036 853 2092 substitueret.
887 2038 996 2091 Pro
1049 2053 1162 2108 qua
1190 2053 1253 2091 re
1284 2053 1318 2091 a
1348 2037 1517 2092 beato
1543 2038 1773 2093 Germa-

193 2136 271 2183 no,
299 2123 544 2192 praefatos
574 2124 731 2178 urbis
771 2124 1061 2196 episcopo,
1120 2124 1466 2195 increpatus,
1496 2142 1601 2179 nec
1644 2142 1769 2181 cor-

193 2214 365 2277 rectus,
386 2216 660 2284 utrasque
683 2228 813 2266 cum
844 2212 984 2279 filio,
1014 2229 1187 2284 quem
1221 2212 1273 2266 ei
1301 2229 1417 2266 una
1445 2229 1645 2267 earum
1675 2231 1772 2285 ge-

191 2302 381 2365 nuerat,
413 2300 689 2355 divinitus
718 2317 1013 2372 percussas
1060 2317 1119 2355 se
1151 2300 1467 2371 perdidisse
1498 2301 1747 2357 indoluit

190 2385 290 2455 lpse
317 2403 567 2459 quoque,
597 2404 714 2442 non
747 2392 876 2459 post
903 2389 1148 2441 multum
1180 2387 1481 2458 temporis,
1501 2388 1560 2441 in
1590 2390 1765 2460 Aqui-

188 2472 318 2527 tania
348 2476 496 2545 apud
530 2479 785 2530 castrum
818 2476 1006 2532 Blavia
1052 2475 1179 2530 vitae
1211 2476 1391 2530 tinem
1423 2476 1678 2545 sortitus,
1707 2477 1767 2532 in

185 2558 385 2617 basilica
412 2564 600 2619 sancti
628 2565 872 2620 Romani
910 2569 996 2620 est
1026 2565 1298 2635 sepultus.

781 2653 1005 2709 CAPUT
1034 2653 1125 2705 ΙΙΙ.

495 2741 587 2795 De
616 2740 932 2797 Guntranni
964 2741 1138 2795 liberis
1165 2747 1214 2795 et
1235 2743 1417 2811 gestis.

236 2824 598 2884 Guntranuus
621 2833 815 2884 autem
849 2832 1098 2901 quatuor
1126 2828 1271 2883 filios
1312 2846 1379 2884 ex
1406 2828 1640 2884 diversis
1667 2830 1766 2884 ha-

176 2911 280 2966 buit
304 2917 667 2983 concubinis,
700 2933 946 2989 quarum
975 2916 1215 2972 nomina
1245 2933 1543 2971 recensere
1572 2934 1766 2990 super-

176 2999 296 3063 sedi,
315 3004 573 3060 maxime
602 3021 733 3059 cum
765 3022 870 3059 nec
892 3004 943 3058 ei
973 3004 1235 3075 legitimo
1256 3004 1762 3075 fuerintcopulataa

1873 2046 2057 2111 Quam
2081 2046 2174 2100 ille
2195 2063 2229 2100 a
2259 2051 2421 2118 patre
2453 2064 2582 2101 cum
2621 2047 2813 2102 multis
2834 2048 2940 2102 sibi
2974 2049 3245 2102 traditam
3279 2050 3481 2121 opibus

1871 2135 1945 2189 ad
1976 2135 2343 2207 Sigebertum
2375 2136 2653 2208 perducit.
2686 2136 3014 2208 Sigebertus
3044 2154 3196 2205 eam,
3223 2154 3291 2192 eo
3323 2138 3480 2210 quod

1868 2224 2095 2279 Arianae
2132 2224 2326 2278 dedita
2368 2228 2515 2279 esset
2559 2224 2782 2291 haeresi,
2812 2242 2846 2279 a
2875 2225 3167 2280 catholicis
3202 2225 3480 2297 baptizari

1872 2311 2413 2384 Brunichildemque
2446 2314 2633 2367 vocari
2665 2313 3009 2385 principiens
3038 2330 3102 2368 ac
3131 2314 3244 2368 fide
3276 2314 3478 2368 instrui

1870 2401 2213 2467 orthodoxa,
2236 2417 2365 2454 cum
2402 2417 2617 2472 magno
2669 2405 2951 2473 apparatu
2982 2404 3283 2473 epularum
3320 2402 3481 2457 duxit

1870 2490 2263 2543 uxorem.Hmc
2283 2488 2413 2542 utin
2429 2506 2675 2560 regnum
2688 2491 3030 2544 confirmata
3043 2490 3475 2561 est,Gogonem,

1868 2576 1964 2647 qui
1994 2594 2051 2630 sc
2077 2578 2148 2631 ab
2171 2577 2453 2648 Hispaniis
2484 2578 2819 2644 abduxerat,
2842 2578 3088 2633 invisum
3122 2578 3289 2650 regni
3322 2578 3478 2650 Sige-

1868 2665 2033 2721 berlo
2061 2665 2214 2720 fecit.
2251 2666 2387 2720 Huic
2416 2666 2665 2738 denique
2707 2667 2951 2737 Gogoni,
2985 2684 3116 2721 cum
3143 2667 3201 2722 in
3229 2667 3479 2723 infantia

1868 2752 2151 2824 Sigeberti
2183 2771 2386 2808 omnes
2416 2755 2614 2809 Franci
2647 2755 2719 2810 de
2748 2772 2929 2827 regno
2963 2756 3086 2827 ejus
3116 2755 3471 2811 Chrodinum

1864 2842 2149 2912 majorem
2174 2843 2378 2897 domus
2400 2843 2919 2913 elegissent,virum
2942 2844 3190 2914 probum
3212 2861 3276 2898 ac
3298 2844 3473 2900 timo-

1864 2930 1943 2985 ris
1962 2931 2061 2985 Dei
2089 2932 2349 3003 plenum,
2375 2931 2467 2989 ille
2485 2931 2676 2985 oblato
2699 2931 2865 2984 cessit
2894 2931 3137 2997 honore,
3168 2948 3366 3002 regem
3398 2933 3476 2986 al-

1865 3020 2085 3074 locutus
2128 3020 2187 3074 in
2231 3021 2353 3074 haec
2397 3020 2571 3074 verba
2602 3037 2618 3073 :
2655 3038 2676 3073 σ
2715 3019 2949 3085 Omnes,
2978 3019 3184 3090 inquit,
3219 3019 3472 3075 Francia:

172 3091 415 3187 ῗοοὶιξείο
434 3096 515 3159 ειν
538 3109 615 3187 3°_
629 3093 817 3187 ξάδυξδ
834 3091 1156 3187 ξυΡξδ-Γδίίίξν
1179 3107 1310 3187 gum
1329 3096 1590 3187 δυδθξθρίδ
1602 3109 1669 3163 Pr
1672 3094 1763 3147 018
1789 3128 1837 3187 ρ
1866 3111 2129 3179 potentes
2150 3108 2662 3180 consanguinitatis
2680 3107 2820 3162 mihi
2833 3108 2967 3178 jure
2981 3107 3471 3174 fmderanturmee

172 3178 462 3234 terminum
494 3181 721 3241 sortitae
753 3181 869 3234 sint
908 3180 1059 3234 vitae.
1094 3180 1221 3234 Fuit
1267 3197 1404 3234 sane
1452 3180 1607 3235 idem
1662 3198 1762 3236 rex

167 3280 368 3321 summe
397 3268 614 3336 bonus,
645 3268 800 3340 pacis
846 3268 1109 3339 aequique
1139 3267 1625 3336 servantissimus;
1654 3269 1762 3324 hoc

167 3353 329 3408 solum
356 3358 503 3411 tanti
534 3356 785 3427 gloriam
815 3356 918 3410 viri
966 3356 1342 3411 obnubilante
1384 3356 1537 3411 facto
1580 3356 1757 3428 quod,

165 3438 448 3501 lenociniis
475 3444 759 3502 delinitus
798 3440 1195 3511 meretricum,
1241 3444 1461 3499 licitum
1493 3444 1762 3499 refutavit

162 3531 609 3588 matrimonium.
644 3533 743 3587 Hic
769 3533 1017 3605 quadam
1046 3532 1140 3587 die
1169 3536 1441 3588 venatum
1470 3532 1528 3586 in
1561 3533 1761 3587 silvam

158 3620 449 3690 profectus,
475 3621 671 3689 sociis,
693 3624 865 3692 prout
887 3636 979 3675 res
993 3620 1359 3691 exposcebat,
1378 3621 1488 3675 huc
1513 3621 1760 3693 illucque

160 3707 427 3779 dispersis,
446 3712 578 3783 ipse
599 3726 731 3765 cum
758 3726 874 3764 uno
903 3726 1140 3764 suorum
1164 3708 1467 3764 fidisssimo
1499 3709 1759 3763 fidelium

156 3797 246 3852 sub
260 3800 471 3856 arbore
494 3799 798 3872 quieturus
818 3798 1364 3870 resedit,positoque
1379 3798 1438 3852 in
1459 3798 1758 3852 familiaris

155 3888 307 3941 amici
333 3889 572 3959 gremio
599 3888 803 3959 capite,
834 3888 1028 3943 oculos
1056 3887 1294 3957 cupiens
1322 3887 1501 3941 furari
1550 3886 1754 3955 labori,

153 3973 595 4032 obdormivit.Et
614 3993 745 4031 ecce
765 3993 830 4032 ex
869 3992 971 4031 ore
993 3975 1335 4048 quiescentis
1358 3975 1537 4047 regis,
1555 3976 1615 4030 in
1638 3992 1759 4031 mo-

153 4061 272 4118 dum
288 4065 542 4136 reptilis,
562 4065 779 4119 animal
798 4082 1117 4137 egressum,
1142 4081 1271 4119 oras
1293 4064 1753 4137 propterlaben-

154 4148 381 4208 tisrivuli
401 4169 750 4225 percursare
762 4170 826 4208 ac
842 4157 906 4208 ut
920 4153 980 4208 in
1002 4153 1340 4208 ulteriorem
1360 4153 1550 4223 ripam
1567 4155 1754 4207 trans-

151 4237 245 4293 iret
260 4245 535 4314 satagere
565 4242 756 4313 coepit.
781 4242 948 4306 Quod
976 4257 1222 4296 cernens
1251 4241 1365 4309 ille,
1392 4258 1565 4314 super
1594 4241 1754 4311 cujus

148 4341 321 4397 genua
343 4346 447 4384 rex
478 4330 768 4385 cervicem
786 4329 1162 4385 inclinaverat
1181 4328 1633 4401 suam,gladium
1655 4345 1749 4383 va-

1863 3198 2229 3269 valeojurgia
2250 3213 2453 3252 eorum
2479 3200 2732 3269 portare,
2757 3196 2896 3250 dum
2919 3196 3180 3268 quisque,
3204 3213 3336 3251 mea
3360 3197 3471 3251 fre-

1864 3288 1955 3339 tus
1979 3286 2427 3358 propinquitate,
2452 3303 2520 3341 eo
2549 3286 2621 3341 ad
2641 3285 2969 3340 nocendum
2990 3285 3154 3340 alteri
3184 3286 3471 3340 efficiatur

1862 3374 2189 3447 promptior
2218 3393 2331 3448 quo
2357 3375 2469 3429 mei
2502 3392 2807 3429 censuram
2826 3374 3028 3444 judicii
3055 3391 3170 3429 non
3196 3375 3472 3445 pertime-

1862 3463 1986 3530 scit,
2015 3464 2176 3535 quasi
2202 3463 2485 3518 afﬁnitate
2513 3462 2913 3535 prapinqnior.
2945 3461 3057 3517 Sed
3088 3462 3309 3516 bonum
3344 3479 3466 3517 esse

1860 3554 2132 3621 asseritis,
2164 3554 2449 3627 aequitatis
2469 3554 2700 3620 intuitu,
2738 3552 2910 3607 etiam
2941 3555 3212 3625 parentes
3238 3551 3463 3625 punire.

1863 3640 1997 3705 Quis
2024 3643 2133 3697 hoc
2164 3643 2466 3714 abnegat?
2491 3643 2702 3697 Verum
2757 3640 2979 3713 perpeti
3021 3640 3263 3696 infamia
3294 3642 3470 3697 deno-

1860 3732 2058 3785 tantur
2085 3733 2173 3785 vel
2199 3733 2538 3803 Torquatus,
2589 3731 2770 3785 filium
2815 3746 2921 3802 pro
2972 3731 3309 3800 contempto
3364 3748 3465 3785 suo

1859 3822 2146 3890 praecepto
2176 3820 2358 3873 securi
2405 3819 2752 3891 percutiens,
2784 3820 2869 3872 vel
2919 3819 3142 3884 Brutus,
3176 3818 3319 3872 duos
3357 3834 3463 3888 pro

1857 3905 2058 3977 patria:
2080 3906 2345 3961 libertate
2374 3923 2441 3961 ex
2471 3923 2529 3962 se
2561 3910 2727 3961 natos
2756 3906 2880 3977 pari
2927 3906 3103 3961 modo
3150 3906 3460 3976 perimens.

1857 3994 2015 4049 Adeo
2039 3997 2102 4049 ut
2129 3995 2449 4067 prmcipuus
2475 3998 2777 4066 poetarum
2805 3994 2875 4048 de
2916 4010 2983 4048 eo
3016 3993 3096 4047 ita
3120 3993 3412 4066 scripserit
3445 4010 3459 4048 :

2075 4081 2265 4142 Infelix,
2296 4090 2547 4146 utcunque
2577 4082 2821 4146 ferent_ea
2848 4084 2992 4146 facta
3015 4088 3243 4144 nepotes.

2508 4146 2670 4207 (νίκα.
2709 4143 2906 4192 Επσίιι.
2944 4144 3029 4192 lib.
3057 4143 3149 4205 vi).

1855 4240 1967 4295 Sed
1988 4240 2209 4308 esto,sit
2240 4241 2441 4296 melius
2462 4257 2567 4312 pro
2584 4240 2978 4296 misericordia
2998 4257 3174 4312 quam
3197 4256 3301 4311 pro
3328 4255 3456 4294 cru-

1856 4330 2089 4403 delitate
2103 4330 2285 4402 argui.
2315 4331 2387 4385 Ut
2411 4331 2547 4402 quid
2572 4334 2765 4386 autem
2800 4330 3014 4384 frustra
3052 4328 3332 4402 improbis
3356 4328 3461 4383 mi-

147 4414 267 4482 gina
279 4419 577 4473 nudatum
608 4418 840 4473 ﬂuviolo
858 4417 1242 4489 superposuit,
1265 4420 1322 4472 et
1339 4417 1416 4472 sic
1436 4416 1654 4471 animal
1682 4417 1750 4471 il-
1776 4406 1829 4465 D
1850 4417 2161 4473 sericordia
2190 4418 2565 4490 impenditur,
2600 4417 2741 4472 dum
2764 4417 2987 4472 indulta
3014 4417 3184 4471 venia
3212 4417 3460 4472 insolen-

146 4499 309 4559 ludad
340 4507 598 4561 alteram
622 4506 997 4561 transmeavit
1033 4510 1281 4578 partem.
1305 4508 1489 4577 Atque
1519 4506 1623 4560 sub
1654 4522 1745 4560 ra-

142 4588 251 4645 dice
265 4594 579 4665 cujusdam
593 4596 810 4650 montis
822 4595 1169 4665 ingressum,
1194 4598 1322 4666 post
1334 4594 1552 4665 aliquot
1576 4593 1747 4648 rediit

143 4674 401 4737 horarum
424 4682 997 4756 spatium,eteodem
1021 4688 1197 4755 ponte
1224 4699 1391 4737 usum
1426 4683 1486 4736 in
1509 4699 1572 4737 os
1600 4682 1746 4737 Gun-

140 4770 313 4823 tranni
349 4776 441 4826 est
484 4773 833 4843 ingressum.
880 4772 1204 4827 Exsurrexit
1232 4788 1351 4837 rex,
1383 4774 1443 4824 et
1471 4769 1740 4824 familiari

141 4861 1041 4928 narranssomnium,mirabilem
1066 4878 1126 4916 se
1148 4860 1287 4916 dixit
1306 4859 1512 4914 vidisse
1533 4858 1738 4926 visum,

137 4940 390 5016 inquiens
417 4966 432 5004 :
470 4969 506 5002 ‹
539 4949 817 5021 Conspexi
853 4949 1088 5004 fluvium
1112 4948 1538 5021 permaximum
1563 4951 1741 5019 ponte

137 5030 308 5090 ferreo
339 5042 731 5093 constratum.
760 5040 871 5093 Per
899 5055 1075 5111 quem
1103 5040 1481 5103 transvectus,
1516 5037 1743 5109 spelun-

134 5134 245 5177 cam
270 5124 329 5180 in
361 5127 675 5198 cujusdam
723 5127 937 5182 montis
982 5126 1174 5181 radice
1206 5125 1582 5181 constitutam
1613 5141 1741 5179 sum

134 5207 461 5282 ingresssus.
501 5215 645 5271 Inibi
662 5216 1091 5271 inaestimabiles
1118 5217 1420 5271 thesauros
1445 5213 1743 5269 abscondi-

132 5301 355 5374 tamque
400 5307 671 5359 veterum
718 5305 906 5377 reperi
954 5320 1156 5377 gazam
1192 5307 1444 5376 patrum.
1482 5322 1511 5355 ο
1546 5302 1742 5357 Refert

132 5390 265 5443 alter
292 5392 437 5463 quid
472 5392 549 5446 de
592 5410 658 5448 eo
690 5398 746 5447 et
787 5394 906 5466 ipse
952 5392 1187 5448 intuitus
1245 5393 1336 5461 sit,
1371 5407 1739 5462 consonaque

130 5475 225 5532 sibi
254 5486 661 5553 apparuerunt
695 5482 906 5537 somnii
937 5482 1111 5536 verba
1140 5498 1205 5536 ac
1237 5481 1372 5536 visio
1407 5480 1735 5536 manifesta.

130 5564 486 5639 Quidplura?
509 5570 741 5626 effossus
762 5575 847 5625 est
885 5572 1061 5638 locus,
1096 5587 1454 5642 enormeque
1510 5569 1633 5624 auri
1668 5586 1734 5623 ac

131 5657 345 5727 argenti
368 5659 674 5715 inventum
696 5659 943 5733 pondus.
956 5659 1037 5715 De
1058 5675 1172 5733 quo
1193 5659 1563 5716 Guntrannus
1575 5657 1734 5715 cibo.

1848 4506 2022 4561 tiores
2051 4506 2124 4561 ad
2155 4507 2475 4561 exercenda
2504 4506 2713 4577 passim
2747 4506 2882 4561 vitia
2913 4505 3239 4561 efficiantur
3258 4505 3287 4560 ‘I
3330 4506 3454 4560 Non

1848 4593 1989 4648 mihi
2002 4610 2140 4665 ergo
2156 4594 2583 4665 conti’ngat,pro
2590 4597 2717 4666 pter
2729 4593 3117 4648 transitoriam
3133 4610 3338 4649 eorum
3350 4610 3456 4665 gra

1846 4683 2251 4749 tiam,azterna3
2275 4682 2665 4737 damnationis
2680 4682 2870 4736 subire
2885 4683 3296 4737 sententiam.»
3320 4683 3454 4737 Post

1844 4770 1967 4824 huic
1993 4771 2187 4838 verba,
2218 4787 2356 4841 rege
2376 4770 2707 4842 cunctisque
2730 4770 3105 4841 optimatibus
3126 4770 3184 4824 in
3205 4770 3328 4841 ejus
3357 4785 3453 4825 ar-

1844 4858 1998 4914 bitrii
2019 4859 2389 4931 dispositione
2410 4860 2756 4914 electionem
2780 4862 2952 4913 tanta:
2965 4858 3337 4914 successionis
3353 4874 3454 4930 po-

1843 4948 2132 5017 nentibus,
2161 4949 2280 5020 ipse
2310 4965 2377 5003 eo
2408 4949 2643 5021 quidem
2670 4948 2762 5003 die
2794 4948 2969 5002 siluit.
3002 4948 3262 5003 Diluculo
3314 4962 3449 5003 vero

1841 5037 2241 5109 subsequentis
2260 5037 2373 5091 diei
2396 5038 2711 5091 matutinus
2727 5053 3101 5109 consurgens,
3117 5036 3190 5091 ad
3207 5037 3448 5092 domum

1842 5126 2091 5198 Gogonis
2118 5142 2251 5181 cum
2278 5126 2619 5198 quibusdam
2645 5126 2844 5197 palatii
2867 5126 3214 5198 primatibus
3237 5139 3453 5197 prope-

1843 5219 1951 5270 rat.
1964 5217 2028 5270 Et
2046 5214 2348 5270 brachium
2363 5215 2413 5286 ej
2423 5232 2485 5269 us
2504 5216 2650 5271 collo
2673 5231 3072 5287 superponens
3086 5213 3449 5284 suo,signum

1843 5306 2050 5359 futura:
2082 5305 2489 5360 dominationis
2510 5304 2669 5359 dedit
2699 5305 2865 5377 eique
2898 5305 3038 5359 dixit
3067 5324 3079 5358 :
3111 5324 3143 5355 ‹‹
3171 5301 3450 5357 Dominus

1844 5396 2038 5449 noster
2063 5410 2159 5448 rex
2181 5392 2515 5463 Sigebertus
2539 5397 2830 5465 coetusque
2869 5392 3198 5464 reipublica:
3240 5393 3449 5443 nostra:

1841 5483 2114 5538 comitem
2147 5499 2240 5537 me
2273 5483 2700 5538 destinaverant
2728 5484 2851 5537 fore
2867 5483 3075 5536 domus
3108 5479 3303 5551 regiae.
3336 5478 3459 5531 Hoc

1841 5588 1947 5643 ego
1982 5588 2135 5626 nunc
2161 5572 2262 5626 tibi
2294 5572 2434 5626 cedo
2461 5588 2724 5625 munere.
2756 5571 2924 5624 Utere
2948 5569 3080 5623 felix
3110 5583 3239 5621 meo
3282 5563 3453 5637 privi-

1838 5660 2010 5732 legio,
2028 5677 2141 5733 quo
2156 5676 2250 5715 me
2265 5662 2470 5731 sponte
2486 5676 2681 5715 carere
2702 5658 2999 5732 profiteor.
3017 5676 3048 5709 »
3067 5656 3241 5727 Hujus
3260 5668 3455 5708 exem-
