3862 6172
402 336 504 393 695

1467 336 1734 396 AIMOINI
1771 335 2083 394 MONACHI
2120 335 2614 395 FLOBIACENSIS
3557 346 3641 402 696

404 457 566 528 plum
599 453 789 512 caeteri
818 452 915 528 qui
937 453 1180 529 aderant
1195 470 1463 527 proceres
1483 459 1680 527 secuti,
1711 459 2011 530 Gogonem

2141 476 2261 531 llud
2286 477 2540 548 positum
2567 477 2757 548 oleum
2778 473 3228 548 accendebatur,
3251 473 3305 530 in
3320 478 3510 548 terram
3527 480 3648 536 deci-

407 547 690 618 majorem
715 546 922 600 domus
942 545 1422 614 acclamaverunt,
1447 549 1724 603 Strenuus
1741 549 1796 602 in
1815 564 2018 619 geren-

408 637 480 692 do
503 635 826 706 principatu
845 635 1002 704 Gogo
1034 651 1101 689 eo
1121 652 1298 707 usque
1320 640 1405 690 est
1420 638 1648 692 habitus
1665 638 1847 691 donec
1879 639 2014 690 Bru-

407 723 721 778 nichildem
756 722 824 776 de
856 723 1126 793 Hispania
1152 725 1424 779 arcessire
1459 729 1543 780 est
1561 726 1882 795 jussus.llle
1898 724 2018 778 dies

408 810 614 867 mortis
644 811 870 883 Gogoni
908 812 1036 875 fuit,
1067 813 1155 867 cui
1184 813 1514 885 expedierat
1541 814 1737 869 exsilio
1767 816 2016 869 mutasse

409 900 593 968 sedes,
617 904 928 972 antequam
961 901 1110 955 hanc
1132 901 1294 956 omni
1326 902 1517 956 bellua
1548 903 1932 958 crudeliorem
1955 903 2014 956 in

408 989 719 1044 cervicibus
748 989 1060 1044 locandam
1090 990 1506 1044 aveheretsuis.
1526 991 1784 1063 Namque
1810 990 2012 1045 Bruni-

411 1077 635 1143 childis,
667 1081 732 1131 ut
761 1078 1126 1148 przelibatum
1182 1081 1286 1145 est,
1320 1077 1480 1149 regio
1509 1080 1690 1150 potita
1721 1080 2013 1151 conjugio,

409 1165 670 1221 animum
695 1165 846 1236 regis
872 1166 944 1220 ab
961 1182 1029 1220 eo
1054 1165 1334 1231 alienans,
1365 1166 1436 1219 ad
1459 1170 1816 1236 postremum
1839 1168 2013 1238 jugu-

409 1256 529 1308 lare
560 1253 767 1325 coegit.
799 1255 849 1307 Α
881 1270 994 1325 qua
1024 1256 1250 1308 tantum
1280 1254 1520 1308 humaui
1553 1256 1848 1327 sanguinis
1878 1256 2016 1310 effu-

411 1359 560 1409 sum,
593 1346 770 1397 tantae
797 1342 981 1397 caedes
1011 1345 1152 1398 actze
1174 1345 1478 1414 potentum
1507 1361 1606 1398 seu
1624 1344 1798 1398 etiam
1812 1362 2016 1415 regum

411 1429 470 1484 in
499 1431 849 1484 Francorum
879 1446 1061 1502 regno
1088 1432 1241 1497 sunt,
1272 1435 1335 1484 ut
1365 1448 1482 1485 non
1516 1433 1812 1487 immerito
1847 1433 2017 1503 sibyl-

412 1520 531 1574 lam
563 1521 696 1572 ante
728 1520 910 1573 multa
950 1519 1156 1573 saecula
1183 1519 1253 1573 de
1280 1535 1348 1574 ea
1380 1519 1715 1575 vaticinasse
1732 1521 1804 1575 sit
1833 1520 2017 1576 credi-

412 1611 591 1662 tumuI
626 1606 846 1674 Veniet,
867 1606 967 1675 ait,
990 1609 1181 1663 Bruna
1202 1607 1272 1662 de
1283 1608 1542 1681 partibus
1559 1609 1863 1682 Hispaniae,
1884 1612 2018 1665 ante

416 1695 578 1767 cujus
601 1700 972 1769 conspectum
993 1699 1215 1768 gentes,
1239 1697 1353 1752 sive
1371 1698 1634 1770 gentium
1652 1715 1839 1770 reges,
1867 1699 2018 1771 peri-

417 1785 716 1857 bunt.lpsa
735 1801 870 1841 vero
885 1785 1132 1841 calcibus
1154 1802 1439 1857 equorum
1454 1786 1712 1860 disrupta
1729 1787 1956 1860 peribit.
1993 1808 2022 1837 »

1057 1873 1288 1928 CAPUT
1331 1874 1394 1927 V.

671 1960 756 2016 .Dc
786 1960 1072 2029 Chilperici
1098 1961 1369 2016 mulierosi
1385 1963 1534 2019 novis
1556 1965 1776 2034 nuptiis.

497 2049 849 2123 Chilpericus
870 2067 1099 2122 quoque
1133 2052 1559 2118 rex,zemulatus
1576 2054 1633 2105 et
1649 2050 1767 2123 ipse
1786 2050 2027 2106 fratrem

415 2160 548 2200 cum
574 2139 824 2214 plurimo
842 2141 1052 2211 praeter
1067 2139 1293 2210 regium
1307 2155 1533 2194 morem
1552 2139 1903 2193 feminarum
1917 2141 2031 2193 val-

421 2234 641 2290 laretur
681 2245 884 2301 grege,
931 2245 1058 2300 qua:
1102 2227 1228 2299 regi
1257 2232 1495 2299 propter
1535 2228 1803 2283 decorem
1845 2228 2030 2300 magis

422 2335 601 2395 quam
620 2319 858 2388 propter
873 2315 1235 2368 nobilitatem
1251 2315 1477 2385 generis
1495 2316 2027 2385 copulabantur,di-

419 2407 559 2480 rigit
569 2405 665 2478 qui
687 2403 1067 2459 Brunichildis
1085 2419 1343 2457 sororem
1360 2407 1500 2458 natu
1519 2405 1804 2475 majorem
1819 2422 1851 2459 a
1867 2408 2031 2477 patre

420 2493 813 2553 Athanahildo
827 2495 1046 2564 petant,
1067 2509 1132 2546 ac
1151 2491 1271 2546 vice
1293 2509 1395 2546 sua
1411 2493 1737 2563 spondeant
1751 2494 1882 2560 se,si
1907 2494 1958 2564 ej
1969 2510 2032 2548 us

425 2582 724 2657 potiundae
739 2582 980 2635 facultas
1002 2580 1191 2647 detur,
1211 2584 1446 2635 czeteras
1460 2580 1865 2636 abdicaturum
1891 2599 2028 2637 con-

418 2674 589 2744 juges
620 2670 878 2736 Quorum
899 2667 1086 2723 verbis
1103 2668 1523 2724 Athanahildus
1545 2670 1810 2724 credulus
1827 2669 2028 2740 ﬁliam,

419 2762 747 2817 Galsontam
764 2756 1020 2823 nomine,
1043 2756 1116 2811 ad
1134 2756 1518 2827 Chilpericum
1540 2756 2032 2828 destinat,magna

422 2849 669 2905 ditatam
687 2846 840 2901 dote.
858 2844 996 2910 Quae
1021 2845 1300 2900 catholico
1316 2845 1781 2915 baptismate.....
1811 2847 1887 2917 (4)
1904 2864 2028 2901 ma-

421 2938 508 3012 gis
529 2937 884 3002 consecrata,
913 2934 1034 3007 regi
1053 2937 1180 2988 toro
1209 2933 1455 3006 nuptiali
1485 2937 1569 2988 est
1588 2935 2030 3006 conjuncta.Le-

421 3025 569 3099 gatis
599 3041 738 3080 sane
766 3022 1096 3078 Atanahildi
1127 3023 1279 3094 regis
1321 3023 1713 3095 quaerentibus
1759 3027 1821 3078 ut
1868 3024 2032 3080 tactis

422 3118 757 3171 sanctorum
788 3112 1130 3185 pignoribus
1160 3111 1301 3167 fides
1327 3112 1660 3167 firmaretur
1705 3114 1862 3184 quod
1892 3114 2028 3169 Gal-

424 3205 591 3259 sonta
612 3203 672 3258 in
697 3202 813 3257 vita
838 3217 938 3256 sua
967 3201 1110 3256 solio
1137 3200 1303 3272 regni
1330 3218 1447 3256 non
1469 3202 2034 3274 pelleretur,Chilpe-

427 3291 576 3346 ricus
605 3308 724 3346 non
760 3289 980 3344 abnuit.
1019 3288 1278 3343 Praabitis
1321 3288 1700 3344 sacramentis
1752 3293 2033 3362 pactaque

426 3395 588 3450 paco,
622 3395 720 3433 eos
741 3377 814 3432 ad
839 3375 1076 3448 propria
1095 3375 1234 3430 sinit
1248 3375 1424 3431 abire.
1455 3375 1588 3444 Sed,
1610 3380 1673 3430 ut
1690 3380 1815 3431 erat
1835 3377 2032 3432 animo

427 3466 585 3532 levis,
608 3465 745 3536 jura
782 3462 1187 3536 praevaricatus
1217 3467 1302 3518 est
1322 3463 1626 3536 pactionis.
1656 3464 1803 3518 Nam
1826 3465 2035 3520 Frede-

431 3553 793 3626 gundis,conj
807 3571 876 3607 ux
893 3553 1186 3626 quondam
1206 3555 1409 3607 vocata
1435 3551 1745 3624 Chilperici
1762 3553 1933 3625 regis,
1950 3554 2034 3609 of-

429 3642 592 3697 fensa
614 3659 776 3696 novae
810 3645 1005 3714 nuptze
1033 3640 1354 3713 aspectibus
1381 3639 1596 3708 invisis,
1641 3641 1835 3712 exigui
1856 3657 2038 3715 prepe

2120 537 2315 614 dente‘,
2350 548 2561 602 duritia
2591 537 3268 619 aufugit'pavimenti,'et
3295 547 3366 602 sic
3390 548 3443 603 in
3474 552 3652 607 terram

2117 652 2181 689 ac
2201 636 2246 688 si
2276 636 2334 689 in
2352 636 2613 691 modium
2633 635 2838 690 farinae
2853 638 2938 690 est
2962 635 3254 707 integrum
3282 636 3524 691 deﬁxum.
3554 640 3654 694 Non

2116 725 2370 780 tulerunt
2386 725 2592 779 fratres
2613 728 2775 780 tanto
2790 725 3004 778 scelere
3023 724 3362 778 maculatum
3379 730 3660 781 consortem

2115 830 2233 868 esse
2248 830 2414 868 suum
2439 813 2567 881 ;sed
2589 813 2716 884 conj
2729 812 2883 866 uncti
2906 812 3077 866 simul
3105 828 3281 883 regno
3300 814 3494 884 pellere
3508 815 3658 868 moliti

2114 904 2264 955 sunt.
2292 901 2455 965 Quod
2474 901 2931 968 consilium,non
2956 904 3076 955 tam
3100 903 3224 954 astu
3237 900 3508 972 Chilperici
3521 918 3663 973 quam

2115 990 2239 1061 ipsa
2267 989 2495 1046 levitate
2538 1008 2652 1062 qua
2694 994 2944 1062 ereptum
2977 989 3186 1056 fuerat,
3235 988 3538 1062 dissipatum
3581 994 3663 1046 est.

2755 1078 2978 1134 CAPUT
3001 1078 3086 1132 Vl.

2398 1167 2479 1222 De
2517 1167 2806 1239 Chilperici
2829 1168 2953 1237 ﬁliis
2985 1175 3032 1222 et
3061 1185 3245 1222 eorum
3262 1169 3428 1238 gestis.

2187 1257 2363 1310 Erant
2417 1257 2736 1327 Chilperico
2769 1259 2885 1310 tres
2912 1256 3034 1323 lilii,
3065 1256 3496 1321 Theodebertus,
3520 1257 3669 1311 Mero-

2117 1344 2614 1410 veus,Clodoveus,
2636 1363 2699 1400 ex
2719 1346 3023 1400 Audovera
3049 1345 3252 1415 regina
3265 1345 3672 1416 suscepti.Quam

2117 1433 2510 1503 Fredegundis
2535 1434 2738 1488 eodem
2755 1434 3009 1504 perfidia?
3026 1437 3354 1488 commento
3372 1434 3675 1504 quaGalson-

2119 1523 2241 1575 tam
2267 1522 2374 1575 hac
2397 1521 2466 1575 de
2488 1538 2656 1576 causa
2695 1522 2950 1593 pepulit:
2994 1521 3358 1592 Chilpericus,
3387 1538 3507 1575 cum
3529 1521 3678 1576 fratre

2122 1608 2420 1680 Sigeberto
2441 1610 2866 1681 expeditionem
2898 1610 2956 1664 in
2981 1610 3232 1665 Saxones
3253 1626 3445 1680 agens,
3461 1609 3679 1664 Audove-

2122 1714 2250 1752 ram
2279 1697 2544 1769 reginam
2572 1698 2726 1752 domi
2754 1698 3066 1770 reliquerat
3091 1700 3217 1753 alvo
3261 1697 3560 1769 gravidam.
3601 1696 3681 1752 Cui

2126 1786 2536 1858 Fredegundis,
2569 1788 2768 1857 utpote
2795 1786 3004 1841 ancilla
3033 1804 3098 1841 ex
3121 1787 3169 1858 ej
3181 1804 3244 1841 us
3265 1790 3388 1841 orta
3409 1784 3685 1852 familia,ad

2125 1877 2330 1930 cuncta
2381 1874 2735 1930 deserviebat
2763 1875 2892 1930 vitae
2921 1875 3264 1930 necessaria.
3308 1876 3432 1929 Hzec
3459 1875 3686 1929 hortatur

2127 1963 2428 2018 dominam
2461 1967 2521 2017 ut
2551 1966 2747 2017 natam
2775 1965 3024 2034 puellam
3056 1965 3333 2034 perducat
3364 1963 3432 2018 ad
3457 1959 3688 2032 baptismi

2127 2052 2398 2123 gratiam,
2418 2070 2530 2124 quo
2561 2068 2660 2106 rex
2686 2052 2998 2107 adveniens
3030 2055 3352 2124 gratuletur
3390 2068 3500 2107 non
3535 2051 3690 2105 solum

2129 2144 2326 2196 natam
2357 2141 2466 2196 sibi
2487 2157 2608 2197 esse
2642 2140 2843 2204 filiam,
2892 2141 2991 2196 sed
3019 2141 3196 2195 etiam
3227 2141 3286 2196 in
3314 2141 3524 2195 Christo
3552 2154 3690 2193 rena-

2129 2230 2449 2282 tam.Paret
2466 2229 2672 2283 mulier
2692 2228 2955 2283 suadenti
2972 2229 3353 2284 meretriculae
3373 2245 3437 2282 eo
3461 2226 3694 2281 attentius

2131 2332 2242 2387 quo
2276 2317 2617 2370 autumabat
2638 2333 2768 2370 eam
2795 2317 2900 2371 sibi
2925 2317 3354 2372 bonaconsulta
3375 2317 3524 2372 dare.
3553 2315 3688 2378 Quie-

2127 2404 2501 2459 rentideinde
2514 2408 2842 2459 matronam
2868 2422 2994 2476 quae
3016 2407 3270 2476 puellam
3289 2405 3698 2477 susciperetpos‘.

2129 2493 2273 2548 sacri
2303 2493 2660 2564 baptismatis
2681 2494 2920 2561 undam,
2948 2494 3250 2565 respondit
3272 2511 3387 2549 non
3407 2509 3558 2566 posse
3571 2493 3696 2546 inve-

2130 2581 2240 2637 niri
2263 2582 2609 2636 nobiliorem
2631 2599 2718 2648 ea,
2752 2599 2879 2654 quze
2906 2583 3075 2652 hujus
3095 2585 3498 2655 exsequeretur
3528 2594 3698 2634 mune-

2132 2669 2210 2724 ris
2237 2669 2528 2742 obsequia.
2567 2670 2661 2724 His
2689 2687 2917 2742 quoque
2938 2671 3037 2725 illa
3067 2671 3306 2726 credula
3333 2670 3532 2735 verbis,
3551 2668 3700 2722 efﬁci-

2131 2763 2225 2814 tur
2250 2759 2382 2813 filiae
2409 2762 2595 2813 mater
2611 2759 2899 2829 spiritalis.
2918 2759 3298 2830 Regredienti
3325 2763 3449 2832 post
3461 2758 3575 2812 hinc
3596 2753 3697 2825 regi

2131 2848 2175 2903 it
2193 2847 2425 2902 obviam
2439 2847 2832 2917 Fredegundis
2865 2863 3116 2919 eumque
3134 2847 3226 2902 his
3252 2847 3571 2918 interpellat
3597 2860 3699 2897 ver-

2133 2936 2255 2992 bis:
2285 2958 2312 2985 «
2343 2935 2526 3000 Quam
2549 2935 2856 3007 gloriosus,
2884 2935 2984 3002 ait,
3009 2939 3254 3008 apparet
3273 2936 3443 2990 hodie
3465 2951 3553 2988 rex
3578 2931 3700 2986 Chil-

2133 3024 2378 3096 pericus,
2428 3023 2658 3079 rediens
2705 3023 2884 3079 victor
2908 3023 3284 3096 triumphatis
3327 3023 3591 3089 hostibus,
3635 3018 3705 3072 cui

2135 3117 2272 3168 nata
2293 3115 2378 3168 est
2392 3112 2527 3179 filia,
2543 3112 2976 3180 Childechinda,
2991 3112 3182 3166 forma
3201 3111 3437 3183 egregia
3463 3107 3704 3180 corporis!

2136 3201 2248 3256 Sed
2262 3200 2428 3272 probi
2445 3199 2638 3255 dolor!
2664 3201 2844 3255 scelus
2865 3201 2970 3255 hac
2984 3203 3151 3254 nocte
3163 3217 3199 3254 a
3221 3202 3280 3254 te
3303 3199 3710 3270 patrabitur,re-

2137 3289 2475 3362 fugiendum
2504 3287 2760 3359 quidem,
2781 3288 2826 3342 si
2855 3289 3019 3342 vitari
3045 3292 3262 3359 posset,
3278 3304 3351 3341 ne
3370 3287 3714 3341 dominamea

2139 3379 2440 3433 Audovera
2464 3381 2654 3432 tecum
2688 3382 2908 3432 secreta
2929 3377 3145 3432 subiret
3169 3377 3420 3432 cubiculi
3444 3374 3668 3431 silentia.
3694 3394 3714 3420 »

2142 3467 2315 3538 Hujus
2343 3467 2600 3522 novitate
2628 3465 2916 3521 sermonis
2943 3482 3042 3520 rex
3074 3466 3450 3536 stupefactus,
3509 3477 3708 3518 causam

2141 3555 2416 3627 quaesivit.
2450 3555 2591 3610 Cum
2623 3555 2904 3622 sileretur,
2938 3554 3131 3608 elicuit
3161 3555 3359 3610 studio
3373 3549 3652 3627 quaerendi
3670 3550 3715 3601 et

2140 3646 2304 3698 motu
2324 3642 2756 3715 indignationis.
2781 3644 3159 3714 Etcomperto
3185 3640 3581 3712 indicio,quod
3610 3639 3712 3707 ejus

431 3730 709 3804 temporis
730 3730 1030 3785 intervallo
1057 3731 1284 3784 tantum
1318 3730 1592 3784 adulandi
1611 3735 1731 3786 arte
1745 3731 2042 3802 praevaluit
2141 3734 2464 3786 commater
2484 3731 2848 3802 foretregina
2873 3747 2939 3785 ex
2960 3731 3120 3802 prole
3138 3727 3722 3802 suscepta,Fredegun-

431 3823 494 3874 ut
521 3837 579 3874 se
608 3820 736 3892 conj
748 3820 879 3891 ugio
898 3820 1049 3891 regis
1064 3818 1357 3875 redderet.
1374 3820 1513 3874 lude
1537 3821 1610 3875 ad
1627 3821 1894 3876 audenda
1915 3839 2040 3876 ma-

417 3908 557 3980 jora
569 3907 859 3981 protervia
871 3907 1133 3963 muliebri
1147 3908 1566 3978 elata,domina
1585 3926 1642 3964 se
1662 3910 1930 3965 omnibus
1943 3911 2041 3983 qui

430 3999 490 4054 in
519 4000 649 4054 aula
671 3996 1012 4069 erantregia
1032 3997 1400 4070 praeferebat,
1420 3999 1900 4070 contumeliisque
1915 3999 2039 4053 affi-

430 4088 939 4143 cereGalsontamA
952 4086 1271 4142 thanahildi
1285 4085 1436 4157 regis
1451 4086 1634 4140 ﬁliam
1651 4102 1768 4140 non
1783 4088 2041 4143 cessabat

430 4178 531 4232 llla
552 4177 762 4231 marito
786 4176 856 4230 de
871 4174 1094 4247 injuriis
1115 4178 1336 4247 questa,
1371 4174 1442 4228 ab
1463 4190 1530 4228 eo
1547 4173 1642 4245 qui
1659 4189 1892 4228 omnem
1910 4175 2039 4245 jam

431 4267 582 4321 circa
593 4265 862 4320 eamdem
882 4264 1258 4319 imminuerat
1278 4263 1765 4330 aﬂ‘ectum,verbis
1781 4265 2041 4320 blandio-

429 4357 590 4413 ribus
605 4353 1003 4410 deludebatur.
1030 4353 1290 4425 Denique
1313 4350 1590 4407 feralibus
1615 4351 1777 4407 furiis
1793 4353 2044 4424 exagita-

430 4451 542 4512 tus,
562 4443 877 4516 instigante
901 4441 1301 4512 Fredegunde,
1326 4458 1456 4496 eam
1475 4441 1534 4496 in
1556 4441 2045 4514 stratuquiescen-

431 4538 552 4590 tem
572 4531 968 4588 crudelissime
993 4530 1388 4600 strangulavit.
1414 4532 1677 4585 lmmane
1691 4531 1910 4586 facinus
1922 4533 2044 4586 nul-

429 4623 586 4695 lique
614 4623 788 4676 antea
815 4618 1114 4690 cognitum
1152 4620 1428 4688 tyranno,
1458 4635 1523 4672 ac
1545 4620 1764 4674 France
1794 4619 2042 4688 homini,

431 4712 684 4767 maxime
702 4708 823 4780 regi
850 4707 862 4762 ι
891 4706 1124 4762 Penitus
1147 4706 1534 4777 incongruum
1549 4709 1861 4780 conjugem
1876 4708 2044 4762 inno-

431 4817 621 4866 cuam,
652 4801 711 4854 et
741 4814 914 4870 quam
931 4796 1003 4850 ab
1030 4794 1289 4850 hostibus
1319 4799 1546 4867 raptam
1571 4796 1844 4851 vindicari
1867 4796 2045 4865 ferro,

429 4892 532 4944 aut
554 4890 809 4944 mortem
830 4902 935 4957 pro
957 4902 1026 4940 ea
1047 4888 1322 4956 appetere
1340 4884 1772 4948 decuerit,hanc
1786 4900 2046 4939 securam

429 4967 488 5033 in
505 4974 803 5032 communi
819 4978 944 5029 toro
958 4975 1266 5029 cubantem
1278 4973 1575 5041 ,suli’ocare
1590 4990 1707 5028 non
1721 4972 2010 5026 erubuisse
2027 4971 2040 5026 ι

427 5068 703 5137 Demens,
733 5063 828 5136 qui
858 5062 1007 5117 illius
1028 5061 1407 5117 meretriculae
1430 5060 1895 5134 persuasionibus
1916 5063 2042 5114 tan-

427 5160 553 5211 tum
575 5152 850 5211 connubii
874 5151 1097 5206 violarit
1115 5151 1472 5221 decus,cujus
1485 5149 1684 5204 fraude
1699 5149 1755 5203 in
1772 5148 2036 5220 proximo

428 5248 553 5299 erat
574 5244 694 5316 ipse
716 5240 1109 5315 pcrimendus.
1137 5242 1271 5295 Post
1317 5237 1618 5293 transitum
1641 5254 1777 5292 sane
1800 5238 2034 5292 Galsou-

431 5337 524 5401 ιω,
562 5348 844 5403 magnum
865 5330 1042 5384 virtus
1060 5328 1254 5383 divina
1269 5327 1342 5382 ad
1365 5327 1413 5397 ej
1425 5344 1487 5381 us
1505 5327 1831 5397 sepulcrum
1849 5328 1932 5380 est
1955 5326 2036 5381 di-

2070 4313 2123 4374 D

2143 3819 2200 3876 di
2231 3821 2289 3875 in
2317 3823 2437 3875 hzec
2469 3819 2767 3891 respondit
2812 3819 3022 3874 verba:
3081 3841 3108 3870 ‹‹
3161 3819 3220 3874 Si
3253 3819 3566 3874 Audoverze
3597 3828 3721 3868 nunc

2141 3910 2380 3964 fraudor
2409 3908 2782 3980 amplexibus,
2816 3911 2871 3962 te
2902 3907 3117 3962 sociam
3143 3907 3425 3962 asciscam
3468 3904 3578 3960 mei
3604 3906 3721 3958 stra-

2141 4001 2251 4052 tus.
2267 3998 2369 4050 »Εἰ
2386 3995 2722 4067 properanti
2737 3995 2809 4050 ad
2823 3996 3016 4050 aulam
3042 3994 3532 4067 occurritregina,
3562 3992 3723 4046 ferens

2142 4087 2201 4140 in
2224 4085 2370 4140 ulnis
2396 4086 2714 4156 parvulam,
2739 4102 2914 4158 quam
2935 4084 3022 4140 bis
3043 4087 3128 4151 {ut
3155 4084 3238 4140 ita
3261 4085 3472 4150 dicam)
3513 4094 3723 4154 genera-

2142 4178 2322 4240 verat,
2344 4173 2544 4228 filiam.
2572 4173 2658 4228 Ad
2685 4190 2858 4245 quam
2885 4190 2982 4227 rex
3011 4191 3024 4227 :
3058 4196 3085 4223 «
3111 4173 3464 4238 Nefandam,
3483 4168 3673 4242 inquit,
3697 4182 3722 4218 ο

2144 4263 2367 4334 regina,
2397 4279 2522 4316 rem
2543 4261 2905 4333 perpetrasti,
2944 4264 3000 4316 et
3042 4261 3216 4334 regiae
3246 4259 3720 4317 inconvenieutem

2145 4352 2453 4423 majestati.
2492 4351 2604 4405 Nec
2651 4354 2853 4423 potero
2896 4353 2952 4405 te
2982 4351 3199 4405 habere
3259 4350 3590 4421 conjugem,
3620 4358 3727 4398 cum

2147 4441 2486 4496 commatris
2515 4440 2724 4511 adepta
2744 4439 2817 4492 sis
2843 4455 3080 4494 nomen.
3117 4441 3360 4493 »Postea
3381 4437 3637 4510 episcopo
3649 4427 3726 4502 qui

2148 4530 2398 4600 puellam
2414 4527 2865 4601 baptizaveratin
2881 4527 3137 4581 exsilium
3157 4529 3310 4592 acto,
3342 4525 3600 4597 reginam
3621 4534 3730 4574 cum

2147 4618 2266 4672 filia
2303 4633 2464 4672 sacro
2488 4617 2792 4687 adopertas
2823 4615 3107 4668 velamine
3130 4614 3486 4668 monasterio
3511 4605 3728 4667 retrusit,

2149 4707 2367 4779 praedia
2425 4722 2488 4759 ac
2546 4705 2846 4758 facultates
2879 4703 2958 4758 eis
3003 4703 3284 4758 tribuens.
3323 4697 3729 4770 Fredegundem

2149 4813 2284 4852 vero
2316 4795 2424 4851 sibi
2443 4793 2744 4867 copulavit.
2776 4793 2981 4847 Incidit
3003 4795 3439 4862 eatempestate
3459 4785 3731 4844 necessitas

2151 4885 2416 4957 Sigberto
2445 4882 2587 4953 regi,
2642 4881 2806 4936 fratri
2856 4881 3155 4951 Chilperici
3205 4884 3384 4952 atque
3422 4869 3730 4934 Guntranni,

2149 4973 2461 5028 exercitum
2491 4969 2761 5024 ductandi
2784 4969 3055 5024 adversus
3089 4970 3386 5024 Cacanum
3442 4963 3733 5038 principem

2145 5063 2480 5118 Chunorum
2506 5077 2518 5128 ;
2550 5059 2644 5131 qui
2678 5058 2928 5112 confinia
2951 5058 3115 5130 regni
3142 5060 3266 5128 ejus
3285 5055 3730 5129 depopulaturum

2140 5149 2512 5204 adventabat.
2537 5149 2596 5200 lu
2627 5147 2734 5201 hoc
2766 5162 3075 5216 congressu
3103 5145 3529 5216 superiorbello
3554 5140 3728 5194 factus,

2138 5239 2408 5310 ingentes
2423 5237 2755 5291 Chunorum
2780 5238 2998 5305 strages
3021 5233 3196 5289 dedit.
3216 5233 3359 5286 Cum
3376 5228 3602 5301 reliquis
3619 5236 3729 5278 vero

2135 5323 2628 5397 pacemtirmavit.
2661 5323 2833 5394 Cujus
2857 5323 3179 5376 absentiam
3198 5319 3548 5392 Chilpericus
3577 5326 3729 5368 aucu-

427 5425 608 5496 gnata
638 5421 942 5477 ostendere
960 5419 1325 5474 miraculum.
1351 5417 1492 5471 Nam
1511 5415 1743 5485 vitro,in
1758 5433 1869 5488 quo
1893 5419 2026 5472 ante
2134 5419 2318 5486 patus,
2352 5417 2414 5468 ut
2434 5431 2491 5468 se
2515 5411 2904 5485 ejus|babebat
2927 5410 3261 5484 inquietudo
3285 5404 3724 5472 inoruni,dome-

520 5611 594 5682 (4)
626 5611 848 5668 Nomen
879 5609 1178 5684 proprium
1206 5609 1336 5679 loci,
1371 5609 1526 5684 quod
1555 5609 1715 5666 deest
1743 5607 1802 5664 in
1831 5607 1998 5664 codd.
2045 5621 2152 5662 ms.
