3940 6166
199 399 279 455 '70!
1213 390 1534 452 HISTORIA
1570 387 2051 448 FRANCORUM.
2078 421 2148 434 —
2176 390 2307 450 LIB.
2335 395 2427 452 III.

3398 403 3506 459 702

201 520 435 594 oportere
457 533 582 572 eum
615 519 712 571 aut
741 533 805 571 ex
827 515 1061 589 proprio
1099 515 1378 589 stipendia
1394 511 1494 567 illis
1527 509 1780 580 largiri,
1804 515 1862 575 Α
1888 513 2310 585 ruunt,leviquo
2341 515 2576 587 negotio
2610 517 2984 574 membratim
3022 520 3203 576 sectos
3232 520 3374 576 duos
3396 521 3496 576 de-

199 613 278 664 aut
303 606 576 679 publicum
630 605 1025 660 demonstrare
1083 607 1242 675 cujus
1281 605 1440 658 rebus
1493 595 1782 655 ditentur

198 696 570 761 adversarium;
593 711 652 747 se
683 694 934 758 interim,
961 693 1102 747 dum
1122 710 1288 764 reges
1307 692 1448 746 inter
1463 704 1522 742 se
1560 699 1777 754 pacem

195 785 457 838 venditant
515 781 986 849 aut‘inimicitias,
1023 781 1191 853 quasi
1226 775 1634 840 mercenarius,
1675 777 1775 830 ha-

195 873 293 927 beri
304 873 630 942 queruntur,
651 871 718 924 ad
739 869 991 942 pericula
1004 869 1252 939 primos.
1277 868 1346 922 ad
1378 868 1669 920 honorem
1689 867 1775 919 vel

193 959 401 1032 praemia
425 959 673 1012 ultimos.
694 959 804 1011 Nec
823 960 1031 1011 contra
1050 957 1459 1011 Guntrannum
1486 971 1544 1008 se
1561 969 1772 1024 quere-

193 1050 286 1102 lam
299 1047 586 1117 cujuslibet
599 1045 928 1100 offensionis
947 1046 1322 1115 praatendere
1336 1045 1476 1098 velle
1488 1043 1770 1109 fatentur,

193 1153 299 1189 cum
312 1135 925 1208 quoSigebertusjustze
951 1133 1216 1187 ﬁrmarit
1237 1133 1454 1187 foedera
1470 1131 1770 1203 pactionis,

193 1224 273 1277 sed
295 1223 347 1277 in
379 1223 758 1293 Chilpericum
785 1221 992 1277 veteris
1015 1221 1344 1275 inimicitia:
1370 1219 1773 1274 recordatione

192 1314 493 1367 cunctorum
537 1313 668 1366 odia
699 1312 1102 1366 exardescere.
1139 1311 1306 1363 Illum
1337 1325 1456 1363 esse
1479 1325 1544 1362 ex
1582 1307 1776 1363 multis

193 1401 524 1471 unum,cujus
547 1401 659 1454 vita
673 1401 918 1472 ingrata,
937 1417 1111 1453 mors
1131 1399 1284 1453 foret
1303 1398 1572 1452 omnibus
1589 1400 1774 1468 grata.

193 1490 266 1544 His
287 1489 449 1562 igitur
469 1507 706 1544 suorum
748 1488 1230 1560 persuasionibus
1261 1491 1486 1542 coactus
1513 1482 1776 1557 Sigeber-

191 1584 280 1643 tus,
307 1579 542 1633 fratrem
565 1578 828 1652 persequi
852 1577 1086 1641 statuit;
1113 1576 1233 1647 qui,
1258 1575 1335 1629 nil
1357 1576 1469 1629 tale
1493 1578 1775 1642 metuens,

192 1668 442 1739 majorem
473 1667 757 1722 exercitus
782 1670 1010 1737 partem
1061 1665 1138 1719 ad
1170 1664 1412 1718 hiberna
1460 1662 1773 1718 dimiserat.

191 1758 306 1828 Ipse,
337 1761 569 1827 accepto
619 1757 890 1809 fraterna:
937 1751 1348 1807 insectationis
1387 1752 1610 1817 nuntio,
1645 1767 1772 1805 cum

189 1844 350 1916 paucis
366 1844 653 1916 equitibus
673 1845 1000 1896 Tornacum
1037 1841 1247 1893 urbem
1287 1840 1568 1909 confugit.
1591 1840 1774 1904 Quem

191 1935 505 2004 subsequens
565 1933 898 2004 Sigebertus
953 1928 1315 1983 Parisiorum
1361 1927 1647 1999 ingressus
1693 1930 1778 1982 est

190 2022 379 2076 urbem.
408 2022 508 2076 Cui
542 2036 851 2076 occurrens
872 2021 1107 2072 sanctus
1134 2017 1451 2070 Germanus
1477 2017 1734 2089 pontifex
1758 2031 1772 2070 :

192 2112 292 2177 «Si,
339 2110 546 2182 inquit,
578 2110 909 2163 fraternum
940 2108 1217 2160 cruentus
1267 2103 1425 2175 cupis
1475 2105 1775 2160 effundere

191 2199 493 2269 sanguinem
506 2195 1030 2269 ,juxtaPsalmistae
1047 2209 1405 2258 vocem,eam
1419 2210 1595 2265 quam
1610 2192 1776 2247 fratri

195 2287 569 2359 parasfoveam
591 2285 702 2339 tibi
726 2282 1038 2354 experieris
1051 2283 1333 2352 paratam,
1351 2282 1778 2353 fratricidreque

196 2391 288 2428 non
314 2375 631 2446 privaberis
662 2372 968 2436 vocabulo,
1033 2386 1160 2423 cum
1200 2371 1458 2424 voluntas
1505 2371 1626 2442 ipsa
1656 2387 1777 2424 non

195 2467 358 2518 careat
378 2462 683 2534 supplicio.
709 2482 736 2508 »
772 2461 901 2513 Haec
922 2459 1019 2512 ille
1041 2457 1200 2528 quasi
1224 2457 1293 2510 ab
1312 2458 1577 2529 episcopo
1599 2457 1777 2531 parti-

197 2551 280 2604 bus
307 2551 492 2606 fratris
524 2551 766 2604 favente
787 2547 939 2601 dicta
966 2549 1322 2615 aspernatus,
1355 2547 1644 2617 cogitabat
1665 2563 1778 2600 coe-

197 2642 277 2709 pta
297 2640 672 2711 perficere.Et
695 2636 936 2691 veniens
965 2634 1023 2688 in
1055 2635 1267 2699 villam,
1301 2634 1387 2688 cui
1435 2638 1778 2692 vocabulum

196 2731 264 2782 est
288 2729 637 2783 Victoriacus
669 2726 792 2793 (aL,
820 2724 1108 2790 Victoria],
1142 2723 1380 2778 offendit
1425 2725 1500 2779 ibi
1526 2726 1779 2780 validam

201 2815 258 2869 de
278 2834 447 2888 regno
482 2813 799 2886 Chilperici
833 2829 1080 2866 manum
1107 2813 1561 2868 Neustrasiorum
1589 2813 1780 2884 specie

197 2921 242 2957 se
264 2906 309 2959 ei
334 2906 559 2960 tradere
589 2901 932 2958 volentium.
996 2900 1122 2965 Qui,
1166 2903 1280 2955 viso
1319 2918 1475 2972 rege,
1509 2901 1777 2957 certatim

199 2993 256 3046 ad
283 3010 406 3048 eum
436 2993 760 3058 venientes,
787 2989 987 3045 ditioni
1017 3005 1074 3042 se
1092 2988 1212 3058 ejus
1230 2989 1496 3044 subdunt.
1531 2991 1642 3045 Nec
1661 2989 1783 3062 qui-

199 3081 316 3135 libet
344 3083 552 3136 ducum
591 3084 693 3135 aut
723 3094 1030 3149 procerum
1061 3076 1224 3147 regni
1263 3077 1612 3133 Francorum
1647 3094 1782 3133 cum

201 3169 486 3240 Chilperico
517 3169 760 3224 relictus
789 3170 893 3233 est,
922 3169 1155 3236 excepto
1187 3167 1508 3234 Ansoaldo;
1541 3168 1638 3239 qui
1664 3168 1783 3221 for-

203 3260 379 3312 tunam
408 3259 564 3330 regis
589 3257 770 3312 etiam
797 3256 856 3309 in
884 3253 1133 3309 adversis
1155 3252 1359 3306 maluit
1378 3271 1494 3308 non
1519 3256 1785 3310 deserere

203 3361 352 3414 quam
382 3345 743 3416 promissam
765 3342 1034 3397 violando
1061 3341 1238 3396 fidem
1268 3341 1528 3412 proditor
1553 3361 1673 3398 esse
1695 3343 1785 3397 vel

202 3432 311 3490 dici.
333 3434 524 3487 Tantis
557 3432 736 3504 igitur
759 3431 1092 3503 Sigebertus
1123 3431 1362 3484 vallatus
1385 3431 1652 3487 millitum
1689 3448 1782 3486 ca-

200 3520 365 3588 tervis,
396 3524 637 3576 cunctas
669 3520 836 3573 urbes
865 3519 1033 3590 regni
1081 3518 1379 3590 Chilperici
1415 3518 1658 3591 imperio
1680 3536 1782 3575 suo

203 3609 452 3678 adjunxit.
475 3610 622 3664 Inde
655 3623 993 3678 progressus
1029 3605 1083 3660 in
1103 3607 1328 3674 urbem,
1353 3607 1784 3663 cuiTornacum

203 3713 390 3753 nomen
419 3702 526 3765 est,
562 3697 809 3750 fratrem
842 3694 1141 3749 obsidione
1159 3695 1351 3749 cinxit.
1389 3695 1494 3759 Qui
1515 3715 1572 3752 se
1590 3695 1785 3767 urgeri

203 3786 536 3858 conspiciens
556 3783 819 3838 haerebat
849 3782 1067 3836 consilii
1095 3782 1343 3837 incertus
1393 3800 1506 3855 qua
1526 3785 1616 3839 via
1645 3801 1783 3839 con-

200 3871 372 3944 jugem
401 3892 463 3929 ac
495 3874 672 3937 ﬁlios,
706 3889 848 3943 quos
873 3887 1065 3925 secum
1098 3871 1312 3926 ibidem
1344 3872 1654 3927 adveniens
1685 3874 1785 3927 de-

206 3960 436 4031 duxerat,
481 3961 747 4034 periculo
799 3961 1096 4014 eximeret.
1155 3960 1267 4014 Sed
1309 3960 1536 4028 mulier,
1571 3962 1789 4016 artibus

204 4047 302 4103 viro
331 4051 498 4122 longe
554 4048 836 4113 callidior,
885 4048 1027 4102 duos
1077 4048 1353 4102 subornat
1378 4048 1548 4116 viros,
1583 4049 1789 4120 quibus

207 4136 834 4209 audaciacontemptum
866 4135 1068 4190 mortis
1098 4137 1405 4190 invexerat.
1447 4139 1558 4192 Hos
1587 4137 1784 4192 horta-

207 4223 282 4276 tur
309 4231 622 4298 monetque
653 4225 1024 4295 Sigebertum
1073 4224 1283 4278 adeant
1331 4241 1600 4295 eumque,
1633 4243 1692 4279 se
1725 4229 1787 4280 ut

208 4309 488 4368 Dominum
507 4315 756 4368 adorare
789 4313 1147 4377 simulantes,
1168 4312 1528 4370 interimant.
1554 4313 1716 4376 Quod
1739 4312 1784 4366 si
1809 4345 1862 4404 υ

209 4397 837 4469 efﬁciant,evadentibus
855 4401 1360 4472 prmmiajnterem
1371 4400 1480 4473 ptis
1499 4417 1628 4455 vero
1651 4418 1785 4457 con-

210 4485 414 4557 dignam
444 4491 827 4562 scpulturam,
854 4490 1364 4559 eleemosynasque
1400 4489 1472 4542 ad
1500 4490 1622 4544 loca
1649 4507 1783 4544 sau-

210 4576 403 4631 ctorum
426 4595 532 4649 pro
553 4577 845 4632 oblatione
868 4577 1012 4631 tanti
1039 4576 1306 4631 facinoris
1326 4594 1384 4630 se
1409 4577 1782 4647 praebituram

210 4665 443 4729 spondet.
471 4666 554 4720 Illi
586 4666 727 4719 nihil
760 4664 969 4719 morati
1002 4667 1287 4736 praecepto
1320 4665 1694 4731 satisfaciunt,
1721 4683 1785 4721 ac

214 4749 388 4805 urbem
420 4754 634 4824 egressi
679 4754 752 4806 ad
783 4755 967 4806 castra
998 4752 1452 4823 progrediuntur
1508 4753 1781 4809 hostium.

213 4835 336 4892 Nihil
363 4841 494 4894 viris
527 4841 819 4905 audacius,
849 4840 928 4893 nil
956 4840 1263 4894 terribilius
1285 4856 1352 4893 eo
1385 4840 1535 4894 bello
1565 4840 1621 4894 in
1652 4842 1783 4897 hos-

214 4925 312 4978 tem
333 4943 395 4980 ex
415 4929 555 4983 urbe
584 4927 878 4998 processit.
918 4928 976 4980 In
1011 4927 1268 4981 medium
1303 4944 1555 4999 namque
1585 4927 1783 4982 adver-

217 5012 470 5069 sariorum
504 5019 845 5088 proruentes
891 5031 1007 5069 non
1045 5015 1496 5086 trepidaverunt,
1531 5032 1645 5069 non
1694 5032 1783 5070 re-

220 5099 600 5172 tractaverunt;
655 5105 752 5158 sed
800 5106 1078 5174 tanquam
1130 5102 1503 5157 familiarium
1550 5119 1784 5160 suorum

221 5193 492 5245 consortiis
514 5193 982 5257 immorarentur,
998 5208 1115 5246 non
1134 5195 1265 5245 ante
1279 5191 1661 5245 remeandum
1682 5209 1786 5263 pu-

218 5276 386 5331 tarunt
415 5297 585 5350 quam
609 5281 1066 5334 circumventum
1095 5297 1128 5333 a
1149 5279 1424 5334 lateribus
1443 5282 1785 5350 regem,cul-

219 5361 343 5417 tellis
367 5367 538 5422 latera
557 5367 1296 5433 fodientes,neiandissimai
1317 5367 1440 5422 neci
1467 5368 1780 5422 traderent.

221 5447 592 5511 Clamorillico
638 5458 1033 5510 universorum
1078 5457 1372 5526 luctusque
1419 5455 1550 5509 totis
1599 5455 1780 5511 oritur

220 5541 410 5603 castris,
429 5548 487 5597 ut
513 5547 694 5616 palam
724 5545 958 5598 daretur
986 5543 1228 5615 intelligi
1255 5560 1452 5614 regem
1473 5543 1776 5614 oppetiisse

220 5623 571 5696 Sigebertum.
605 5636 826 5704 lmpctu
858 5632 1051 5705 itaque
1083 5633 1233 5688 facto
1266 5633 1324 5688 in
1357 5632 1671 5688 homicidas
1698 5632 1776 5688 ir-

1888 601 2011 656 lent
2050 602 2220 657 viros.
2259 603 2608 674 Chilpericus
2653 608 2792 662 dum
2825 609 3022 679 egredi
3072 609 3414 665 formidaret
3439 612 3499 664 et

1883 690 2022 761 quid
2053 691 2346 746 accidisset
2376 693 2692 764 ignoraret,
2730 697 3038 752 accedente
3066 697 3137 752 ad
3165 715 3223 752 se
3246 699 3493 768 conjuge

1883 779 2277 848 Fredegunde.
2295 780 2578 836 interiisse
2593 783 2834 838 fratrem
2856 789 2916 839 ut
2928 786 3228 857 comperit,
3243 785 3312 838 ad
3332 801 3496 856 spem

1881 866 2008 920 vitae
2038 869 2095 920 et
2123 867 2316 921 salutis
2347 868 2607 924 animum
2642 873 2802 942 quasi
2831 873 2900 926 ab
2932 872 3128 926 inferis
3159 872 3405 926 reduxit.
3431 875 3494 927 In

1879 954 2194 1008 crastinum
2225 971 2488 1025 egressus
2507 959 2728 1024 urbem,
2761 959 3133 1014 redeuntibus
3158 960 3218 1013 in
3243 960 3494 1030 gratiam

1877 1042 2237 1108 Neustrasiis,
2271 1042 2368 1114 qui
2400 1045 2474 1098 ad
2506 1045 2868 1116 Sigebertum
2902 1049 2973 1101 ab
3007 1064 3073 1102 eo
3107 1048 3495 1114 desciverant,

1878 1147 2086 1202 corpus
2106 1129 2298 1184 fratris
2329 1131 2387 1184 in
2428 1131 2574 1199 villa,
2610 1134 2698 1188 cui
2733 1135 3010 1189 Lambrus
3033 1152 3252 1190 nomen
3276 1138 3380 1202 est,
3414 1151 3499 1188 se-

1878 1219 2044 1290 peliri
2076 1219 2392 1273 mandavit.
2421 1220 2584 1284 Quod
2608 1223 2978 1292 postmodum
3001 1240 3034 1276 a
3064 1223 3327 1277 fidelibus
3344 1223 3500 1276 obla‘

1877 1310 2026 1373 tum,
2062 1308 2119 1360 et
2149 1306 2207 1360 in
2237 1309 2476 1364 ecclesia
2496 1309 2689 1364 Sancti
2714 1311 2959 1365 Medardi
2994 1309 3311 1365 Suessionis
3328 1310 3493 1380 juxta

1879 1398 2108 1466 patrem
2141 1395 2457 1452 Clotarium
2498 1403 2582 1453 est
2611 1400 2938 1454 humatum.
2988 1399 3271 1472 Regnavit
3298 1401 3492 1453 autem

1882 1501 2052 1538 3111115
2078 1498 2197 1537 XIII.

2491 1577 2714 1630 CAPUT
2754 1578 2886 1630 XIII.

2115 1669 2198 1724 De
2225 1669 2504 1737 fortunato
2535 1667 2765 1736 episcopo
2795 1671 2844 1719 et
2877 1665 2990 1735 ejus
3017 1664 3256 1717 scientia.

1955 1758 2086 1829 Ejus
2113 1760 2377 1826 tempore
2411 1754 2774 1815 Fortunatus,
2821 1753 2918 1824 qui
2960 1752 3020 1806 in
3051 1749 3340 1805 rhetorica
3370 1764 3493 1802 me-

1878 1846 2136 1916 tricaque
2168 1846 2291 1898 arte
2323 1843 2576 1896 famosus
2620 1840 2963 1906 habebatur,
3003 1839 3075 1892 ab
3128 1835 3399 1908 Hesperia
3437 1836 3496 1889 in

1879 1933 2091 1988 Gallias
2121 1929 2428 1990 transiens,
2455 1927 2691 1980 Pictavis
2713 1928 3014 1998 episcOpus
3050 1924 3372 1978 ordinatur.
3396 1923 3496 1977 Hic

1881 2021 2199 2076 multorum
2218 2018 2358 2071 vitas
2375 2016 2732 2088 passionesve
2755 2018 3110 2077 sanctorum,
3125 2011 3339 2081 partim
3367 2027 3497 2082 pro-

1878 2127 1960 2176 sa,
1977 2108 2188 2181 partim
2208 2108 2396 2160 metro
2415 2103 2754 2175 composuit.
2784 2103 2869 2156 Ad
2890 2099 3107 2154 amicos
3124 2115 3352 2170 quoque
3375 2099 3490 2152 sin-

1879 2200 2015 2270 gula
2037 2196 2279 2252 disticha
2304 2196 2539 2264 elegans
2565 2197 2762 2248 orator
2784 2187 3140 2259 conscripsit.
3165 2189 3325 2244 Unde
3350 2207 3498 2262 prte-

1880 2288 1998 2341 fato
2025 2286 2149 2355 regi
2181 2282 2496 2354 elegiacum
2526 2281 2682 2335 misit
2712 2295 2976 2337 carmen,
3005 2278 3410 2348 congratulans
3442 2277 3496 2333 ei

1880 2376 1940 2430 in
1973 2373 2186 2447 nuptiis
2236 2371 2639 2427 Brunichildis.
2701 2369 2875 2433 Quod
2905 2367 3170 2440 equidem
3199 2384 3329 2440 ego,
3365 2385 3497 2424 cum

1882 2481 2004 2519 sors
2035 2463 2248 2516 librum
2277 2461 2350 2515 ad
2382 2460 2636 2515 diversos
2669 2458 2750 2511 ab
2786 2474 2854 2512 eo
2885 2456 2988 2512 sibi
3019 2456 3327 2513 familiares
3360 2476 3497 2513 con-

1882 2552 2161 2624 scriptum
2197 2549 2459 2603 manibus
2499 2546 2804 2601 intulisset
2833 2546 2991 2614 meis,
3023 2547 3132 2620 legi
3163 2549 3408 2621 atquein
3433 2565 3500 2604 eo

1883 2638 2300 2694 facunditatem
2317 2636 2445 2703 viri,
2467 2636 2833 2704 dulcemque
2853 2637 3236 2695 affabilitatem
3258 2640 3392 2696 satis
3409 2639 3507 2696 ad-

1886 2729 2128 2782 miratus
2165 2742 2312 2781 sum.

2493 2809 2730 2866 CAPUT
2770 2813 2900 2870 XIV.

1992 2904 2076 2958 De
2108 2899 2474 2955 Brunichildis
2504 2901 2559 2952 in
2589 2905 2955 2960 conservanda
2979 2907 3126 2978 prole
3144 2909 3375 2964 solertia.

1960 2991 2265 3046 Interfecto
2295 2992 2491 3043 autem
2519 2988 2627 3042 hoc
2675 2991 2857 3045 modo
2906 2994 3225 3066 Sigeberto,
3260 2999 3503 3054 mutatio

1808 3101 1858 3162 ρ
1887 3081 2038 3136 facta
2069 3083 2172 3147 est,
2208 3077 2404 3132 multis
2433 3075 2790 3130 familiarum
2826 3080 2950 3149 ejus
2993 3085 3308 3141 amicitiam
3339 3088 3500 3157 ,Chil-

1888 3169 2063 3241 periei
2101 3165 2520 3238 expctentibus.
2541 3166 2720 3218 Porro
2737 3165 3136 3239 Brunichildis,
3151 3191 3327 3244 quam
3347 3175 3504 3247 Sigc-

1888 3257 2104 3322 bertus,
2138 3255 2275 3309 dum
2296 3271 2329 3307 a
2348 3253 2684 3325 pervasione
2717 3252 2947 3308 urbium
2973 3258 3189 3313 rediret
3213 3261 3498 3316 fraterna-

1888 3360 2039 3398 rum.
2074 3342 2320 3397 Parisius
2344 3339 2449 3395 sibi
2482 3354 2782 3395 occurrere
2808 3340 3079 3412 imperat,
3095 3345 3154 3399 in
3176 3348 3382 3403 eadem
3401 3351 3497 3403 de-

1887 3448 2029 3502 gens
2055 3430 2308 3497 civitate,
2328 3446 2468 3484 nece
2493 3427 2594 3482 viri
2617 3431 2938 3500 comperta,
2961 3430 3280 3488 tluctuabat
3299 3437 3496 3492 animo

1888 3518 2136 3590 qualiter
2155 3534 2214 3572 se
2237 3534 2516 3588 suamque
2540 3518 2764 3589 prolem
2777 3516 2849 3570 ab
2873 3516 3207 3573 imminenti
3223 3523 3497 3579 liberaret

1886 3606 2143 3662 interitu.
2169 3607 2324 3661 Tunc
2354 3604 2724 3660 Gundoaldus
2753 3605 2866 3658 dux
2892 3610 3190 3677 arreptum
3225 3626 3493 3682 puerum,

1890 3695 2318 3750 Childebertum
2352 3693 2609 3759 nomine,
2637 3709 2741 3764 per
2769 3693 3084 3747 fenestram
3108 3694 3166 3750 in
3192 3701 3388 3767 sporta
3403 3699 3496 3753 de-

1889 3784 2139 3855 positum
2169 3783 2397 3838 cuidam
2431 3782 2688 3836 fidelium
2729 3797 2965 3835 suorum
3009 3783 3205 3851 tradit,
3259 3789 3319 3840 ut
3358 3803 3492 3841 eum

1889 3872 2045 3928 Metis
2080 3871 2393 3926 exhiberet.
2425 3870 2605 3933 Quem
2639 3869 2779 3922 inibi
2806 3869 3170 3938 perductum,
3194 3872 3492 3928 adnitente

1890 3960 2246 4026 Gundoaldo,
2275 3959 2345 4014 de
2377 3975 2488 4030 quo
2516 3955 2921 4030 praemisimus,
2951 3956 3196 4011 universi
3220 3962 3494 4016 Austrasii

1890 4049 1948 4103 in
1961 4065 2208 4120 regnum
2226 4047 2539 4102 sublimant
2553 4044 3184 4117 patris.Brunichildem
3198 4063 3374 4101 onere
3388 4046 3489 4100 filii

1891 4138 2139 4192 levatam
2170 4137 2350 4191 altera
2381 4135 2597 4190 invadit
2626 4150 2780 4188 cura.
2815 4133 2958 4187 Nam
3001 4133 3233 4188 sibimet
3260 4133 3492 4189 timenti

1893 4241 1999 4280 nec
2028 4241 2286 4279 sommus
2316 4224 2509 4290 oculis,
2545 4240 2650 4277 nec
2681 4221 2876 4277 animo
2909 4222 3070 4293 quies
3099 4223 3362 4277 dabatur.
3389 4222 3490 4278 Cui

1891 4312 1993 4366 etsi
2022 4312 2284 4366 voluntas
2316 4310 2641 4365 discedendi
2675 4312 2817 4376 erat,
2841 4310 3081 4364 facultas
3103 4312 3321 4364 deerat.
3341 4311 3490 4366 Tan-

1887 4401 1956 4454 tis
2002 4417 2140 4471 ergo
2196 4417 2390 4472 pressa
2427 4398 2922 4465 sollicitudinibus,
2975 4416 3010 4453 a
3050 4400 3489 4471 superveniente

1887 4488 2202 4561 Chilperico
2245 4489 2670 4559 Rothomagum
2696 4486 2755 4540 in
2783 4487 3042 4541 exsilium
3068 4487 3494 4542 truditur.The-

1885 4577 2037 4631 sauri
2068 4577 2189 4647 ejus
2221 4575 2423 4646 opibus
2455 4575 2756 4645 Chilperici
2774 4575 3003 4644 sociati;
3034 4576 3165 4631 filiai
3191 4575 3386 4631 Meldis
3414 4576 3487 4630 ad

1887 4664 2324 4720 custodiendum
2362 4664 2548 4718 missae
2581 4668 2730 4718 sunt.

2500 4752 2723 4807 CAPUT
2761 4752 2866 4806 XV.

2124 4842 2208 4896 De
2229 4841 2468 4896 Μενουεί
2491 4848 2539 4895 et
2564 4842 2792 4896 aliorum
2821 4856 3008 4912 regum
3035 4843 3211 4910 gestis.

1956 4931 2244 4986 Meroveus
2271 4931 2445 4985 etiam
2478 4930 2681 4984 missus
2711 4947 2743 4983 a
2773 4934 2935 5001 patre
2963 4929 3302 5001 Chilperico,
3331 4933 3394 4985 ut
3408 4929 3486 4986 ci-

1888 5017 2106 5086 vitates,
2123 5035 2250 5088 quae
2264 5018 2486 5072 ﬂumini
2503 5017 2558 5072 Li
2567 5018 2719 5090 geris
2731 5017 3016 5088 adjacent,
3034 5019 3107 5072 ad
3120 5033 3283 5073 suam
3301 5021 3487 5073 trans-

1891 5105 2124 5160 duceret
2142 5108 2393 5176 partem,
2425 5105 2737 5176 postposito
2762 5105 2940 5177 patris
2963 5109 3275 5178 prmeepto,
3305 5107 3490 5162 Ceno-

1889 5193 2120 5248 mannis
2145 5194 2462 5259 contendit,
2479 5211 2543 5248 ac
2574 5193 2615 5247 si
2641 5197 2890 5248 matrem
2911 5210 3075 5248 suam
3098 5195 3485 5263 Audoveram,

1891 5299 2017 5353 quae
2047 5282 2262 5336 ibidem
2292 5282 2604 5348 exsulabat,
2638 5281 2978 5335 visitaturus.
3011 5283 3147 5337 Inde
3179 5282 3488 5336 Rothoma—

1888 5386 2026 5439 gum
2058 5370 2359 5437 transiens,
2392 5371 2462 5424 ad
2498 5370 2921 5425 Brunichildem
2952 5371 3126 5435 venit,
3159 5387 3404 5443 eamque
3426 5370 3484 5425 in

1883 5459 2214 5529 conjugium
2235 5459 2472 5530 accepit.
2498 5461 2622 5514 Non
2643 5459 2769 5513 tulit
2790 5459 2897 5513 hoc
2919 5458 3269 5532 Chilpericus
3290 5465 3482 5530 pater;

1879 5546 1975 5600 sed
2008 5563 2104 5600 eos
2135 5548 2206 5601 ab
2224 5548 2468 5602 invicem
2491 5548 2797 5603 dissociare
2814 5549 3029 5614 volens,
3055 5547 3484 5620 Rothomagum

1877 5653 2058 5708 usque
2088 5637 2339 5694 accessit.
2387 5637 2557 5708 Cujus
2593 5638 2672 5693 illi
2702 5636 3054 5692 declinantes
3087 5637 3478 5708 praesentiam,
