3940 6166
488 378 598 437 703

1567 375 1832 434 AIMOINI
1857 372 2171 435 MONAGHI
2207 373 2700 434 FLORIACENSIS

3635 380 3725 439 τω

502 499 805 558 basilicam
821 501 1000 557 sancti
1019 500 1241 558 Martini
1264 518 1435 576 super
1460 519 1659 560 muros
1674 504 1927 577 praefata
1948 504 2101 559 urbis
2124 500 2180 559 Α
2203 500 2357 572 apud
2380 500 2568 572 ipsum
2596 502 2720 572 plus
2746 501 2874 569 fuit,
2892 518 3065 575 quam
3086 500 3180 556 illa
3198 498 3361 573 regis,
3375 516 3469 555 vox
3489 499 3728 572 pauperis.

502 590 713 662 ligneis
737 592 1123 645 constructam
1156 592 1365 647 tabulis
1384 597 1517 647 sunt
1542 594 1800 664 ingressi.
1822 593 2099 665 lrritaque

499 678 750 733 fuissent
782 678 1080 751 Chilperici
1101 682 1596 736 tentamentorum
1624 682 1875 748 exordia,
1900 682 2005 737 nisi
2020 700 2105 737 sa-

496 769 803 822 cremento
834 768 1261 838 spopondisset:
1293 770 1365 825 Se
1394 786 1491 826 eos
1536 770 1778 825 minime
1818 776 2106 844 separatu-

496 872 650 922 rum,
684 854 802 911 imo
819 856 1191 928 permittente
1204 858 1320 914 Deo
1336 859 1521 931 magis
1544 860 1964 931 copulaturum.
1981 859 2103 923 Quo

496 942 579 999 illi
606 943 929 1007 credentes,
963 944 1035 1000 ad
1062 961 1196 999 eum
1228 947 1535 1017 progressi,
1568 950 1627 1002 et
1655 948 1726 1001 ab
1757 964 1825 1003 eo
1856 964 2105 1019 appara-

497 1030 739 1087 tioribus
784 1030 967 1103 epulis
1003 1048 1109 1104 per
1150 1032 1393 1089 biduum
1436 1039 1569 1089 sunt
1610 1035 1874 1107 suscepti.
1913 1035 2104 1091 Tertio

499 1119 592 1175 die
617 1121 909 1192 profectus
962 1137 1157 1176 secum
1188 1122 1421 1177 abducit
1449 1123 1652 1190 lilium,
1685 1123 2106 1196 parvipendens

498 1208 655 1281 quod
676 1209 942 1280 dederatj
954 1210 1328 1281 usjurandum
1339 1253 1351 1265 .
1366 1213 1587 1267 Morum
1602 1213 1868 1284 egregius
1879 1229 2102 1279 censor,

500 1297 599 1369 qui
629 1297 892 1352 illicitum
921 1298 980 1353 in
1012 1298 1130 1354 filio
1178 1300 1483 1355 damnaret
1520 1301 1958 1356 matrimonium
1999 1317 2105 1355 nec

502 1384 762 1440 futurum
794 1402 898 1458 pro
929 1387 1184 1458 perjurio
1212 1404 1383 1460 super
1429 1405 1487 1442 se
1532 1388 1633 1443 Dei
1676 1389 2107 1461 pertimesceret

498 1472 805 1544 judicium,
834 1474 1045 1528 Verum
1066 1475 1161 1529 ille
1186 1477 1313 1547 plus
1334 1476 1629 1531 metuebat
1656 1479 1883 1531 versuta
1912 1476 2108 1531 Bruni-

507 1561 709 1615 childis
738 1562 994 1634 ingenia,
1027 1580 1098 1617 ne
1125 1564 1307 1619 filium
1340 1564 1628 1620 imbueret
1647 1564 1909 1637 perﬁdia,
1933 1582 2107 1637 quam

508 1648 913 1721 indignaretur
941 1667 1045 1723 pro
1076 1651 1283 1707 divina
1313 1653 1454 1724 legis
1482 1654 1641 1709 illata
1664 1653 1893 1724 injuria.

584 1739 910 1793 Bevertenti
926 1739 1061 1794 inde
1074 1740 1372 1796 nuntiatur
1386 1757 1651 1813 proceres
1662 1741 1995 1815 Campania
2009 1742 2111 1796 Re-

2275 589 2430 644 Tunc
2480 607 2709 662 quoque
2764 590 3111 662 Cbilpericus
3158 588 3489 660 legationem
3531 589 3734 660 suscepit

2212 676 2560 733 Childeberti
2580 678 2848 748 junioris,
2891 678 3117 748 nepotis
3144 678 3249 743 sui,
3281 676 3507 747 petentis
3528 679 3734 731 matrem

2212 781 2374 820 suam
2403 767 2507 821 sibi
2529 767 2690 822 reddi
2710 766 3153 824 Brunichildem.
3176 756 3446 835 Cujus'ille
3465 780 3569 818 non
3585 781 3739 834 asper-

2210 860 2376 910 natus
2402 872 2752 927 preces,eam
2772 872 2902 911 cum
2928 871 3166 911 munere
3182 854 3330 926 pacis
3346 852 3577 926 poscenti
3602 852 3741 907 remi-

2204 944 2277 999 sit
2303 945 2441 1000 ﬁlio.

2760 1034 2982 1089 CAPUT
3015 1034 3166 1090 XVII.

2593 1123 2674 1176 De
2704 1139 2886 1191 regum
2904 1122 3271 1192 Hispanorum
3299 1120 3459 1174 rebus.

2275 1211 2659 1266 Athanahildo
2673 1214 2863 1265 autem
2883 1227 3019 1282 rege
3032 1209 3312 1283 Hispania
3325 1207 3751 1273 defuncto,I.euva

2206 1315 2338 1353 cum
2391 1299 2677 1370 Levigildo
2708 1300 2886 1355 fratre
2934 1316 3182 1370 regnum
3241 1299 3546 1352 assumunt.
3570 1296 3751 1350 Hortuo

2208 1386 3329 1459 Leuva,LevigilduinntegrumHispania
3346 1383 3751 1455 regnumtenuit,

2207 1476 2429 1530 habens
2448 1476 2837 1530 Gadsuindam
2862 1480 3112 1531 matrem
3137 1473 3509 1529 Brunichildis
3537 1486 3753 1526 uxorem.

2208 1564 2375 1634 Apud
2398 1564 2809 1635 Longobardos
2861 1564 3091 1630 Alboin,
3124 1564 3194 1618 de
3239 1579 3353 1635 quo
3406 1559 3756 1633 pramisimus,

2209 1653 2516 1723 regnabat.
2546 1652 2650 1717 Qui
2686 1653 2936 1708 maxima
2956 1669 3022 1707 ex
3044 1655 3208 1723 parte
3224 1650 3399 1707 Italia
3413 1649 3629 1704 urbibus
3645 1644 3759 1718 poti-

2210 1744 2325 1808 tus,
2351 1758 2481 1797 suos
2509 1743 2570 1796 in
2606 1743 2685 1797 eis
2714 1742 2930 1807 statuit;
2953 1743 3265 1807 Romanos,
3284 1755 3425 1811 quos
3447 1738 3528 1791 vel
3552 1734 3761 1790 maxime

509 1826 727 1881 mensis
748 1827 1217 1884 Suessionensem
1247 1830 1354 1884 sibi
1386 1830 1744 1901 praripuisse
1761 1830 2106 1895 urbem.Qui
2139 1808 2190 1868 Β
2210 1830 2576 1885 adversarios
2608 1830 2951 1902 patiebatur,
2992 1829 3224 1901 expulit.
3256 1828 3355 1882 Hic
3383 1825 3664 1885 civitatem,
3690 1822 3759 1875 cui

510 1914 808 1983 continuo,
828 1916 1008 1988 raptis
1026 1917 1224 1987 copiis,
1257 1918 1491 1973 eosdem
1519 1919 1639 1974 acie
1667 1935 1948 1991 superans
1967 1920 2111 1974 mul-

510 2007 599 2058 tos
612 2002 826 2058 nobiliu
837 2021 891 2058 m
907 2004 1204 2061 interemit
1223 2010 1567 2079 captamque
1581 2007 1870 2063 civitatem
1881 2006 1995 2077 juri
2007 2024 2108 2063 suo

508 2091 774 2146 restituit.
801 2092 1151 2148 Clodoveum
1174 2111 1309 2149 vero
1340 2095 1524 2150 ﬁlium
1544 2096 1786 2151 Turonis
1808 2095 2023 2167 dirigit,
2048 2098 2111 2149 ut

512 2183 569 2235 et
595 2180 1033 2251 Petrogoricum
1070 2182 1577 2255 Aginnensemque
1608 2200 1823 2255 pagum
1844 2184 1948 2237 sibi
1978 2185 2110 2238 sub-

505 2267 669 2338 jiciat
690 2268 882 2334 edicit,
909 2269 1111 2338 juncto
1142 2270 1193 2323 ei
1222 2270 1365 2325 duce
1379 2271 1696 2336 Desiderio,
1720 2275 1784 2325 ut
1809 2274 1934 2340 ejus
1952 2272 2112 2327 frue-

513 2357 675 2408 retur
706 2354 765 2409 in
795 2356 1011 2410 cunctis
1057 2356 1631 2414 incommoditatibus
1658 2359 1932 2414 subsidio.
1963 2360 2116 2424 Quos

514 2442 879 2510 Mummolus,
902 2444 1221 2500 Guntranni
1250 2446 1538 2517 patricius,
1567 2448 1797 2502 obviam
1815 2464 1945 2502 cum
1962 2466 2118 2504 exer-

518 2528 633 2584 citu
646 2545 1005 2601 progressus,
1021 2532 1565 2606 devicitfugavitque
1588 2551 1704 2589 non
1725 2535 1847 2590 sine
1865 2537 2115 2592 maximo

516 2635 752 2674 suorum
775 2618 1145 2675 detrimento.
1169 2622 1312 2677 Nam
1330 2623 1401 2677 de
1426 2623 1678 2678 exercitu
1704 2624 1826 2694 ejus
1840 2625 2119 2697 quinqua-

521 2706 684 2777 ginta
713 2706 893 2762 millia
922 2712 1055 2763 sunt
1083 2725 1247 2779 casa,
1281 2728 1410 2766 cum
1443 2729 1477 2766 a
1503 2716 1667 2784 parte
1690 2713 1963 2780 hostium,
1987 2713 2121 2769 licet

520 2794 897 2863 devictorum,
939 2814 1056 2853 non
1084 2798 1190 2853 nisi
1217 2799 1422 2871 viginti
1459 2800 1641 2855 millia
1669 2801 1782 2856 sint
1810 2804 2116 2872 prostrata.

519 2882 734 2938 Exinde
785 2885 1137 2956 Cbilpericus
1177 2887 1362 2942 ﬁlium
1403 2889 1751 2956 Meroveum,
1794 2893 2119 2961 suspectum

521 2971 659 3039 doli,
691 2973 845 3045 quod
872 2978 1063 3046 partes
1105 2976 1484 3032 Brunichildis
1522 2978 1767 3045 fulciret,
1808 2978 2121 3051 instigante

521 3074 768 3116 noverca
790 3062 1188 3135 Fredegunde,
1212 3081 1379 3121 coma
1407 3069 1699 3121 attonsum
1731 3082 1795 3120 ac
1826 3066 1884 3120 in
1918 3084 2123 3122 mona-

524 3149 699 3205 sterio
733 3150 1019 3207 Aninsola
1051 3152 1371 3221 detrusum,
1406 3154 1576 3225 jussit
1604 3154 1861 3210 ordinari
1887 3157 2121 3229 presby-

523 3239 739 3293 terum.

1131 3346 1356 3402 CAPUT
1393 3347 1521 3403 XVI.

634 3467 719 3523 De
740 3468 856 3524 divi
878 3469 1139 3524 Germani
1163 3472 1388 3543 episcopi
1406 3474 1655 3540 transitu,
1676 3474 1958 3529 sanctitate
1976 3489 2026 3529 et

1181 3559 1478 3615 miraculis.

602 3682 819 3737 Eodem
840 3684 1101 3755 tempore
1125 3683 1516 3740 sanctissimus
1545 3688 1603 3740 et
1632 3703 1763 3741 vere
1789 3688 1905 3743 Deo
1924 3689 2131 3761 dignus

530 3770 866 3833 Germanus,
890 3770 1238 3826 Parisiorum
1272 3772 1590 3846 episcopus,
1618 3774 1887 3846 migravit
1913 3777 1987 3831 ad
2018 3780 2129 3834 Do-

532 3859 779 3915 minum.
805 3858 974 3930 cuius
1002 3877 1207 3932 corpus
1236 3859 1293 3914 in
1343 3862 1596 3917 oratorio
1622 3864 1816 3919 Sancti
1849 3864 2129 3922 Vincentii

529 3952 616 4003 est
646 3948 955 4021 sepultum.
989 3948 1136 4013 Quid
1165 3951 1359 4003 autem
1391 3950 1731 4005 Fortunatus
1760 3952 1831 4007 de
1856 3953 1966 4008 hoc
1994 3955 2129 4009 bea-

530 4036 753 4092 tissimo
769 4036 1212 4109 scripseritviro,
1233 4053 1349 4091 non
1364 4039 1830 4108 praetermittam.
1846 4041 2131 4115 Quadam,

531 4124 738 4197 inquit,
788 4124 908 4180 vice
957 4125 1518 4198 pracellentissimus
1560 4143 1680 4194 rex,
1738 4128 2134 4186 Childebertus

532 4213 745 4282 senior,
777 4230 909 4269 cum
938 4214 992 4269 ei
1019 4213 1316 4270 direxisset
1341 4232 1436 4269 sex
1463 4216 1645 4272 millia
1666 4217 1978 4273 solidorum
2000 4237 2137 4291 pau-

533 4303 766 4373 peribus
789 4303 1106 4374 eroganda,
1134 4305 1465 4374 expendens
1489 4305 1601 4361 tria
1620 4305 1801 4361 millia
1829 4308 2135 4363 revertitur

534 4390 609 4444 ad
633 4389 933 4459 palatium.
960 4392 1464 4465 Interrogatusque
1493 4411 1529 4448 a
1553 4411 1689 4467 rege
1720 4395 1767 4450 si
1797 4395 1982 4450 adhuc
2002 4397 2137 4451 resi-

536 4476 700 4531 deret
723 4478 875 4549 quod
905 4478 1204 4545 tribueret,
1238 4482 1538 4553 respondit
1580 4482 1952 4538 medietatem
1983 4500 2137 4540 rese-

537 4564 684 4620 disse
713 4582 819 4620 nec
838 4565 1120 4622 invenisse
1134 4567 1332 4639 inopes
1348 4570 1752 4641 quibustotum
1768 4572 2136 4642 expenderet.

539 4652 643 4708 Cui
662 4669 787 4709 rex:
811 4672 835 4703 α
855 4644 1125 4719 Domine,
1144 4653 1354 4727 inquit,
1377 4657 1531 4712 dona
1551 4660 1707 4731 quod
1724 4660 1952 4716 restitit.
1973 4662 2139 4729 Nam,

537 4740 763 4798 Christo
793 4742 1096 4815 largiente,
1127 4744 1282 4814 quod
1309 4745 1560 4800 donetur
1579 4763 1695 4801 non
1716 4747 1928 4804 deficit.
1953 4770 1982 4799 θ)
2006 4751 2146 4805 Inci-

539 4832 683 4886 dens
708 4849 959 4904 namque
976 4849 1071 4887 rex
1100 4849 1275 4888 aurea
1296 4834 1579 4896 missoria,
1601 4840 1658 4890 et
1671 4841 1951 4907 argentea
1984 4855 2142 4893 com-

540 4919 811 4975 minuens
823 4935 974 4986 vasa,
1008 4920 1287 4992 quidquid
1307 4922 1561 4994 primum
1590 4923 1841 4979 habebat
1861 4925 2039 4980 dabat
2055 4943 2141 4981 sa-

539 5008 757 5063 cerdoti
769 5025 843 5063 ne
854 5008 1139 5080 perderet.
1158 5009 1291 5063 Erat
1302 5026 1441 5080 ergo
1455 5011 1840 5082 exspectanda
1850 5013 2143 5069 contentio

541 5095 695 5150 inter
704 5096 1063 5151 sacerdotem
1076 5099 1134 5151 et
1150 5097 1493 5168 principem.
1510 5098 1816 5154 Faciebant
1833 5101 1982 5171 apud
1996 5116 2056 5155 se
2074 5101 2144 5156 de

541 5182 936 5239 misericordia
958 5200 1217 5256 pugnam
1239 5189 1298 5240 et
1321 5185 1392 5239 de
1431 5186 1645 5258 pietate
1676 5191 1997 5255 certamen,
2017 5190 2142 5244 the-

540 5288 739 5327 sauros
764 5276 827 5328 ut
853 5276 1193 5345 spargerent
1222 5289 1288 5327 ac
1317 5274 1388 5327 de
1417 5273 1532 5328 suis
1557 5275 1787 5329 talentis
1818 5277 1985 5347 egeni
2004 5277 2145 5331 dite-

539 5362 785 5415 scerent.
819 5360 1100 5432 Denique,
1124 5362 1214 5415 ala
1230 5361 1369 5429 vice,
1393 5378 1525 5416 cum
1550 5365 1715 5433 aptus
1731 5363 1803 5417 ad
1826 5365 2143 5420 sedendum

540 5449 823 5505 sacerdoti
866 5450 1257 5522 requireretur
1280 5467 1477 5522 equus,
1530 5467 1627 5505 rex
1667 5451 1897 5508 eisuum
1923 5454 2141 5522 tribuit,

541 5556 752 5611 rogans
778 5543 840 5595 ut
855 5541 958 5595 sibi
986 5558 1116 5597 eum
1141 5541 1435 5596 retineret.
1466 5542 1703 5597 Interim
1726 5543 1925 5598 beatus
1946 5544 2030 5598 vir
2042 5562 2140 5617 po-

538 5629 772 5685 stulanti
801 5629 1024 5705 captivo
1040 5647 1253 5704 equum
1267 5630 1851 5701 donatinterdictum,
1866 5634 2142 5705 quoniam

2144 3113 2193 3174 C

2208 1917 2473 1973 Ticinum
2496 1937 2709 1975 nomen
2743 1923 2845 1986 est,
2881 1935 3008 1990 qua
3040 1918 3150 1973 alio
3174 1917 3444 1973 vocabulo
3475 1912 3635 1985 Papia
3650 1910 3760 1966 dici-

2208 2010 2323 2075 tur,
2357 2026 2462 2081 per
2493 2013 2609 2064 tres
2638 2026 2818 2065 annos
2850 2008 3138 2070 obsidens,
3174 2007 3412 2062 tandem
3441 2003 3599 2074 cepit.
3627 2000 3764 2069 Cujus

2212 2114 2345 2152 cum
2372 2099 2607 2165 incolas,
2639 2101 2837 2169 utpote
2867 2095 3289 2169 paganus,quia
3318 2093 3649 2149 Christianos
3671 2103 3765 2143 esse

2218 2189 2587 2258 cognoverat,
2610 2186 2800 2257 gladio
2830 2185 3003 2240 ferire
3042 2182 3455 2246 destinavisset,
3483 2194 3646 2251 equus
3671 2176 3768 2245 ejus

2215 2274 2275 2328 in
2304 2275 2495 2329 medio
2518 2278 2697 2345 porta
2729 2274 2961 2329 corruit.
3010 2272 3117 2337 Qui
3148 2270 3465 2326 calcaribus
3512 2265 3767 2338 impulsus.

2215 2362 2458 2417 fustibus
2479 2378 2673 2428 casus,
2703 2363 2860 2416 nullo
2883 2361 3056 2415 modo
3071 2360 3226 2431 adigi
3244 2360 3473 2430 poterat
3490 2355 3560 2410 ad
3574 2368 3771 2424 surgen-

2218 2450 2379 2505 dum.
2406 2450 2662 2505 Tandem
2681 2449 3121 2520 suggerentibus
3138 2447 3254 2502 suis
3271 2448 3332 2502 in
3361 2444 3681 2515 religionem
3696 2454 3773 2493 rex

2219 2554 2547 2605 conversus,
2564 2538 2741 2609 fregit
2759 2538 2915 2609 quod
2931 2537 3002 2591 de
3017 2552 3158 2590 nece
3177 2534 3622 2589 Christianorum
3639 2541 3775 2582 vove-

2220 2631 2312 2682 rat
2341 2631 2560 2682 votum.
2594 2626 2733 2681 Huic
2762 2626 2869 2680 fuit
2899 2623 3392 2695 nuptaClodsinda
3420 2617 3779 2675 ClotariFran-

2221 2731 2422 2770 corum
2444 2714 2598 2787 regis
2623 2713 2891 2778 filia.Qua
2916 2712 3205 2779 defuncta,
3221 2708 3641 2767 Rosemundam
3657 2704 3777 2758 Chu-

2226 2803 2431 2857 niniun
2440 2803 2496 2857 di
2513 2802 2687 2875 Gepid
2696 2818 2797 2857 oru
2808 2818 2863 2856 m
2878 2800 3030 2872 regis
3046 2803 3243 2854 natam
3258 2797 3478 2870 accepit
3492 2794 3778 2864 coniugem.

2223 2891 2384 2961 cujus
2413 2891 2532 2963 ipse
2556 2891 2775 2946 dudum
2808 2890 3176 2944 interfecerat
3200 2889 3500 2958 patrem.A
3519 2899 3641 2956 qua,
3675 2894 3781 2934 cum

2222 2979 2408 3034 tribus
2437 2983 2495 3034 et
2523 2996 2590 3034 eo
2622 2979 2868 3050 amplius
2897 2976 3065 3033 annis
3097 2977 3157 3031 in
3195 2976 3360 3030 Italia
3402 2989 3567 3045 super
3591 2971 3782 3038 Longo-

2225 3066 2437 3122 bardos
2466 3071 2782 3138 regnasset,
2802 3066 2860 3120 in
2874 3065 3186 3120 vindictam
3206 3068 3468 3136 paterna
3490 3060 3635 3116 necis
3649 3054 3787 3112 dede.

2226 3156 2589 3212 corosissima
2614 3155 2988 3226 ieteremptus
3005 3156 3090 3207 est
3107 3150 3491 3208 morte.Etvir
3518 3142 3786 3203 bellicosis-

2227 3245 2405 3300 simus
2423 3259 2781 3315 summaque
2797 3242 3071 3307 audacia,
3087 3241 3255 3296 unius
3272 3239 3616 3295 muliercula
3635 3230 3789 3290 consi-

2230 3334 2307 3388 lio
2339 3333 2542 3406 periit;
2572 3332 2670 3404 qui
2698 3347 2801 3402 per
2831 3334 2919 3386 tot
2948 3330 3195 3385 hostium
3220 3332 3445 3399 strages
3466 3327 3610 3382 bello
3636 3323 3790 3415 famo-

2233 3421 2486 3476 sissimus
2501 3419 2731 3475 exstitit.
2768 3421 2835 3474 Et
2855 3418 2953 3473 illa
2981 3417 3217 3489 quidem
3250 3420 3429 3471 tanta
3457 3409 3794 3501 immanitatis

2235 3509 2432 3565 debita
2451 3509 2559 3564 luit
2580 3511 2868 3563 maturato
2886 3505 3184 3577 supplicia.
3200 3505 3346 3559 Nam
3362 3504 3499 3559 dum
3517 3499 3795 3568 corruptori

2237 3616 2360 3665 suo,
2395 3597 2715 3652 Helmechis
2732 3594 2991 3661 nomine,
3011 3609 3184 3666 quem
3207 3592 3335 3664 ipsa
3354 3592 3413 3647 in
3444 3604 3636 3645 necem
3657 3582 3797 3677 regis:

2234 3690 2579 3750 armaverat,
2606 3684 2983 3757 postmodum
3006 3699 3037 3736 e
3057 3683 3267 3737 balneo
3292 3677 3612 3753 egredienti
3631 3685 3799 3728 veneni

2234 3777 2527 3847 poculum,
2551 3774 2708 3847 quod
2725 3774 2973 3828 salutare
3001 3771 3295 3825 asserebat
3320 3762 3798 3840 esse,porrexissel.

2229 3858 2325 3919 ille
2339 3864 2535 3935 agnito
2548 3862 2921 3918 mortiferum
2937 3862 3205 3914 haustum
3222 3875 3284 3913 se
3298 3850 3801 3922 bibisse,evagiualo

2231 3952 2425 4022 gladio
2441 3968 2571 4006 eam
2589 3950 2741 4022 quod
2760 3950 3044 4021 reliquum
3063 3951 3188 4002 erat
3199 3947 3403 4001 bibere
3422 3938 3802 4016 coegit.Sicqlle

2234 4040 2629 4095 nefandissimi
2659 4037 2993 4107 homicidaj
3004 4040 3141 4091 usta
3155 4036 3443 4090 fact-orum
3460 4046 3681 4089 suorum
3701 4024 3804 4080 sub-

2229 4129 2464 4199 jacuere
2494 4128 2783 4182 vindicta.
2824 4131 2896 4181 At
2924 4143 3057 4181 vero
3091 4128 3220 4198 post
3254 4123 3630 4189 Alhoin,cnm
3658 4111 3803 4183 Cleph

2237 4216 2623 4272 nobilissimus
2636 4215 3172 4287 Longobardorum,
3193 4229 3349 4268 anno
3369 4228 3485 4267 uno
3497 4214 3649 4286 etsex
3670 4217 3802 4258 men-

2237 4307 2408 4373 sibus,
2432 4305 2710 4360 tenuisset
2734 4304 3141 4377 principatum,
3171 4303 3367 4357 denuo
3399 4302 3569 4356 duces
3597 4298 3650 4350 in
3683 4295 3801 4346 Lon-

2238 4394 2628 4467 gobardorum
2642 4396 2815 4465 gente
2827 4393 3004 4447 decen
3012 4391 3104 4446 nio
3122 4390 3301 4445 creati
3314 4407 3419 4445 sun
3427 4389 3539 4443 t.Et
3550 4378 3807 4473 unusquif

2239 4500 2350 4555 que
2409 4483 2620 4538 ducum
2652 4497 2815 4537 suam
2851 4482 3092 4553 regebat
3123 4479 3437 4534 civitatem.
3465 4478 3504 4531 E
3527 4467 3803 4555 quibusali:

2243 4551 2443 4642 quanti
2473 4571 2681 4626 Gallias
2734 4551 3033 4644 prada—ndi
3063 4568 3335 4641 cupidine
3368 4568 3644 4639 petentes,
3681 4551 3806 4644 apud

2244 4659 2601 4715 Provinciam
2635 4642 2764 4713 cum
2797 4660 3012 4713 Amato
3035 4656 3298 4729 patricio,
3330 4655 3430 4728 qui
3463 4652 3583 4725 regi
3604 4642 3807 4722 parebat

2243 4748 2606 4815 Guntranno,
2629 4748 2780 4802 bello
2812 4746 3154 4816 conﬂigunt.
3184 4746 3471 4817 Factaque
3499 4742 3569 4797 de
3584 4742 3805 4808 Burgun-

2246 4836 2512 4891 dionibus
2555 4836 2808 4891 maxima
2839 4839 3049 4906 strage,
3079 4834 3268 4905 ipsum
3297 4832 3503 4887 ducem
3534 4831 3806 4884 intereme-

2245 4924 2954 4988 ruut.QuodGuntrannus
2969 4922 3229 4987 audiens,
3244 4924 3480 4975 evocato
3497 4917 3567 4971 ad
3589 4931 3645 4967 se
3660 4912 3808 4967 Ium-

2246 5014 2402 5068 molo
2426 5016 2696 5085 spectata
2723 5012 2945 5067 virtutis
2967 5008 3446 5082 viro,patriciatus
3463 5005 3512 5060 ei
3530 5000 3806 5093 indixitcu-

2245 5104 2639 5157 ram.Prorum
2648 5101 2913 5173 pentibus
2928 5100 3137 5154 iterum
3154 5085 3807 5162 inGalliasLongobardis,

2242 5190 2587 5245 Mummolus
2599 5206 2729 5244 cum
2750 5188 2939 5243 valida
2961 5185 3436 5258 Burgundionum
3456 5197 3628 5238 manu
3648 5187 3813 5233 occur-

2243 5278 2703 5345 rit.Qui,duobus
2720 5276 2931 5347 praliis
2950 5275 3205 5330 hostibus
3227 5289 3403 5345 usque
3421 5272 3493 5326 ad
3507 5276 3808 5339 supremum

2247 5366 2622 5432 labefactatis,
2664 5364 2919 5436 reliquos
2960 5363 3239 5434 fugaciter
3277 5362 3333 5415 in
3384 5358 3601 5413 Italiam
3646 5350 3808 5442 redire

2247 5472 2374 5509 com
2383 5455 2662 5527 pulit.l\'ec
2682 5454 2830 5508 ultra
2845 5452 3181 5523 adjecerunt
3198 5450 3458 5504 animum
3479 5436 3808 5514 Longobardi

2247 5545 2381 5599 utad
2395 5544 2600 5599 Gallias
2618 5540 3097 5596 trausirent.l\'am
3119 5540 3264 5594 Mum
3275 5538 3457 5591 molus
3470 5536 3596 5607 post
3606 5536 3807 5599 tergum

2232 5648 2439 5688 eorum
2462 5632 2812 5686 Francorum
2834 5628 3088 5701 dirigens
3114 5626 3450 5690 exercitum,
3476 5623 3716 5691 Anagnis
3728 5630 3805 5667 ca-
