3940 6166
504 345 609 400 707

1587 332 1852 392 AlMOlNl
1881 331 2196 394 MONACHI
2234 337 2731 401 FLORIACENSIS
3660 363 3745 418 708

504 466 723 524 Direxit
739 451 936 522 autem
952 461 1026 519 ad
1046 461 1826 553 sacerdiotem,utginimicum
1848 480 2013 553 suum
2046 464 2117 519 de
2142 470 2197 529 Α
2223 468 2567 539 capiendum
2587 471 2712 525 fore
2735 471 3085 544 intelligens,
3113 475 3280 531 virtus
3300 495 3384 545 ne,
3409 480 3449 534 si
3470 483 3533 535 ad
3567 487 3748 553 patrem

505 555 741 610 ecclesia
764 555 1091 625 expelleret.
1144 551 1256 607 Sed
1287 569 1354 606 eo
1412 551 1734 617 differente,
1773 551 2122 623 Chilpericus

501 643 810 698 exercitum
829 642 1182 696 commoveri
1200 641 1492 712 przecepit.
1514 641 1678 704 Quod
1701 640 1937 694 audiens
1951 641 2123 694 Mero-

501 749 636 786 veus
660 733 733 785 ba
749 731 941 785 asilica
961 731 1158 801 egredi
1189 729 1387 784 voluit.
1415 729 1706 785 Leudastis
1725 745 1857 782 vero
1876 729 2116 784 Turoni-

502 836 600 874 cus
629 835 825 874 comes
860 835 1068 890 pueros
1099 819 1241 889 ejus,
1283 817 1378 890 qui
1414 835 1518 889 pro
1567 816 1898 872 necessariis
1936 820 2118 873 causis

500 907 560 961 in
590 907 782 962 villam
815 906 1022 973 ierant,
1072 906 1337 977 peremit.
1389 905 1753 976 Quapropter
1803 906 2114 972 Meroveus,

501 993 796 1050 adnitente
831 995 1193 1059 Guntranno,
1223 993 1561 1048 Marileffum
1595 993 1886 1047 medicum
1918 1011 1952 1047 a
1977 1010 2116 1065 rege

496 1081 827 1136 venientem
851 1082 1056 1148 tenuit,
1084 1082 1389 1152 ablatoque
1417 1097 1555 1135 auro
1587 1097 1651 1135 ac
1675 1086 1916 1151 argento
1962 1082 2118 1151 quod

491 1169 736 1232 ferebat,
769 1186 903 1224 eum
927 1170 1121 1240 utique
1157 1168 1474 1230 occidisset,
1506 1168 1611 1222 nisi
1661 1169 1754 1222 ille
1809 1169 2114 1222 ecclesiam

495 1257 820 1329 expetisset.
847 1259 1071 1311 Interea
1101 1257 1238 1310 dum
1273 1255 1342 1310 de
1377 1260 1540 1326 patre
1570 1273 1632 1310 ac
1663 1272 1908 1311 noverca
1934 1257 2114 1311 Mero-

495 1360 630 1398 veus
659 1345 842 1398 multa
867 1345 1197 1414 loqueretur
1213 1343 1488 1413 facinora,
1514 1344 1764 1415 quadam
1780 1343 1871 1396 die
1905 1343 2115 1414 Grego-

496 1432 648 1486 rium
671 1431 1002 1502 episcopum
1035 1431 1106 1485 ad
1153 1431 1471 1485 convivium
1505 1431 1772 1497 invitans,
1805 1435 1974 1502 rogat
2006 1431 2110 1485 ali-

499 1519 636 1591 quid
668 1519 740 1573 ad
770 1519 1211 1573 azdificationem
1244 1519 1378 1588 legi.
1409 1520 1565 1573 Tunc
1597 1519 1853 1584 antistes,
1879 1523 2108 1590 arrepto

498 1605 826 1659 Salomonis
857 1605 1024 1672 libro,
1052 1606 1204 1660 hunc
1230 1607 1482 1678 primum
1516 1606 1858 1660 versiculum
1891 1605 2114 1660 invenit

498 1710 562 1748 ac
595 1693 780 1763 legit:
827 1693 1070 1760 Oculum,
1117 1696 1214 1764 qui
1249 1702 1524 1748 aversatur
1563 1701 1798 1764 patrem,
1851 1693 2110 1763 e/fodiant

2226 557 2549 626 duceretur,
2582 576 2786 629 graves
2817 561 2886 615 de
2941 579 3000 616 se
3053 581 3248 634 pcenas
3303 566 3469 633 daret,
3507 569 3751 627 Gailenum

2223 646 2534 716 quemdam
2557 648 2663 702 sibi
2689 649 3032 704 familiarem
3056 653 3292 722 rogavit,
3316 658 3439 708 utse
3460 657 3623 725 gladio
3649 677 3751 730 per-

2222 737 2462 811 cuteret.
2484 738 2529 788 A
2552 752 2664 806 quo
2697 737 2876 790 cultro
2910 755 3013 809 per
3042 739 3254 794 viscera
3274 743 3524 811 trajectus
3560 744 3756 804 interiit.

2221 810 2507 889 Gailenus,
2539 824 2816 878 truncatis
2847 826 3186 881 manibusac
3207 810 3434 898 pedibus
3459 832 3678 896 ,naribus
3698 835 3756 886 si-

2222 910 2342 963 mul
2388 913 2449 964 et
2479 911 2732 978 auribus,
2764 913 3013 984 turpiter
3061 914 3234 968 vitam
3286 915 3474 972 finivit.
3505 919 3620 973 Post
3665 920 3762 974 haec

2221 995 2446 1051 Sanson
2477 998 2622 1052 filius
2653 999 2952 1070 Chilperici
2986 1005 3244 1057 mortuus
3273 1010 3371 1058 est.
3426 1004 3578 1076 Cujus
3625 1007 3761 1061 funus

2219 1101 2352 1138 cum
2382 1084 2563 1140 nimia
2585 1087 3004 1143 lamentatione
3030 1089 3184 1144 idem
3215 1107 3310 1145 rex
3353 1097 3650 1162 prosecutus
3676 1099 3758 1149 est.

2219 1173 2296 1226 Eo
2329 1191 2484 1228 anno
2511 1176 2674 1230 stella
2703 1176 2760 1230 in
2791 1177 2982 1232 medio
3014 1179 3166 1232 lunae
3192 1180 3410 1250 fulgens
3425 1181 3531 1235 visa
3557 1186 3647 1237 est.

2816 1265 3039 1322 CAPUT
3061 1268 3229 1322 XXIV.

2213 1350 2298 1406 De
2319 1350 2890 1409 Guntranni—Bosonis
2911 1355 3129 1422 ﬁliabus
3154 1358 3344 1411 virtute
3357 1360 3522 1429 patris
3547 1357 3760 1423 liberatis,

2639 1443 2974 1511 suffragante
2987 1443 3107 1497 divo
3128 1443 3384 1500 Martino.

2287 1526 2532 1590 Quidam
2553 1531 2984 1595 potentissimus
3005 1548 3309 1602 procerum
3334 1533 3633 1606 Chi'perici,
3649 1535 3765 1588 Gun-

2213 1617 2629 1680 trannus-Boso
2650 1634 2762 1672 uno
2785 1619 3022 1673 nomine
3053 1621 3130 1674 sic
3161 1619 3364 1684 dictus,
3395 1622 3602 1676 relectis
3619 1622 3668 1676 in
3696 1639 3762 1674 ec.

2211 1703 2380 1756 clesia
2411 1705 2590 1758 sancti
2615 1705 2808 1760 Hilarii
2831 1707 3055 1762 ﬁliabus
3091 1709 3225 1776 suis,
3258 1710 3329 1764 ad
3389 1709 3767 1764 Childebertum

498 1799 620 1836 eum
650 1784 800 1834 corvi
835 1781 899 1835 de
941 1782 1262 1836 torrentibus
1291 1781 1481 1854 (Prov.
1528 1782 1676 1851 xxx).
1723 1783 1791 1835 Et
1822 1781 1942 1835 haec
1981 1782 2108 1853 qui-
2132 1785 2183 1844 B
2210 1791 2454 1845 transiit.
2476 1795 2643 1848 Anno
2657 1811 2787 1849 vero
2812 1797 2978 1850 tertio
3003 1797 3166 1868 regni
3186 1798 3523 1853 Childeberti
3543 1797 3767 1868 junioris,

500 1869 634 1924 dem
663 1869 755 1923 ille
789 1886 906 1924 non
933 1868 1236 1936 intellexit,
1261 1870 1496 1924 antistes
1533 1886 1666 1924 vero
1710 1869 1952 1924 miratus
2000 1873 2105 1938 est,

498 1957 925 2028 redargutionis
952 1957 1058 2012 sibi
1088 1959 1261 2012 verba
1292 1959 1480 2029 prima
1511 1958 1843 2013 occurrisse.

1095 2046 1325 2100 CAPUT
1356 2048 1506 2100 XXII.

709 2134 792 2188 De
823 2133 1142 2190 Guntranno
1172 2135 1550 2204 Pythonissam
1565 2135 1894 2190 consultante

569 2224 701 2278 Post
715 2223 837 2277 haec
863 2222 1448 2277 direxitGuntrannus
1473 2223 1543 2277 ad
1563 2223 1868 2276 mulierem
1893 2221 2106 2293 Pytho-

496 2312 735 2377 nissam,
761 2328 889 2382 quas
921 2312 972 2365 ei
1003 2311 1312 2382 aliquando
1346 2328 1461 2365 non
1488 2313 1676 2366 solum
1690 2327 1909 2365 annum
1929 2310 2028 2364 sed
2049 2313 2106 2364 et

496 2399 655 2454 diem
684 2401 742 2452 et
771 2399 980 2453 horam
1011 2416 1124 2470 qua
1153 2399 1522 2453 Charibertus
1554 2415 1651 2453 rex
1715 2399 1923 2464 obiret,
1957 2414 2103 2470 prae-

495 2487 736 2552 dixerat,
765 2489 827 2539 ut
865 2503 994 2540 eam
1035 2503 1206 2558 super
1247 2490 1396 2540 statu
1429 2487 1815 2558 interrogaret
1843 2503 1964 2540 suo.
2002 2485 2104 2540 Cui

495 2573 593 2628 illa
627 2575 747 2628 btec
779 2573 1001 2628 remisit
1031 2575 1386 2628 mandatam
1415 2575 1550 2640 Hoc,
1574 2574 2103 2646 inquit,annoCl1il-

2209 1877 2306 1947 qui
2337 1883 2462 1932 erat
2482 1879 2782 1951 Chilperici
2806 1884 3198 1939 etGuntranni
3224 1887 3495 1958 septimus
3531 1887 3765 1948 decimus,

2207 1965 2753 2024 Guntraunus-Boso
2775 1971 2920 2025 ﬁlias
2950 1989 3078 2026 suas
3093 1974 3332 2030 Pictavis
3359 1975 3572 2029 auferre
3585 1976 3764 2038 volens,

2207 2052 2592 2110 Dracolenum
2646 2059 2958 2129 quendam,
3017 2061 3122 2116 sibi
3177 2062 3598 2116 infestissimum
3628 2077 3768 2132 seque

2206 2146 2674 2214 persequentem,
2705 2149 2766 2200 ut
2795 2163 2830 2200 a
2853 2164 2910 2202 se
2939 2153 3296 2204 averteretur
3311 2151 3565 2221 precibus
3585 2166 3642 2203 ac
3668 2166 3769 2202 mu-

2207 2229 2682 2287 neribusllectere
2698 2234 3455 2305 nitebatur.Dracolenus,ut
3475 2241 3589 2292 erat
3609 2240 3769 2291 mente

2206 2318 2406 2385 elatus,
2433 2321 2678 2391 superbe
2709 2323 3029 2394 respondit,
3063 2341 3324 2380 asserens
3351 2343 3408 2380 se
3465 2326 3765 2388 funiculum,

2205 2422 2348 2477 quos
2378 2408 2518 2463 alios
2551 2409 2820 2481 deceptos
2863 2412 3104 2481 perdere
3130 2415 3377 2480 solebat,
3418 2418 3664 2487 paratum
3692 2413 3773 2466 ha-

2205 2493 2362 2561 bere,
2396 2499 2458 2549 ut
2487 2513 2554 2551 eo
2587 2498 2990 2553 Guntrannum
3021 2500 3483 2557 involveret.Non
3513 2503 3630 2556 tulit
3649 2502 3774 2555 Gun-

2203 2582 2444 2636 trannus
2469 2585 2715 2655 superba
2737 2586 3081 2656 jactantem,
3112 2589 3210 2644 sed
3235 2607 3443 2645 manus
3468 2592 3678 2645 elevans
3721 2589 3768 2642 in

492 2661 686 2733 perico
700 2660 798 2715 def
801 2662 1542 2728 uncto,llleroveus,devictis
1554 2661 2100 2732 fratribus,regnum

492 2747 752 2820 accipiet,
819 2753 990 2819 teque
1043 2749 1249 2803 ducem
1297 2749 1622 2804 constituet.
1682 2749 1803 2812 Quo
1860 2765 2100 2803 munere

492 2835 886 2908 quinquennio
914 2837 1162 2904 functus,
1181 2838 1428 2910 septimo
1451 2837 1715 2892 efﬁcieris
1742 2837 2096 2908 episcopus.»

559 2925 675 2979 Hoc
719 2925 816 2979 ille
847 2926 1116 2997 episcopo
1155 2925 1429 2997 Gregorio
1457 2927 1672 2993 retulit,
1706 2929 1764 2981 et
1794 2927 1864 2980 ab
1897 2943 1964 2980 eo
1994 2927 2100 2980 hoc

485 3029 825 3085 responsum
854 3014 1075 3086 accepit
1107 3031 1119 3068 :
1151 3037 1177 3064 «
1231 3017 1341 3070 lsta
1376 3015 1558 3085 magis
1587 3032 1621 3068 a
1678 3017 1791 3069 Deo
1827 3031 2008 3085 quam
2068 3032 2102 3069 a

486 3101 717 3157 diabolo
749 3102 966 3174 exquiri
997 3102 1346 3157 debuissent.
1382 3125 1408 3150 ››
1447 3103 1856 3157 Verumtamen
1891 3103 2098 3156 Frede-

2201 2672 3023 2745 cmlum,prodigiafacientem
3043 2677 3332 2733 invocavit
3355 2679 3652 2734 Dominum
3664 2681 3771 2732 etut

2202 2758 2305 2812 sibi
2342 2777 2445 2830 per
2474 2761 2943 2818 intercessionem
2966 2765 3115 2819 beati
3153 2766 3384 2821 Martini
3442 2767 3773 2821 misereretur

2203 2849 2403 2902 oravit.
2430 2849 2778 2921 Congressus
2803 2857 3004 2906 contra
3025 2853 3440 2923 adversarium,
3469 2856 3648 2910 fauces
3665 2872 3775 2908 con-

2201 2937 2465 2992 tumacia:
2507 2939 2676 2993 verba
2707 2940 3000 3009 profantes
3033 2945 3203 2996 conto
3265 2944 3569 2998 transfodit
3616 2945 3771 2996 eleva-

2203 3025 2440 3096 tumque
2497 3027 2636 3080 sella
2691 3028 3038 3098 equitatoria
3089 3030 3303 3100 dejecit
3363 3031 3676 3087 exanimem
3719 3029 3776 3082 ad

2202 3114 2439 3166 terram.
2469 3114 2582 3168 Hoc
2615 3120 2823 3170 eventu
2853 3117 3004 3171 felici
3035 3136 3185 3186 usus,
3219 3123 3525 3176 translatas
3554 3140 3586 3176 a
3623 3120 3775 3174 Picta-

2201 3216 2400 3255 vorum
2431 3203 2570 3257 urbe
2597 3204 2654 3258 fil
2684 3221 2746 3258 as
2771 3205 3008 3260 deduxit
3051 3225 3165 3280 quo
3197 3210 3399 3265 voluit.

2810 3294 3034 3349 CAPUT
3057 3297 3203 3351 XXV.

2425 3377 2507 3432 De
2544 3379 2899 3435 Pictavorum
2929 3382 3326 3456 Britonumque
3353 3386 3626 3441 discordia.

484 3187 716 3259 gundis,
748 3204 874 3259 quae
933 3188 1154 3242 occulte
1202 3189 1537 3244 Guntranno
1583 3190 1810 3243 favebat
1863 3193 2100 3260 propter

483 3280 738 3332 mortem
750 3277 1133 3332 Theodeberti
1155 3277 1298 3347 (non
1321 3277 1477 3331 enim
1507 3277 1695 3332 fuerat
1721 3295 1787 3330 ex
1799 3295 1867 3332 ea
1889 3280 2096 3345 natus),

483 3364 643 3418 misit
674 3365 747 3418 ad
778 3381 910 3418 eum
944 3367 1006 3418 ut
1026 3366 1286 3419 Meroveo
1318 3365 1583 3419 suaderet
1610 3365 1892 3436 egrediab
1918 3367 2098 3419 eccle-

483 3452 585 3506 sia.
604 3453 700 3505 llle
721 3456 933 3522 praesto
948 3456 1158 3522 putans
1175 3454 1322 3506 forte
1337 3468 1840 3522 percussores,non
1855 3453 2094 3520 distulit;

481 3539 584 3594 sed
613 3539 758 3594 nilei
782 3539 995 3594 nocuit.
1021 3541 1269 3594 Demum
1283 3541 1638 3612 Chilpericus
1667 3558 1768 3613 per
1789 3542 2097 3597 diaconum

483 3627 558 3681 ad
584 3628 912 3700 sepulcrum
944 3628 1125 3682 sancti
1159 3628 1383 3683 Martini
1409 3628 1549 3683 duas
1579 3629 1757 3683 mittit
1785 3631 2094 3692 chartulas,

483 3731 729 3787 quarum
754 3733 870 3770 una
896 3716 1233 3770 continebat
1253 3719 1312 3770 ut
1331 3716 1436 3770 sibi
1455 3717 1724 3772 divinitus
1746 3717 1804 3771 in
1830 3717 2094 3790 alia,qute

481 3807 607 3858 erat
631 3821 826 3871 vacua,
862 3804 1277 3859 rescriberetur
1305 3805 1347 3859 si
1380 3805 1530 3861 foret
1572 3806 1657 3860 fas
1687 3806 2092 3860 Guntrannum

479 3908 515 3946 a
562 3894 778 3964 templo
832 3893 1073 3948 extrahi.
1126 3893 1428 3960 Diaconus,
1490 3894 1681 3949 triduo
1739 3898 2092 3965 exspectans,

475 3981 665 4038 inanis
697 3999 729 4036 a
762 3999 1038 4054 responso
1100 3983 1386 4038 abscessit.
1423 3983 1535 4038 Sed
1594 3984 1963 4038 Guntrannus
2008 4000 2096 4037 ve-

478 4069 769 4126 nientibus
813 4071 964 4142 regis
999 4071 1204 4139 missis,
1237 4073 1428 4144 palam
1473 4073 1666 4127 altaris
1719 4089 1850 4126 cum
1907 4089 2090 4127 sacra-

477 4162 677 4213 mento
709 4158 1105 4230 ﬁdejussorem
1133 4161 1312 4228 dedit,
1324 4162 1616 4232 jactanter
1643 4161 1928 4234 pollicitus
1950 4179 2094 4216 nun-

478 4263 655 4319 quam
687 4265 746 4302 se
774 4247 950 4305 inscio
976 4266 1113 4321 rege
1145 4251 1428 4322 templum
1461 4267 1847 4324 egressurum.

1073 4338 1304 4393 CAPUT
1329 4340 1502 4393 XXlll.

605 4424 688 4479 De
713 4425 963 4485 Meroon
994 4427 1268 4481 oraculum
1297 4447 1330 4482 a
1355 4429 1511 4484 libris
1531 4429 1726 4482 divinis
1747 4434 1980 4498 potente.

547 4513 804 4570 Tandem
820 4516 1473 4588 Meroveus,postpositis
1488 4516 1840 4588 Pytlionisste
1858 4533 2091 4588 respon-

476 4602 572 4672 sis,
603 4619 708 4674 per
737 4603 991 4659 triduum
1017 4604 1277 4676 vigilans,
1304 4605 1361 4659 in
1393 4605 1718 4660 divinisboc
1745 4620 2090 4677 responsum

474 4692 635 4748 libris
664 4693 900 4764 accepit.
925 4696 988 4748 In
1021 4694 1242 4763 Regum
1269 4693 1504 4765 quidem
1538 4693 1651 4748 :Eo
1691 4694 1851 4765 quod,
1881 4693 2088 4764 inquit,

476 4781 758 4852 reliquistis
783 4781 1077 4836 Dominum
1117 4781 1293 4836 Deum
1322 4790 1576 4848 oestrum,
1607 4781 1825 4835 tradidit
1843 4800 1932 4836 vos
1947 4781 2092 4835 Deus

476 4871 534 4924 in
572 4886 760 4924 manus
789 4870 1138 4925 inimicorum
1154 4873 1530 4925 vestrorumJn
1565 4871 1840 4925 Psalterio
1854 4875 2087 4924 autem:

474 4957 732 5027 Dejecisti
788 4977 890 5026 eos,
949 4959 1077 5014 dum
1141 4960 1502 5016 allevarentur
1562 4959 1729 5029 (Psal.
1786 4963 1969 5021 Lxxu).
2028 4961 2090 5012 In

475 5046 783 5118 Evangelia
809 5063 942 5102 vero
973 5065 986 5101 :
1021 5048 1174 5103 Scitis
1205 5052 1328 5120 quia
1341 5056 1462 5120 post
1489 5047 1708 5102 biduum
1733 5047 1946 5104 Pascha
1975 5048 2087 5116 ﬁet,

477 5139 586 5192 etc.
609 5134 834 5208 (Matth.
861 5138 1032 5209 xxvx).
1063 5139 1156 5192 His
1180 5138 1271 5192 ille
1294 5139 1424 5193 visis
1446 5138 1614 5204 ﬂens,
1638 5137 1711 5192 ad
1739 5139 1921 5192 sancti
1952 5138 2090 5192 Mar-

474 5224 581 5281 tini
602 5227 863 5280 tumbam
889 5242 1021 5282 cum
1053 5226 1460 5298 quingentiset
1476 5243 1543 5281 eo
1559 5226 1971 5296 ampliusviris,
1997 5243 2086 5280 as-

475 5317 705 5384 sumpto
737 5331 964 5388 quoque
995 5316 1332 5370 Guntranno
1363 5316 1526 5382 duce,
1561 5314 1833 5384 discessit,
1870 5324 1928 5371 et
1986 5331 2089 5387 per

471 5401 997 5460 Atissiodorensem
1050 5404 1256 5458 urbem
1289 5404 1521 5459 Divione
1581 5407 1768 5460 castro
1829 5406 2085 5472 veniens,

473 5490 680 5548 exinde
709 5494 783 5549 ad
816 5495 1158 5550 Remensem
1194 5493 1573 5566 Campaniam
1605 5494 1851 5549 transiit.
1887 5495 2016 5564 Qui,
2049 5513 2084 5551 a

449 5583 931 5651 ,Tarvanensibus
958 5583 1019 5643 in
1051 5584 1304 5659 quadam
1332 5583 1464 5642 villa
1487 5583 1910 5642 circumventus
1943 5588 2002 5642 et
2026 5602 2087 5642 se

2272 3465 2652 3522 Pictavienses
2683 3486 2914 3541 quoque
2947 3475 3004 3525 et
3040 3473 3374 3545 Bagasseni,
3407 3476 3502 3546 qui
3536 3490 3673 3528 nunc
3693 3477 3777 3526 Ar-

2197 3552 2421 3608 basseni
2455 3555 2742 3636 dicuntur,
2763 3560 3063 3636 conjuncti
3084 3562 3607 3636 Andegavensibus,
3633 3563 3779 3636 Varo-

2196 3640 2327 3678 cum
2359 3629 2634 3681 comitem
2684 3629 2986 3684 Britnnum
3019 3629 3332 3704 repentino
3371 3635 3586 3707 impetu
3617 3631 3780 3705 oppri-

2197 3727 2355 3766 mere
2390 3715 2800 3770 moliebantur.
2837 3718 3096 3782 Quorum
3125 3723 3407 3792 przevenit
3438 3723 3659 3777 insidias
3694 3720 3779 3773 Va-

2194 3816 2380 3869 rocus,
2417 3802 2567 3857 circa
2597 3804 2858 3859 medium
2889 3809 3071 3862 noctis
3101 3827 3276 3880 super
3323 3828 3422 3866 eos
3474 3812 3686 3866 irruens
3730 3810 3777 3860 et

2196 3890 2510 3945 maximam
2543 3909 2608 3946 ex
2640 3893 2720 3946 eis
2747 3897 3001 3965 stragem
3030 3897 3267 3956 faciens.
3295 3899 3488 3954 Tertia
3516 3915 3641 3953 vero
3703 3895 3777 3949 die

2195 3993 2325 4031 cum
2357 3979 2591 4033 ducibus
2623 3980 2932 4052 Chilperici
2960 3984 3143 4040 fmdus
3165 3988 3410 4059 pepigit,
3446 3989 3583 4043 dans
3619 3985 3776 4040 ﬁlium

2193 4082 2359 4120 suum
2387 4067 2644 4123 obsidem
2675 4075 2729 4124 et
2747 4088 2874 4142 quas
2897 4079 3224 4144 pervaserat
3246 4077 3776 4132 reddens.Venetum

2192 4171 2420 4227 quoque
2449 4157 2650 4212 urbem
2665 4175 2732 4212 ea
2761 4161 3091 4216 conditione
3115 4164 3329 4218 refudit
3365 4169 3427 4218 ut
3451 4165 3492 4218 si
3525 4178 3588 4219 ex
3618 4160 3776 4234 gratia

2191 4244 2342 4315 regis
2369 4261 2498 4298 eam
2529 4251 2725 4302 tenere
2769 4252 3335 4318 mereretur,tributa
3366 4253 3666 4326 quotannis
3693 4249 3782 4302 sol-

2118 4340 2170 4399 D
2192 4349 2321 4386 vere
2355 4350 2469 4388 non
2505 4341 2914 4392 morareretur.
2949 4338 3256 4409 Aliquanto
3283 4347 3481 4395 autem
3504 4339 3774 4409 intcrjecto

2193 4423 2455 4491 tempore
2483 4439 2516 4476 a
2548 4423 2660 4477 ﬁde
2689 4424 3024 4487 desciscens,
3059 4427 3308 4482 Eunium
3339 4430 3618 4483 Veneticze
3649 4424 3777 4480 urbis

2192 4510 2526 4582 episcopum
2558 4511 2626 4565 ad
2645 4529 2843 4583 regem
2872 4514 3086 4585 dirigit,
3122 4533 3223 4587 pro
3259 4517 3602 4588 quibusdam
3622 4511 3779 4569 causis

2191 4615 2467 4665 responsa
2497 4601 2769 4655 laturum.
2798 4602 2982 4664 Quem
3013 4621 3110 4658 rex
3143 4622 3272 4659 cum
3310 4607 3395 4661 ira
3432 4607 3780 4677 objurgatum

2193 4687 2399 4742 direxit
2429 4690 2485 4742 in
2515 4689 2799 4746 exsilium.

2697 4779 2921 4835 CAPUT
2952 4780 3121 4848 XXVI,
3145 4783 3344 4839 XXVll.

2191 4865 2274 4921 De
2297 4864 2586 4938 Chilperici
2612 4869 2667 4921 in
2688 4868 3076 4925 Praetextatum
3119 4873 3420 4943 episcopum
3478 4871 3780 4926 accusatione

2640 4964 2688 5009 et
2716 4955 3381 5030 Prastextatipurgatione,

2263 5046 2358 5099 His
2388 5046 2466 5100 ita
2491 5045 2683 5118 gestis,
2703 5047 3031 5117 Ghipericus
3056 5041 3156 5103 rex
3187 5056 3545 5123 congregato
3565 5046 3782 5105 concilio

2190 5137 2531 5206 pontificum
2563 5136 2619 5190 in
2653 5139 2890 5192 ecclesia
2913 5138 3584 5196 SanctiPetriParisiaca:
3626 5136 3783 5198 urbis,

2189 5227 2595 5280 Prtetextatum
2611 5227 3134 5299 Rothomagenscm
3149 5229 3598 5303 episcopum(cuj
3609 5227 3782 5297 usjam

2189 5315 2579 5385 meminimus)
2603 5315 2797 5371 exsilio
2825 5319 3240 5386 revocatum,in
3267 5336 3472 5374 eorum
3497 5313 3781 5392 praesentia

2187 5420 2318 5458 cum
2350 5405 2456 5460 hac
2483 5405 2848 5460 accusatione
2881 5407 3154 5474 exhibuit,
3207 5407 3488 5464 dicenszs
3517 5404 3782 5473 Quamvis,

2186 5494 2500 5549 venerandi
2527 5494 2848 5568 pontifices,
2874 5496 3032 5567 regia
3057 5501 3306 5568 potestas
3336 5515 3506 5553 reum
3539 5496 3780 5567 majesta-

2189 5584 2259 5641 tis
2285 5585 2507 5660 legibus
2523 5585 2912 5643 condemnare
2934 5588 3133 5661 possit,
3154 5606 3261 5665 ego
3279 5593 3480 5646 tamen
3494 5591 3665 5654 hunc,
3695 5579 3780 5655 qui
