3934 6176
226 370 302 427 709
1211 353 1533 417 HISTORIA
1571 351 2015 413 FRANCORUM.
2045 388 2117 399 —
2147 355 2273 414 LIB.
2300 351 2392 413 III.

3347 364 3458 421 -7I0

227 490 383 543 falsum
410 483 502 538 sibi
534 479 780 553 pastoris
811 496 1025 535 nomen
1057 483 1312 552 usurpat,
1343 475 1755 549 conjurationis
1777 481 1832 539 Α
1854 493 1970 543 vas,
2000 477 2143 532 mihi
2183 493 2282 533 cur
2313 476 2603 549 deneges?
2653 476 2786 544 Sed,
2835 481 2896 530 ut
2944 474 3128 546 video,
3181 482 3460 551 perversis

225 579 376 631 contra
401 587 481 625 me
498 571 662 624 factae
693 569 1186 638 auctorem,sacris
1217 586 1332 622 non
1356 566 1756 622 contradiccns

225 660 498 725 cauonibus,
522 661 721 712 vestrae
754 657 1060 711 audientiae
1092 660 1462 727 repraesento.
1481 677 1507 703 ››
1535 656 1600 708 Et
1617 671 1753 708 con-

224 767 368 806 versus
385 748 446 802 ad
461 749 862 801 Praetextatum
877 746 1404 816 Rothomagensem
1424 743 1753 815 episcOpum

224 864 244 889 ‹‹
271 840 326 893 Ut
348 837 483 909 quid,
523 835 623 903 ait,
657 852 688 890 ο
720 835 1004 906 episcopo,
1035 850 1278 889 munera
1318 834 1530 906 populo
1558 833 1760 885 contra

219 943 361 982 meam
372 924 600 996 erogasti
614 923 1078 987 salutem?Quave
1095 923 1164 977 de
1179 939 1354 976 causa
1369 921 1544 974 lilium
1564 936 1758 974 meum

218 1016 479 1071 Heroveum
497 1030 628 1068 cum
649 1029 820 1067 uxore
838 1011 1024 1082 patrui
1041 1010 1540 1081 conjunxisti?Non
1556 1010 1762 1079 ignora

214 1103 286 1157 bas
305 1101 416 1172 quid
434 1100 499 1155 de
517 1101 624 1154 hac
647 1117 817 1160 causa
835 1099 978 1153 sacri
1000 1098 1263 1152 sauciant
1282 1097 1758 1160 canones?Quare

212 1194 360 1244 autem
383 1190 452 1242 ita
480 1189 664 1242 filium
687 1189 954 1242 adversus
973 1192 1199 1258 patrem
1224 1186 1458 1241 armasti
1484 1202 1673 1248 suum,
1699 1188 1759 1237 ut

213 1277 278 1330 ille
298 1277 483 1347 pariter
500 1293 632 1330 cum
652 1276 764 1330 vita
784 1292 1028 1346 regnum
1056 1277 1226 1329 vellet
1255 1275 1476 1345 eripere
1496 1274 1756 1327 meum?»

210 1367 461 1436 Postquam
489 1381 623 1419 vero
654 1381 752 1419 rex
781 1365 952 1431 siluit,
987 1364 1207 1429 Franci,
1241 1364 1337 1434 qui
1389 1378 1508 1432 prae
1540 1361 1758 1416 foribus

211 1453 388 1506 stabant
403 1453 734 1519 frementes,
751 1452 895 1506 ostia
909 1452 1154 1506 basilicae
1171 1450 1480 1521 effringere
1499 1449 1757 1503 niteban-

211 1545 292 1605 tur,
321 1543 370 1592 ut
405 1539 716 1594 antistitem
756 1539 938 1610 pannis
977 1539 1312 1594 subderent.
1349 1538 1460 1593 Sed
1488 1554 1606 1603 rex,
1635 1537 1755 1590 haec

208 1627 298 1680 ﬁeri
312 1628 846 1698 prohibens,Praetex
857 1630 972 1681 lato
985 1627 1210 1698 copiam
1229 1626 1514 1697 purgandi
1535 1624 1752 1678 tribuit.

211 1713 413 1785 Cumque
437 1714 530 1768 ille
561 1715 787 1784 objecta
814 1716 1123 1780 refelleret,
1158 1714 1394 1785 quidam
1427 1713 1552 1766 falsi
1588 1716 1757 1765 testes

1854 567 2168 632 censentis,
2200 570 2257 620 et
2289 567 2562 636 impletur
2604 565 2663 620 in
2695 569 2750 619 te
2793 567 3024 637 vulgare
3065 569 3456 639 proverbium,

1855 655 2011 724 quod
2042 655 2252 708 Corvus
2285 653 2436 708 corvi
2464 654 2693 708 oculum
2720 671 2838 709 non
2869 658 3050 710 eruet.
3080 676 3107 703 »
3143 656 3242 710 Cui
3273 674 3459 713 sacer-

1859 745 1989 798 dos:
2025 766 2050 792 ‹‹
2080 743 2230 809 Mihi,
2256 743 2461 813 inquit,
2497 760 2528 796 ο
2552 743 3016 814 rex,aequitatem
3039 743 3460 803 deserenticor-

1861 826 2120 893 raptores
2151 827 2319 877 erunt
2347 823 2530 878 multi.
2555 823 2630 876 Te
2663 827 2854 877 autem
2880 823 3313 896 dclinquentem
3339 828 3463 899 quis

1861 911 2152 981 corripiet,
2187 910 2292 964 nisi
2311 910 2402 964 ille
2418 911 2514 982 qui
2541 927 2599 964 se
2627 911 2838 965 fatetur
2859 913 3257 983 peccaminum
3279 914 3461 970 vindi-

1861 1000 2029 1055 cem?
2055 1000 2418 1070 Quapropter
2442 998 2485 1052 si
2513 1015 2638 1068 nos,
2656 1002 2711 1052 te
2734 998 2802 1052 de
2827 999 3052 1070 justitia
3081 1017 3461 1056 commonen-

1860 1091 1967 1155 tes,
1995 1088 2193 1142 audire
2217 1086 2653 1158 contempseris,
2688 1089 2811 1157 plus
2838 1105 2871 1142 a
2901 1089 3016 1142 Deo
3049 1106 3223 1160 quam
3241 1107 3275 1144 a
3297 1091 3463 1145 nobis

1859 1176 2362 1231 condemnaberis.
2398 1197 2426 1225 »
2445 1175 2531 1229 Ad
2558 1175 2678 1230 haec
2697 1193 2790 1230 rex
2813 1193 2824 1230 :
2851 1197 2879 1229 o'
2897 1177 3062 1249 Apud
3079 1178 3219 1232 alios
3235 1196 3466 1251 semper

1850 1263 2090 1333 justitia:
2113 1280 2342 1318 causam
2378 1263 2636 1329 obtineo,
2662 1264 2813 1335 apud
2835 1268 2892 1318 te
2913 1281 3234 1336 nunquam.
3252 1265 3463 1321 Verum

1860 1367 1968 1422 ego
1983 1352 2263 1423 Optimam
2280 1351 2470 1405 inveni
2485 1351 2718 1405 ultionis
2731 1367 2876 1406 meae
2890 1352 3218 1408 materiam.
3235 1355 3469 1408 Persua-

1857 1455 1920 1492 so
1960 1456 2210 1510 namque
2247 1439 2529 1493 Turonico
2582 1439 2817 1510 populo,
2866 1442 2929 1493 ut
2967 1440 3177 1494 clamet
3204 1439 3310 1495 sibi
3342 1459 3376 1495 a
3409 1444 3465 1496 te

1858 1526 2145 1597 aequitatis
2163 1526 2296 1596 jura
2323 1525 2619 1596 denegari,
2664 1542 2770 1596 ego
2811 1543 3039 1598 quoque
3094 1529 3465 1598 proclamabo

1860 1631 1976 1680 me,
2010 1615 2106 1686 qui
2139 1615 2314 1668 etiam
2346 1613 2506 1685 regia
2556 1615 2744 1686 polleo
2791 1614 3095 1686 dignitate,
3134 1615 3212 1670 nil
3263 1633 3468 1672 eorum

1859 1721 1985 1776 quae
2019 1703 2123 1774 ipsi
2157 1704 2448 1774 postulant
2496 1720 2529 1757 a
2573 1706 2627 1757 te
2675 1720 2838 1773 posse
2889 1704 3232 1774 promereri.
3280 1706 3348 1759 Et
3389 1705 3469 1760 sic

205 1808 450 1874 surgentes
471 1803 979 1858 calumniabantur
1001 1821 1034 1857 a
1063 1804 1333 1874 pontifice
1363 1803 1470 1856 sibi
1515 1819 1754 1856 munera
1775 1797 1830 1860 B
1861 1797 1986 1847 οῖ’ὶο
2019 1793 2320 1846 adversum
2349 1796 2403 1846 te
2435 1792 2780 1862 ρορυιοτυηι
2816 1791 2970 1859 οάίο,
3003 1793 3198 1863 injusti
3229 1794 3468 1849 nomine

206 1891 323 1958 data,
345 1895 398 1944 ut
425 1908 626 1962 regem
651 1891 782 1946 dolo
815 1892 1146 1961 perderent.
1177 1891 1392 1954 Quibus
1423 1890 1751 1961 episcopus:

206 2000 226 2027 σι
249 1980 294 2032 In
320 1979 435 2044 hoc,
465 1979 678 2051 inquit,
703 1996 864 2034 veros
892 1996 989 2034 vos
1010 1995 1131 2032 esse
1151 1977 1614 2048 confirmo,quod
1632 1994 1754 2030 mu-

208 2071 393 2121 aeratos
419 2084 518 2121 vos
551 2084 585 2120 a
617 2083 709 2120 me
741 2067 864 2120 fore
894 2065 1181 2120 fatemini.
1211 2065 1354 2129 Quid
1374 2065 1529 2118 enim
1562 2065 1757 2118 vestris

201 2154 370 2209 ditatus
396 2155 564 2210 donis
586 2155 739 2209 aliud
769 2171 1025 2226 agerem,
1055 2154 1162 2208 nisi
1184 2158 1246 2208 ut
1275 2170 1380 2224 par
1398 2170 1502 2225 pro
1531 2153 1652 2224 pari
1666 2169 1757 2206 re-

200 2241 566 2307 ferrem?Quod
605 2260 738 2297 vero
780 2243 921 2298 falso
950 2242 1298 2313 conﬁngitis,
1327 2257 1420 2295 me
1447 2242 1602 2296 mala
1631 2239 1756 2312 regi

197 2331 550 2385 machinatum
584 2347 724 2397 esse,
758 2331 816 2385 id
847 2330 1116 2385 omnibus
1146 2329 1332 2384 modis
1359 2329 1563 2383 falsum
1594 2331 1696 2383 est.
1728 2350 1755 2376 »

198 2419 293 2474 Haec
322 2437 382 2474 eo
407 2420 662 2486 dicente,
694 2436 792 2473 rex
823 2419 1058 2490 quidem
1094 2420 1149 2473 in
1178 2419 1400 2488 regiam
1428 2434 1487 2472 se
1518 2419 1754 2487 recepit,

193 2508 427 2580 episcOpis
455 2512 658 2564 autem
681 2507 739 2562 in
769 2508 944 2562 domo
972 2507 1220 2562 ecclesiae
1247 2506 1756 2572 residentibus,ad-

193 2597 386 2651 veniens
415 2599 575 2652 Etius
607 2595 1042 2650 archidiaconus
1057 2594 1386 2649 Parisiensis
1407 2593 1485 2648 ita
1499 2610 1594 2648 eos
1616 2594 1756 2648 allo-

193 2683 382 2754 quitur:
409 2708 434 2734 ‹‹
455 2686 643 2750 Nunc,
668 2684 1059 2756 inquiens,est
1088 2687 1334 2753 tempus,
1359 2699 1392 2736 o
1416 2680 1756 2736 sanctissimi

189 2773 617 2844 sacerdotes,quo
641 2777 740 2826 aut
766 2789 869 2844 pro
898 2775 1082 2825 vestra
1107 2769 1465 2841 magnanimi
1496 2773 1760 2824 constan-

195 2857 252 2912 tia
275 2860 698 2930 gloriﬁcemini,
723 2863 821 2914 aut
843 2875 946 2929 pro
976 2859 1296 2928 dejectione
1325 2861 1379 2912 et
1409 2857 1759 2912 contumelia

186 2946 345 3002 fratris
375 2967 436 3004 ac
481 2947 816 3019 coepiscopi
861 2947 1051 3012 vestri,
1084 2946 1441 3018 contemptui
1477 2946 1532 2998 in
1566 2950 1754 3017 poste-

186 3049 306 3100 rum,
336 3037 378 3090 si
411 3036 732 3098 tacueritis,
766 3035 1119 3091 habeamini.
1155 3057 1182 3084 »
1211 3035 1367 3088 Tunc
1412 3033 1631 3088 caeteris
1670 3037 1755 3087 ta-

1861 1879 2251 1936 denotaberis.
2269 1900 2298 1930 »
2320 1881 2564 1934 Econtra
2592 1880 2846 1952 pontifex
2870 1881 3194 1951 respondit:
3225 1901 3252 1934 ο
3270 1883 3326 1938 Si
3349 1882 3492 1953 qui-.

1859 1969 1993 2023 dem
2034 1969 2142 2022 sim
2189 1968 2452 2038 injustus,
2516 1969 2572 2022 id
2617 1969 2735 2022 Deo
2787 1968 2968 2038 magis
3022 1985 3196 2039 quam
3263 1975 3466 2025 notum

1859 2060 1959 2111 est.
1995 2057 2077 2110 Tu
2107 2073 2240 2110 vero
2290 2055 2334 2110 si
2372 2059 2568 2110 nostra
2617 2056 2941 2125 aspernaris
2992 2057 3234 2123 monita,
3276 2075 3468 2113 sacros

1859 2161 2022 2198 sume
2052 2160 2323 2210 canones,
2350 2147 2426 2210 et,
2445 2143 2533 2197 his
2549 2144 2752 2197 saltem
2774 2144 3158 2211 consentiens,
3184 2145 3348 2216 juxta
3368 2146 3468 2200 de-

1859 2249 2049 2287 cerne.
2083 2233 2269 2286 s'l‘um
2297 2232 2536 2286 demum
2563 2248 2660 2285 rex
2679 2231 2944 2286 animum
2967 2233 3471 2300 antistitis,uterat

1861 2321 2118 2388 callidus,
2151 2321 2255 2374 hoc
2287 2320 2462 2374 modo
2495 2320 2746 2374 mulcere
2769 2320 2959 2392 coepit.
2990 2321 3124 2376 Erat
3153 2325 3348 2376 autem
3381 2338 3473 2376 co-

1859 2425 1984 2463 ram
2014 2410 2092 2463 eis
2112 2425 2312 2463 mensa
2335 2408 2613 2479 panisque
2643 2409 3054 2479 superpositus,
3077 2425 3210 2464 cum
3237 2410 3472 2466 diversis

1860 2497 2109 2551 ferculis.
2146 2498 2392 2567 Aitergo
2424 2513 2520 2551 rex
2547 2495 2620 2551 ad
2635 2497 3027 2551 sacerdotem:
3065 2520 3092 2549 «
3126 2499 3231 2566 En,
3259 2498 3471 2570 inquit,

1857 2585 2140 2639 ferculum
2174 2584 2255 2638 tui
2285 2584 2473 2655 gratia
2506 2584 2722 2656 paravi,
2759 2585 2817 2638 in
2850 2601 2963 2655 quo
2997 2585 3078 2640 nil
3109 2586 3264 2640 aliud
3297 2603 3473 2659 quam

1860 2673 2008 2728 cicer
2037 2688 2352 2742 carnesque
2372 2672 2742 2726 continentur
2757 2671 3097 2726 volatilium.
3126 2673 3295 2728 Utere
3319 2692 3473 2729 nunc

1861 2778 1927 2816 eo
1944 2761 2128 2815 libens
2140 2777 2366 2814 mecum
2379 2800 2391 2812 .
2408 2781 2434 2808 »
2455 2761 2627 2814 Beato
2643 2775 2776 2812 vero
2789 2759 3064 2828 Gregorio
3083 2762 3471 2832 respondente

1865 2848 2017 2919 quod
2048 2848 2203 2901 cibus
2225 2847 2273 2900 ei
2295 2847 2514 2917 gratior
2527 2850 2673 2900 esset
2693 2846 2882 2900 facere
2915 2847 3267 2902 voluntatem
3288 2849 3472 2904 Patris

1863 2934 1947 2988 sui
1979 2935 2071 3006 qui
2106 2936 2162 2988 in
2195 2934 2348 2989 coelis
2371 2937 2474 3000 est,
2510 2938 2568 2988 et
2594 2950 2627 2986 a
2651 2949 2787 3004 rege
2816 2935 3049 3004 petente
3080 2938 3143 2987 ut
3163 2935 3475 3006 sponderet

1859 3039 1958 3076 rex
1987 3022 2125 3076 nihil
2160 3039 2218 3075 se
2248 3025 2456 3075 contra
2484 3037 2736 3075 canones
2763 3022 3048 3086 acturum,
3072 3021 3306 3076 elevatis
3326 3021 3476 3077 Chil-

185 3125 407 3179 centibus
441 3125 625 3197 (quod
668 3126 998 3177 metuerent
1028 3123 1242 3192 regina:
1284 3123 1561 3189 furorem,
1593 3123 1824 3195 CUjuSC
1863 3110 2085 3182 Pel‘icus
2114 3109 2381 3163 manibus
2403 3107 2617 3178 juraVit
2648 3124 2751 3178 Per
2770 3107 3070 3162 Viventem
3098 3107 3158 3162 in
3190 3110 3396 3164 “ecula
3410 3126 3471 3164 3°

187 3206 417 3266 instinctu
448 3213 560 3266 ista
592 3212 969 3282 gerebantur)
993 3215 1050 3264 ct
1082 3211 1325 3280 digitum
1346 3211 1756 3280 orisuosuper-

183 3301 520 3367 ponentibus,
554 3299 868 3370 Gregorius
895 3300 1261 3353 Turonorum
1293 3300 1530 3353 antistes
1559 3298 1634 3352 sic
1666 3315 1758 3352 or-

184 3401 256 3438 sus
281 3391 357 3441 est
381 3390 538 3460 loqui
578 3405 592 3442 :
632 3411 660 3438 «
687 3389 927 3459 Oportet
954 3404 1078 3451 nos,
1112 3387 1319 3441 fratres
1339 3387 1681 3452 charissimi,
1705 3390 1762 3440 et

184 3475 397 3530 maxime
422 3495 524 3532 eos
551 3476 652 3548 qui
675 3472 1636 3547 principisfruunturfamiliaritate
1670 3492 1758 3528 sa-

182 3559 335 3618 lubria
346 3565 395 3618 ei
411 3581 727 3637 suggerere
741 3564 1074 3630 consilia,ne
1089 3563 1348 3630 forte,ira
1361 3564 1762 3634 devictus,plus

173 3647 299 3716 justo
322 3652 377 3706 in
403 3654 773 3708 sacerdotem
797 3651 1025 3706 Domini
1042 3656 1475 3707 commoveatur
1488 3656 1544 3705 et
1565 3669 1597 3705 a
1613 3652 1754 3717 Deo,

181 3736 551 3797 innocentium
582 3742 791 3810 ultore,
826 3741 1051 3811 gravius
1083 3740 1374 3812 puniatur.
1409 3761 1436 3789 »
1471 3740 1582 3793 Illis
1615 3756 1757 3810 quo-

178 3840 267 3895 que
283 3845 379 3883 nec
403 3831 476 3884 ad
497 3831 611 3884 ista
634 3829 1134 3902 respondentibus,
1150 3828 1446 3899 subjunxit
1483 3828 1716 3882 antistes
1745 3844 1758 3882 :

177 3935 199 3958 κ
224 3915 472 3972 Cavenda
506 3918 702 3983 nobis,
731 3917 1072 3970 sanctissimi
1104 3920 1319 3984 Patres,
1354 3917 1449 3970 illa
1493 3915 1760 3970 terribilis

176 3999 375 4060 Domini
391 4006 783 4061 comminatio
806 4008 910 4072 cst,
935 4022 1109 4077 quam
1125 4021 1228 4075 per
1251 4005 1594 4076 prophetam
1613 4021 1758 4074 prae-

177 4093 427 4148 nuntiavit
454 4113 467 4150 :
503 4097 577 4150 Si
604 4112 706 4161 me,
740 4093 1026 4165 inquiens,
1046 4094 1252 4148 dicente
1265 4094 1336 4146 ad
1357 4092 1757 4164 impium:Mor-

177 4183 216 4230 te
237 4185 483 4251 morieris,
519 4201 632 4237 non
687 4185 1090 4238 annuntiaveris
1118 4184 1188 4248 ei,
1220 4185 1532 4250 sanguinem
1560 4183 1671 4251 ejus
1695 4179 1759 4233 de

175 4283 311 4322 manu
339 4279 428 4326 tua
453 4274 729 4344 requiram
758 4270 973 4340 (Ezech.
1002 4271 1107 4342 ιιι).
1139 4272 1249 4325 Nos
1270 4271 1484 4342 itaque,
1518 4271 1612 4341 qui
1631 4285 1757 4340 spe-

178 4357 430 4414 culatores
444 4361 504 4415 in
523 4362 706 4415 domo
726 4360 825 4414 Dei
844 4377 1040 4414 sumus
1053 4359 1240 4430 positi,
1257 4375 1373 4412 non
1398 4359 1759 4429 negligamus

174 4447 273 4514 regi
295 4449 553 4517 pericula
580 4449 888 4503 ostendere
921 4465 1040 4514 sua,
1057 4451 1133 4513 et,
1157 4447 1198 4500 si
1224 4463 1450 4502 necesse
1474 4447 1762 4512 sit,exem-

173 4531 259 4600 plis
275 4536 341 4589 ad
365 4537 828 4608 resipiscendum
847 4539 1210 4607 provocetur,
1232 4536 1477 4606 qualiter
1488 4534 1760 4589 Maximus

173 4619 488 4695 imperator,
514 4628 756 4680 beatum
774 4625 1079 4681 Martinum
1114 4624 1305 4694 impiis
1330 4623 1759 4678 communicare

176 4715 531 4783 compellens,
565 4714 807 4785 imperio
853 4715 1044 4784 pulsus
1099 4714 1190 4779 sit,
1236 4713 1318 4766 vel
1375 4711 1757 4777 Clodomirus,

171 4802 427 4857 sacerdoti
454 4804 627 4858 Avito
655 4820 772 4858 non
805 4803 1143 4871 obaudiens,
1179 4801 1481 4856 interierit.
1518 4822 1546 4849 »

229 4887 474 4963 Cumque
500 4909 610 4947 nec
640 4893 1034 4964 tunc'quidem
1049 4891 1252 4962 aliquis
1265 4906 1762 4961 eorumresponsa

170 4979 505 5048 praebuisset,
544 4981 719 5053 aliqui
742 4981 1077 5035 adulatoria:
1091 4980 1226 5034 artis
1239 4979 1364 5050 regi
1391 4978 1760 5032 denuntiave-

172 5070 284 5119 runt
313 5070 543 5124 nullum
577 5070 626 5124 ei
655 5071 1004 5142 pertinacius
1033 5069 1298 5124 resistere
1326 5084 1501 5138 quam
1543 5068 1757 5138 Grego-

171 5152 298 5209 rium
325 5158 702 5214 Turonicum.
731 5159 836 5223 Qui
870 5176 1001 5214 mox
1028 5176 1131 5231 per
1153 5157 1467 5230 quemdam
1512 5156 1757 5211 aulicum

174 5249 432 5313 evocatus,
464 5252 657 5302 stante
698 5266 834 5319 rege
868 5252 1104 5319 propter
1130 5243 1757 5302 tabcrnaculumramis

173 5331 364 5390 tectum
387 5335 1238 5409 BertrannoqueBurdegalensi
1258 5335 1528 5407 pontiﬁce
1549 5335 1763 5389 dextra:

174 5418 277 5486 ejus
293 5423 638 5493 inhaerente,
654 5427 899 5482 sinistrae
921 5443 1056 5481 vero
1090 5425 1463 5498 Ragnemodo
1480 5423 1762 5478 Parisiaco

174 5508 343 5568 taliter
369 5532 472 5570 rex
503 5515 841 5588 episcopum
872 5517 1149 5571 allocutus
1182 5519 1268 5571 est
1293 5515 1489 5570 dicens
1522 5530 1535 5568 :
1569 5533 1600 5564 ‹‹
1641 5512 1762 5573 Dic.

176 5594 371 5658 domne
400 5604 686 5680 pontifex,
719 5606 814 5682 qui
821 5605 1057 5681 justitia:
1081 5604 1384 5665 tramitem
1410 5601 1762 5660 caeterisser-

1785 4416 1835 4474 D

1864 3198 2097 3252 decreta
2119 3200 2450 3250 sanctorum
2477 3197 2710 3249 Patrum
2735 3212 2850 3250 non
2879 3199 3390 3266 transgressurum.
3407 3199 3469 3252 In

1862 3286 2175 3340 crastinum
2207 3301 2360 3349 vero,
2376 3299 2584 3337 aurora
2615 3282 3131 3354 incipiente,legati
3147 3285 3473 3356 Fredegun-

1864 3374 1950 3428 dis
1975 3373 2190 3444 reginae
2217 3372 2290 3426 ad
2319 3371 2634 3442 hospitium
2663 3369 2972 3424 memorati
2991 3371 3278 3440 pontificis
3297 3389 3468 3428 vene-

1862 3467 2018 3529 runt,
2050 3465 2368 3532 poscentes,
2399 3463 2455 3514 et
2487 3459 2626 3513 duas
2646 3459 2818 3513 libras
2849 3459 3073 3531 argenti
3104 3477 3208 3532 pro
3228 3478 3470 3518 munere

1865 3551 2190 3615 offerentes,
2214 3553 2275 3602 ut
2294 3549 2352 3602 in
2373 3547 2754 3617 dejectionem
2779 3547 3103 3602 Praetextati
3120 3549 3474 3605 consentiret

1863 3639 2084 3696 caeteris
2097 3637 2394 3709 episcopis.
2413 3636 2693 3690 Dicebant
2709 3635 2861 3689 enim
2878 3635 3125 3690 aliorum
3144 3653 3203 3691 se
3218 3639 3473 3695 volunta-

1863 3733 1982 3784 tem
2010 3727 2312 3799 probatam
2341 3725 2575 3778 haberc.
2607 3725 2706 3777 Illo
2738 3723 2932 3795 itaque
2962 3728 3263 3780 recusante
3310 3729 3388 3794 et,
3424 3727 3473 3782 si

1863 3817 1969 3872 sibi
1989 3817 2142 3870 mille
2163 3815 2321 3868 librae
2341 3813 2635 3877 darentur,
2651 3813 2807 3865 nullo
2835 3813 3009 3866 modo
3043 3813 3316 3868 assentire
3330 3816 3474 3870 velle

1863 3924 1922 3960 se
1936 3905 2245 3968 asserente,
2261 3901 2482 3971 illisque
2497 3899 2681 3970 magis
2693 3899 3300 3966 instantibus,tandem
3315 3903 3477 3972 polli-

1863 3996 2008 4049 citus
2022 3992 2179 4047 estin
2207 3989 2448 4044 decretis
2470 4004 2759 4042 canonum
2782 3987 3053 4042 fratribus
3070 3989 3184 4042 suis
3204 4006 3264 4043 se
3281 4005 3474 4044 assen-

1863 4101 1991 4140 sum
2020 4081 2420 4154 praabiturum.
2446 4079 2623 4142 Tunc,
2648 4077 2756 4131 illis
2772 4093 2898 4147 quae
2913 4077 3188 4146 petebant
3207 4094 3266 4132 se
3288 4077 3472 4149 impe-

1863 4176 2041 4226 trasse
2055 4168 2389 4242 putantibus
2403 4168 2461 4221 et
2473 4165 2688 4236 gratias
2700 4164 2925 4234 agendo
2941 4163 3362 4232 recedentibus,
3379 4167 3476 4221 ad-

1865 4262 2148 4316 venerunt
2161 4257 2396 4328 quidam
2413 4253 2737 4308 sacerdotes
2749 4251 2958 4306 similia
2971 4253 3475 4322 petentes.Quibus

1865 4348 2102 4403 antistes
2116 4345 2317 4400 eadem
2335 4359 2445 4414 que
2460 4340 2745 4413 prioribus
2757 4339 3008 4394 reddidit
3021 4357 3315 4412 responsa.
3333 4342 3477 4398 Con-

1864 4433 2228 4490 venientibus
2243 4435 2437 4486 autem
2452 4430 2510 4483 in
2525 4429 2829 4484 concilium
2848 4428 3150 4500 episcopis,
3166 4430 3479 4486 adveniens

1866 4522 2218 4595 Chilpericus
2248 4537 2345 4574 rex
2373 4519 2453 4573 ait
2479 4518 2587 4572 illis
2614 4516 2894 4588 reperisse
2926 4534 2984 4572 se
3016 4517 3074 4572 in
3108 4518 3353 4574 decretis
3383 4536 3476 4575 ca-

1866 4629 2086 4670 nonum
2138 4610 2292 4683 quod
2307 4607 2602 4679 episcopus
2615 4607 2750 4660 furti
2766 4606 3044 4660 obnoxius
3056 4607 3229 4662 sacris
3240 4608 3477 4664 deberet

1864 4700 2073 4774 privari
2106 4697 2425 4755 ordinibus.
2459 4714 2487 4748 s
2522 4697 2656 4749 Erat
2679 4693 2835 4748 enim
2853 4710 2950 4748 rex
2975 4693 3179 4749 litteris
3196 4696 3474 4753 eruditus.

1867 4792 2124 4860 Cumque
2155 4786 2460 4858 pontiﬁces
2476 4787 2802 4856 quaererent
2824 4782 2949 4854 quis
2969 4799 3171 4837 eorum
3186 4783 3319 4838 furti
3338 4784 3478 4839 insi-

1877 4880 2218 4943 mularetur,
2238 4893 2334 4929 rex
2363 4873 2530 4928 dixit:
2548 4893 2576 4924 α
2593 4873 2738 4925 Num
2763 4870 2924 4925 obliti
2945 4870 3077 4924 estis
3093 4875 3308 4943 quanta
3321 4873 3477 4928 vobis

1867 4965 2246 5027 ostenderim,
2264 4980 2391 5034 quae
2415 4963 2789 5016 Praetextatus
2809 4959 2952 5013 mihi
2981 4959 3134 5014 furto
3158 4959 3475 5017 abstulit?»

1865 5056 2373 5114 Demonstraverat
2399 5067 2650 5121 namque
2682 5066 2777 5102 rex
2797 5048 2980 5119 pridie
2993 5047 3149 5103 varia
3163 5066 3476 5104 ornamen-

1865 5151 1944 5213 ta,
1970 5158 2219 5216 quorum
2241 5139 2491 5210 pretium
2513 5137 2586 5191 ad
2607 5136 2716 5190 tria
2738 5135 2918 5189 millia
2933 5135 3477 5191 aestimabatursoli-

1867 5235 2244 5299 dorum,cum
2272 5228 2494 5283 sacculo
2513 5226 2734 5280 duobus
2767 5223 3016 5278 millibus
3048 5224 3477 5280 numismatbus

1868 5323 2055 5379 aureis
2083 5320 2319 5374 referto.
2350 5317 2478 5370 Ilaec
2495 5313 2693 5370 omnia
2723 5313 2951 5368 dicebat
2981 5313 3084 5367 sibi
3117 5313 3186 5368 ab
3210 5312 3476 5385 episcopo

1869 5414 2078 5468 furata.

1942 5502 2054 5558 Sed
2088 5499 2461 5555 Praetextatus
2491 5491 2728 5563 objectis
2758 5490 2923 5546 facile
2955 5506 3013 5544 se
3054 5490 3338 5563 purgavit,
3371 5490 3479 5544 hoc

1871 5591 2047 5650 modo
2062 5605 2184 5663 regi
2202 5601 2481 5659 responsa
2493 5583 2668 5639 dans:
2695 5600 2725 5634 α
2745 5579 3090 5636 Excellentia
3109 5583 3227 5652 tua,
3243 5579 3478 5636 domine
