3940 6166
506 374 605 434 ’711

1561 365 1834 430 ᾸΙΜΟῙΝΙ
1869 368 2182 430 MONACHI
2221 363 2715 427 FLORIACENSIS

3658 370 3751 428 ἨΞ
3777 382 3780 383 ⁷

509 497 591 551 mi
621 514 738 565 rex,
770 494 1058 552 reminisci
1087 497 1256 563 valet,
1285 495 1330 549 si
1356 495 1646 565 dignatur,
1682 492 2113 548 Brunichildem
2136 497 2190 554 Α
2220 491 2489 546 antistes:
2515 492 2734 559 «Audi,
2760 491 3007 546 {rateret
3027 491 3314 561 quondam
3339 491 3753 562 coepiscope,nisi

509 602 542 639 a
559 587 920 656 Rothomago
937 585 1242 639 abeuntem
1261 584 1561 654 plerasque
1582 582 1833 637 sarcinas
1853 580 1907 634 in
1931 581 2112 634 diver-

507 672 581 728 sis
607 673 901 745 speciebus
930 672 1072 726 mihi
1114 671 1550 727 commendasse
1599 674 1675 737 et,
1724 674 1852 740 post
1880 669 2115 740 aliquod

505 766 752 832 tempus,
785 761 969 816 missis
1000 761 1192 832 pueris
1219 777 1316 814 eas
1337 778 1370 814 a
1402 777 1495 813 me
1529 759 1822 830 repetisse.
1854 759 2112 828 Cumque

505 865 613 917 ego
646 866 712 903 ex
737 850 845 903 hac
861 865 922 903 re
945 852 1105 902 tuam
1136 847 1550 903 consuluissem
1568 848 2111 917 voluntatem,pra3-

502 935 682 1007 ceptis
711 937 1026 992 obaudiens
1056 937 1187 1002 tuis,
1219 952 1394 990 unam
1422 935 1504 989 eis
1526 934 1833 996 sarcinam,
1859 951 1928 988 eo
1957 933 2110 1005 quod

504 1025 750 1095 amplius
774 1026 925 1080 ferre
940 1042 1055 1080 non
1079 1026 1357 1091 valerent,
1379 1022 1721 1078 contradidi.
1741 1022 2112 1076 Venientibus

501 1111 715 1167 iterum
747 1129 812 1167 ac
833 1113 1026 1179 tertio,
1055 1130 1120 1166 ex
1154 1117 1252 1166 tua
1263 1111 1522 1182 jussione
1548 1109 2013 1175 caeterareddidi,
2033 1108 2113 1163 di-

501 1204 668 1255 cente
698 1200 1132 1272 magniﬁcentia
1149 1203 1247 1254 tua
1272 1199 1413 1253 mihi
1436 1202 1497 1252 ut
1528 1216 1561 1253 a
1579 1215 1673 1252 me
1694 1215 1762 1252 ea
1783 1197 2108 1268 rejicerem,

503 1305 576 1343 ne
605 1305 709 1360 pro
732 1289 819 1342 his
838 1289 922 1342 ira
942 1287 1094 1342 inter
1117 1304 1213 1342 vos
1230 1287 1440 1341 iterum
1456 1287 1852 1357 repullularet.
1874 1285 2112 1340 Haeduae

499 1379 729 1431 tantum
747 1375 985 1430 sarcinas
1011 1375 1164 1445 apud
1198 1392 1290 1429 me
1313 1378 1743 1428 remanserunt.
1765 1373 2113 1444 Nuncigitur

503 1465 662 1534 cujus
677 1463 813 1518 furti
827 1479 920 1517 me
935 1462 1127 1532 arguis
1140 1462 1262 1516 fore
1277 1462 1590 1517 obnoxium
1605 1461 1633 1516 ‘?
1652 1483 1680 1510 »
1700 1461 1799 1516 Cui
1816 1460 2115 1531 respondit

500 1568 629 1606 rex:
664 1574 691 1601 ‹‹
715 1551 773 1605 Si
799 1551 921 1605 haec
951 1550 1030 1605 ita
1057 1567 1115 1604 se
1146 1551 1361 1604 habent
1391 1553 1449 1604 et
1483 1549 1754 1604 custodiae
1809 1566 1977 1603 causa
2009 1549 2116 1602 ista

503 1639 817 1709 suscepisti,
845 1655 946 1692 cur
975 1638 1221 1692 limbum
1245 1639 1431 1692 aureis
1460 1638 1744 1692 intextum
1770 1637 1878 1691 ﬁlis
1909 1637 2114 1691 exinde

499 1727 732 1797 rapiens
755 1725 980 1781 secuisti
1007 1729 1063 1780 et
1093 1743 1247 1790 eum,
1279 1741 1384 1796 pro
1414 1726 1594 1780 nostri
1645 1726 1990 1796 dejectione,
2026 1724 2114 1777 his

2217 580 2369 649 regis
2397 579 2790 651 promerueris
2803 578 3072 650 gratiam,
3107 581 3299 632 nostra
3325 595 3435 632 non
3460 580 3649 648 poteris
3663 581 3753 634 frui

2215 668 2507 721 societate.
2527 690 2554 716 »
2572 669 2704 722 Post
2734 668 2856 721 haec
2887 667 3108 736 rogavit
3137 666 3756 737 Chilpericuspontiﬁces,

2219 758 2279 808 ut
2301 756 2587 809 autvestis
2615 755 2938 809 Praetextati
2952 754 3328 818 scinderetur,
3343 757 3439 807 aut
3462 755 3761 809 centesimus

2217 848 2448 898 octavus
2498 845 2750 916 psalmus
2795 843 2909 915 (qui
2951 841 3382 897 maledictiones
3422 843 3762 897 Iscariothicas

2214 933 2490 996 continet)
2531 949 2704 1005 super
2729 948 2862 987 eum
2889 932 3248 994 recitaretur,
3289 932 3371 985 vel
3413 935 3556 986 certe
3579 931 3631 985 in
3656 949 3762 1003 per-

2215 1026 2453 1093 petuum
2485 1020 2898 1076 communione
2930 1020 3268 1091 privaretur.
3303 1019 3410 1074 Sed
3448 1019 3764 1090 pontiﬁcibus

2215 1110 2322 1164 hoc
2345 1127 2515 1180 agere
2548 1109 2943 1163 recusantibus
2969 1113 3026 1163 et
3054 1108 3304 1162 maxime
3336 1107 3596 1177 Gregorio
3615 1108 3765 1161 Turo-

2213 1197 2376 1264 nensi
2406 1197 2714 1263 renitente,
2739 1197 2809 1251 ab
2838 1196 3073 1250 ecclesia
3101 1197 3467 1250 Praetextatus
3497 1195 3700 1265 pellitur
3712 1211 3765 1248 ac

2211 1284 2485 1338 custodire
2508 1284 2775 1338 traditur.
2806 1285 2885 1338 De
2916 1301 3031 1355 qua
3057 1283 3195 1337 dum
3228 1283 3429 1354 fugere
3461 1287 3621 1336 noctu
3643 1283 3764 1336 nite-

2213 1377 2394 1437 retur,
2426 1387 2738 1442 caasusque,
2771 1370 2830 1425 in
2862 1371 3047 1425 insula
3072 1371 3325 1443 quadam
3353 1371 3543 1436 maris,
3575 1387 3688 1441 qua:
3705 1370 3768 1423 ci-

2217 1459 2373 1514 vitati
2416 1459 2641 1529 adjacet
2688 1459 3057 1525 Constantia,
3091 1458 3150 1512 in
3194 1458 3456 1512 exsilium
3499 1457 3768 1529 relegatur.

2777 1546 3001 1600 CAPUT
3033 1546 3252 1600 XXVIII.

2213 1633 2298 1688 De
2319 1634 2639 1689 Guntranni
2668 1633 3123 1703 Burgundionum
3149 1636 3287 1702 regis
3306 1633 3376 1687 ad
3423 1632 3775 1687 Clu'ldebcrtum

2880 1725 3138 1776 oratione.

501 1775 776 1886 ti
855 1775 1118 1885 “placuit:
1581 1775 1594 1778 _
1613 1775 1770 1867 Turio
2269 1812 2446 1866 Porro
2469 1813 2837 1866 Guntrannus
2849 1810 3438 1882 rexBurgundionum
3455 1809 3776 1864 Childeberto

501 1924 530 1953 «
563 1902 649 1956 Ad
669 1901 942 1972 sitajam,
961 1901 1168 1972 inquit,
1187 1902 1369 1955 semel
1386 1900 1521 1968 dixi,
1547 1903 1605 1954 et
1624 1900 2001 1955 nunciterum
2028 1900 2114 1954 di-

501 2006 590 2057 co,
611 2007 704 2045 me
722 2007 838 2045 non
863 1991 936 2044 ob
975 1989 1129 2044 aliud
1152 1989 1259 2043 illis
1298 1989 1406 2044 ista
1426 1989 1696 2059 largitum
1717 1988 1888 2042 fuisse
1914 1988 2021 2042 nisi
2053 1993 2115 2043 ut

501 2094 706 2133 eorum
739 2078 1077 2132 muneribus
1107 2077 1248 2131 mihi
1275 2077 1555 2131 concessis
1593 2093 1796 2147 parem
1826 2077 2111 2131 referrem

501 2166 749 2236 gratiam
761 2207 773 2219 .
791 2167 862 2220 Ut
874 2183 1030 2232 vero,
1046 2165 1294 2237 propriis
1309 2165 1801 2232 deﬁcientibus,ex
1815 2181 2115 2220 commen-

502 2254 649 2308 datis
662 2253 853 2324 aliqua
865 2271 1112 2324 praesum
1122 2252 1660 2319 erem,conﬁdentia
1672 2269 1874 2307 ausum
1890 2253 2109 2320 tribuit,

501 2356 570 2395 eo
595 2341 751 2412 quod
769 2342 1078 2407 Meroveus,
1102 2343 1260 2411 cujus
1280 2340 1723 2410 illaconjugium
1741 2341 2108 2410 expetiverat,

502 2445 569 2482 ex
599 2432 658 2482 te
687 2428 997 2482 carnaliter
1013 2428 1261 2498 genitus,
1289 2427 1429 2480 mihi
1455 2427 1511 2481 in
1535 2427 1823 2498 baptismo
1846 2427 2113 2498 spiritalis

503 2517 652 2568 esset
672 2514 839 2567 ﬁlius.
875 2534 902 2563 »
931 2513 1416 2568 Animadvertens
1447 2513 1796 2586 Chilpericus
1813 2516 2114 2568 Praetexta-

502 2606 626 2657 tum
643 2602 754 2656 hoc
767 2601 943 2656 modo
958 2618 1075 2656 non
1089 2617 1252 2673 posse
1265 2601 1544 2673 superari,
1560 2602 1759 2656 relicto
1787 2602 2010 2657 concilii
2027 2603 2111 2657 lo-

502 2706 664 2757 co,ac
677 2689 1004 2744 convocatis
1019 2689 1360 2761 quibusdam
1377 2689 1482 2744 sibi
1497 2689 1968 2757 adulantibus,ait
1982 2690 2109 2744 illis:

501 2797 533 2830 α
563 2777 787 2832 Victum
815 2795 909 2832 me
939 2778 1126 2832 verbis
1152 2778 1401 2849 episcopi
1446 2778 1652 2841 fateor,
1704 2782 1760 2832 et
1799 2795 1936 2832 vera
1978 2796 2111 2833 eum

501 2865 774 2937 prosequi
804 2865 944 2920 scio.
977 2865 1089 2920 Sed
1121 2869 1183 2919 ut
1214 2866 1574 2937 Fredegundi
1600 2867 1815 2938 regina:
1853 2867 2109 2934 satisﬁat,

499 2953 578 3008 ite
609 2971 673 3008 ac
705 2971 772 3008 ex
805 2957 991 3008 vestra
1018 2954 1177 3026 quasi
1208 2970 1456 3026 persona
1501 2955 1804 3008 consilium
1836 2955 1887 3008 ei
1913 2955 2115 3009 dantes

503 3041 705 3097 dicite:
743 3066 768 3091 α
803 3042 923 3096 Scis
952 3042 1086 3114 quia
1103 3042 1372 3097 dominus
1387 3046 1581 3097 noster
1610 3043 1982 3112 Chilpericus,
2016 3059 2114 3096 rex

2213 1899 2337 1969 regi
2381 1899 2829 1965 Austrasiorum,
2881 1899 3077 1970 nepoti
3131 1915 3254 1963 suo,
3289 1901 3354 1951 ut
3390 1896 3645 1968 paciﬁcus
3670 1912 3777 1949 cum

2214 1987 2548 2057 proceribus
2579 1987 2745 2057 regni
2777 1987 2859 2040 sui
2886 1987 2957 2040 ad
2975 1989 3235 2058 pontem,
3253 2003 3426 2057 quem
3448 1988 3693 2040 Petreum
3717 1984 3780 2037 di-

2214 2075 2482 2141 cunt,sibi
2506 2078 2832 2129 occurreret
2861 2074 3175 2129 mandavit.
3204 2076 3268 2128 In
3292 2075 3452 2145 cujus
3469 2072 3781 2127 advenientis

2213 2162 2570 2234 amplexibus
2592 2162 2686 2216 diu
2705 2162 3355 2228 immoratus,universis
3378 2160 3780 2216 audientibussic

2214 2255 2299 2306 est
2327 2252 2581 2305 locutus:
2611 2275 2637 2299 ‹‹
2665 2251 3538 2322 Evenit,meispraepedientibus
3553 2248 3780 2320 peccatis,

2216 2342 2276 2393 ut
2301 2356 2367 2393 ex
2401 2355 2493 2393 me
2523 2339 2731 2409 genitis
2751 2355 3009 2394 carerem
3040 2339 3186 2393 ﬁliis.
3209 2339 3372 2393 Unde
3407 2336 3785 2408 mihi,propriis

2215 2427 2416 2480 orbato
2448 2427 2795 2494 haeredibus,
2832 2443 3064 2482 necesse
3095 2429 3182 2480 est
3210 2443 3479 2498 quazrere
3494 2429 3787 2488 extraneos,

2215 2513 2419 2584 quibus
2433 2517 2627 2584 partos
2644 2514 2970 2580 relinquam
2986 2515 3606 2586 thesaurosﬂptimum
3625 2515 3786 2582 itaque

2209 2601 2460 2671 judicavi
2485 2601 2728 2666 te,omni
2751 2603 3009 2656 humana
3026 2619 3197 2656 carne
3216 2603 3363 2656 mihi
3382 2603 3606 2656 charior
3617 2615 3786 2671 nepos,

2219 2688 2606 2757 Childeberte,
2627 2690 2862 2761 eligere,
2888 2691 2985 2762 qui
3017 2694 3074 2744 et
3103 2689 3218 2744 mei
3255 2708 3549 2746 successor
3582 2689 3788 2760 regniel

2216 2779 2554 2849 congregati
2569 2795 2717 2833 esses
2732 2795 3021 2849 possessor
3038 2780 3672 2851 thesauri.Quapropter
3691 2793 3790 2830 ma-

2216 2869 2639 2936 neat,oro,quze
2672 2867 2823 2920 inter
2846 2869 3073 2937 patrem
3097 2883 3163 2920 ac
3184 2867 3370 2921 ﬁlium
3390 2867 3563 2922 debet
3583 2880 3790 2920 manere

2218 2952 2465 3007 dilectio.
2495 2955 2647 3007 Unus
2672 2971 2774 3008 nos
2795 2957 3062 3025 protegat
3080 2955 3336 3026 clypeus,
3358 2972 3475 3009 una
3494 2958 3683 3009 contra
3706 2952 3788 3006 ad-

2215 3043 2515 3094 versantes
2547 3041 2977 3108 tueaturhasta;
3011 3042 3150 3096 etab
3179 3043 3470 3096 hodierno
3485 3041 3795 3110 etdeinceps

502 3131 834 3186 misericors
859 3135 944 3185 est
969 3134 1028 3185 et
1057 3131 1329 3186 confessis
1358 3131 1468 3185 cito
1501 3132 1764 3203 ignoscit.
1799 3132 1952 3186 Vade
1975 3147 2113 3202 ergo
2138 3131 2185 3190 Ο
2218 3128 2346 3181 talis
2374 3128 2528 3181 inter
2553 3144 2658 3182 nos
2689 3128 2935 3182 Charitas
2967 3134 3415 3200 permaneat,ut
3435 3131 3482 3184 si
3513 3131 3676 3185 dante
3695 3130 3792 3182 Deo

503 3222 562 3274 et
592 3223 963 3291 prosternere
995 3219 1236 3289 pedibus
1262 3219 1385 3288 ejus
1402 3220 1791 3289 conﬁtcrcque
1815 3221 1870 3272 te
1904 3219 1960 3271 in
1979 3235 2112 3271 eum

501 3323 786 3380 peccasse,
816 3323 880 3361 ac
910 3305 1214 3360 confestim
1246 3305 1509 3375 indulget
1526 3306 1648 3360 tibi.
1685 3326 1709 3357 »
1733 3306 2117 3376 Quibusjussa

500 3394 952 3467 perﬁcientibus,
980 3394 1242 3447 seductus
1265 3396 1350 3448 est
1375 3395 1748 3448 Prmtextatus
1775 3410 1976 3448 eorum
2007 3395 2108 3447 do-

503 3482 572 3536 lis
595 3482 762 3552 quise
777 3497 1004 3552 quoque
1025 3481 1440 3552 pollicebantur
1458 3482 1634 3551 pedes
1651 3483 1802 3551 regis
1822 3481 2115 3536 deoscula-

501 3565 681 3628 turos,
711 3565 775 3616 ut
819 3562 870 3616 ei
913 3562 1256 3631 ignosceret.
1291 3561 1570 3632 Sequenti
1606 3561 1698 3614 die
1732 3560 2118 3615 residentibus

500 3648 782 3721 episcopis
807 3648 864 3702 in
896 3648 1160 3712 concilio,
1208 3645 1566 3718 Chilpericus
1596 3662 1728 3700 cum
1771 3649 2116 3702 Praetextato

498 3736 708 3793 iterato
756 3736 1019 3792 altercari
1063 3735 1254 3806 coepit,
1299 3735 1521 3791 dicens:
1572 3757 1601 3785 «
1648 3734 1705 3790 Si
1735 3752 1980 3790 munera
2010 3751 2114 3806 pro

502 3825 838 3882 muneribus
868 3825 1206 3892 retribuisti,
1239 3826 1604 3879 sacramenta
1628 3841 1732 3895 pro
1764 3829 1927 3896 parte
1941 3827 2117 3882 Mero-

502 3915 592 3971 vei
617 3920 818 3972 contra
852 3931 1047 3970 meam
1085 3914 1330 3968 salutem
1378 3930 1478 3967 cur
1509 3914 1785 3984 exegisti?
1817 3933 1844 3965 ι
1876 3915 1962 3968 Ad
1992 3915 2116 3967 haec

500 4005 767 4060 sacerdos
805 4002 1138 4076 reSpondit:
1187 4023 1215 4054 α
1261 4002 1490 4057 Innotui
1548 4001 1870 4056 celsitudini
1912 4005 2114 4056 vestrae

497 4094 826 4149 Meroveum
847 4109 939 4146 me
973 4109 1041 4147 ex
1077 4093 1301 4146 lavacro
1331 4090 1642 4161 suscepisse
1676 4089 1930 4144 salutari.
1951 4090 2112 4144 Ideo-

500 4199 610 4254 que
639 4183 684 4237 si
713 4182 952 4236 facultas
993 4179 1212 4245 fuisset,
1261 4180 1437 4234 etiam
1483 4180 1757 4249 angelum
1788 4178 2022 4232 Domini
2053 4178 2111 4232 in

499 4273 621 4342 ejus
650 4286 975 4325 evocassem
1003 4269 1342 4323 auxilium.»
1361 4268 1510 4332 Quid
1531 4267 1737 4338 plura?
1759 4267 2111 4340 procedente

501 4360 729 4431 longius
743 4357 1137 4424 altercatione,
1156 4359 1527 4412 Praetextatus
1540 4357 1613 4411 ad
1635 4357 1808 4428 pedes
1820 4357 1972 4427 regis
1985 4372 2110 4411 cor-

2218 3215 2365 3269 ﬁlios
2395 3231 2794 3286 procreavero,
2825 3220 2881 3269 te
2912 3219 3110 3271 tamen
3142 3235 3175 3271 a
3195 3218 3329 3287 jure
3362 3236 3481 3273 non
3529 3230 3794 3272 secernam

2217 3303 2606 3359 htereditario.
2633 3323 2664 3355 »
2698 3304 2791 3357 His
2821 3305 2984 3359 dictis
3015 3309 3073 3360 et
3102 3307 3444 3376 proceribus
3467 3301 3786 3360 Childeberti

2216 3406 2322 3462 pro
2353 3407 2419 3445 eo
2433 3392 2872 3463 spondentibus,
2897 3409 2964 3447 eo
2989 3394 3143 3464 quod
3161 3393 3278 3465 ipse
3293 3411 3444 3465 puer
3457 3394 3636 3448 adhuc
3653 3394 3793 3456 esset,

2219 3479 2388 3532 simul
2421 3481 2774 3549 prandentes
2804 3484 2862 3534 et
2885 3498 2944 3535 se
2972 3482 3311 3536 muneribus
3342 3483 3711 3546 honorantes,
3739 3477 3795 3531 ad

2219 3583 2321 3621 sua
2345 3571 2477 3622 sunt
2508 3570 2738 3624 reversi.
2783 3570 3196 3624 Verumtamen
3243 3572 3471 3641 legatos
3504 3570 3716 3640 utrique
3739 3565 3796 3620 ad

2220 3654 2605 3726 Chilpericum
2624 3659 3570 3729 regem;miserunt,denuntiantes
3586 3663 3642 3713 ut
3657 3659 3798 3712 autea

2219 3760 2345 3814 qua:
2367 3745 2437 3798 de
2469 3762 2671 3800 eorum
2708 3762 2891 3816 regno
2937 3755 3265 3819 pervaserat
3292 3749 3590 3814 redderet,
3636 3749 3725 3800 aut
3750 3758 3797 3797 se

2218 3831 2290 3885 ad
2316 3831 2452 3885 belli
2479 3833 2800 3888 certamina
2823 3838 3195 3905 praepararet.
3224 3834 3392 3898 Quod
3423 3836 3519 3889 ille
3550 3839 3679 3888 tunc
3700 3830 3800 3902 qui-

2219 3920 2352 3974 dem
2384 3921 2674 3994 despectui
2707 3922 2925 3976 habuit.
2949 3923 3070 3986 Quo
3086 3926 3354 3993 tempore
3385 3924 3614 3978 sinister
3629 3917 3797 3993 populi

2215 4025 2419 4064 rumor
2443 4011 2714 4065 adversus
2735 4012 3032 4067 Salonium
3052 4016 3110 4066 et
3124 4011 3508 4082 Sagittarium
3531 4010 3798 4083 episcopos

2215 4098 2601 4153 surrexit.Hos
2614 4104 2844 4155 sanctus
2864 4101 3108 4155 Nicetius
3135 4101 3538 4171 Lugdunensis
3570 4097 3794 4158 antistes,

2213 4202 2283 4240 en
2294 4186 2776 4260 utritos,primum
2799 4191 3032 4260 quidem
3048 4188 3294 4244 diaconii
3307 4190 3540 4255 ,deinde
3553 4185 3796 4243 sacerdo-

2211 4275 2658 4346 tiieosgradibus
2675 4277 3055 4349 insignivit.Et
3071 4279 3369 4333 Salonium
3388 4279 3621 4350 quidem
3642 4277 3793 4330 Ehre-

2213 4361 2371 4416 duni.
2407 4363 2779 4434 Sagittarium
2810 4383 2944 4420 vero
2973 4367 3125 4437 apud
3166 4367 3493 4437 Vapingum
3527 4366 3795 4436 episcopos

501 4448 637 4515 ruit,
664 4449 949 4501 clamans:
979 4467 1006 4498 ι
1033 4447 1316 4513 Miserere,
1368 4446 1816 4500 clementissime
1852 4462 1974 4512 rex,
2006 4445 2108 4500 ho-
2130 4453 2183 4512 D
2212 4450 2477 4506 instituit.
2516 4452 2598 4506 Illi
2627 4469 2760 4507 vero
2795 4471 2911 4508 non
2942 4456 3094 4508 velut
3121 4455 3374 4525 episcopi
3396 4453 3656 4526 religioni
3677 4466 3792 4522 ope-

500 4535 748 4602 micidae,
783 4534 881 4606 qui
909 4537 966 4588 te
997 4550 1179 4606 regno
1212 4535 1425 4604 pellere
1465 4533 1614 4587 volui
1643 4536 1700 4588 et
1724 4533 1905 4588 ﬁlium
1947 4537 2109 4587 tuum

500 4623 606 4679 tibi
635 4623 1050 4678 substituere.»
1084 4623 1213 4676 Haec
1251 4639 1318 4677 eo
1368 4624 1661 4694 loquente,
1707 4625 2024 4693 prostratus
2054 4625 2110 4676 et

499 4713 622 4785 ipse
646 4729 740 4767 rex
762 4712 1004 4783 pedibus
1022 4711 1266 4766 aliorum
1292 4712 1678 4777 sacerdotum,
1697 4711 1795 4782 qui
1818 4711 1875 4765 in
1891 4711 2107 4783 synodo

499 4801 854 4868 residebant,
872 4801 1088 4855 aiebat:
1107 4821 1136 4852 ς
1151 4800 1388 4867 Audite,
1410 4798 2105 4867 sanctissimisacerdotes,

500 4890 982 4944 nefandissimum
1004 4904 1169 4942 reum
1202 4887 1546 4942 exsecrabile
1573 4888 1794 4942 crimen
1825 4889 2109 4943 conﬁten-

441 4993 445 5006 '
499 4980 642 5032 tem.
677 4997 706 5030 ι»
725 4978 1135 5032 Verumtamen
1157 4977 1522 5047 pontiﬁcibus
1547 4993 1580 5031 a
1599 4979 1756 5031 terra
1777 4993 1976 5048 regem
2000 4979 2112 5032 ele-

499 5066 783 5134 vantibus,
809 5067 1089 5137 jussitrex
1110 5068 1513 5121 Przetextatum
1533 5066 1605 5120 ab
1633 5065 1871 5120 ecclesia
1887 5065 2102 5136 egredi.

499 5157 622 5229 Ipse
649 5160 843 5211 autem
870 5157 929 5211 in
961 5155 1183 5226 regiam
1215 5173 1274 5210 se
1303 5156 1539 5228 recepit,
1573 5156 1812 5212 mittens
1841 5159 1913 5212 ad
1944 5177 2108 5232 syno-

498 5249 639 5302 dum
671 5246 954 5319 quosdam
985 5262 1258 5313 canones,
1300 5245 1503 5317 quibus
1529 5251 1653 5301 erat
1683 5266 1940 5306 annexus
1965 5269 2108 5324 qua-

497 5336 689 5392 ternio
719 5353 916 5402 novus,
942 5334 1246 5389 continens
1266 5335 1418 5390 haec:
1448 5356 1477 5388 ς
1509 5337 1815 5410 Episcopus
1841 5341 1898 5395 in
1922 5341 2107 5396 homi-

499 5425 650 5482 cidio
671 5425 758 5479 vel
775 5423 993 5479 caeteris
1010 5423 1406 5479 criminalibus
1422 5425 1816 5498 deprehensus
1834 5430 2100 5500 peccatis,

499 5514 670 5571 sacris
689 5512 1271 5586 priveturordinibus.
1298 5531 1329 5565 »
1363 5514 1456 5569 His
1487 5515 1665 5584 lectis,
1691 5517 1824 5572 dum
1855 5520 2100 5574 Prmtex-

493 5608 650 5664 tatus
660 5605 1105 5676 staretstupens,
1119 5603 1199 5658 ait
1211 5602 1290 5658 illi
1305 5603 1655 5660 Bertrannus
1669 5605 2103 5679 Burdegalensis

2210 4557 2338 4595 ram
2371 4540 2714 4606 dabant,sed
2733 4545 3010 4612 tanquam
3025 4543 3256 4612 tyranni
3273 4542 3794 4607 liomicidiis,rerum

2211 4629 2531 4684 alienarum
2583 4630 3034 4701 pervasionibus,
3067 4631 3361 4686 adulteriis
3394 4649 3622 4704 quoque
3655 4643 3792 4683 vaca-

2209 4719 2368 4773 bant.
2402 4719 2544 4774 Etin
2563 4722 2788 4773 tantum
2821 4736 3020 4774 eorum
3053 4721 3298 4775 excrevit
3329 4723 3626 4776 malitiaut
3647 4734 3796 4790 super

2208 4808 2494 4862 Victorem
2514 4808 2898 4864 Tricassinum
2927 4811 3525 4876 antistitem,natalitii
3555 4810 3636 4864 sui
3661 4808 3794 4862 diem

2207 4895 2416 4952 festum
2431 4901 2861 4969 agentem,cum
2879 4899 3114 4953 cohorte
3135 4896 3795 4965 irruentesmilitari,ejus

2208 4985 2551 5039 vestimenta
2582 4986 2932 5053 scindentes,
2955 4987 3202 5041 famulos
3223 5003 3399 5041 caesos
3419 4988 3793 5058 fugantes,ap-

2207 5078 2474 5145 paratum
2494 5076 2719 5148 prandii
2737 5093 2975 5131 omnem
2995 5081 3266 5146 raperent
3287 5081 3343 5130 et
3361 5078 3549 5149 ipsum
3575 5075 3794 5131 cumbae

2207 5165 2561 5219 contumelia
2578 5166 2765 5219 solum
2789 5165 3519 5238 relinquerent.Quacausa
3547 5165 3617 5219 ad
3648 5178 3794 5218 aures

2205 5251 2528 5307 Guntranni
2552 5254 2702 5324 regis
2725 5254 2935 5322 delata,
2957 5272 3023 5309 ex
3044 5255 3334 5326 ejusjussu
3356 5257 3598 5310 collecta
3618 5256 3696 5307 est
3715 5267 3791 5320 sy-

2206 5342 2392 5397 nodus
2405 5343 2557 5414 apud
2574 5343 3062 5417 Lugdunum,qua
3080 5345 3420 5416 praesidente
3445 5349 3639 5398 sancto
3657 5341 3794 5395 Nice-

2206 5431 2307 5498 tio,
2337 5432 2441 5486 hos
2471 5432 2760 5487 convictos
2787 5450 2819 5487 a
2849 5434 3096 5504 propriis
3127 5433 3342 5505 expulit
3369 5433 3620 5488 sedibus.
3648 5427 3791 5486 Unde

2203 5518 2282 5573 illi
2295 5521 3017 5595 graviterindignati,regis
3039 5521 3286 5595 gratiani
3303 5523 3407 5577 sibi
3427 5516 3788 5593 acQuirentes,

2204 5610 2451 5683 acceptis
2476 5611 2548 5666 ab
2580 5627 2648 5667 eo
2675 5612 2928 5686 epistolis
2953 5613 3025 5668 ad
3049 5628 3261 5686 papam
3286 5611 3784 5668 RomanumJoan-
