3940 6166
212 421 299 477 713

1212 410 1543 470 HISTORIA
1595 407 2062 472 FRANCORUM.
2093 446 2163 457 -—-
2194 415 2329 479 LIR.
2368 418 2462 476 111.

3417 429 3524 490 τη

216 557 329 597 nem
373 537 600 610 profecti
653 540 802 594 sunt.
837 537 938 594 Cui
992 538 1414 610 persuadentes,
1463 549 1537 620 se
1578 530 1804 607 injuste
1831 545 1943 605 Aa
1972 539 2307 599 Guntranno
2328 544 2472 600 duce
2503 561 2571 600 eo
2604 563 2718 620 quo
2750 549 2997 607 diximus
3056 552 3386 612 interfectus
3431 560 3519 611 est

214 626 608 694 damnatos,scri
619 630 714 699 pta
726 627 774 698 ej
785 645 844 681 us
857 627 929 681 ad
943 644 1149 699 regem
1167 618 1534 690 detuleruntj
1548 622 1715 680 uben
1727 627 1805 682 tia

214 723 263 773 ut
292 717 390 771 suis
408 716 840 771 restituerentur
868 716 1025 770 locis.
1063 715 1218 780 Quos
1245 732 1358 782 rex,
1391 707 1592 768 verbis
1629 715 1804 769 corri-

218 807 371 878 piens,
408 805 476 859 ad
501 805 764 876 proprias
787 804 952 874 jussit
980 805 1158 859 urbes
1187 804 1390 858 redire.
1424 803 1496 856 At
1525 799 1637 871 illi,
1667 820 1800 858 cum

219 896 405 949 Victore
426 894 655 966 quidem
688 908 888 964 pacem
915 892 1224 958 facientes,
1240 892 1498 947 homines
1519 892 1620 962 qui
1637 893 1686 947 ei
1709 893 1798 948 in-

207 983 358 1054 jurias
383 983 773 1053 irrogaverant
795 981 1142 1035 direxerunt
1165 984 1225 1034 ut
1252 980 1368 1052 ipse
1388 980 1444 1034 in
1468 979 1548 1035 eis
1565 981 1799 1036 ulcisce-

207 1075 354 1125 retur.
387 1071 485 1134 Qui
515 1069 794 1124 Dominici
826 1069 1116 1141 praecepti
1139 1085 1387 1137 memor,
1407 1086 1520 1124 non
1545 1071 1796 1127 reddens

207 1162 333 1214 mala
350 1176 447 1231 pro
477 1160 659 1225 malis,
681 1159 882 1212 illaesos
900 1157 1137 1212 dimisit
1154 1157 1225 1212 ad
1241 1157 1492 1229 propria.
1527 1159 1795 1215 Salonius

206 1249 414 1319 denique
446 1246 1163 1319 etSagittarius,pessimis
1182 1247 1438 1318 quotidie
1457 1247 1793 1318 adjicientes

202 1337 384 1408 pejora,
407 1336 461 1390 in
504 1335 956 1405 expeditionem,
993 1350 1181 1406 quam
1230 1336 1571 1392 Mummolus
1603 1354 1669 1392 eo
1702 1342 1792 1394 tra

202 1425 573 1496 Langobardos
598 1426 736 1494 egit,
766 1427 1110 1494 pergentes,
1140 1424 1324 1478 multa
1381 1429 1790 1496 perpetrarunt

198 1513 490 1568 homicidia.
523 1514 584 1566 In
613 1512 829 1565 civibus
849 1511 978 1584 pari
1017 1511 1200 1565 modo
1233 1511 1346 1565 suis
1372 1512 1452 1568 ita
1481 1515 1790 1571 crudeliter

195 1602 466 1657 saeviebant
511 1605 572 1655 ut
594 1602 806 1655 multos
834 1616 1022 1671 usque
1049 1600 1125 1654 ad
1140 1599 1478 1656 effusionem
1492 1605 1787 1675 sanguinis

193 1690 638 1754 caederent.0uod
655 1689 752 1743 ubi
771 1689 889 1760 regi
906 1688 1268 1742 Guntranno
1290 1689 1660 1746 nuntiantum
1680 1697 1784 1761 est,

193 1795 268 1833 eos
294 1779 538 1833 exhiberi
553 1777 849 1849 praecepit,
868 1793 899 1830 a
917 1775 1244 1846 praesentia
1275 1778 1469 1832 tamen
1496 1795 1596 1833 sua
1608 1797 1786 1852 usque

1908 630 2104 685 modo.

1977 717 2328 786 Britanni,eo
2346 723 2888 797 tempore,graviter
2909 731 3210 802 regionem
3232 734 3512 788 vastando

1905 804 2280 876 Redonicam,
2310 810 2383 863 ad
2409 810 2617 884 vicum,
2651 813 2747 885 qui
2781 816 3062 873 Cornutus
3089 819 3315 888 dicitur,
3345 821 3516 874 adve-

1902 900 2136 950 nerunt.
2171 896 2417 952 Contras
2445 917 2587 971 quos
2621 903 2924 961 Bibolenus
2954 907 3064 961 dux
3106 908 3312 963 missus
3355 925 3517 964 rece-

1901 981 2102 1038 dentes
2129 985 2420 1040 insecutus
2451 993 2535 1043 est
2566 1008 2579 1058 ;
2615 992 3086 1068 Britanniamque
3113 997 3266 1052 ferro
3295 1001 3353 1052 et
3382 996 3516 1068 igne

1901 1070 2305 1144 depopulatur.
2376 1077 2490 1131 Hoc
2549 1079 2692 1134 adeo
2755 1082 3056 1138 Britannos
3115 1085 3172 1140 in
3230 1086 3516 1156 majorem

1897 1163 2214 1217 commovit
2241 1163 2602 1222 iracundiam
2634 1172 2696 1223 ut
2723 1173 2984 1242 sequenti
3005 1190 3159 1229 anno
3191 1192 3307 1230 non
3327 1176 3512 1229 solum

1894 1249 2273 1319 Redonicam,
2333 1271 2534 1310 verum
2617 1259 2673 1310 et
2738 1258 3119 1316 Nanneticam
3171 1262 3516 1317 infestarent

1893 1339 2276 1410 provinciam.
2313 1343 2419 1407 Qui
2454 1346 2902 1418 tamen,legatis
2961 1350 3157 1406 Felicis
3216 1349 3515 1406 Nanuetici

1889 1426 2141 1499 episcopi
2168 1432 2638 1488 emendationem
2669 1435 3236 1506 polliciti,mendates
3253 1439 3511 1506 fuerunt,

2534 1521 2767 1577 CAPUT
2790 1525 2934 1580 XXX.

2004 1603 2088 1658 De
2113 1605 2401 1663 violatione
2421 1609 2944 1684 templiDz'onysz’am’
2960 1621 3011 1668 et
3040 1615 3394 1686 reparatione.

1961 1692 2069 1746 Illo
2089 1696 2372 1765 tempore,
2399 1697 2608 1751 mulier
2632 1701 2800 1770 quaad
2811 1718 2927 1769 am,
2942 1703 3209 1756 azelante
3223 1701 3344 1757 viro
3359 1702 3512 1774 apud

1887 1778 2137 1834 Parisius
2164 1782 2320 1854 quod
2340 1783 2602 1840 adultera
2634 1791 2782 1843 esset
2811 1788 3101 1860 impetita,
3137 1789 3276 1843 dum
3337 1806 3510 1862 opem

192 1867 246 1921 ad
271 1868 616 1922 audientiam
651 1865 952 1922 sustinere.
975 1865 1098 1919 Hoc
1115 1863 1457 1936 Sagittarius
1479 1869 1784 1925 adeoindi-
1810 1857 1860 1916 Β
1886 1867 2122 1937 petisset
2147 1886 2180 1923 ει
2210 1871 2324 1924 suis
2355 1872 2712 1942 parentibUS,
2745 1880 2806 1930 et
2834 1876 2936 1943 illi,
2971 1892 3103 1931 eam
3133 1871 3506 1934 innocentem

191 1973 278 2026 gne
293 1957 410 2011 tulit
447 1959 516 2012 ut
547 1957 617 2011 de
651 1973 789 2027 rege
818 1955 1070 2026 indigna
1100 1955 1369 2026 loquens,
1392 1958 1616 2026 publice
1650 1976 1783 2030 pro-

189 2045 426 2099 clamaret
455 2063 468 2100 :
511 2067 538 2095 ‹‹
574 2045 746 2099 Filios
776 2044 926 2114 regis
980 2059 1104 2097 non
1162 2043 1287 2097 fore
1319 2050 1680 2116 regnaturos,
1715 2066 1783 2105 eo

190 2134 314 2203 quod
328 2137 514 2188 mater
543 2149 753 2188 eorum
786 2149 850 2186 ex
867 2131 1259 2202 Magnacharii
1290 2132 1486 2189 fuisset
1503 2136 1783 2193 familia.»

191 2220 333 2274 Erant
361 2238 616 2292 namque
644 2221 833 2275 adhuc
855 2219 955 2273 filii
981 2219 1138 2289 regis
1163 2221 1514 2289 superstites.
1539 2225 1784 2296 Propter

189 2307 272 2363 hoc
299 2326 387 2364 rex
406 2310 490 2364 ira
518 2311 880 2375 commotus,
904 2324 1086 2379 equos
1117 2324 1317 2362 eorum
1341 2312 1398 2363 et
1424 2317 1630 2367 cuncta
1651 2331 1780 2386 quae

187 2395 441 2452 habebant
470 2396 715 2453 abstulit
745 2400 804 2449 et
830 2395 984 2466 ipsos
1014 2396 1071 2448 in
1102 2395 1322 2450 duobus
1349 2402 1716 2457 monasteriis
1747 2420 1781 2458 a

187 2499 232 2537 se
249 2487 426 2554 procul
443 2485 646 2539 divisis
667 2482 1073 2554 paenitentiam
1097 2499 1268 2553 agere
1285 2487 1776 2557 constituit,man-

188 2572 862 2644 danspropriisjudicibus
879 2571 1094 2624 circum
1114 2587 1180 2624 ea
1213 2572 1337 2625 loca
1367 2578 1686 2632 constitulis
1714 2583 1777 2634 ut

188 2676 264 2717 eos
282 2679 400 2717 cum
431 2663 1049 2717 summaarmatorum
1066 2661 1287 2714 cautela
1317 2665 1772 2734 custodirent,ne

185 2748 305 2804 forte
333 2752 723 2805 elaberentur.
752 2749 909 2801 Tunc
934 2747 1083 2802 forte
1114 2747 1337 2802 seniore
1373 2768 1438 2806 ex
1468 2753 1598 2809 ﬁliis
1617 2756 1774 2828 regis

187 2843 490 2907 aegrotante,
525 2837 876 2893 accedentes
902 2835 1136 2907 quidam
1169 2836 1520 2895 familiarum
1544 2845 1666 2914 ejus
1697 2845 1771 2899 ad

178 2941 314 2998 eum,
342 2929 650 2982 suaserunt
681 2928 745 2978 ut
785 2925 1055 2996 prmfatos
1089 2923 1382 2997 episcopos
1414 2929 1484 2983 ad
1508 2933 1771 3004 proprias

181 3012 376 3080 juberet
413 3014 651 3086 regredi
701 3013 1008 3066 Ecclesias:
1045 3029 1115 3066 ne
1160 3013 1411 3069 fortassis
1450 3019 1523 3073 ob
1564 3037 1771 3075 eorum

186 3100 600 3158 damnationem
645 3101 732 3155 ira
775 3101 873 3155 Dei
929 3117 1100 3172 super
1147 3101 1388 3158 domum
1408 3105 1774 3163 incumberet

186 3189 442 3262 principis.
479 3191 750 3261 Cumque
783 3177 878 3243 rex
905 3188 1084 3259 petita
1110 3206 1226 3244 non
1267 3191 1576 3264 abnuisset,
1610 3197 1772 3252 Salo-

186 3275 288 3330 nius
311 3282 364 3332 et
409 3278 761 3351 Sagittarius
808 3277 1091 3348 reggressi
1147 3279 1218 3333 ad
1253 3285 1498 3348 sua,tam
1535 3286 1775 3342 eximios

185 3369 362 3420 sanctae
380 3367 686 3438 religionis
709 3367 957 3420 cultores
970 3382 1028 3420 se
1042 3367 1422 3424 ostendebant
1445 3375 1505 3425 ut
1517 3374 1774 3445 quotidie

185 3454 340 3509 totum
370 3472 434 3510 ex
465 3455 683 3510 ordine
710 3453 1050 3509 Psalterium
1083 3455 1397 3526 recitando,
1429 3477 1775 3534 nunquama

186 3543 473 3610 psalmodia
488 3559 721 3598 cessare
742 3542 1094 3598 viderentur.
1119 3543 1224 3607 Qui
1249 3548 1444 3601 tamen
1465 3553 1593 3620 post
1630 3568 1770 3622 pau-

186 3627 336 3686 lulum
359 3633 427 3688 ad
444 3649 622 3688 suum
641 3632 698 3685 in
726 3632 1176 3686 tantumreversi
1201 3638 1338 3688 sunt
1383 3637 1660 3693 vomitum
1713 3643 1776 3694 ut

185 3717 568 3775 fornilicalioni
604 3723 662 3773 et
683 3719 948 3774 ebrietati
990 3720 1380 3789 inscrvientes,
1411 3725 1548 3780 dum
1583 3728 1772 3783 clerici

187 3809 466 3862 matutinos
484 3808 809 3880 psallerent
829 3809 1204 3880 bymnos,ipsi
1227 3811 1411 3866 adhuc
1433 3812 1489 3867 in
1509 3817 1770 3872 convivio

185 3895 322 3962 positi
349 3896 478 3951 vina
516 3896 875 3965 flagitarent.
913 3895 1224 3967 Incipiente
1243 3914 1374 3952 vero
1403 3917 1630 3972 aurora,
1661 3906 1770 3959 cir-

186 3983 402 4038 cumdati
422 3983 700 4039 mollibus
718 4001 895 4055 usque
913 3984 986 4038 ad
1017 3985 1248 4039 tertiam
1272 3987 1381 4041 diei
1399 3989 1600 4045 horam
1615 4010 1769 4048 som-

186 4072 976 4144 numcapiebant.Cumquein
991 4072 1771 4144 talibusversarentur,Deum

186 4165 290 4227 post
304 4165 457 4234 terga
473 4161 897 4234 ponentes,ipsi
912 4163 1294 4233 quoqueaDeo
1309 4167 1606 4237 postpositi
1623 4169 1769 4225 iram

188 4249 285 4318 ejus
299 4251 755 4318 incurrerunt,ut
769 4250 825 4303 in
841 4250 1210 4322 sequentibus
1223 4252 1766 4315 demonstrabimus.

751 4356 985 4412 CAPUT
1013 4357 1180 4411 XXIX.

1885 1956 2206 2024 credentes,
2239 1965 2669 2016 sacramentum
2689 1980 2796 2034 pro
2824 1981 2892 2018 ea
2921 1963 3040 2018 viro
3059 1965 3142 2018 vel
3162 1965 3505 2038 ejusparen-

1885 2042 2034 2097 tibus
2062 2061 2235 2117 super
2272 2049 2597 2118 sepulcrum
2620 2051 2802 2104 sancti
2831 2050 3084 2120 Dionysii
3111 2051 3398 2122 fecissent,
3432 2057 3506 2111 ab

1890 2130 1973 2185 eis
2001 2133 2154 2203 quod
2213 2135 2607 2204 perjurassent
2665 2137 2968 2209 redarguti
3025 2141 3176 2193 sunt.
3228 2140 3295 2194 Et
3336 2159 3507 2200 causa

1883 2235 2061 2292 usque
2080 2223 2150 2276 ad
2162 2223 2422 2294 jurgium
2447 2230 3032 2297 prorumpente,cum
3046 2232 3281 2300 propter
3303 2233 3508 2290 nobili-

1881 2311 2063 2363 tatem
2084 2327 2283 2365 eorum
2307 2311 2498 2383 (erant
2518 2313 2678 2368 enim
2697 2314 2877 2386 primi
2891 2313 2948 2369 in
2967 2316 3175 2388 palatio
3189 2319 3340 2392 regis
3351 2322 3504 2380 Chil-

1877 2395 2078 2469 periei)
2108 2401 2316 2465 neutra
2332 2416 2464 2470 pars
2483 2403 2647 2456 alteri
2667 2403 2929 2469 cederet,
2951 2405 3148 2478 gladiis
3169 2425 3227 2466 se
3257 2409 3503 2469 invicem

1879 2485 2268 2554 percutientes
2297 2506 2521 2566 sacram
2536 2491 2855 2547 basilicam
2870 2496 3142 2568 sanguine
3153 2501 3504 2572 polluerunt.

1877 2574 2103 2627 Interea
2133 2576 2371 2630 ecclesia
2402 2578 2525 2632 sine
2563 2578 2790 2634 ofﬁciis
2817 2591 3080 2644 manente
3111 2590 3331 2662 divinis,
3364 2595 3504 2650 dum

1876 2659 2001 2715 haec
2025 2662 2097 2715 ad
2118 2678 2318 2734 regem
2349 2666 2544 2722 delata
2567 2667 2851 2741 fuissent,
2877 2675 3274 2739 interminatus
3287 2659 3509 2740 estnul-

1873 2748 1942 2802 lis
1972 2765 2174 2806 eorum
2208 2769 2439 2824 prorsus
2464 2755 2590 2810 fore
2637 2756 3020 2832 benevolum,
3053 2770 3235 2829 donec
3275 2776 3502 2848 Ragne-

1874 2839 2077 2892 mundi
2097 2839 2388 2894 Parisiasci
2414 2843 2782 2909 antistitis,in
2802 2854 2958 2924 cujus
2986 2858 3209 2917 dioecesi
3229 2839 3502 2921 ιιωοᾏοια

1872 2924 2124 2995 fuerant,
2159 2930 2633 2987 reconciliatione
2670 2937 2905 2996 veniam
2935 2957 3316 3008 mererentur.
3351 2955 3502 3019 Quos

1873 3012 2193 3085 episcopus,
2213 3014 2440 3070 facinus
2469 3020 2842 3093 conﬁtentes,
2874 3034 3214 3100 paenitentia
3261 3012 3497 3112 indicta,

1873 3104 2275 3159 communioni
2300 3107 2551 3162 restituit
2598 3109 3017 3191 ecclesiamque
3057 3131 3465 3191 reconciliavit.

2500 3195 2727 3252 CAPUT
2750 3200 2920 3261 XXXI.

1983 3279 2064 3333 De
2094 3279 2333 3336 Nantz'm'
2353 3283 2770 3354 Engolismensz's
2801 3300 2967 3349 morte
3010 3298 3384 3368 formidanda.

1942 3368 2099 3423 Tunc
2124 3371 2406 3444 temporis
2452 3375 2733 3430 Nantinus
2790 3381 3247 3452 Engolismensis
3298 3411 3493 3452 comes

1875 3454 2213 3526 hujusmodi
2241 3477 2306 3514 ex
2339 3477 2508 3518 causa
2562 3481 2797 3536 gravem
2843 3469 3113 3529 divinitus
3163 3484 3249 3534 est
3299 3498 3496 3553 passus

1876 3544 2083 3599 mortis
2114 3561 2346 3615 poenam
2373 3565 2385 3602 :
2411 3549 2792 3608 Maracharius
2823 3563 3135 3618 avunculus
3161 3567 3284 3637 ejus
3299 3544 3493 3626 ἐ)οωί-

1875 3632 1998 3685 tatu
2016 3635 2305 3703 praedictae
2337 3638 2490 3692 urbis
2502 3639 2596 3695 diu
2621 3643 2935 3712 potitus,ad
2959 3632 3293 3710 clericatum
3325 3674 3492 3714 acce-

1876 3717 2175 3810 dens,post
2201 3741 2319 3779 non
2343 3727 2589 3782 multum
2607 3732 2832 3802 tempus
2855 3734 3156 3810 episc0pus
3184 3746 3270 3796 est
3283 3743 3487 3802 factus.

1877 3806 2058 3870 Quem
2091 3826 2220 3865 cum
2237 3813 2544 3868 adversarii
2569 3817 2709 3887 ejus,
2733 3819 2989 3878 immisso
3022 3806 3080 3880 in
3114 3830 3300 3900 capite
3320 3833 3490 3903 piscis

1873 3912 2119 3966 veneno,
2162 3900 2573 3958 nefandissime
2612 3911 2934 3977 necassent,
2969 3929 3086 3968 non
3145 3917 3244 3972 diu
3308 3900 3485 3978 laetati

1873 3989 2025 4040 sunt.
2063 3988 2205 4042 Nam
2237 3990 2602 4057 Frontonius,
2635 3995 2794 4065 cujus
2825 3998 3062 4056 consilio
3121 4004 3228 4060 hoc
3278 4024 3486 4080 perpe-

1871 4075 2086 4128 tratum
2108 4079 2192 4129 est
2216 4079 2416 4145 scelus,
2441 4096 2556 4135 uno
2589 4083 2817 4138 tantum
2848 4102 3002 4142 anno
3035 4095 3164 4159 post
3193 4075 3326 4150 eum
3351 4075 3483 4152 fun-

1872 4163 1994 4215 ctus
2023 4165 2109 4217 est
2137 4164 2487 4236 episcopatu.
2523 4169 2781 4242 Cumque
2799 4173 2851 4226 ei
2882 4173 3174 4233 Heraclius
3199 4181 3485 4257 Burdega-

1869 4250 2040 4304 lensis
2069 4252 2369 4323 presbyter
2396 4257 2762 4326 successinet,
2796 4277 2830 4314 a
2857 4261 3131 4335 Nantino,
3163 4269 3261 4340 qui
3303 4271 3376 4326 ob
3390 4250 3486 4329 vul-

1870 4337 2194 4393 ciscendam
2221 4343 2485 4397 avunculi
2500 4349 2751 4400 mortem
2769 4350 3110 4409 comitatum
3130 4337 3312 4430 arege
3330 4377 3485 4418 eme-

187 4441 251 4497 De
292 4444 580 4518 Clu'lpcricz'
632 4447 685 4498 in
735 4444 1049 4518 Ennodz'inn
1093 4450 1404 4518 caterosque
1449 4421 1976 4518 ChildeberliDFat’
2027 4427 2360 4518 graViSSime
2419 4430 2847 4505 increpabat”:
2900 4442 3055 4511 quad
3091 4421 3354 4503 avunguii
3395 4452 3481 4506 Sili

383 4517 634 4588 fautores
658 4519 857 4570 saevitia
882 4524 932 4570 et
959 4517 1023 4570 de
1052 4524 1196 4570 motu
1228 4517 1540 4576 Britonum.

244 4605 322 4659 His
345 4607 566 4673 diebus,
585 4603 933 4676 Chilpericus
954 4605 1242 4660 Pictavam
1273 4610 1518 4677 pervasit
1538 4611 1762 4680 urbem,

188 4690 461 4766 ﬁdelesque
494 4695 728 4763 nepotis
753 4693 859 4760 sui,
892 4692 1155 4747 videlicet
1211 4693 1559 4750 Childeberti
1588 4699 1760 4770 regis,

189 4784 292 4826 cum
333 4775 594 4829 Ennodio
627 4774 789 4840 duce,
823 4774 896 4827 ab
927 4773 1048 4843 ejus
1074 4776 1208 4826 sunt
1231 4773 1563 4830 hominibus
1592 4779 1760 4847 pulsi.

190 4856 446 4916 Ennodius
471 4863 668 4932 itaque
707 4860 900 4914 exsilio
957 4864 1162 4926 trusus,
1218 4859 1580 4918 facultatibus
1627 4867 1762 4922 ﬁsco

189 4946 418 5012 subactis,
447 4953 579 5022 post
608 4965 826 5003 annum
849 4947 1048 5019 patria":
1081 4951 1137 5001 et
1165 4948 1278 5002 suis
1297 4950 1552 5006 redditus
1571 4957 1655 5008 est
1671 4972 1760 5009 re-

188 5032 285 5090 bus.
315 5039 491 5093 Dacco
524 5036 993 5092 autemGadarici
1021 5035 1188 5103 filius,
1208 5037 1407 5092 relicto
1441 5039 1760 5112 Chilperico

190 5121 299 5178 dum
317 5127 524 5198 ubique
549 5128 868 5196 vagaretur,
892 5141 924 5178 a
939 5125 1284 5180 Draccoleno
1305 5126 1468 5194 duce,
1485 5129 1580 5200 qui
1607 5130 1759 5186 dice-

189 5209 326 5268 batur
365 5216 698 5283 lndustrius,
739 5214 941 5270 fraude
996 5218 1194 5284 captus
1240 5215 1596 5286 est,jurante
1654 5221 1759 5276 sibi

191 5303 316 5369 quod
344 5322 454 5358 non
487 5304 930 5358 interﬁceretur.
959 5303 1101 5358 Cum
1135 5320 1266 5358 vero
1290 5321 1422 5359 eum
1455 5307 1529 5361 ad
1560 5325 1758 5380 regem

191 5391 529 5460 perduxisset,
561 5394 672 5464 egit
694 5396 753 5447 ut
783 5392 1234 5447 interimeretur.
1267 5393 1428 5457 Quod
1450 5396 1542 5450 ubi
1575 5399 1757 5454 Dacco

193 5473 238 5528 in
263 5481 504 5535 custodia
536 5481 746 5550 positus
776 5480 1032 5552 agnovit,
1059 5482 1352 5535 confessus
1381 5483 1610 5540 cuidam
1627 5504 1756 5558 pre-

193 5563 388 5637 sbytero
411 5572 640 5640 peccata
657 5569 1184 5640 sua,pmnitentiam
1199 5570 1486 5626 nesciente
1501 5591 1636 5646 rege
1659 5595 1756 5649 pe-

194 5651 400 5723 tiit.Qua
424 5658 1009 5731 accepta,interfectus
1039 5661 1144 5717 est.
1177 5660 1356 5716 Porro
1376 5660 1758 5724 Draccolenus

653 5759 888 5816 PATBOL.
922 5755 1177 5824 CXXXIX.

1866 4512 2267 4572 interfectores
2298 4535 2491 4574 secum
2528 4523 3022 4590 retineret.Quare
3049 4530 3106 4586 in
3140 4536 3326 4606 majus
3358 4555 3481 4596 cre-

1865 4606 2057 4658 scente
2083 4608 2493 4675 controversia,
2522 4627 2716 4666 comes
2739 4613 2899 4669 villas
2929 4619 3264 4678 ccclesizeab
3303 4642 3478 4683 avun-

1865 4694 1990 4748 culo
2021 4710 2124 4764 per
2159 4699 2571 4755 testamentum
2616 4702 2842 4759 relictas
2904 4710 3171 4779 pervasit,
3217 4730 3478 4773 asserens

1864 4783 2018 4853 quod
2046 4800 2163 4837 non
2193 4785 2430 4840 deberet
2459 4804 2526 4842 ea
2564 4792 2763 4845 tenere
2820 4795 3188 4866 testamenta,
3222 4819 3472 4874 quorum

1861 4872 2102 4926 testator
2122 4873 2192 4926 ab
2219 4873 2341 4944 ejus
2397 4875 2585 4931 fuerat
2636 4879 2854 4935 clericis
2902 4872 3303 4960 interemptus.
3340 4894 3475 4950 Post

1860 4959 1982 5013 haec
2015 4961 2320 5015 crudeliori
2347 4963 2720 5020 exardescens
2775 4969 3095 5042 iracundia,
3152 4959 3471 5038 interfectis

1860 5048 2036 5103 etiam
2068 5049 2410 5120 quibusdam
2429 5053 2790 5121 laicis,unum
2814 5074 2879 5112 ex
2895 5063 3238 5134 presbyteris
3267 5069 3471 5127 lancea

1860 5137 2241 5204 vulneratum,
2272 5138 2412 5192 dum
2465 5141 2650 5196 adhuc
2698 5144 2928 5216 viveret,
2961 5155 3227 5223 suspendi
3276 5173 3342 5210 ac
3395 5160 3468 5214 ad

1859 5223 2277 5279 confessionem
2310 5227 2566 5282 criminis
2591 5231 2718 5303 cogi
2743 5232 3051 5303 jussit.Qui
3082 5240 3177 5295 diu
3197 5243 3467 5302 revinctis

1857 5315 1986 5382 post
2015 5315 2176 5384 terga
2208 5315 2476 5370 manibus
2496 5318 2775 5389 pendens,
2805 5322 3017 5382 ﬂuente
3046 5345 3076 5382 e
3107 5332 3329 5399 patenti
3356 5336 3469 5390 vul-

1858 5416 1995 5453 nere
2028 5402 2308 5471 sanguine
2341 5403 2716 5462 innocentem
2762 5412 3008 5468 reddidit
3036 5417 3322 5486 spiritum.
3355 5424 3465 5480 Pro

1859 5488 2032 5542 tantis
2062 5488 2238 5559 igitur
2281 5492 2590 5549 sceleribus
2614 5496 2914 5554 Nantimus
2966 5503 3037 5557 ab
3084 5505 3341 5565 Heraclio
3373 5528 3472 5566 ex-

1857 5578 2736 5644 communitatus,convenientes
2749 5587 2900 5659 apud
2919 5589 3234 5650 Sanctonas
3262 5599 3465 5654 urbem

1863 5667 2142 5742 quosdam
2176 5671 2539 5729 sacerdotum
2569 5673 2796 5748 rogavit
2824 5679 2885 5731 ut
2905 5693 3013 5755 pro
3039 5697 3100 5738 se
3148 5685 3469 5746 antistitem

3185 5781 3259 5849 23
