3934 6176
471 387 577 451 715

1531 457 1536 462 η
1569 371 1833 464 AIMOINI
1860 365 2182 460 MQNACHI
2216 369 2712 448 FLORIACEN—SIS

3617 395 3705 463 *με

477 512 1240 591 interpellarent,pollicitus
1269 532 1328 571 se
1356 532 1448 570 res
1461 511 1710 570 ecclesia:
1731 510 2090 566 redditurum
2119 512 2176 572 Α
2197 527 2347 581 rum,
2380 531 2414 568 a
2443 514 2609 570 nobis
2649 515 2861 586 injuste
2891 533 3312 589 oppressorum,
3361 524 3512 580 morti
3563 527 3735 583 reddi-.

478 611 534 661 et
567 609 720 662 mala
750 624 876 678 quae
934 606 1305 660 commiserat
1337 604 1802 659 emendaturum.
1836 598 2093 654 Antistes

477 712 632 761 vero,
672 694 1010 764 rogantibus
1060 712 1321 749 annuens
1352 692 1641 753 fratribus,
1666 706 1797 744 eum
1830 704 2091 742 commu-

476 783 636 838 nioni
659 783 927 837 restituit.
946 783 1059 838 Sed
1081 799 1276 837 comes
1295 782 1364 836 ad
1386 780 1780 851 Engolismam
1810 791 2092 842 reversus,

477 871 682 926 domos
714 888 855 943 quas
881 875 1216 942 pervaserat
1250 868 1748 934 destruxit,dicens
1777 883 1789 919 :
1827 887 1854 917 «
1888 864 1946 919 Si
1971 865 2095 918 huic

476 960 716 1014 ecclesia
746 959 972 1030 recipit,
1005 960 1208 1014 saltem
1241 959 1468 1013 deserta
1488 955 1877 1010 inveniantur.
1908 974 1934 1002 »
1966 951 2097 1022 Epi-

475 1065 680 1121 scopus
694 1065 852 1116 sane,
894 1048 982 1102 his
1012 1048 1241 1115 auditis,
1275 1047 1486 1101 iterum
1517 1043 1930 1100 communione
1961 1057 2096 1095 eum

474 1138 702 1213 privans
733 1137 1113 1192 vitadecessit.
1153 1136 1430 1190 Nantinus
1446 1149 1673 1206 quoque
1691 1150 1725 1186 a
1754 1129 2096 1203 quibusdam

478 1227 756 1300 episcopis
774 1226 1016 1299 pecunia
1061 1225 1344 1298 corruptis
1386 1220 1786 1280 communioni
1816 1218 2095 1286 redditus,

477 1318 537 1372 in
571 1317 839 1372 morbum
865 1315 1082 1370 incidit.
1107 1315 1247 1369 Cum
1281 1311 1615 1368 verovalida
1647 1309 1998 1364 cruciaretur
2019 1306 2098 1361 fe-

481 1407 604 1473 bre,
629 1405 916 1460 clamabat
952 1422 964 1459 :
1003 1427 1030 1456 ‹‹
1089 1405 1207 1458 Heu
1241 1403 1252 1456 l
1314 1404 1428 1456 heu
1459 1402 1472 1455 l
1507 1417 1634 1473 quae
1667 1399 1964 1453 tormenta
2021 1395 2092 1451 ab

480 1496 737 1549 Heraclio
773 1494 929 1548 illata
953 1493 1139 1565 patior
1166 1491 1178 1546 l
1213 1494 1334 1563 Ipse
1368 1508 1458 1545 me
1475 1506 1627 1544 nunc
1659 1487 1893 1554 cruciat,
1922 1483 2095 1556 ipsius

481 1583 619 1654 igne
647 1598 975 1637 consumor.
999 1583 1239 1636 Mortem
1269 1583 1422 1650 peto,
1457 1596 1529 1632 ne
1561 1577 1656 1632 diu
1679 1576 1830 1630 male
1847 1573 2090 1629 vivam.»

480 1673 543 1725 In
575 1670 661 1724 his
686 1669 918 1724 vocibus
947 1669 1286 1724 constitutus
1318 1666 1553 1720 interiit.
1585 1663 1844 1718 Audiant
1873 1661 1980 1715 ista
1997 1659 2093 1731 qui

481 1759 892 1826 sacerdotibus,
934 1759 1018 1812 vel
1047 1759 1162 1812 Deo
1197 1757 1404 1811 servire
1448 1753 1828 1826 cupientibus,
1855 1749 2093 1821 injurias

2198 601 2332 657 dere
2364 603 2674 674 proximos.
2718 605 2996 660 Pceniteat
3049 624 3153 662 nos
3209 609 3424 665 tandem
3471 614 3717 685 aliquando

2198 691 2485 746 malorum
2527 710 2653 764 qua:
2701 693 3021 765 gessimus;
3080 699 3138 750 et
3185 689 3436 754 eonversi’
3466 701 3528 755 ad
3568 704 3721 759 Domi-

2197 796 2360 842 num,
2402 781 2744 852 placabilem
2777 800 2910 837 eum
2939 800 3110 855 super
3140 789 3384 841 nostram
3414 788 3724 861 imploremus

2195 867 2320 922 fore
2349 869 2652 925 malitiam.
2713 872 2908 943 Neque
2970 872 3148 939 enim,
3211 876 3452 945 quamvis
3491 876 3724 948 indignos,

2196 955 2302 1010 sibi
2331 957 2612 1030 supplices
2666 960 3038 1028 aversabitur,
3071 961 3206 1033 quia
3253 967 3332 1017 est
3369 964 3645 1020 misericors
3684 971 3730 1020 et

2197 1043 2524 1102 miserator.
2555 1048 2936 1103 Incendamus
2968 1049 3142 1120 igitur
3197 1050 3409 1124 iniquas
3457 1053 3730 1124 descriptio

2198 1149 2320 1199 nes,
2355 1136 2412 1187 et
2443 1151 2584 1205 quas
2613 1136 2687 1190 ad
2716 1137 3156 1208 oppressionem
3171 1140 3542 1195 constituimus
3567 1157 3734 1213 paupe-

2197 1236 2348 1288 rum,
2387 1221 2460 1276 ad
2492 1227 2750 1278 nostram
2803 1227 3252 1298 nostrorumque
3303 1227 3570 1282 deleamus
3613 1230 3730 1282 salu-

2198 1311 2337 1363 tem.
2370 1309 2516 1364 Nihil
2550 1315 2635 1365 est
2686 1313 2842 1383 quod
2896 1313 3228 1383 timeamus,
3255 1315 3299 1370 si
3343 1332 3464 1371 vere
3512 1315 3738 1387 paenitea-

2197 1397 2511 1471 mus,quasi
2524 1402 2743 1472 passuri
2757 1400 3077 1473 gravia,qui
3094 1403 3427 1474 pertulimus
3443 1403 3741 1475 gravissima.

2199 1485 2346 1549 Quid
2373 1486 2528 1541 enim
2559 1488 2677 1558 pati
2706 1493 2892 1560 potest
2913 1491 3140 1561 gravius
3171 1509 3341 1564 quam
3396 1496 3454 1547 ut
3497 1492 3744 1546 amittatur

2198 1574 2353 1646 quod
2367 1579 2451 1628 est
2469 1575 2694 1630 charius
2714 1577 2741 1631 ?
2759 1576 2907 1641 Quid
2923 1595 3056 1633 vero
3087 1580 3251 1634 nobis
3273 1579 3475 1653 poterit
3498 1596 3603 1634 esse
3651 1579 3749 1632 dul-

2198 1662 2315 1717 cius
2349 1681 2524 1735 quam
2543 1667 2813 1719 natorum
2857 1666 3095 1722 affectus
3111 1668 3138 1722 ?
3160 1668 3373 1732 Quibus
3397 1685 3555 1740 porro
3575 1684 3662 1739 per
3685 1669 3751 1722 tot

2198 1767 2487 1806 annorum
2520 1752 2801 1808 curricula
2831 1759 3030 1824 partos
3055 1772 3414 1811 reservamus
3441 1753 3754 1821 thesauros,si

479 1849 760 1920 irrogant.
793 1817 1122 1919 Intelligant
1158 1847 1342 1901 Deum
1373 1861 1494 1899 esse
1523 1817 1820 1898 vindicem
1883 1817 2094 1909 injuste
2125 1817 2178 1878 Β
2198 1841 2604 1911 praemittimus
2632 1817 2913 1909 haeredes,
2940 1861 3084 1914 quos
3104 1847 3499 1916 optaveramus
3523 1843 3630 1898 ﬁeri
3656 1817 3753 1895 suc-

477 1954 908 2011 oppressorum.

1091 2024 1324 2079 CAPUT
1354 2022 1554 2077 XXXII.

594 2114 676 2169 De
708 2114 999 2186 Chilperzci
1014 2131 1114 2184 per
1138 2111 1539 2181 Fredegundem
1561 2111 1616 2163 in
1646 2125 1764 2162 suos
1793 2108 1995 2162 saevitia

483 2258 492 2264 _
549 2205 896 2277 Chilpericus
917 2203 1092 2258 etiam
1114 2201 1594 2272 rex,suggerente
1609 2197 1985 2268 Fredegunde
2007 2213 2094 2250 re-

477 2291 1154 2366 gina,proscriptionibus
1172 2287 1522 2361 gravissimis
1542 2287 1820 2358 populum
1841 2285 1946 2340 sibi
1967 2285 2092 2340 sub-

468 2383 690 2454 jectum
707 2385 955 2436 atterere
983 2379 1172 2450 coepit.
1206 2378 1329 2442 Qua
1348 2377 1416 2431 de
1447 2391 1618 2429 causa
1647 2373 1812 2430 multi
1835 2391 1867 2428 e
1899 2373 2087 2446 plebe,

470 2469 728 2538 nativum
759 2469 1152 2540 relinquentes
1174 2464 1722 2532 solum,maluerunt
1742 2462 1962 2515 exsules
1982 2477 2087 2515 no-

468 2575 566 2614 vas
599 2574 858 2630 quaerere
889 2556 1053 2610 sedes
1097 2571 1273 2626 quam
1325 2549 1891 2624 patrios'incolendo
1943 2548 2087 2603 ﬁnes

468 2647 678 2718 iujusto
715 2661 881 2699 ruere
915 2644 1018 2698 sub
1051 2660 1228 2698 onere
1253 2640 1474 2696 tributi.
1507 2641 1661 2693 Inter
1684 2640 1892 2691 caetera
1919 2653 2083 2690 nam-

466 2752 576 2808 que
591 2752 716 2807 quaa
741 2734 1100 2805 cogebantur
1119 2733 1335 2786 solvere
1358 2727 1610 2784 liberiori
1627 2727 1803 2781 etiam
1827 2726 1934 2780 orti
1952 2742 2083 2796 pro-

465 2824 654 2896 genie,
689 2841 720 2880 e
751 2827 905 2877 terra
936 2820 1170 2894 propria
1191 2821 1342 2874 culta
1373 2817 1569 2872 labore
1591 2816 1937 2887 amphoram
1967 2813 2084 2867 vini

2198 1944 2446 1983 cessores
2463 1929 2490 1984 ?
2506 1929 2833 1984 Cavendum
2851 1933 3107 2002 profecto
3125 1937 3205 1987 est
3230 1951 3305 1987 ne
3319 1933 3463 1988 illius
3491 1929 3756 2001 evangelici

2198 2017 2561 2073 incurramus
2573 2020 2919 2074 sententiam
2939 2021 3122 2075 divitis
3134 2020 3762 2092 qui,innovandohorrea

2197 2110 2255 2160 et
2285 2108 2693 2180 congregando
2729 2109 2932 2176 multa,
2966 2110 3185 2180 accepit
3230 2125 3564 2180 responsum
3590 2125 3642 2162 se
3667 2123 3763 2161 non

2195 2193 2447 2248 visurum
2482 2194 2636 2248 diem
2674 2196 2989 2250 crastinum
3017 2213 3122 2250 nec
3160 2213 3398 2252 suarum
3442 2195 3763 2268 cogniturum

2191 2282 2484 2337 haeredem
2515 2299 2730 2336 rerum.
2763 2282 2875 2338 Sed
2907 2284 3189 2356 propitius
3206 2285 3336 2356 jam
3358 2288 3544 2357 potest
3565 2299 3672 2338 esse
3691 2281 3768 2354 qui

2190 2370 2563 2426 vindicavitet
2576 2371 2774 2426 mitior
2791 2388 2964 2443 quam
2979 2389 3025 2426 sx
3053 2389 3167 2427 non
3185 2373 3582 2428 vindicasset.»
3601 2371 3770 2441 Hujus-

2190 2459 2350 2513 modi
2381 2459 2704 2514 orationem
2735 2460 3146 2515 circumferens
3181 2458 3772 2532 Fredegundisregiua,

2188 2548 2510 2603 transduxit
2525 2547 2913 2620 Chilpericnm
2946 2567 3145 2621 regem
3167 2568 3199 2604 a
3217 2550 3418 2605 furore
3435 2547 3774 2616 animi,atque

2187 2634 2572 2691 intentionem
2604 2637 2725 2707 ejus
2745 2637 2890 2693 adeo
2925 2639 3222 2706 emollivit,
3263 2642 3326 2693 ut
3351 2638 3568 2692 libellos
3606 2635 3777 2706 quibus

2187 2724 2438 2778 nefanda
2465 2725 2872 2780 continebatur
2900 2728 3008 2795 lex,
3043 2744 3222 2782 manu
3256 2726 3501 2800 propria
3521 2723 3781 2781 voracibus

2186 2813 2441 2867 traderet
2470 2813 2740 2868 flammis.
2775 2814 2990 2878 Quibus
3043 2816 3318 2887 peractis,
3344 2815 3550 2886 junior
3601 2827 3775 2868 eorum

472 2913 650 2984 regias
705 2911 1036 2966 inferebant
1077 2926 1311 2963 mensas.
1363 2907 1579 2962 Marcus
1633 2903 2080 2970 referendarius,
2184 2901 2332 2955 ﬁlius
2363 2901 2516 2956 diem
2545 2901 2711 2956 obiit.
2742 2903 2913 2974 Cujus
2968 2906 3382 2974 corpusculum
3446 2904 3504 2958 in
3558 2899 3781 2958 oratorio

468 3001 603 3068 huic
634 2999 862 3056 muneri
895 2997 1256 3070 praepositus,
1290 2998 1351 3049 ut
1370 2995 1601 3048 cunctas
1632 2991 1954 3064 Aquitania:
1988 3008 2085 3044 ur-
2183 2991 2513 3044 sanctorum
2531 2989 2786 3061 Dionysii
2813 3007 2876 3045 ac
2893 2991 3183 3048 sociorum
3202 2993 3334 3064 ejus
3359 2994 3676 3062 martyrum
3715 2990 3783 3040 est

466 3090 589 3156 bes,
623 3106 750 3160 qua:
778 3087 848 3142 ab
873 3103 1123 3158 regnum
1156 3081 1459 3156 Chilperici
1492 3080 1776 3151 respicere
1808 3079 2080 3134 videban-
2109 3089 2158 3151 ο
2184 3079 2510 3136 humatum.
2539 3080 2650 3133 Nec
2679 3081 2920 3151 longum
2951 3080 3194 3136 ﬂuxerat
3218 3084 3480 3152 tempus,
3509 3081 3787 3148 alterque-

463 3180 577 3244 tur,
610 3177 684 3231 ad
729 3177 850 3230 haec
881 3173 1155 3229 solvenda
1182 3171 1371 3226 verbis
1401 3171 1487 3224 vel
1518 3168 1690 3222 minis
1728 3168 2015 3234 invitaret,
2048 3185 2082 3222 δ.
2184 3183 2293 3238 que
2324 3183 2390 3220 ex
2417 3167 2544 3221 ﬁliis
2560 3168 2818 3238 superius
2840 3169 3600 3234 nominatusClodobertus,
3636 3162 3786 3219 morti

465 3263 859 3320 Lemowicinis
887 3263 1170 3318 seditione
1201 3265 1328 3316 orta
1347 3259 1646 3330 jugulatur
1669 3275 1684 3326 ;
1708 3261 1766 3312 et
1796 3258 1938 3314 tomi
1957 3257 2080 3312 uni-
2181 3254 2354 3324 coepit
2379 3271 2499 3309 esse
2529 3255 2838 3327 proximus.
2866 3256 3249 3311 Consternata
3283 3259 3482 3311 mater
3513 3253 3688 3310 anxiis
3716 3267 3793 3322 ge-

461 3354 605 3408 versi
639 3369 780 3424 quos
808 3369 1001 3406 secum
1032 3351 1256 3405 ferebat
1285 3349 1419 3419 igne
1433 3345 1674 3401 cremati
1706 3349 1859 3400 sunt.
1896 3348 2075 3400 Porro
2181 3343 2420 3398 mitibus
2447 3343 3002 3415 languentisﬁlii,ad
3019 3344 3326 3400 basilicam
3343 3344 3546 3399 Sancti
3564 3338 3792 3398 Medardi

465 3440 834 3510 Chilpericus,
855 3439 992 3494 dum
1017 3437 1277 3510 pessimis
1291 3433 1547 3507 quotidie
1568 3432 1844 3502 adjiceret
1855 3434 2074 3504 pejora,
2179 3431 2494 3487 Sucssionis
2522 3449 2654 3486 eum
2681 3432 2884 3487 defert.
2922 3433 3026 3487 Ubi
3081 3437 3335 3505 uterque
3378 3449 3596 3505 parens
3643 3427 3794 3492 votis,

462 3528 622 3586 febre
648 3527 919 3598 arripitur
949 3526 1153 3581 valida.
1184 3527 1229 3580 A
1267 3541 1379 3596 quo
1407 3538 1540 3577 cum
1581 3521 1926 3576 convalescit
1950 3523 2075 3576 lan-
2179 3519 2364 3574 aureis
2387 3519 2553 3574 donis
2582 3520 2762 3574 sancti
2793 3521 3155 3576 honorarunt
3187 3519 3677 3594 sepulcrum.Sed
3711 3515 3795 3570 ad-

464 3632 664 3688 guore,
697 3615 964 3688 parvulus
993 3615 1115 3686 ejus
1144 3613 1292 3668 ﬁlius
1319 3629 1424 3666 nec
1456 3611 1596 3666 dum
1625 3609 1913 3681 baptisma
1943 3627 2077 3665 con-
2179 3608 2445 3664 veniente
2464 3613 2653 3676 nocte,
2683 3625 2858 3680 aeger,
2894 3609 3167 3664 ultimum
3191 3611 3498 3666 exhalavit
3524 3607 3796 3681 spiritum.

464 3709 688 3777 secutus
733 3708 1017 3776 aegrotare
1050 3703 1222 3773 coepit
1279 3701 1524 3773 gravius.
1552 3703 1660 3768 Qui
1719 3699 2079 3771 baptismatis
2181 3698 2354 3770 Cujus
2401 3699 2571 3754 funus
2596 3699 2849 3771 praafatze
2881 3700 3036 3756 urbis
3053 3701 3328 3772 populus,
3348 3703 3515 3772 pulla
3535 3702 3684 3754 veste
3713 3696 3801 3748 cir.

464 3793 651 3864 gratia
681 3793 955 3859 imbutus,
988 3792 1172 3846 levato
1210 3790 1502 3862 paulisper
1532 3790 1926 3856 incommodo,
1962 3805 2082 3842 ma-
2181 3787 2581 3856 cumamictus,
2615 3805 2746 3844 cum
2771 3788 3024 3843 maximo
3059 3791 3212 3844 luctu
3244 3791 3324 3844 ad
3350 3788 3660 3846 ecclesiam
3686 3784 3805 3840 San-

464 3884 614 3936 trem
647 3881 901 3953 nequivit
926 3880 1214 3934 lastiﬁcare
1228 3879 1437 3951 gaudio
1471 3881 1816 3951 pleno.Nam
1838 3879 2079 3932 fratrem
2181 3879 2406 3930 ctorum
2438 3876 2680 3948 Crispini
2717 3879 2774 3931 et
2801 3876 3144 3948 Crispiniani
3171 3881 3261 3931 est
3295 3881 3667 3949 prosecutus.
3701 3874 3806 3936 Quo

466 3972 588 4042 ejus
618 3970 1052 4034 Clodobcrtum,
1085 3968 1175 4022 cui
1213 3971 1353 4022 aetas
1375 3969 1719 4037 provectior,
1750 3984 1818 4021 eo
1872 3982 2080 4020 conva-
2183 3964 2242 4018 in
2275 3965 2398 4019 loco
2422 3965 2725 4035 praedictus
2745 3965 2897 4036 regis
2923 3965 3070 4019 ﬁlius
3097 3967 3504 4020 tumularium
3528 3968 3615 4020 est
3641 3960 3806 4034 sepul-

465 4061 715 4115 lescente
748 4057 934 4114 doluit
953 4055 1504 4112 similiaincurrisse.
1525 4058 1608 4110 Ita
1635 4055 2083 4126 deniquelatens
2184 4054 2375 4107 turam
2401 4053 2940 4124 adeptus.Sequenti
2967 4053 3175 4108 abhinc
3204 4072 3376 4110 anno
3413 4055 3567 4109 alius
3605 4070 3670 4108 ex
3703 4047 3814 4104 ﬁliis

468 4149 641 4221 pestis
671 4147 729 4200 in
745 4149 931 4201 totam
954 4145 1618 4215 dilfundebaturregiam
1637 4146 1860 4217 prolem
1878 4161 1942 4198 ac
1971 4144 2016 4197 si
2048 4160 2083 4197 a
2185 4141 2508 4212 Chilperici,
2537 4142 3188 4209 Theodericusnomine,
3213 4145 3562 4199 terminum
3599 4139 3814 4197 sortitus

469 4235 778 4290 visceribus
808 4233 1094 4287 transiens
1118 4233 1398 4303 paternis,
1430 4233 1487 4286 in
1521 4233 1772 4288 ﬁliorum
1806 4231 2083 4286 membris
2185 4233 2269 4284 est
2299 4229 2446 4286 vitm.
2481 4231 2643 4284 Unde
2675 4230 3024 4302 Chilpericus
3050 4231 3263 4286 divinae
3282 4227 3815 4288 animadversionis

468 4322 899 4378 haereditariam
930 4321 1220 4375 videretur
1241 4321 1382 4375 velle
1401 4321 1507 4375 sibi
1539 4321 1830 4376 vindicare
1861 4321 2080 4374 sedem.
2179 4318 2461 4388 judicium
2493 4319 2694 4373 cervici
2725 4319 3032 4374 imminere
3063 4337 3179 4374 suae
3206 4338 3618 4392 cognoscens,
3656 4315 3819 4372 multa

468 4411 728 4464 Tandem
759 4408 1173 4480 Fredegundis,
1207 4408 1366 4477 cujus
1387 4408 1559 4464 toties
1581 4409 1747 4464 dolor
1766 4410 1956 4463 lacera
1974 4411 2086 4462 tor-

2186 4407 2531 4478 pauperibus
2577 4406 2806 4475 Christi,
2835 4424 2933 4462 seu
2959 4408 3231 4472 ecclesiis,
3269 4410 3544 4481 largitur
3575 4405 3820 4463 donaria.

473 4498 688 4570 quebat
737 4496 1077 4568 prmcordia,
1102 4496 1327 4566 quoties
1384 4499 1765 4552 semimortua
1816 4499 2164 4596 natorumD
2190 4495 2494 4550 Restitcrat
2521 4512 2659 4550 sane
2700 4496 2886 4551 adhuc
2940 4513 3084 4551 unus
3115 4513 3148 4551 e
3201 4498 3379 4568 regia
3409 4499 3611 4568 prole,
3663 4507 3820 4568 quem

472 4585 975 4658 contemplabatur
1020 4599 1290 4654 corpora,
1322 4585 1578 4654 pristina:
1613 4585 1857 4640 feritatis
1888 4584 2086 4652 oblita,

472 4673 714 4730 humani
737 4671 923 4727 induit
959 4671 1421 4742 compassionem
1448 4673 1628 4728 animi
1649 4673 2092 4746 ;adicnsquere-

474 4762 737 4836 gem,huj
750 4761 973 4816 usmodi
993 4759 1144 4830 apud
1168 4776 1302 4814 eum
1326 4760 1528 4816 habuit
1545 4778 1879 4817 sermonem
1906 4779 1967 4816 :«
1994 4764 2092 4817 Be-

476 4852 714 4918 neﬁciis,
746 4849 954 4922 inquit,
992 4847 1197 4902 divinis
1253 4853 1503 4916 nosmet,
1531 4851 1611 4905 mi
1644 4851 1746 4917 vir,
1778 4851 2091 4906 benefactis

473 4938 821 5012 respondere
849 4936 1139 5004 convenit,
1183 4953 1326 5007 quos
1353 4955 1604 5009 superna
1634 4956 1751 4993 non
1779 4938 1946 5010 punit
1977 4940 2088 4992 cle-

473 5028 713 5094 mentia,
737 5029 898 5082 tanto
922 5029 1184 5097 tempore
1213 5031 1643 5096 perseverantes
1659 5027 1716 5081 in
1732 5027 2088 5083 malitia.t\'e-

473 5134 582 5192 que
605 5117 761 5173 enim
785 5116 1013 5186 ﬂagella
1066 5114 1483 5185 omnipotentis
1536 5115 1637 5170 Dei
1691 5115 2086 5178 sustinuimus,

472 5206 631 5279 quasi
661 5205 870 5273 rei,sed
902 5203 960 5258 in
981 5202 1407 5273 virgaﬁliorum
1428 5204 1660 5272 eruditi,
1686 5205 2085 5276 propheticum

469 5295 610 5358 illud
639 5295 855 5348 dictum
883 5293 940 5347 in
976 5291 1143 5346 nobis
1173 5308 1367 5346 sumus
1398 5292 1615 5362 experti
1641 5309 1652 5347 :
1685 5293 1825 5358 Quia
1844 5294 2084 5364 flagellat

2191 4583 2539 4654 Chilpericus
2568 4583 2838 4639 custodia:
2856 4585 3678 4658 mancipatum,suggercnte
3709 4583 3828 4636 Fre-

2192 4671 2479 4743 degunde,
2511 4671 2836 4727 custodibus
2880 4673 3091 4744 legavit
3115 4674 3530 4745 puniendum.
3563 4675 3645 4728 Ita
3673 4670 3824 4725 effer-

2190 4767 2395 4822 buerat
2425 4761 2774 4832 Chilpericus
2803 4761 2861 4816 in
2890 4761 3112 4817 malitia
3144 4766 3207 4817 ut
3238 4781 3373 4819 non
3431 4764 3490 4819 ei
3552 4760 3830 4818 sufﬁceret

2190 4850 2391 4925 generi
2421 4851 2544 4921 ejus
2572 4850 2886 4904 imminens
2911 4851 3151 4906 caelestis
3200 4851 3505 4920 vindicta,
3543 4850 3654 4906 nisi
3711 4862 3827 4902 eam

2191 4941 2595 5012 augmentaret
2620 4955 2723 5010 per
2759 4955 2862 4993 sua
2880 4939 3158 4995 facinora.

2761 5027 2984 5082 CAPUT
3009 5029 3224 5082 XXXIII.

2185 5116 2268 5172 De
2295 5116 2640 5172 inundatione
2670 5132 2960 5188 aquarum,
2993 5123 3304 5187 tempestate
3360 5119 3512 5187 cati,
3541 5122 3840 5174 terremotu

2691 5212 2741 5259 et
2745 5205 3008 5275 prodigiis
3026 5205 3225 5260 multis.

2254 5295 2421 5349 Anno
2453 5311 2484 5347 ν
2516 5291 2844 5348 Cbideberti
2872 5292 3022 5363 regis
3045 5293 3159 5364 (qui
3185 5293 3302 5348 fuit
3337 5313 3553 5353 nonus
3583 5294 3836 5353 decimus

468 5385 738 5442 Dominus
793 5370 1024 5435 omnemi
1054 5381 1233 5450 ﬁlium
1291 5397 1446 5452 quem
1501 5384 1684 5452 recipit
1730 5382 1925 5453 (Hebr.
1962 5384 2079 5454 xu).

469 5475 609 5540 Ecce
639 5487 890 5543 namque
922 5487 1047 5538 nos,
1080 5474 1138 5523 et
1159 5469 1377 5524 feribus
1405 5474 1462 5524 et
1499 5469 1665 5524 variis
1697 5488 1847 5541 saepe
1900 5473 2080 5528 vexati

467 5561 908 5623 calamitatibus,
927 5561 1162 5632 insuper
1175 5559 1428 5614 ﬁliorum
1449 5560 1744 5630 amplexus
1762 5559 2081 5618 amittimus

463 5651 838 5721 eratissimos,
870 5665 1014 5726 quos
1061 5649 1332 5724 lacrymte
1364 5647 1670 5707 viduarum
1701 5651 1761 5705 et
1788 5650 2079 5724 orphano-

2184 5383 2487 5454 Chilperici
2503 5387 2674 5455 atque
2697 5381 3039 5450 Guntranni)
3059 5385 3232 5436 tantm
3249 5384 3390 5440 lues
3414 5403 3615 5457 aquar
3631 5401 3728 5438 um
3744 5397 3841 5455 per

2183 5473 2468 5527 universas
2502 5471 2942 5543 regionesfactm
2958 5474 3096 5526 sunt
3124 5471 3470 5528 Galliarum
3498 5477 3571 5530 ut
3602 5473 3845 5529 ﬁumina

2178 5562 2478 5627 terminos,
2513 5578 2654 5632 quos
2679 5576 2977 5632 nunquam
3010 5562 3181 5615 antea
3240 5566 3674 5629 excesserant,
3711 5577 3846 5633 pra:~

2178 5653 2708 5723 tergressa,pecora
2724 5649 2966 5722 quidem
2997 5649 3192 5720 exitio,
3216 5649 3498 5709 aediﬁcia
3525 5667 3670 5710 vero
3733 5649 3845 5708 duo
