3940 6166
228 406 314 466 ’117

1265 380 1591 449 HISTORIA
1627 382 2068 448 FRANCORTM.
2094 419 2165 431 —-
2201 389 2330 448 LIB.
2363 385 2454 443 III.

3419 381 3530 442 '7I8

230 547 432 603 rumque
460 529 727 582 locorum
759 520 923 593 gravi
952 519 1259 574 efficerent
1287 519 1476 575 ruina.
1503 518 1717 583 Quibus
1738 519 1817 572 al-
1839 525 1894 584 Α
1922 516 2045 572 fieri
2103 515 2473 582 catholicum,
2503 517 2703 569 tamen
2755 513 3098 570 infirmitate
3139 513 3414 586 impulsus
3446 513 3534 567 est

229 636 421 677 veorum
443 629 682 669 suorum
714 614 902 665 metas
919 608 1342 680 repetentibus,
1359 608 1676 680 pluviisque
1698 625 1816 661 ces-

226 709 457 773 santibus,
488 704 646 758 circa
697 715 972 754 mensem
1037 698 1134 768 qui
1187 696 1533 769 September
1589 696 1816 764 dicitur,

229 801 380 854 denuo
407 795 646 849 arbores
681 791 1036 844 floruerunt.
1063 788 1220 841 Tunc
1251 803 1480 858 quoque
1510 786 1702 857 fulgur
1719 801 1820 856 per

227 888 395 943 coalum
439 879 768 937 cucurrisse
801 877 990 930 visum
1024 878 1112 929 est
1157 876 1493 946 sonitusque
1542 878 1820 946 tanquam

225 974 475 1031 ruentium
499 970 782 1024 arborum
803 981 910 1036 per
927 966 1116 1018 totam
1148 979 1299 1034 pene
1325 967 1548 1018 terram
1571 963 1818 1020 auditus.

226 1057 627 1133 Burdegalensis
657 1055 854 1110 civitas
901 1055 1249 1107 terrmmotu
1308 1068 1587 1107 concussa
1619 1055 1732 1119 est;
1766 1054 1824 1106 et

225 1153 280 1206 de
303 1149 580 1221 Pyrenaeis
598 1143 901 1199 montibus
923 1140 1203 1196 immensi
1226 1141 1450 1210 lapides
1475 1144 1610 1194 sunt
1627 1139 1821 1207 evulsi,

225 1239 392 1311 quibus
416 1237 715 1290 immensa
739 1247 1022 1302 pecorum
1056 1229 1482 1301 hominumque
1513 1229 1824 1284 multitudo

222 1343 450 1400 percussa
476 1322 730 1378 interiit.
758 1321 930 1374 Vicus
956 1318 1420 1389 Burdegalensis,
1440 1318 1712 1373 incendio
1741 1318 1828 1372 di-

221 1417 393 1470 vinitus
417 1417 555 1468 orto
612 1409 946 1479 nulliusque
976 1406 1233 1462 hominis
1262 1406 1659 1461 incitamentis
1687 1422 1829 1476 aug-

221 1505 444 1560 mentato
472 1499 916 1562 inﬂammatus,
947 1497 1161 1549 multos
1193 1495 1423 1561 exussit,
1456 1494 1648 1549 subito
1671 1510 1830 1549 eom-

221 1589 560 1664 prehendens
589 1587 801 1640 domos
817 1587 876 1638 et
909 1600 1074 1638 areas
1100 1583 1361 1654 frugibus
1385 1582 1834 1638 refertas.Aure-

219 1678 454 1734 lianensis
523 1676 662 1729 urbs
703 1673 879 1727 simili
932 1671 1203 1725 incendio
1259 1672 1476 1724 vastata
1526 1673 1633 1728 est.
1666 1670 1833 1741 Apud

219 1767 576 1822 Carnotinum
595 1778 818 1834 pagum
837 1760 908 1814 de
924 1759 1158 1814 effracto
1175 1775 1326 1830 pane
1341 1758 1573 1830 sanguis
1586 1759 1830 1813 effluxit.

1922 607 2106 679 ipsam
2138 604 2404 676 amplecti
2442 603 2812 674 religionem.

2487 693 2709 748 CAPUT
2763 693 2953 750 XXXV.

1920 795 2001 849 De
2026 793 2233 849 Tiberii
2252 786 2596 843 Constantini
2615 785 2758 839 obitu
2783 791 2831 838 et
2861 784 3126 839 Mauricii
3153 785 3208 838 in
3235 781 3534 854 Imperium

2549 875 2888 930 successione.

1990 970 2248 1028 Tiberius
2272 984 2406 1022 vero
2441 963 2849 1020 Constantinus
2879 967 3190 1034 postquam
3225 957 3537 1031 imperium

1921 1079 1995 1116 vn
2020 1060 2167 1115 rexit
2195 1056 2384 1123 annis,
2400 1052 2653 1108 sentiens
2695 1051 2851 1106 diem
2884 1069 3000 1106 suae
3029 1049 3341 1105 imminere
3369 1063 3536 1102 voca-

1923 1148 2116 1214 tionis,
2143 1163 2259 1202 una
2287 1161 2418 1199 cum
2451 1141 2687 1197 consilio
2740 1143 3008 1212 Augustae
3052 1137 3282 1209 Sophiae
3332 1134 3537 1192 Mauri-

1925 1238 2319 1308 cium,genere
2347 1232 2771 1304 Cappadocem,
2799 1230 2984 1284 virum
3018 1231 3341 1294 strenuum,
3365 1223 3542 1295 elegit

1929 1326 2002 1380 ad
2030 1323 2346 1397 imperium
2363 1336 2641 1392 suamque
2658 1318 2838 1373 filiam
2866 1315 3161 1388 regalibus
3183 1311 3544 1370 ornamentis

1933 1417 2203 1471 ornatam
2233 1412 2286 1467 ei
2318 1410 2576 1476 tradidit,
2609 1409 2806 1463 dicens
2835 1425 2848 1462 :
2897 1429 2924 1456 ‹‹
2959 1406 3044 1461 Sit
3075 1403 3183 1458 tibi
3231 1401 3544 1474 imperium

1934 1520 2065 1558 cum
2095 1504 2203 1558 hac
2229 1501 2418 1572 puella
2460 1515 2815 1553 concessum:
2853 1497 3022 1551 Utere
3076 1509 3143 1548 eo
3179 1491 3448 1551 feliciter,
3483 1488 3545 1542 in

1934 1596 2133 1647 mente
2183 1591 2402 1645 habens
2456 1587 2790 1660 mquitatem
2820 1603 2885 1640 ac
2935 1583 3223 1655 justitiam
3257 1579 3553 1652 praecipua

1935 1680 2138 1751 optimi
2169 1677 2534 1749 imperatoris
2555 1693 2674 1730 esse
2705 1674 2975 1744 insignia.
3011 1694 3039 1721 »
3076 1671 3207 1725 Haec
3237 1672 3551 1741 postquam

1935 1769 2098 1835 dixit,
2123 1782 2465 1836 corpoream
2489 1764 2821 1834 relinquens
2841 1760 3148 1816 sarcinam:
3166 1759 3241 1812 ad
3267 1761 3551 1812 aeternam

215 1859 267 1910 ln
291 1857 418 1910 urbe
457 1855 704 1909 Pictava
734 1852 906 1921 lupus
935 1866 966 1903 e
994 1848 1144 1902 silvis
1173 1847 1431 1914 veniens,
1466 1864 1570 1918 per
1600 1851 1833 1918 portam
1864 1849 1915 1907 B
1936 1855 2206 1928 migravit
2231 1854 2498 1926 patriam,
2526 1853 2844 1907 maximum
2869 1851 2954 1904 sui
2973 1849 3164 1904 obitus
3192 1845 3422 1918 populis
3450 1841 3557 1898 sibi

217 1945 481 2016 ingressus
512 1945 619 2008 est;
655 1956 772 2011 qua
802 1954 936 1992 cum
970 1936 1191 1990 ueteris
1217 1937 1430 2003 clausa,
1456 1936 1660 2006 lupum
1686 1936 1836 1990 cives

216 2033 264 2086 in
281 2032 462 2086 media
491 2028 933 2084 interemerunt
960 2023 1350 2081 urbe.Coelum
1372 2039 1605 2096 quoque
1630 2025 1837 2079 ardere

214 2121 368 2175 visum
392 2124 481 2174 est
515 2121 573 2172 et
600 2117 771 2187 Liger
802 2113 1007 2168 fluvius
1038 2113 1167 2184 plus
1194 2112 1360 2166 solito
1389 2113 1661 2168 excrevit.
1695 2113 1840 2165 Ven-

216 2214 290 2263 tus
320 2213 516 2264 auster
549 2210 675 2261 tam
704 2204 924 2258 violens
956 2202 1063 2256 fuit
1093 2205 1157 2255 ut
1189 2201 1356 2256 silvas
1414 2203 1836 2274 prosterneret,

215 2299 395 2354 domos
416 2298 511 2352 vel
537 2311 708 2366 sepes
724 2293 977 2358 erueret,
1009 2289 1405 2362 hominesque
1434 2308 1617 2362 usque
1651 2291 1724 2346 ad
1755 2290 1842 2344 in-

215 2387 603 2441 ternecionem
636 2382 943 2436 volutaret.
979 2378 1149 2448 Cujus
1180 2379 1432 2434 turbinis
1455 2379 1734 2452 spatium,
1765 2394 1836 2433 eo

216 2477 308 2531 loci
331 2493 442 2548 quo
483 2473 646 2528 visus
675 2475 762 2526 est
787 2468 1122 2533 cucurrisse,
1153 2466 1338 2520 tenuit
1375 2469 1436 2523 in
1471 2467 1844 2522 latitudinem

211 2566 397 2636 jugera
448 2565 714 2632 septem,
743 2559 878 2612 licet
926 2553 1230 2626 longitudo
1272 2559 1499 2626 quanta
1547 2559 1694 2610 esset
1724 2572 1844 2610 non

214 2648 710 2726 possetazstimari.
729 2645 845 2701 Sed
867 2646 990 2699 haec
1019 2641 1306 2715 prodigia,
1324 2645 1527 2715 gravia
1549 2648 1681 2699 sunt
1712 2644 1845 2699 sub-

215 2747 390 2797 secuta
446 2741 637 2796 mala.
675 2737 821 2790 Nam
872 2737 930 2788 et
977 2731 1261 2787 discordia
1311 2731 1470 2789 inter
1496 2749 1662 2805 reges
1695 2735 1845 2800 orta,

218 2830 351 2885 bella
381 2827 662 2884 excitavit
693 2822 903 2885 civilia,
939 2824 997 2874 et
1039 2819 1386 2890 dysenteriae
1428 2822 1669 2876 morbus
1696 2822 1850 2874 totas

217 2935 381 2990 prope
413 2912 734 2986 occupavit
762 2910 992 2965 Callias.
1028 2908 1151 2971 Qua
1181 2910 1338 2979 peste
1369 2909 1732 2979 Austrigildis
1756 2924 1848 2961 re-

218 3008 716 3078 ginaGuntranno
741 2999 866 3071 regi
889 3001 1071 3068 nupta
1089 2997 1380 3064 laborans,
1401 2999 1698 3070 querelam
1724 3013 1848 3050 ma-

218 3097 317 3150 rito
343 3097 635 3150 adversus
659 3090 920 3144 medicos
942 3087 1169 3152 detulit,
1202 3087 1363 3157 quasi
1394 3087 1630 3142 illorum
1663 3085 1847 3156 negli-

220 3186 404 3254 gentia
436 3198 592 3253 erga
646 3196 706 3233 se
743 3175 1032 3248 aegritudo
1067 3174 1464 3230 convaluisset.
1496 3176 1660 3230 Jussu
1692 3175 1847 3229 Gun-

217 3275 400 3328 tranni
426 3268 687 3327 diversis
717 3265 905 3338 poenis
931 3263 1140 3318 medici
1171 3263 1523 3319 interierunt
1552 3281 1564 3319 :
1612 3263 1850 3336 ipsaque

222 3365 339 3430 post
367 3359 662 3415 deﬁciens
694 3355 933 3409 mortua
959 3355 1069 3406 est.

814 3459 1037 3516 CAPUT
1060 3457 1284 3514 XXXIX.

220 3555 294 3608 De
340 3555 532 3625 legatis
589 3551 769 3625 Captis
821 3556 876 3625 et
907 3550 1158 3625 remissis.
1209 3546 1585 3625 ngaurilii
1631 3549 1856 3625 episcopi

285 3619 586 3680 laudabilis
620 3619 771 3676 obitu
797 3620 962 3692 deque
987 3619 1238 3691 Gregorii
1269 3619 1598 3676 Turonensis
1620 3637 1727 3690 pro
1750 3619 1855 3687 [ide

285 3698 556 3752 catholica
583 3694 840 3750 victoria.

287 3805 513 3868 Quibus
537 3801 749 3857 diebus
778 3798 1127 3870 Cbilpericus
1157 3800 1380 3869 legatos
1404 3797 1659 3853 Mirionis
1687 3798 1856 3853 Galli-

220 3894 314 3948 cize
337 3895 522 3966 regis,
559 3889 662 3962 qui
701 3887 895 3943 Suevis
927 3887 1316 3959 imperitabat,
1352 3887 1425 3941 ad
1449 3889 1855 3942 Guntrannum

222 3996 421 4053 regem
446 3980 690 4044 missos,
727 3975 880 4046 apud
905 3974 1216 4030 Pictavium
1250 3974 1400 4045 cepit
1427 3978 1484 4029 et
1517 3974 1765 4028 Parisius
1797 3975 1855 4029 in

221 4071 486 4124 custodia
515 4065 899 4141 posuit.Quos
925 4067 1120 4118 tamen
1150 4066 1281 4135 post
1307 4080 1525 4117 annum
1549 4063 1763 4117 liberos
1785 4064 1857 4118 ad

223 4158 463 4230 propria
487 4151 1048 4211 remisit.Maurilius
1068 4167 1296 4222 quoque
1323 4150 1683 4205 Caturcensis
1709 4167 1856 4222 pon-

224 4248 379 4315 tifex,
417 4247 573 4301 dum
607 4244 852 4314 propter
877 4240 1146 4313 podagrae
1176 4239 1577 4295 inﬁrmitatem
1606 4240 1860 4294 candens

226 4337 447 4391 ferrum
463 4333 629 4390 tibiis
648 4349 747 4386 seu
760 4329 1003 4402 pedibus
1023 4329 1722 4402 imponeret,languorcm
1739 4346 1860 4400 pes-

1936 1945 2176 2003 subditis
2191 1939 2914 2015 relinquensluctum.Fuit
2941 1938 3098 1992 enim
3118 1952 3367 1990 summae
3395 1931 3561 1988 boni-

1937 2031 2158 2099 tatis,in
2189 2030 2572 2102 eleemosynis
2587 2027 2976 2102 promptus,in
3002 2024 3326 2097 judicando
3349 2021 3558 2077 cautis-

1939 2121 2370 2187 simus,nullum
2394 2118 2948 2190 despiciens,omnes
2981 2113 3251 2186 diligens,
3275 2111 3396 2182 ipse
3421 2126 3562 2183 quo-

1943 2227 2054 2282 que
2087 2212 2174 2263 est
2205 2207 2451 2270 dilectus
2473 2223 2507 2260 a
2533 2206 2771 2260 cunctis.
2796 2205 2920 2269 Quo
2949 2199 3564 2269 defunc10,Mauricius

1941 2313 2200 2369 purpura
2233 2295 2491 2363 indutus,
2525 2293 2855 2349 diademate
2887 2289 3212 2358 redimitus,
3244 2290 3319 2345 ad
3347 2289 3564 2344 circum

1946 2383 2227 2459 processit
2247 2383 2664 2450 et,acclamatis
2690 2381 2795 2436 sibi
2821 2379 3336 2452 laudibus,largitis
3351 2378 3565 2451 populo

1949 2475 2030 2546 (ut
2055 2473 2237 2529 moris
2260 2473 2366 2541 est)
2389 2471 2750 2536 muneribus,
2767 2470 2990 2542 primus
3021 2485 3086 2523 ex
3106 2469 3435 2525 Graecorum
3467 2482 3566 2538 ge-

1949 2578 2091 2617 nere
2123 2561 2184 2616 in
2215 2559 2527 2632 imperium
2559 2559 2938 2614 conﬁrmatus
2963 2560 3068 2613 est.

2527 2647 2750 2702 CAPUT
2774 2646 2995 2701 XXXVI.

2273 2737 2357 2793 De
2376 2737 2555 2808 primo
2594 2734 3072 2806 Langobardorum
3102 2754 3241 2808 rege.

2020 2827 2094 2880 At
2123 2841 2260 2880 vero
2290 2824 2678 2895 Longobardi,
2712 2841 2844 2879 cum
2874 2839 2977 2896 per
3005 2841 3188 2880 annes
3215 2825 3423 2880 decem
3477 2817 3583 2874 sub

1951 2917 2236 2988 potestate
2253 2915 2462 2968 ducum
2477 2913 2736 2981 fuissent,
2758 2911 2995 2968 tandem
3019 2915 3319 2969 communi
3334 2907 3588 2970 consilio

1952 3004 2206 3059 Flavium
2226 3002 2666 3075 Authari,supra
2693 3002 3003 3058 memorati
3024 3003 3306 3076 principis
3332 2999 3596 3074 Clepbo-

1955 3093 2043 3148 nis
2074 3093 2280 3161 filium,
2307 3109 2507 3163 regem
2530 3092 2637 3146 sibi
2668 3095 3014 3147 statuerunt.
3047 3091 3150 3147 Cui
3181 3094 3257 3148 ob
3284 3095 3597 3160 restaura-

1954 3183 2175 3237 tionem
2203 3181 2574 3253 regni,daces
2602 3182 2699 3255 qui
2731 3185 2868 3236 tunc
2899 3185 3087 3248 erant,
3119 3182 3385 3238 mediam
3415 3183 3600 3239 totius

1954 3270 2291 3326 substantiae
2307 3288 2422 3325 sua:
2448 3273 2677 3343 partem
2700 3270 3232 3338 contribuerunt,ut
3250 3271 3408 3327 esset
3439 3276 3593 3334 unde

1953 3377 2052 3415 rex
2080 3360 2200 3432 ipse
2221 3360 2334 3414 sive
2357 3360 2453 3433 qui
2487 3359 2538 3414 ei
2571 3359 3037 3432 obsequebantur
3068 3376 3174 3431 per
3202 3361 3440 3416 diversa
3475 3366 3587 3422 dis-

1955 3448 2156 3503 tributi
2189 3448 2383 3504 ofllcia
2413 3449 2727 3504 alerentur.
2767 3450 2900 3502 Erat
2919 3465 3055 3502 sane
3085 3449 3195 3504 hoc
3222 3449 3497 3509 mirabile
3526 3456 3583 3512 in

1957 3541 2130 3608 gente
2163 3537 2706 3609 Longobardorum.
2730 3539 2893 3592 Nulla
2923 3540 3049 3591 erat
3079 3537 3374 3607 violentia,
3407 3545 3582 3600 nulla:

1956 3626 2326 3680 struebantur
2357 3625 2618 3695 insidiae;
2653 3625 3044 3698 unusquisque
3085 3643 3200 3698 quo
3232 3627 3456 3684 libebat
3486 3648 3580 3687 se-

1957 3731 2124 3768 curus
2156 3715 2278 3768 sine
2308 3714 2518 3769 timore
2549 3717 2850 3786 pergebat.

2515 3802 2741 3857 CAPUT
2771 3803 3016 3858 XXXVII.

2030 3890 2111 3946 De
2139 3888 2410 3945 Mauricio
2432 3881 2746 3962 imperatore
2769 3891 3010 3949 Francos
3042 3894 3098 3946 in
3123 3892 3504 3964 Langobardos

2595 3980 2932 4036 sollicitante.

2031 4069 2146 4124 Hoc
2177 4072 2460 4140 tempore,
2493 4069 2793 4125 Mauricius
2841 4067 3163 4140 imperator
3193 4069 3568 4126 Childeberto

1961 4158 2085 4230 regi
2108 4159 2462 4212 Francorum
2490 4157 2914 4230 quinquaginta
2934 4157 3115 4212 millia
3134 4157 3453 4214 solidorum
3470 4176 3576 4231 per

1961 4249 2182 4318 legatos
2210 4262 2342 4300 suos
2373 4263 2441 4301 ea
2470 4247 2561 4301 vel
2599 4246 2854 4302 maxime
2888 4246 3095 4302 direxit
3133 4247 3320 4318 gratia
3347 4251 3410 4303 ut
3440 4264 3573 4303 cum

1963 4336 2213 4390 exercitu
2242 4350 2416 4405 supra
2447 4335 2859 4407 Longobardos
2889 4335 3137 4390 irrueret
3166 4352 3380 4409 eosque
3412 4337 3575 4392 Italia

225 4427 439 4480 simum
496 4420 769 4478 incurrit-
814 4419 936 4482 0th
977 4419 1437 4490 ingravescente,
1495 4419 1634 4473 dum
1691 4417 1858 4473 multi
1887 4437 1938 4495 D
1965 4423 2369 4496 pelleret.Qui,
2405 4424 2484 4478 nil
2517 4427 2798 4489 moratus,
2821 4441 2951 4478 cum
2986 4424 3295 4480 innumera
3326 4425 3573 4481 Franco-

228 4516 640 4587 episcopatum
663 4509 976 4574 ambirent,
992 4508 1108 4578 ipse
1129 4508 1451 4563 Ursicinum
1472 4507 1859 4580 eligens,dum

227 4606 415 4659 adhuc
463 4604 766 4672 superstes
803 4601 969 4665 esset,
989 4596 1252 4651 benedici
1270 4596 1633 4669 fecit,sicque
1655 4597 1724 4651 ab
1752 4597 1861 4651 hoc

229 4696 437 4747 szeculo
465 4687 768 4761 migravit.
793 4686 919 4740 Fuit
943 4689 1138 4739 autem
1161 4686 1648 4757 eleemosynarius
1674 4685 1858 4751 valde,

229 4779 628 4854 Scripturisin
654 4779 882 4831 tantum
895 4774 1151 4829 eruditus
1174 4773 1396 4828 divinus
1412 4779 1475 4828 ut
1489 4772 1862 4844 genealogias

227 4869 455 4923 Veteris
505 4863 866 4922 Testamenti
897 4864 1238 4935 plerumque
1287 4863 1628 4917 memoriter
1659 4877 1861 4915 recen-

227 4962 399 5013 seret.
432 4960 741 5026 Pauperes
766 4951 1025 5006 Ecclesiae
1047 4969 1160 5006 suae
1185 4968 1322 5022 ergo
1352 4951 1687 5022 iniquorum
1712 4950 1864 5020 judi-

228 5063 360 5102 cum
385 5043 843 5118 oppressionem
863 5041 1241 5108 sustentabat,
1260 5043 1320 5094 ut
1337 5039 1476 5110 illud
1496 5040 1600 5093 Job
1617 5039 1861 5094 Domino

232 5135 594 5191 decantaret
615 5132 838 5186 dicens:
861 5129 1030 5184 Pater
1059 5147 1201 5183 eram
1214 5147 1539 5200 pauperum,
1563 5137 1611 5184 et
1647 5145 1865 5184 causam

229 5243 419 5280 eorum
463 5222 872 5292 diligentissime
901 5219 1296 5290 inuestigabam
1325 5219 1474 5292 (Job.
1505 5225 1678 5291 xxix).
1709 5219 1866 5273 Tunc

232 5315 414 5369 etiam
479 5311 798 5383 Gregorius
822 5308 1168 5363 Turonensis
1215 5325 1346 5363 cum
1402 5308 1637 5380 Egilane
1669 5307 1865 5362 Leuvi-

232 5404 373 5474 gildi
405 5403 809 5470 Hispanorum
841 5398 992 5469 regis
1021 5399 1234 5470 legato,
1260 5415 1434 5469 quem
1482 5397 1554 5451 ad
1587 5397 1864 5467 Chilperi-

233 5507 366 5545 cum
403 5489 679 5554 miserat,
711 5487 844 5558 quia
869 5489 992 5541 erat
1022 5486 1141 5557 ipse
1174 5486 1333 5558 Egila
1355 5485 1619 5553 Arianus,
1653 5485 1722 5539 de
1754 5485 1866 5540 ﬁde

232 5585 459 5635 sanctae
487 5577 791 5631 Trinitatis
819 5575 1152 5630 conﬂictum
1177 5576 1376 5631 habuit
1405 5578 1608 5630 eteum
1627 5573 1865 5629 mirabi-

230 5670 371 5726 liter
402 5665 730 5740 superavit,
755 5665 860 5730 Qui
878 5664 1138 5738 quamvis
1169 5665 1436 5739 negasset
1465 5680 1523 5721 se
1551 5663 1864 5738 aliquando

1961 4529 2092 4566 rum
2109 4511 2702 4567 multitudineltaliam
2718 4512 2906 4566 subito
2923 4511 3195 4568 introivit.
3207 4513 3573 4585 Longobardi

1961 4614 2094 4653 vero
2128 4598 2498 4652 conserendae
2532 4615 2741 4654 manus
2774 4615 2939 4670 spem
2992 4599 3348 4670 abjicientes,
3379 4600 3572 4656 muni-

1963 4686 2174 4741 mentis
2202 4702 2435 4740 suarum
2467 4703 2527 4741 se
2555 4687 2900 4761 commisere
2916 4687 3171 4756 urbium,
3191 4692 3268 4756 et,
3296 4689 3575 4744 intercur—

1962 4774 2438 4846 rentibuslegatis
2464 4775 2789 4848 oblatisque
2817 4777 3416 4849 muneribus,pactum
3439 4795 3572 4833 cum

1965 4864 2329 4918 Childeberto
2360 4863 2774 4928 fecerunt.Quo
2805 4864 2880 4918 ad
2907 4865 3111 4920 Gallias
3140 4870 3465 4935 remeante,
3484 4883 3574 4922 co-

1965 4953 2126 5024 gnito
2153 4952 2473 5023 imperator
2499 4952 2796 5007 Mauricius
2828 4954 2984 5024 quod
3012 4970 3144 5008 cum
3178 4954 3572 5026 Longobardis

1964 5043 2148 5098 faedus
2177 5041 2415 5108 iniisset,
2434 5040 2668 5107 solidos,
2688 5059 2832 5113 quos
2864 5041 2917 5096 ei
2945 5042 3020 5098 ob
3054 5043 3571 5115 Longobardorum

1966 5131 2356 5203 expulsionem
2389 5129 2647 5196 dederat,
2679 5132 2941 5201 repetere
2972 5133 3163 5203 cmpit.
3199 5135 3272 5185 At
3300 5131 3417 5197 ille,
3443 5147 3570 5184 sua-

1965 5236 2095 5274 rum
2110 5219 2315 5274 virium
2339 5217 2598 5289 potentia
2618 5217 2817 5286 fretus,
2844 5235 2948 5291 pro
2977 5220 3083 5275 hac
3106 5237 3168 5274 re
3199 5235 3306 5275 nec
3339 5235 3572 5291 respon-

1967 5325 2091 5362 sum
2119 5306 2360 5362 rcddcre
2394 5306 2592 5363 voluit.

2508 5395 2727 5451 CAPUT
2755 5395 3022 5452 XXXVIII.

2123 5485 2205 5540 De
2226 5485 2594 5557 persecutione
2621 5486 2999 5540 catholicorum
3026 5487 3082 5539 in
3110 5484 3408 5556 Hispania.

2039 5573 2262 5629 Exstitit
2286 5573 2344 5628 in
2370 5573 2481 5627 illis
2511 5572 2710 5628 diebus
2740 5572 2892 5644 apud
2923 5572 3221 5644 Hispanias
3249 5569 3570 5644 persecutio

1973 5661 2100 5720 dira
2151 5661 2585 5731 catholicorum,
2617 5677 2745 5735 quae
2782 5659 2882 5716 tali
2920 5659 3172 5737 quadam
3230 5675 3298 5715 ex
3334 5675 3504 5716 causa
