3934 6176
483 378 589 435 7.9
1583 365 1850 434 AIMOINI
1877 369 2187 436 MONACH'I
2224 368 2713 455 FLORIAGENSIS
3634 397 3718 455 in

490 499 797 557 Gadsunda
823 496 1017 555 matre
1043 492 1421 555 Brunichildis
1447 502 1531 555 est
1556 498 1835 556 excitata:
1869 500 2100 556 Herme-
2117 506 2172 565 Α
2198 500 2512 574 capiendus
2531 505 2629 557 aut
2646 499 3214 559 interficienduscum
3231 515 3329 563 suo
3348 509 3564 567 exercitu
3583 514 3718 587 foret,

499 589 1111 662 negitdus,Lemugildi
1133 589 1285 661 regis
1297 589 1728 655 lilius,sor0rem
1751 591 2098 647 Childcberti
2197 590 2564 646 Brunichilde
2586 607 2691 662 pro
2719 609 2786 646 eo
2812 592 3229 662 intercedente,
3259 595 3326 651 ab
3345 596 3633 658 imminenti
3651 623 3726 678 pe-

491 681 744 736 habebat
768 696 1026 734 uxorem.
1045 679 1151 743 Qui
1182 679 1929 751 videlicetHermeuegildus
1950 697 2094 752 prae-
2191 679 2371 736 riculo
2395 681 2656 754 eripitur.
2682 681 3018 737 Praesidium
3043 685 3238 739 tamen
3255 687 3368 756 ejus
3384 705 3533 760 supra
3551 709 3727 749 memo-

490 768 776 823 dicatione
808 767 1074 836 Leandri,
1098 768 1443 840 Hispalensis
1464 769 1770 839 pontiﬁcis,
1796 773 1968 841 atque
1991 771 2091 824 ad-
2190 767 2301 821 rati
2325 769 2495 824 duces
2521 769 2829 840 direptioni
2857 771 3245 828 tradiderunt.
3273 773 3587 846 Chilpericus
3607 782 3731 836 Desi-

486 856 816 912 hortatione
833 856 1224 928 suaeconjugis
1243 857 1752 912 abArianahaeresi
1772 857 1909 930 (qua
1927 862 2091 929 pater
2193 855 2418 910 derium
2468 858 2677 912 ducem
2707 859 2781 913 ad
2827 859 3222 930 pervadendas
3272 863 3652 922 Petrocoricum
3684 873 3731 924 et

485 963 618 1001 suus
638 947 976 1018 languebat)
993 945 1066 999 ad
1088 945 1429 1000 catholicam
1452 947 1627 1001 ﬁdem
1651 963 1955 1002 conversus
1973 948 2092 1002 fue-
2189 947 2529 1016 Agennum,
2554 947 2878 1018 Aquitaniae
2900 948 3088 1016 urbes,
3114 965 3244 1004 cum
3277 950 3550 1009 instructis
3573 957 3736 1029 dirigit

482 1039 591 1091 rat.
621 1035 926 1090 Gadsunda
956 1037 1149 1088 autem
1182 1035 1444 1088 tentabat
1469 1035 1516 1088 si
1550 1039 1742 1105 posset
1767 1037 2090 1106 Ingundem
2192 1035 2396 1104 copiis.
2422 1035 2524 1098 Qui
2544 1036 2742 1108 fugato
2763 1037 3103 1109 Ragnoaldo
3126 1039 3580 1111 duce,praedictas
3598 1046 3735 1101 urbes

484 1141 648 1179 suam
664 1127 900 1196 neptem
918 1125 1172 1189 ﬂectere,
1189 1125 1251 1176 ut
1271 1122 1547 1176 maritum
1565 1123 1945 1196 qualicunque
1960 1142 2089 1197 per-
2190 1121 2396 1177 invasit
2426 1141 2778 1196 uxoremque
2811 1126 3130 1196 Ragnoaldi
3160 1129 3376 1183 cunctis
3394 1132 3551 1187 rebus
3576 1150 3739 1204 exspo-

491 1213 654 1267 deret
680 1215 887 1267 morte.
911 1211 1022 1267 Sed
1049 1228 1178 1266 cum
1206 1210 1264 1265 id
1296 1212 1584 1282 nequisset
1613 1211 2092 1284 implere,suadet
2190 1210 2365 1265 liavit.
2401 1213 2695 1268 Baudastis
2743 1214 2856 1268 dux
2907 1231 3038 1268 cum
3094 1216 3347 1272 maxima
3385 1219 3467 1272 sui
3507 1222 3742 1277 exercitus

485 1301 607 1373 regi
639 1305 702 1355 ut
733 1300 915 1355 filium
947 1317 1078 1354 cum
1108 1317 1280 1354 uxore
1323 1300 1559 1372 propria
1589 1300 1822 1355 alterius
1851 1300 2090 1356 civitatis
2189 1302 2353 1370 parte
2371 1300 2428 1354 in
2449 1301 2746 1356 Wasconia
2767 1302 2956 1372 periit.
2984 1303 3110 1356 Fuit
3134 1304 3230 1359 illo
3257 1308 3509 1378 tempore
3531 1309 3744 1364 reclusus

479 1390 683 1461 jubeat
703 1390 954 1444 incolere
974 1389 1496 1455 domicilia,dicens
1522 1407 1580 1443 se
1612 1388 1825 1444 offendi
1851 1406 1918 1444 eo
1937 1389 2091 1461 quod
2191 1387 2426 1459 quidam
2459 1389 2557 1443 Dei
2588 1406 2803 1457 servus,
2833 1390 3120 1462 Ilospitius
3145 1393 3558 1466 nomine,apud
3576 1396 3746 1451 Nicen-

487 1477 720 1532 alterius
742 1480 931 1532 essent
949 1477 1104 1530 ﬁdei.
1133 1477 1390 1548 Cumque
1413 1478 1520 1531 hac
1549 1477 1760 1548 injuria
1782 1479 2093 1533 Hermene-
2192 1492 2314 1529 sem
2345 1476 2570 1531 urbem.
2598 1476 2704 1540 Qui
2734 1477 2950 1532 catenis
2978 1495 3150 1549 super
3177 1481 3402 1536 nudum
3426 1499 3615 1555 corpus
3639 1500 3747 1539 con-

486 1565 673 1638 gildus
698 1566 939 1620 minime
972 1565 1299 1620 ﬂecteretur
1336 1566 1409 1620 ad
1439 1566 1706 1636 neganda
1751 1583 1899 1621 verae
1955 1567 2088 1622 fidei
2191 1565 2416 1619 strictus
2444 1565 2666 1629 ferreis,
2695 1567 2939 1637 desuper
2993 1567 3175 1622 cilicio
3207 1570 3525 1642 tegebatur.
3557 1572 3751 1627 Caeteris

486 1655 1076 1728 sacramenta,impius
1092 1659 1402 1726 patereum
1423 1656 1598 1728 sepsit
1615 1656 2088 1722 c-ustodia.Quem
2193 1651 2425 1724 quidem
2458 1653 2655 1708 diebus
2682 1671 2891 1726 purum
2939 1671 3154 1725 panem
3185 1659 3243 1712 et
3283 1675 3490 1730 paucos
3537 1660 3752 1731 dactylos

487 1744 881 1816 postmodum,
905 1743 962 1796 in
993 1743 1114 1814 ipso
1141 1760 1301 1798 sacro
1323 1743 1574 1814 paschali
1603 1744 1714 1812 die,
1743 1746 1925 1798 securi
1956 1763 2090 1818 per—
2138 1744 2141 1745 ⁷
2192 1739 2434 1804 edebat;
2469 1741 2526 1795 in
2577 1741 3029 1814 Quadragesima
3076 1760 3209 1800 vero
3255 1746 3536 1802 radicibus
3563 1763 3754 1815 earum,

485 1850 709 1889 cussum
765 1833 1080 1888 interemit.
1114 1831 1386 1903 Ingundis
1433 1848 1567 1886 vero
1623 1835 1753 1902 post
1801 1834 1996 1890 mariti
2027 1851 2091 1889 ac
2193 1830 3159 1900 quaseremusferebat,herbarum
3183 1834 3752 1908 alebatur.Perquem,

485 1922 756 1994 martyris
783 1921 953 1976 funus
985 1923 1057 1976 ab
1080 1921 1362 1993 Hispaniis
1384 1920 1631 1992 fugiens,
1665 1921 1805 1976 dum
1836 1923 2090 1994 genuina
2112 1918 2164 1977 B
2190 1915 2250 1969 in
2272 1916 2438 1971 terris
2464 1920 2585 1973 solo
2607 1919 2792 1974 adhuc
2812 1935 3052 1991 corpore
3078 1923 3756 1990 conversantam,virtutes

484 2012 676 2067 Gallia}
703 2014 992 2084 repeteret
1019 2027 1174 2077 arva,
1202 2009 1260 2065 in
1288 2027 1494 2064 manus
1518 2011 1773 2066 militum
1804 2010 2034 2067 inciden

2204 2006 2494 2073 nultas,ad
2515 2007 2746 2062 laudem
2768 2013 2820 2063 et
2844 2010 3092 2080 gloriam
3125 2011 3382 2066 nominis
3402 2013 3757 2078 sui,Dominus

485 2102 582 2175 qui
623 2101 871 2156 limitem
898 2100 1181 2174 Hispaniae
1213 2100 1478 2154 adversus
1503 2100 1716 2154 Gothos
1752 2101 2083 2172 tuebantur,
2188 2094 2491 2151 ostendere
2521 2100 2604 2150 est
2629 2096 2915 2168 dignatus.
2951 2099 3028 2154 Ea
3057 2102 3408 2170 tempestate
3437 2100 3632 2155 beatus
3646 2101 3762 2155 Mar-

484 2207 616 2246 cum
649 2207 823 2261 parvo
855 2190 972 2244 filio
1004 2193 1172 2260 capta
1216 2192 1388 2260 atque
1416 2189 1473 2242 in
1507 2189 1759 2243 Siciliam
1789 2190 1977 2257 ducta,
2007 2191 2086 2247 ibi
2186 2180 2340 2235 tinus
2369 2183 2714 2266 Galliciensis
2742 2186 3115 2260 migravitZad
3147 2189 3487 2243 Dominum.
3520 2189 3612 2242 Hic
3637 2190 3758 2243 Pan-

486 2279 639 2335 diem
666 2278 867 2334 clausit
918 2281 1266 2332 extremum.
1298 2277 1468 2331 Filius
1507 2294 1642 2332 vero
1676 2278 2039 2334 Constantinc

2208 2271 2367 2326 lonia
2387 2273 2681 2340 oriundus,
2710 2275 2836 2329 loca
2855 2280 3052 2331 sancta
3074 2277 3133 2330 in
3166 2277 3405 2332 Oriente
3433 2277 3761 2342 circumiens,

483 2367 663 2439 polim
685 2367 1022 2440 imperatori
1048 2364 1312 2421 Mauricio
1341 2368 1427 2420 est
1458 2365 1724 2421 directus.
1750 2366 2085 2438 Captivitate
2188 2359 2417 2415 abunde
2443 2379 2500 2416 Se
2532 2362 2643 2416 illic
2674 2363 2876 2418 litteris
2903 2365 3130 2432 imbuit,
3159 2369 3218 2419 et
3251 2383 3360 2439 per
3387 2367 3667 2421 Galliciam
3695 2381 3764 2418 re-

482 2457 696 2512 sororis
722 2456 1120 2511 Childebertus
1139 2457 1460 2526 comperta,
1496 2458 1553 2508 et
1585 2454 1657 2508 de
1682 2454 1768 2509 his
1794 2472 1921 2526 quae
1945 2473 2083 2511 con-
2186 2451 2434 2519 vertenti,
2466 2450 2522 2504 in
2546 2451 2800 2520 basilica,
2835 2471 2964 2526 qua:
2994 2455 3186 2526 prima
3225 2456 3388 2527 apud
3423 2455 3686 2527 Hispanos
3716 2453 3764 2508 in

483 2549 572 2601 tra
595 2562 724 2600 eam
751 2548 913 2617 gesta
950 2545 1184 2598 fuerant
1212 2543 1422 2598 certior
1447 2542 1648 2611 factus,
1679 2544 1992 2598 exercitum
2023 2545 2082 2600 in
2183 2535 2405 2593 honore
2425 2541 2605 2595 sancti
2625 2542 2846 2597 Martini
2871 2543 3133 2598 dedicata
3149 2547 3258 2611 est,
3281 2544 3544 2615 pontifex
3570 2543 3767 2598 ordina-

481 2633 812 2705 Hispaniam
868 2633 1110 2704 trajecit,
1143 2648 1274 2686 cum
1326 2631 1522 2686 Gothis
1577 2633 1776 2702 proelio
1823 2633 2082 2688 conﬂixit
2183 2628 2291 2694 iuS,
2315 2627 2552 2699 triginta
2577 2628 2635 2683 in
2657 2631 2763 2704 hoc
2792 2631 2981 2685 ofﬁcio
3015 2632 3266 2703 explevit
3298 2649 3508 2688 annos.

480 2723 909 2795 maximamque
967 2721 1190 2776 cladem
1240 2720 1319 2775 eis
1372 2719 1628 2776 inferens
1659 2721 1840 2776 victor
1869 2721 2077 2776 exinde
2251 2718 2419 2770 Anno
2459 2734 2537 2770 V11
2571 2717 2919 2773 Childcberti
2947 2719 3120 2792 regis,
3154 2720 3252 2791 qui
3310 2721 3424 2774 fuit
3451 2737 3540 2774 ιιι
3570 2719 3768 2791 Chilpe-

478 2829 766 2884 regressus
797 2815 903 2866 est.
2175 2802 2278 2858 rici
2305 2807 2476 2876 atque
2505 2805 2848 2874 Guntranni,
2868 2808 3031 2861 stella
3059 2813 3329 2863 cometes
3357 2809 3478 2862 visa
3497 2811 3581 2863 est
3606 2808 3660 2861 in
3689 2805 3767 2861 die

544 2901 789 2956 Rursum
813 2899 1110 2955 Mauricius
1142 2898 1444 2970 Augustus,
1476 2899 1696 2971 legatos
1740 2899 1814 2953 ad
1842 2899 2071 2954 Childe-
2174 2895 2370 2947 sancto
2398 2894 2648 2950 Paschae.
2680 2895 2847 2966 Apud
2876 2895 3209 2951 Suessionas
3253 2897 3555 2952 civitatem
3584 2897 3768 2951 caelum

470 2990 700 3044 bertum
730 2989 1133 3055 mittens,eum
1157 2991 1218 3042 ut
1243 2991 1444 3042 contra
1472 2987 1883 3058 Longobardos
1909 3004 2072 3042 exer-
2172 2981 2376 3035 ardere
2407 2983 2590 3037 visum
2634 2987 2737 3038 est.
2767 2985 2827 3037 In
2877 3001 3026 3056 pago
3074 2985 3366 3041 Parisiaco
3429 2985 3674 3058 sanguis,
3709 2983 3767 3036 de

466 3079 644 3133 citum
701 3077 995 3148 dirigeret,
1030 3077 1252 3130 orabat.
1311 3075 1707 3130 Childebertus
1737 3070 2324 3148 existimansnIIUbe
2391 3071 2596 3141 ﬂuens,
2675 3073 3019 3129 vestimenta
3085 3075 3416 3130 multorum
3487 3075 3766 3129 hominum

471 3126 644 3133 μη-..
706 3126 906 3148 ωηο--
925 3126 995 3144 --,
1036 3126 1250 3130 ,ηημ
1320 3126 1604 3130 -.____-_-_
1624 3126 1704 3129 -_-
1744 3126 2065 3131 ---ην---τὼ
2515 3126 2540 3127 η
2584 3126 2595 3141 ,
2721 3126 2732 3128 ν
2800 3126 2812 3127 ,
2839 3126 2875 3128 __
3319 3126 3416 3130 ____

465 3181 626 3220 suam
645 3165 831 3220 adhuc
849 3179 1196 3235 germanam
1213 3163 1711 3234 Constantinopoli
1741 3164 2068 3234 degere,le-
2098 3126 2146 3185 Ο
2167 3160 2505 3218 cruentavit.
2529 3161 2895 3217 Valetudines
2916 3163 3086 3216 varia:
3104 3179 3168 3216 ac
3193 3164 3533 3218 mortalitas
3555 3176 3767 3233 magna,

463 3254 610 3325 gatis
629 3252 879 3309 Mauricii
899 3251 1287 3323 acquiescens,
1311 3255 1373 3305 ut
1389 3267 1551 3306 suam
1579 3255 1771 3322 posset
1802 3269 2063 3308 sororem
2168 3263 2237 3301 eo
2268 3264 2444 3318 anno,
2479 3250 2834 3305 Francorum
2864 3251 3133 3306 attrivere
3155 3255 3433 3322 gentem.

459 3341 738 3414 recipere,
768 3341 980 3394 iterum
1012 3340 1363 3393 Francorum
1395 3338 1708 3394 exercitum
1739 3341 1811 3395 ad
1839 3341 2064 3396 Italiam
2788 3339 3011 3393 CAPUT
3041 3338 3148 3394 XL.

458 3433 663 3484 contra
692 3427 1106 3499 Langobardos
1149 3427 1374 3482 direxit.
1424 3427 1633 3482 Verum
1666 3429 2062 3500 Longobardis
2475 3425 2558 3482 De
2585 3425 2790 3482 Rodini
2818 3427 2966 3482 ducis
2995 3429 3142 3484 obitu
3169 3437 3222 3484 et
3239 3431 3480 3501 pietate.

458 3517 638 3574 aciem
672 3516 989 3590 producere
1016 3519 1188 3587 atque
1214 3514 1556 3570 adversariis
1576 3516 1659 3569 ire
1688 3516 1916 3572 obviam
1943 3535 2062 3575 me-
2230 3512 2387 3569 Tunc
2432 3531 2661 3588 quoque
2720 3515 2978 3570 Rodinus
3029 3516 3141 3571 dux
3179 3522 3459 3573 mortuus
3489 3520 3594 3584 est,
3625 3531 3770 3572 verus

455 3606 790 3674 ditantibus,
812 3604 1011 3658 Franci
1030 3620 1094 3659 ac
1112 3603 1436 3672 Alemanni,
1466 3603 1882 3661 dissensionem
1908 3607 2062 3663 inter
2161 3601 2958 3675 eleemosynarius,bonitatis
2982 3605 3209 3678 plenus,
3217 3606 3387 3678 juste
3413 3624 3475 3663 se
3493 3607 3554 3662 in
3575 3604 3773 3662 cunctis

453 3713 514 3751 se
542 3695 842 3762 habentes,
874 3693 997 3748 sine
1029 3693 1194 3748 ullius
1222 3692 1365 3748 lucri
1393 3693 1814 3765 conquisitione
1841 3696 1914 3751 ad
1955 3713 2056 3770 pa-
2161 3707 2338 3762 agens
2367 3707 2433 3746 ac
2489 3709 2772 3765 pauperes
2805 3693 3010 3748 Christi
3038 3694 3313 3767 diligens.
3350 3696 3457 3751 Hic
3504 3697 3644 3752 dum
3672 3710 3771 3750 una

452 3785 623 3840 triam
653 3785 1012 3840 remearunt.
2160 3779 2387 3836 dierum
2413 3786 2707 3837 mortuum
2737 3782 2978 3855 sepelire
3001 3784 3197 3852 vellet,
3223 3786 3494 3859 propriis
3519 3783 3772 3859 praecepit

1007 3889 1231 3945 CAPUT
1269 3886 1492 3944 xxxlx.
2155 3869 2348 3941 pueris
2363 3873 2812 3925 monumentum
2831 3871 3126 3943 quoddam
3144 3874 3410 3944 aperire,
3431 3878 3498 3929 ut
3524 3876 3583 3930 in
3610 3891 3675 3929 eo
3691 3873 3772 3927 de-

447 3983 530 4038 De
577 3981 863 4038 Benedicto
922 3987 971 4035 et
1024 3979 1248 4048 Pelagio
1277 3977 1538 4033 Romanis
1577 3980 1940 4048 pontiﬁcibus.
1969 3981 2053 4038 De
2153 3960 2418 4015 fundum
2444 3965 2710 4034 Poneret-
2745 3961 2911 4025 Ουοά
2935 3961 3016 4017 illi
3047 3979 3179 4018 cum
3216 3969 3534 4022 maturato
3565 3964 3773 4037 ίῙῙΨῙθε·

516 4054 807 4109 Mummoli
831 4056 886 4106 in
915 4051 1248 4106 Avenionem
1284 4049 1564 4122 profugio.
1593 4049 1694 4122 De,
1724 4049 2053 4108 Childeberti
2151 4050 2945 4117 sent,inveneruntimmensi
2966 4051 3244 4122 ponderis
3259 4053 3636 4108 thesaurium
3653 4049 3769 4106 soli-

520 4126 590 4210 (ζά
625 4125 982 4210 θνιιέρθνξξείζζῖ
1007 4124 1334 4210 ινςιηείξωηε·
1360 4119 1442 4210 Pe
1469 4120 1616 4201 Ll‘PO
1648 4120 2048 4210 Caillpqnorum
2149 4138 2474 4209 dorumque
2507 4156 2624 4193 non
2657 4119 3158 4195 contemnendum
3208 4159 3570 4210 numerum,
3602 4142 3771 4196 eleva-

519 4197 668 4250 duce.
704 4191 785 4250 De
839 4193 1124 4263 Chiqierici
1170 4195 1231 4246 in
1273 4191 1647 4259 Petrogoricos
1698 4194 2041 4262 expeditione.

518 4269 602 4322 De
618 4267 909 4322 Baudastis
930 4266 1170 4329 interitu,
1193 4269 1242 4317 et
1265 4262 1328 4315 de
1358 4261 1598 4332 Hospitii
1626 4263 1815 4316 reclusi
1847 4268 2043 4319 sancti-

2270 4191 2274 4192 ,
2379 4191 2468 4209 Γ-
3209 4191 3570 4210 ______-_____,
3609 4191 3749 4196 mm

2217 4244 2388 4299 mque
2420 4245 2453 4282 a
2483 4232 2638 4283 terra
2670 4229 3003 4283 detulerunt
3053 4233 3188 4284 ante
3218 4231 3464 4286 domini
3510 4232 3598 4286 sui
3637 4246 3770 4302 pra:-

522 4317 910 4403 t—aie:
935 4317 1186 4388 CMartin'i
1237 4317 1568 4387 Gallicieiiszs
1627 4317 1960 4401 transitu,ei

2215 4317 2529 4372 ntiam.llle
2560 4335 2693 4373 vero
2723 4319 2965 4374 domum
2992 4319 3219 4374 caeleste
3256 4319 3628 4393 intelligens,
3643 4335 3768 4392 pau-

519 4415 712 4462 comcte
739 4415 788 4460 et
803 4413 1050 4478 portento
1081 4405 1288 4461 czelcsti.
2069 4404 2122 4463 D
2149 4405 2381 4476 peribus
2402 4410 2607 4461 cuncta
2637 4410 2721 4474 (ut
2751 4410 3145 4473 consueverat)
3179 4408 3464 4480 largitus,
3500 4412 3768 4464 talentum

520 4497 843 4552 Romanam
876 4511 1046 4567 porro
1080 4491 1388 4547 Ecclesiam
1411 4494 1833 4564 postJoannem
1865 4497 2045 4550 Bene-
2150 4493 2255 4549 sibi
2288 4495 2570 4549 creditum
2604 4496 2655 4549 ei
2689 4512 2721 4549 a
2774 4512 2888 4566 quo
2935 4499 3240 4567 acceperat
3273 4497 3651 4569 duplicatum
3679 4511 3769 4568 per

445 4585 630 4641 dictus
660 4584 907 4654 suscepit
933 4581 1417 4654 regendam.Post
1440 4598 1612 4652 quem
1637 4582 1897 4654 Pelagius
1919 4585 2044 4639 abs-
2150 4599 2356 4637 manus
2386 4582 2770 4637 retransmisit
2799 4600 3139 4654 egenorum.
3172 4585 3362 4640 Multa
3386 4591 3594 4642 autem
3619 4585 3769 4656 signa

443 4692 554 4750 que
577 4673 835 4746 jussione
861 4670 1139 4743 principis
1167 4669 1463 4724 ordinatus
1481 4672 1587 4732 est,
1621 4686 1688 4724 eo
1713 4673 1867 4741 quod
1897 4673 2045 4729 Lon-
2148 4675 2206 4725 et
2230 4671 2495 4744 prodigia
2524 4689 2590 4727 eo
2619 4689 2771 4728 anno
2798 4673 2857 4726 in
2883 4673 3024 4728 caelo
3043 4675 3177 4727 sunt
3201 4674 3360 4731 visa.

441 4763 683 4836 gobardi
707 4761 1039 4817 obsiderent
1055 4761 1322 4820 Romam,
1346 4774 1451 4812 nec
1476 4761 1665 4829 posset
1686 4759 1987 4832 quisquam
2011 4780 2047 4818 a
2759 4779 2982 4833 CAPUT
3012 4777 3144 4833 XLI.

439 4853 630 4942 Rom?
647 4849 940 4942 Pr981'edio
968 4848 1317 4942 Μυῖηῐηίξίυθ
1347 4846 1621 4916 Ρθίνίοίυδ
1651 4864 1684 4901 ἃ
1704 4848 2042 4906 δυηῖτᾶηηο
2140 4865 2226 4923 De
2273 4865 2562 4940 Chilperici
2596 4870 2651 4922 in
2678 4868 2916 4942 liarresim
2944 4866 3318 4942 Sabellianam
3352 4871 3516 4942 lapsu
3561 4877 3610 4927 et
3647 4871 3770 4927 resi-

434 4957 573 5012 rege
601 4939 937 5004 desciscens,
964 4937 1023 4991 in
1054 4935 1411 4990 Avenionem
1461 4941 1712 4990 castrum
1756 4955 1814 4992 se
1847 4942 2044 4995 contu-
2386 4935 2406 4940 “
2803 4941 3080 5014 piscentz'a.

434 5031 521 5099 lit,
556 5029 648 5085 ubi
680 5029 948 5084 adversus
987 5026 1337 5080 insectantes
1368 5023 1544 5078 armis
1576 5042 1697 5080 sese
1739 5026 2039 5084 defensare
2213 5031 2322 5084 Per
2358 5027 2515 5082 idem
2564 5031 2794 5100 tempus
2826 5027 3177 5100 Chilpericus
3223 5045 3335 5084 rex
3373 5031 3765 5087 Sabellianam

434 5120 672 5191 aliisque
730 5117 991 5174 subsidiis
1051 5115 1282 5170 munire
1333 5115 1597 5187 parabat.
1643 5115 2039 5174 Childebertus
2139 5118 2336 5173 volens
2356 5116 3630 5190 promulgarehazresim,scripsitGalliarum
3655 5121 3765 5192 epi-

429 5209 627 5276 etiam,
649 5204 971 5262 Guntranni
988 5221 1127 5277 pace
1158 5203 1374 5270 relicta,
1393 5203 1711 5273 Chilperico
1733 5205 2040 5278 conjungi-
2139 5207 2322 5278 scopis
2348 5210 2429 5274 ut,
2444 5206 2720 5260 Trinitate
2745 5205 2987 5276 abjecta,
3013 5222 3190 5260 unum
3222 5209 3480 5262 tantum
3514 5209 3764 5262 dicerent

426 5299 542 5364 tur,
585 5295 961 5369 promittente
993 5291 1335 5363 Chilperico,
1367 5308 1435 5345 eo
1483 5291 1638 5362 quod
1689 5291 1808 5346 sine
1840 5293 2035 5350 liberis
2135 5298 2340 5362 Deum,
2378 5318 2406 5346 «
2438 5312 2695 5349 asserens
2727 5293 3003 5349 eumdum
3032 5311 3151 5348 esse
3184 5295 3442 5351 Patrem
3477 5299 3577 5370 qui
3606 5296 3764 5351 Filius

427 5384 1034 5454 esset,Childebertum
1054 5381 1316 5452 regnisui
1335 5379 1621 5434 facturum
1644 5380 2026 5440 sehaeredem.
2132 5386 2221 5440 vel
2243 5384 2487 5456 Spiritus
2510 5387 2741 5438 sanatus
2771 5386 2877 5450 est,
2897 5385 2954 5438 et
2984 5383 3261 5437 eumdem
3298 5385 3520 5441 Filium
3547 5403 3610 5440 ac
3641 5384 3761 5456 Spi-

428 5474 601 5546 Cujus
628 5469 1044 5545 promissionis,
1060 5473 1121 5524 ut
1147 5469 1205 5522 iu
1236 5468 1457 5523 caeteris
1481 5468 1678 5522 solitus
1705 5473 1847 5536 erat,
1871 5487 2028 5525 men-
2128 5473 2306 5529 ritum
2336 5476 2597 5529 sanctum
2619 5471 2715 5544 qui
2740 5474 2908 5527 Pater
2934 5475 3037 5539 est,
3058 5488 3160 5527 nec
3183 5470 3560 5530 divisionem
3579 5491 3762 5548 perso—

423 5564 532 5619 dax
565 5560 850 5635 apparuit.
865 5560 1053 5630 Lupus
1084 5558 1196 5613 dux
1227 5556 1662 5631 Campaniensis
1689 5558 1760 5612 ab
1781 5559 2022 5614 Ursione
2124 5579 2336 5617 narum
2365 5562 2426 5618 in
2479 5563 2662 5616 Deum
2715 5563 2831 5616 ullo
2865 5561 3041 5616 modo
3075 5561 3320 5620 cadere.
3357 5581 3392 5615 »
3424 5563 3598 5628 Quod
3630 5578 3751 5617 cum

416 5654 477 5713 et
505 5649 824 5711 Bertefrido
849 5647 910 5708 in
933 5647 1136 5723 fugam
1151 5649 1331 5718 actus,
1355 5663 1487 5705 cum
1511 5645 1634 5720 jam
1647 5646 1887 5722 jamque
1919 5652 2021 5705 aut
2122 5651 2397 5725 Gregorio
2439 5651 2783 5726 Turonenci,
2811 5651 2909 5727 qui
2953 5654 3090 5708 tunc
3145 5653 3407 5708 caeteros
3452 5654 3753 5728 episcopos
