3934 6176
279 336 364 395 721

1298 327 1624 388 HISTORIA
1660 325 2107 389 FRANCORUM.
2137 357 2210 374 --
2247 329 2376 389 LIB.
2406 328 2497 389 III.

3461 322 3570 390 722

270 452 545 511 sanctitate
578 450 843 527 praeibat,
858 451 1104 530 suadere
1126 455 1457 522 conaretur,
1476 455 1536 509 et
1560 455 1755 509 tamen
1787 452 1847 508 in
1867 457 1921 518 Α
1942 470 1980 508 n
1996 469 2072 508 on
2108 453 2334 523 dixisse,
2354 454 2454 511 sed
2475 471 2509 511 a
2528 454 2807 511 Leudaste
2834 452 3083 511 indicata
3096 470 3377 512 narrasse.
3402 454 3569 521 Quaa-

267 545 361 601 hac
388 543 604 599 ratione
631 542 908 604 Hilarium
937 545 1110 615 atque
1152 542 1539 615 Augustinum
1572 542 1677 598 sibi
1707 559 1847 597 con-

267 634 454 689 trarios
479 633 775 701 fateretur,
798 632 880 687 ait
909 634 981 688 ad
999 650 1133 688 eum
1163 634 1365 688 beatus
1381 633 1618 688 antistes
1652 649 1665 687 :
1691 650 1722 684 «
1742 631 1849 687 Ca-

264 721 491 776 vendum
521 722 625 788 est,
646 720 884 776 domine
905 722 986 775 mi
1006 737 1127 789 rex,
1144 737 1217 775 ne
1240 724 1298 775 et
1317 721 1412 775 ille
1434 720 1711 775 irascatur
1739 718 1847 774 tibi

262 810 404 881 cujus
430 809 508 864 illi
532 809 769 864 fuerunt
796 809 1021 877 famuli,
1058 809 1177 881 qui,
1211 813 1273 864 ut
1302 813 1363 863 tu
1388 810 1507 881 ipse
1536 809 1754 877 fateris,
1788 809 1847 863 in

262 899 356 955 ista
382 898 714 954 credulitate
760 900 895 953 sunt
938 898 1233 954 contrarii.
1264 919 1291 946 »
1318 898 1496 952 Porro
1542 913 1680 968 rege
1713 912 1846 951 cum

260 987 390 1043 testu
415 988 805 1060 respondente
832 988 985 1060 quod
1025 987 1401 1060 sapientiores
1427 1002 1496 1041 eo
1528 1003 1595 1040 ex
1624 986 1733 1041 hoc
1758 985 1845 1039 fo-

258 1081 375 1131 rent
400 1076 821 1149 interrogandi,
847 1076 1112 1132 sacerdos
1157 1075 1299 1131 dixit
1330 1092 1343 1130 :
1377 1097 1404 1125 «
1439 1076 1563 1130 Non
1602 1091 1721 1129 esse
1756 1090 1844 1128 sa-

259 1165 494 1237 pientem
518 1164 846 1237 quicunque
870 1166 1041 1220 aliter
1070 1181 1137 1219 ex
1165 1164 1279 1219 ﬁde
1310 1179 1375 1219 ac
1396 1163 1517 1236 ipse
1547 1162 1847 1218 sentiret.»

259 1251 427 1309 Salvio
457 1257 657 1309 autem
684 1253 979 1325 Albigensi
1011 1253 1279 1324 episcopo
1326 1252 1400 1307 ad
1444 1251 1723 1323 palatium
1752 1267 1846 1307 ve-

256 1341 420 1397 nienti
436 1341 719 1397 suadebat
740 1345 804 1396 ut
822 1340 926 1396 sibi
949 1343 1370 1396 consentaneus
1389 1340 1679 1407 existeret,
1703 1340 1862 1395 lecta‘

257 1429 306 1485 in
333 1430 563 1486 auribus
591 1431 713 1501 ejus
732 1431 1011 1498 chartula,
1030 1429 1091 1485 in
1122 1446 1237 1502 qua
1253 1432 1642 1484 memoratam
1662 1429 1848 1483 haere-

251 1518 346 1573 sim
387 1518 827 1591 conscripserat.
882 1517 1065 1583 Quam
1120 1518 1215 1572 ille
1274 1518 1476 1573 beatus
1518 1518 1576 1572 in
1617 1520 1848 1572 tantum

255 1608 539 1663 abhorruit
563 1611 645 1676 ut,
662 1608 707 1663 si
736 1608 797 1663 in
815 1609 936 1680 ejus
956 1608 1106 1663 forte
1128 1607 1397 1663 manibus
1427 1607 1766 1675 devenisset,
1786 1607 1847 1662 in

250 1700 425 1769 partes
454 1696 697 1753 scissam
728 1696 1051 1752 minaretur
1094 1713 1229 1768 igne
1272 1711 1554 1751 cremare.
1588 1695 1847 1768 Denique

1950 540 2123 596 situm
2158 542 2498 611 Leudasten,
2524 560 2628 598 nec
2660 543 2961 599 inventum
2992 543 3134 615 (ipse
3161 543 3319 599 enim
3345 545 3451 600 sibi
3491 546 3563 602 ti-

1948 647 2113 685 mens
2142 631 2752 705 audientiamfugerat)
2777 632 3062 687 antistites
3096 633 3561 689 excommunica-

1947 722 2154 773 verunt
2174 737 2305 774 eum
2328 723 2387 775 et
2407 721 2738 775 absentibus
2763 737 2835 775 ne
2857 738 2991 775 eum
3007 722 3064 775 in
3082 722 3563 778 communionem

1946 806 2749 880 reciperent,scripserunt.Eo
2765 808 2870 863 loci
2886 808 3210 864 mirabilem
3224 809 3565 882 patientiam

1948 896 2102 966 regis
2132 897 2229 968 qui
2259 897 2503 951 aderant
2539 896 2733 951 mirati
2774 901 2927 964 sunt,
2960 897 3116 969 quia,
3160 899 3422 970 quamvis
3446 900 3562 954 tale

1948 985 2129 1039 scelus
2150 985 2220 1039 de
2242 985 2447 1057 regina
2472 985 2830 1040 diffamatum
2849 986 3001 1041 foret
3018 986 3171 1058 quod
3198 987 3303 1058 ipsi
3331 1003 3564 1061 quoque

1948 1072 2335 1144 ignominiam
2368 1077 2696 1145 generaret,
2717 1092 3019 1147 nunquam
3047 1078 3244 1130 tamen
3270 1076 3350 1131 ita
3363 1075 3560 1132 animo

1948 1167 2275 1218 commotus
2288 1167 2372 1218 est
2384 1166 2445 1218 ut
2455 1164 2995 1236 quemlibetinjuste
3010 1165 3172 1237 oppri
3184 1164 3561 1229 meret.Quod

1949 1249 2088 1305 alias
2117 1268 2253 1306 sane
2270 1269 2389 1307 non
2406 1255 2777 1307 consueverat
2795 1269 2987 1324 agere.
3015 1253 3396 1309 Solummodo
3414 1254 3558 1308 Leu-

1949 1339 2172 1404 dasten,
2204 1356 2273 1395 eo
2305 1340 2463 1412 quod
2490 1344 2696 1395 contra
2726 1340 3059 1413 episcopum
3091 1342 3300 1396 falsum
3352 1342 3560 1397 tulerat

1947 1427 2956 1499 testimonium,excommunicatum
2984 1430 3055 1484 ab
3078 1429 3240 1484 omni
3263 1446 3364 1485 suo
3388 1429 3559 1501 jussit

1949 1515 2236 1571 eliminari
2250 1534 2453 1589 regno.
2477 1518 2634 1573 Tunc
2652 1518 2947 1573 Leudastis
2971 1518 3261 1573 universas
3282 1534 3413 1572 suas
3441 1534 3553 1586 res,

1948 1619 2076 1675 quae
2108 1604 2159 1659 ei
2187 1621 2291 1676 per
2323 1606 2669 1661 beneficium
2697 1606 2849 1678 regis
2901 1623 3186 1661 concessae
3230 1607 3484 1673 fuerant,
3521 1624 3557 1662 a

1948 1692 2174 1748 civitate
2198 1694 2482 1749 Turonica
2508 1694 2566 1749 in
2596 1695 2919 1767 Biturigum
2951 1696 3095 1750 fines
3120 1695 3466 1766 asportavit;
3500 1697 3558 1750 et

251 1802 474 1841 cernens
502 1802 610 1841 rex
640 1802 844 1842 omnes
880 1785 987 1841 sibi
1032 1785 1323 1841 contraria
1359 1784 1595 1852 sentire,
1629 1784 1701 1839 ab
1748 1783 1847 1840 illa
1872 1778 1923 1839 Β
1948 1780 2044 1837 diu
2058 1783 2168 1837 huc
2184 1782 2434 1855 illucque
2456 1784 3022 1851 oberrans,tandem,
3041 1785 3431 1856 postlongum
3450 1784 3555 1840 aevi

250 1873 465 1947 quidem
495 1873 718 1947 quievit
762 1873 1107 1930 intentione.
1138 1873 1374 1929 Addidit
1411 1876 1606 1928 autem
1636 1871 1846 1927 nostris

247 1962 433 2018 litteris
458 1983 528 2031 ω,
558 1979 789 2036 omega,
813 1963 1092 2032 Graecam,
1141 1967 1199 2020 et
1231 1965 1348 2018 tres
1394 1962 1553 2030 alias,
1595 1977 1844 2034 quarum

247 2051 598 2108 characteres
626 2053 698 2108 ab
724 2052 847 2124 ipso
869 2051 1133 2108 inventos
1157 2069 1289 2108 cum
1307 2051 1554 2125 propriis
1578 2051 1733 2108 sonis
1751 2051 1843 2106 hic

245 2140 674 2213 subscripsimus
683 2167 716 2210 χ
747 2142 839 2210 ch,
881 2148 906 2194 θ
930 2142 1066 2213 th,9
1088 2141 1194 2215 ph;
1223 2140 1567 2212 directisque
1588 2138 1843 2213 epistolis

246 2227 308 2283 ad
330 2227 593 2285 civitates
620 2229 727 2285 sibi
758 2233 1049 2302 parentes,
1082 2229 1359 2302 praecepit
1388 2233 1448 2284 ut
1477 2228 1640 2302 pueri
1665 2228 1725 2284 in
1752 2227 1841 2283 his

243 2315 581 2373 docerentur
601 2321 660 2374 et
688 2318 817 2374 libri
847 2318 1078 2391 pumice
1116 2317 1336 2391 planati
1364 2317 1837 2373 rescriberentur.

835 2407 1058 2463 CAPUT
1081 2408 1234 2461 XLII.

530 2495 622 2551 De
658 2496 914 2566 Agricola
943 2502 994 2551 et
1010 2495 1286 2550 Dalmatia
1311 2496 1525 2550 sanctis.

296 2585 398 2641 His
428 2584 662 2653 diebus,
694 2584 964 2657 Agricola
997 2583 1389 2640 Cabilonensis
1436 2587 1495 2638 et
1522 2583 1839 2641 Dalmatius

233 2674 595 2737 Rntenensis,
614 2673 719 2728 viri
750 2673 811 2728 in
832 2673 1134 2729 sanctitate
1167 2671 1443 2744 praecipui
1464 2676 1523 2726 et
1540 2673 1838 2745 pontiﬁca-

234 2767 344 2819 tum
374 2764 605 2836 optime
626 2763 1118 2831 administrantes,
1142 2763 1391 2817 esazculo
1414 2761 1832 2833 migraverunt.

233 2852 268 2907 Ε
289 2853 491 2925 quibus
505 2852 808 2925 Agricola,
829 2850 1127 2908 ecclesiam
1150 2868 1265 2907 sua:
1289 2850 1528 2907 civitatis
1549 2852 1836 2908 columnis

233 2940 450 3009 fulcivit,
465 2957 776 2997 marmore
792 2939 1048 3007 variavit,
1065 2939 1285 2995 musivo
1309 2939 1586 3012 depinxit.
1611 2941 1835 2996 Dalma-

1947 1872 2217 1943 spatium,
2255 1872 2654 1928 reconciliatus
2686 1873 2946 1929 Ecclesiae
2993 1879 3052 1930 et
3089 1874 3148 1929 in
3179 1875 3432 1946 gratiam
3462 1892 3554 1931 re-

1945 1965 2142 2033 ceptus
2170 1978 2205 2017 a
2225 1978 2385 2035 rege,
2412 1962 2549 2017 dum
2579 1962 3249 2019 monereturaPontiﬁce
3274 1962 3552 2035 Gregorio

1948 2051 2233 2120 quatenus
2264 2050 2596 2105 observaret
2623 2068 2682 2105 se
2711 2068 2745 2105 a
2769 2050 2988 2122 reginae
3020 2050 3217 2105 animo
3258 2053 3462 2106 contra
3491 2068 3551 2107 se

1943 2137 2197 2205 turbato,
2232 2138 2656 2209 parvipendens
2693 2137 3175 2207 admonitionem,
3205 2139 3343 2194 dum
3373 2128 3551 2195 illain

1942 2226 2192 2297 quadam
2225 2230 2419 2282 oraret
2442 2227 2699 2295 ecclesia,
2725 2228 2798 2283 ad
2819 2227 2996 2299 pedes
3025 2228 3147 2299 ejus
3176 2228 3546 2301 provolvitur.

1940 2317 1987 2369 A
2020 2331 2135 2387 qua
2157 2316 2478 2389 despectus,
2497 2317 2635 2372 dum
2660 2316 2979 2373 oratorium
3006 2317 3207 2373 fuisset
3219 2334 3478 2390 egressus
3493 2321 3552 2373 et

1941 2405 2210 2477 quaedam
2253 2405 2638 2461 mercimouia
2673 2423 2866 2462 emere
2898 2407 3086 2475 vellet,
3119 2409 3181 2461 ut
3211 2406 3550 2462 muneribus

1940 2492 2047 2547 sibi
2074 2493 2340 2567 reginam
2372 2494 2725 2564 conciliaret,
2749 2495 2821 2550 ab
2851 2495 2975 2566 ejus
3000 2494 3194 2566 pueris
3217 2494 3551 2552 circumval-

1938 2578 2110 2638 latur.
2144 2584 2185 2638 E
2212 2584 2415 2656 quibus
2447 2601 2627 2639 unum
2658 2584 2851 2657 gladio
2884 2584 3232 2658 percutiens,
3266 2583 3548 2658 areliquis

1938 2669 1998 2725 in
2024 2671 2224 2745 fugam
2248 2677 2405 2728 actus
2422 2674 2479 2729 in
2493 2673 2690 2729 medio
2706 2676 2881 2745 ponte
2895 2673 3193 2729 Parisiacae
3215 2674 3545 2747 urbis,pede

1937 2758 2091 2815 inter
2105 2761 2218 2817 duo
2243 2762 2401 2833 ligna
2421 2762 2581 2833 lapso
2608 2762 2809 2817 tibiam
2832 2760 3147 2835 sibifregit.
3168 2762 3331 2818 Unde
3352 2764 3544 2818 subla-

1936 2851 2110 2917 tus,et
2140 2849 2199 2904 in
2224 2867 2400 2905 unam
2425 2851 2618 2905 villam
2641 2852 2803 2923 jussu
2819 2850 2971 2922 regis
2990 2852 3064 2905 ad
3083 2851 3411 2907 sanandum
3443 2852 3546 2907 de-

1933 2940 2217 3010 portatus,
2236 2957 2270 2994 a
2291 2939 2479 2994 missis
2507 2940 2723 3012 reginae
2750 2939 2904 2994 inter
2934 2939 3076 2994 duos
3098 2942 3285 2995 vectes
3307 2939 3542 2995 effracto

227 3029 324 3085 tius
346 3046 480 3086 vero
549 3046 714 3084 suam
753 3045 904 3102 smpe
949 3028 1321 3096 destruendo,
1345 3028 1485 3084 dum
1527 3028 1834 3084 meliorare
1856 3060 1907 3122 ο
1934 3030 2189 3099 gutture,
2223 3027 2515 3083 infelicem
2545 3028 2725 3083 vitam
2755 3028 2940 3083 finivit

232 3118 465 3187 nittitur,
498 3117 918 3190 imperfectam
948 3117 1202 3189 reliquit.

811 3205 1034 3261 CAPUT
1070 3206 1248 3260 XLIII.

288 3295 366 3351 De
386 3295 677 3352 Leudastis
704 3296 910 3351 comitis
949 3295 1013 3350 ob
1061 3294 1412 3367 tyrannidem
1440 3295 1754 3367 expulsione.

290 3382 586 3440 Leudastis
619 3401 759 3439 sane
792 3383 1107 3439 Turonicus
1138 3399 1332 3440 comes
1376 3400 1444 3439 eo
1493 3387 1757 3455 tempore
1797 3400 1833 3439 a

228 3473 493 3529 comitatu
508 3473 822 3528 submotus
834 3475 1014 3541 est,eo
1036 3473 1192 3545 quod
1206 3474 1484 3545 populum
1498 3472 1705 3544 injuste
1726 3488 1829 3545 op-

226 3559 493 3631 primeret
511 3565 573 3617 et
592 3560 872 3633 Gregorio
891 3559 1149 3632 pontiﬁci
1168 3560 1277 3632 (cui
1293 3560 1629 3633 frequenter
1640 3576 1827 3616 sacra-

228 3653 413 3705 menta
453 3650 707 3706 dederat
744 3666 804 3704 se
850 3665 1149 3722 nunquam
1199 3648 1552 3721 nociturum)
1592 3648 1831 3721 injurias

227 3735 1002 3811 irrogaret.Succedenteque
1018 3737 1619 3805 Eunomio,Leudastis
1629 3742 1831 3793 contra

226 3828 553 3900 episcopum
581 3829 720 3884 felle
741 3831 1086 3894 commotus,
1126 3826 1284 3900 quasi
1312 3828 1435 3899 ejus
1462 3827 1700 3883 consilio
1720 3827 1830 3882 ista

224 3914 315 3970 sibi
343 3917 702 3983 evenissent,
741 3917 814 3972 ad
842 3933 1044 3988 regem
1075 3916 1347 3988 perrexit,
1380 3932 1650 3971 accusans
1688 3916 1828 3970 Gre-

225 4006 438 4075 gorium
473 4005 639 4079 quod
663 4005 956 4061 civitatem
972 4005 1317 4060 Turonicam
1336 4005 1460 4078 regi
1488 4006 1826 4061 Guntranno

224 4094 436 4151 tradere
469 4096 651 4151 vellet
690 4098 748 4150 et
795 4094 865 4150 de
908 4094 1115 4166 regina
1159 4095 1447 4166 permulta
1494 4094 1829 4166 loqueretur

224 4185 381 4252 mala,
414 4185 730 4240 afﬁrmans
761 4200 892 4239 eam
924 4196 1055 4239 cum
1076 4185 1395 4238 Bertranno
1417 4180 1825 4253 Burdegalensi

226 4270 476 4346 episcopo
513 4272 771 4329 misceri.
805 4272 1064 4327 Habebat
1079 4275 1274 4327 autem
1296 4274 1705 4344 cooperantem
1736 4269 1825 4324 Ri-

2007 3115 2122 3171 Hoc
2144 3132 2283 3189 ergo
2302 3117 2455 3172 exitu
2474 3118 2668 3189 periit,
2697 3116 2794 3188 qui
2822 3119 2885 3172 ut
2908 3115 3127 3172 crimen
3150 3115 3420 3190 episcopo
3438 3133 3540 3173 suo

1935 3203 2228 3276 objiceret,
2271 3208 2484 3262 multos
2524 3206 2582 3262 in
2614 3205 2839 3262 vincula
2880 3206 3224 3278 conjecerat,
3257 3206 3540 3279 quosdam

1933 3292 2110 3348 etiam
2144 3294 2478 3350 verberibus
2523 3296 2814 3351 affecerat.
2854 3296 2967 3350 Nec
3013 3296 3072 3350 in
3130 3295 3266 3368 ipsis
3311 3312 3541 3368 quoque

1932 3383 2239 3439 sceleribus
2256 3384 2667 3456 degenerabat.
2687 3385 2830 3440 Nam
2846 3385 2915 3440 de
2945 3384 3213 3439 ﬁscalinis
3243 3387 3400 3440 ortus
3418 3401 3539 3440 ser-

1930 3473 2030 3542 vis,
2057 3472 2311 3547 primum
2331 3473 2534 3529 culinae
2557 3474 2866 3548 deputatus
2900 3477 2985 3528 est
3010 3472 3205 3546 regiae.
3240 3472 3374 3540 Sed,
3406 3472 3541 3546 quia

1927 3561 2101 3635 lippis
2132 3565 2258 3618 erat
2287 3562 2484 3630 oculis,
2504 3564 2641 3618 inde
2668 3562 2727 3617 in
2756 3562 3064 3635 pistrinum
3094 3562 3398 3634 redigitur.
3432 3562 3538 3618 Ubi

1930 3650 2066 3705 dum
2080 3650 2233 3706 inter
2247 3651 2429 3706 ferme
2437 3654 2623 3707 ntatas
2638 3669 2852 3706 massas
2862 3669 2922 3706 se
2936 3651 3207 3707 delectari
3219 3651 3535 3719 assimulat,

1929 3739 2069 3812 fuga
2085 3756 2146 3795 se
2167 3740 2397 3795 servntio
2424 3741 2725 3795 subtraxit.
2745 3740 2930 3805 Quam
2963 3740 3099 3795 dum
3128 3740 3336 3811 saepius
3364 3740 3535 3796 redu-

1929 3831 2050 3882 ctas
2065 3828 2297 3899 repetit,
2320 3829 2475 3883 auris
2489 3828 2835 3883 abscissione
2858 3828 3114 3899 signatus
3136 3831 3240 3882 est.
3261 3827 3367 3891 Qui
3386 3829 3538 3883 hanc

1928 3916 2007 3986 inj
2021 3917 2206 3972 uriam
2242 3921 2439 3988 tegere
2471 3934 2588 3971 non
2619 3918 2833 3983 valens,
2857 3917 2929 3971 ad
2962 3933 3197 3972 uxorem
3217 3916 3536 3971 Chariberti

1928 4007 2081 4077 regis
2110 4023 2169 4061 se
2197 4005 2565 4064 contulit.Cui
2600 4004 3022 4060 adulationibus
3059 4003 3536 4059 familiarissimus

1926 4093 2129 4162 factus,
2150 4096 2335 4150 custos
2360 4110 2644 4167 equorum
2658 4092 3067 4147 efficiturJnde
3081 4091 3417 4146 comitatum
3440 4108 3534 4146 su-

1926 4199 2031 4254 per
2059 4186 2299 4239 caateros
2328 4185 2530 4238 nactus
2568 4182 2849 4249 custodes,
2880 4184 3009 4253 post
3037 4184 3287 4236 mortem
3316 4178 3533 4250 reginae

1924 4272 2265 4326 comitatum
2276 4271 2488 4327 Turoni
2496 4287 2625 4325 cum
2645 4287 2680 4325 a
2693 4269 3028 4325 Chariberto
3042 4268 3404 4340 percepit.De
3419 4284 3531 4340 quo

222 4341 419 4417 culfuni
448 4361 757 4429 clericum,
778 4361 875 4433 qui
906 4364 1108 4416 contra
1134 4341 1473 4431 magistrum
1497 4360 1709 4414 multos
1737 4361 1823 4414 est
1845 4341 1899 4402 Ῑ)
1925 4374 2057 4415 cum
2088 4359 2435 4431 ignominia,
2461 4376 2637 4431 quam
2658 4357 2882 4430 praefati
2908 4374 3126 4425 sumus,
3150 4357 3405 4428 dejectus
3424 4359 3528 4424 est,

224 4450 581 4506 machinatus
607 4449 793 4505 dolos.
821 4450 933 4504 Rex
960 4449 1177 4521 itaque,
1213 4465 1317 4521 pro
1348 4448 1434 4501 his
1471 4464 1597 4519 quae
1631 4447 1701 4502 de
1728 4463 1819 4502 re-

222 4534 344 4605 gina
359 4538 519 4594 dicta
543 4541 736 4605 erant,
751 4538 1036 4610 synodum
1054 4535 1296 4592 adunari
1312 4534 1824 4607 prmcepit.Conve-

223 4624 501 4683 nientibus
522 4644 668 4700 ergo
692 4627 845 4699 apud
869 4627 1287 4681 Brittannicum
1307 4625 1499 4679 villam
1519 4622 1819 4697 episc0pis,

224 4715 273 4767 et
294 4715 622 4772 Bertranno
654 4715 866 4787 injuste
895 4715 999 4771 sibi
1049 4715 1267 4769 crimen
1312 4712 1648 4784 impositum
1701 4728 1822 4767 esse

225 4808 633 4876 conquerente,
674 4805 1001 4877 Gregorius,
1034 4822 1101 4860 ex
1148 4805 1380 4859 decreto
1418 4801 1690 4869 fratrum,
1733 4805 1824 4857 ter

216 4889 617 4963 jusjurandum
631 4894 879 4966 praebuit
897 4912 955 4950 se
973 4894 1031 4950 id
1043 4910 1340 4966 nunquam
1351 4892 1523 4948 fuisse
1542 4893 1795 4948 locutum
1806 4934 1820 4960 ,

225 4983 274 5033 et
301 4984 569 5053 quamvis
598 4982 655 5038 id
686 4983 1043 5039 contrarium
1080 4983 1515 5038 auctoritatibus
1538 4981 1822 5047 viderent,

225 5074 448 5142 propter
477 5071 949 5127 satisfaciendum
1001 5075 1198 5127 tamen
1234 5072 1359 5144 regi
1387 5072 1684 5142 peractum
1718 5071 1822 5124 est.

227 5156 613 5219 Quamobrem
650 5161 931 5217 adeuntes
961 5162 1260 5232 pontiﬁces
1291 5178 1513 5232 regem,
1560 5159 1828 5214 dixerunt

226 5244 311 5301 ei:
344 5270 371 5298 «
410 5249 614 5304 Frater
660 5253 717 5305 et
751 5250 1119 5323 coepiscopus
1158 5252 1355 5305 noster
1392 5249 1696 5320 Gregorius
1743 5265 1827 5303 sa-

228 5336 527 5391 cramentis
551 5353 608 5391 se
632 5337 1000 5394 innocentem
1020 5337 1290 5395 ostendit.
1311 5338 1459 5402 Quid
1482 5353 1636 5392 nunc
1649 5337 1720 5392 de
1746 5340 1823 5405 te,

229 5424 304 5477 vel
333 5425 654 5483 Bertranno
699 5428 987 5501 episcopo,
1030 5428 1125 5500 qui
1173 5426 1337 5482 fratri
1373 5430 1570 5483 nostro
1604 5429 1822 5482 calum-

230 5510 372 5566 niam
400 5514 630 5583 inﬂixit,
651 5517 940 5589 agendum
964 5533 1181 5586 censes,
1202 5516 1307 5571 nisi
1326 5520 1382 5571 et
1404 5516 1821 5571 communione

233 5599 565 5671 privemini?
595 5625 619 5654 »
638 5605 849 5671 Quibus
875 5605 1172 5679 respondit
1191 5622 1290 5662 rex
1309 5622 1342 5660 a
1371 5603 1680 5677 semetipso
1696 5605 1821 5661 haec

1921 4448 2176 4504 Riculqu
2207 4465 2339 4504 vero
2373 4449 2635 4513 clericus,
2670 4448 2767 4521 qui
2799 4451 3002 4503 contra
3045 4446 3363 4502 antistitem
3393 4462 3527 4518 pro-

1922 4538 2115 4610 prium
2140 4538 2315 4593 falsus
2344 4555 2458 4593 non
2487 4537 2767 4592 dubitavit
2798 4553 2918 4591 esse
2949 4535 3131 4603 testis,
3160 4534 3529 4606 praecipiente

1922 4643 2060 4700 rege
2089 4630 2251 4682 tanta
2272 4626 2542 4682 sustinuit
2557 4627 2785 4698 ﬂagella
2808 4630 2889 4693 ut,
2913 4624 3138 4679 etiamsi
3159 4641 3342 4679 terens
3356 4624 3527 4691 foret,

1922 4717 2268 4772 miraculum
2301 4719 2496 4771 tamen
2519 4716 2910 4788 spectantibus
2930 4714 3215 4786 praeberet
3240 4716 3403 4768 tanta
3429 4728 3530 4786 pa-

1924 4806 2074 4861 tiens
2104 4807 2418 4861 tormenta.
2451 4805 2663 4859 Verum
2700 4821 2733 4859 a
2763 4804 2992 4877 capitali
3022 4802 3300 4876 supplicio
3350 4802 3528 4858 inter-

1924 4898 2096 4950 ventu
2117 4894 2271 4949 beati
2301 4892 2581 4965 Gregorii,
2609 4893 2882 4948 liberatus
2911 4896 3016 4948 est.
3048 4891 3177 4961 Qui,
3210 4892 3364 4946 inter
3402 4908 3532 4947 cru-

1925 4983 2104 5039 ciatus
2126 4987 2183 5038 et
2205 4983 2464 5050 verbera,
2482 4983 2592 5038 hoc
2617 4982 2906 5038 confessus
2936 4985 3021 5036 est
3036 4981 3167 5037 ideo
3198 4998 3257 5036 se
3290 4981 3428 5036 talia
3457 4981 3530 5036 de

1926 5072 2128 5144 regina
2142 5070 2502 5127 adinvenisse
2526 5074 2586 5151 ut
2611 5088 2679 5125 ca
2705 5072 2774 5126 de
2802 5087 2985 5143 regno
3003 5070 3531 5142 ejecta,Clodoveus

1924 5160 2041 5233 (qui
2065 5162 2216 5216 solus
2236 5177 2301 5215 ex
2327 5159 2458 5214 filiis
2488 5159 2789 5231 Chilperici
2817 5160 3135 5231 supererat)
3175 5176 3210 5214 a
3241 5161 3401 5229 patre
3446 5172 3533 5210 rc-

1926 5265 2107 5321 gnum
2129 5248 2443 5320 suscipiens
2455 5247 2855 5321 regnaretllic
2877 5248 3092 5304 etenim
3110 5248 3446 5317 Clodoveus,
3464 5261 3532 5299 ex

1925 5338 2039 5393 alia
2068 5354 2244 5393 uxore
2276 5337 2580 5409 Chilperici
2617 5341 2785 5393 natus
2816 5341 2946 5408 post
2975 5340 3226 5392 mortem
3280 5335 3533 5390 filiorum

1925 5428 2078 5499 regis
2109 5428 2208 5500 qui
2234 5442 2300 5482 ex
2334 5427 2713 5499 Fredegunde
2763 5426 2944 5499 geniti
2992 5429 3179 5493 erant,
3220 5424 3536 5496 instigante

1923 5532 2047 5587 ipsa
2072 5515 2293 5588 regina,
2320 5517 2473 5587 apud
2497 5517 2816 5570 Brenacum
2844 5515 3035 5568 villam
3062 5532 3094 5570 a
3112 5519 3272 5586 patre
3300 5527 3540 5568 manere

1918 5605 2105 5677 jussus
2143 5608 2247 5674 est,
2278 5607 2338 5660 ut
2369 5604 2543 5661 simili
2586 5621 2698 5676 quo
2748 5604 2956 5658 fratres
2990 5604 3197 5659 morbo
3229 5600 3538 5673 deperiret.
