3934 6176
444 324 551 386 723

1539 327 1807 388 MMOINI
1835 330 2148 392 MONAGHI
2188 332 2684 398 FLORIACENSIS
3604 359 3688 416 724

448 449 597 548 Nam
614 445 1057 548 apudenmdem
1068 445 1254 548 vicum
1278 445 1619 548 dysenteria:
1640 454 1777 548 tunc
1793 452 2063 548 saeviebat
2080 465 2136 525 Α
2167 458 2359 515 nodus
2384 461 2539 534 apud
2570 462 2917 535 Lugdunum
2948 466 3291 539 congregata
3317 469 3506 527 multos
3526 471 3697 548 episco—

448 538 647 612 pestis.
671 538 786 595 Sed
805 538 902 594 ille
938 538 1033 594 ubi
1067 538 1273 594 mortis
1313 539 1492 595 evasit
1528 540 1858 609 discrimen,
1901 543 2063 599 dolos

450 626 872 699 persentiscens
887 643 1170 690 novercas,
1191 628 1444 682 fastuose
1467 645 1596 683 eam
1627 629 1948 700 despiciens
1970 632 2064 702 ja-

450 716 690 771 ctitabat
713 732 775 770 se
803 716 989 770 solum
1023 716 1315 772 haeredem
1329 717 1495 789 regni
1524 717 1947 774 relictum.Non
1969 721 2064 776 de-

449 803 609 859 fuere
634 807 836 859 tamen
860 804 956 877 qui
987 803 1268 860 delatoria
1285 810 1487 861 contra
1512 823 1646 861 eum
1667 807 1751 861 usi
1773 811 1918 876 arte,
1942 826 2061 864 non

448 893 632 948 solum
662 910 791 965 quae
821 893 943 966 ipse
959 893 1235 965 injuriose
1257 894 1602 966 loquebatur
1624 895 1694 949 de
1723 896 1947 966 regina,
1966 912 2060 951 ve-

448 998 581 1037 rum
614 984 673 1037 et
700 982 894 1055 aliqua
921 982 994 1036 ad
1024 982 1209 1054 ipsam
1235 983 1522 1037 referrent
1548 984 1873 1051 mendacia,
1909 1000 2059 1039 assc-

448 1073 644 1126 rentes
668 1069 950 1125 maleﬁcio
973 1069 1148 1124 matri
1170 1070 1468 1141 cujusdam
1504 1070 1909 1139 meretriculae,
1933 1089 2061 1144 quae

449 1175 583 1213 cum
598 1158 884 1215 Clodoveo
898 1159 1066 1213 solita
1079 1162 1203 1214 erat
1214 1158 1502 1229 cubare,ej
1512 1175 1576 1212 us
1587 1158 1734 1214 ﬁlios
1753 1159 2058 1216 interiisse.

450 1248 692 1319 Regina,
723 1249 835 1303 hoc
883 1246 1101 1315 audito,
1135 1246 1433 1302 iracundia
1468 1252 1784 1316 commota,
1812 1250 2063 1321 puellam

451 1336 687 1410 quidem
706 1353 915 1392 caasam
936 1340 1070 1391 ante
1083 1336 1394 1409 hospitium
1412 1336 1677 1392 Clodovei
1694 1338 1824 1408 palo
1848 1354 2061 1411 prince-

451 1426 745 1498 pitinﬁgi.
768 1426 1006 1481 Matrem
1033 1443 1167 1481 vero
1194 1426 1337 1497 ejus,
1367 1426 1700 1481 verberibus
1724 1427 2059 1495 laceratam,

450 1531 588 1569 vera
609 1514 942 1587 fuisse'quae
973 1514 1125 1569 dicta
1154 1517 1320 1570 erant
1345 1514 1604 1585 proﬁteri
1635 1515 1844 1587 coegit.
1860 1515 2003 1570 Cum
2029 1533 2065 1570 a

452 1619 592 1675 rege
619 1602 901 1658 ultionem
931 1605 1216 1675 posceret,
1260 1620 1383 1666 rex,
1435 1605 1707 1658 venatum
1747 1604 2058 1675 profectus,

449 1692 636 1747 ﬁlium
668 1695 731 1747 ut
761 1693 834 1748 ad
865 1709 925 1748 se
946 1692 1169 1749 veniret
1188 1693 1417 1765 jussum
1441 1692 1667 1765 alligari
1691 1692 1848 1761 fecit,
1881 1695 1940 1747 et
1969 1709 2059 1748 re-

2166 563 2381 619 porum
2407 551 2773 624 negligenter
2802 554 3096 626 agentium
3129 557 3382 616 coercuit.

2770 663 2991 721 CAPUT
3021 666 3171 721 XLV.

2163 747 2249 802 De
2288 746 2639 828 benedictione
2692 754 3115 828 quqm_Jud¢rus
3176 757 3398 828 respuit,
3431 754 3701 828 Chihperiau

2414 824 2647 891 expetiit,
2681 822 2730 877 et
2756 824 2819 878 de
2844 822 3111 896 Eparcliii
3138 822 3325 881 reclusi
3349 827 3501 884 obitu.

2235 905 2464 962 Interea
2477 908 2847 983 Chilpericus,
2875 912 2935 968 in
2962 913 3095 969 villa
3110 914 3438 970 Novientum
3455 915 3707 972 nominata

2163 995 2500 1064 consistens,
2533 998 2673 1053 dum
2697 1001 2945 1056 Parisius
2972 1002 3080 1058 iter
3131 1020 3296 1058 suum
3349 1002 3707 1074 destinavisset,

2164 1084 2471 1155 prtefatum
2492 1087 2832 1159 Gregorium
2846 1090 3161 1147 antistitem
3178 1092 3431 1165 rogabat,
3453 1094 3510 1147 ut
3523 1092 3709 1148 cuidam

2161 1174 2380 1240 Judseo,
2414 1176 2653 1233 nomine
2686 1179 2900 1248 Prisco,
2943 1181 3049 1236 sibi
3076 1181 3511 1237 familiarissimo
3546 1199 3715 1237 manu;

2163 1261 2513 1334 imponeret.
2537 1264 2649 1321 Sed
2675 1268 3060 1326 reluctantem
3091 1270 3349 1326 Judaeum
3370 1274 3425 1326 et
3436 1286 3490 1325 se
3502 1287 3713 1326 nouere-

2165 1350 2301 1407 dere
2324 1355 3008 1430 reclamantem,insuper
3025 1360 3084 1414 et
3114 1358 3250 1415 ﬁdei
3266 1362 3466 1415 nostra;
3477 1359 3717 1431 derogan-

2160 1443 2304 1509 tem,
2338 1447 2664 1515 opportuna
2692 1446 2829 1501 satis
2858 1446 3247 1518 disputatione
3276 1448 3467 1503 beatus
3506 1446 3719 1519 pontifex

2160 1529 2478 1601 redarguit.
2512 1531 2615 1587 Cui
2638 1549 2737 1587 rex
2768 1550 2781 1588 :
2816 1553 2848 1586 ς
2870 1534 3035 1602 Quia,
3068 1535 3277 1608 inquit,
3310 1552 3341 1590 o
3372 1538 3552 1591 sancte
3568 1550 3720 1590 sacer-

2162 1617 2285 1686 dos,
2317 1620 2568 1691 perﬁdus
2594 1621 3061 1679 benedictionem
3087 1625 3327 1696 respuit,
3359 1624 3542 1695 utique
3561 1624 3724 1693 etipsa

2162 1706 2526 1779 elongabitur
2555 1710 2627 1765 ab
2650 1727 2738 1766 eo.
2769 1712 2887 1783 Ego
2913 1729 3047 1768 vero
3081 1713 3190 1768 tibi
3213 1713 3343 1769 dico
3368 1712 3541 1768 verbis
3563 1712 3723 1779 Iacob,

449 1779 605 1852 είηω
630 1780 856 1870 (“Pelii-
889 1780 1073 1846 Quem
1100 1781 1199 1837 illa
1223 1781 1482 1870 semitm
1499 1780 1777 1849 CUStOdia,
1811 1780 2060 1870 ίῌιθτνο·
2086 1784 2137 1844 Β
2161 1793 2367 1864 quibus
2389 1797 2490 1851 ille
2514 1800 2717 1853 contra
2746 1816 2805 1855 se
2818 1779 3153 1856 luctantem
3179 1803 3455 1856 allocutus
3481 1803 3558 1855 est
3576 1815 3721 1870 ange~

448 1886 594 1942 gans
619 1869 703 1925 rei
731 1868 1059 1938 veritatem,
1094 1871 1182 1925 vel
1214 1868 1310 1943 qui
1344 1887 1410 1924 ex
1441 1869 1795 1942 principibus
1825 1869 1878 1925 ei
1906 1870 2058 1925 fave-

446 1961 597 2014 rent.
630 1958 838 2013 Verum
860 1957 955 2013 ille
977 1957 1120 2013 nihil
1149 1957 1462 2013 criminum
1497 1958 1814 2026 confessus,
1845 1958 2060 2013 amicos

447 2063 580 2103 suos
596 2063 698 2104 seu
720 2045 1041 2102 familiares
1074 2048 1308 2103 detexit.
1340 2048 1439 2102 llla
1465 2064 1601 2102 eum
1645 2051 1774 2119 post
1816 2047 2060 2102 biduum

444 2138 607 2191 trans
620 2135 942 2192 Matronam
965 2135 1022 2190 in
1046 2134 1260 2202 villam,
1281 2135 1558 2190 Nocetum
1577 2135 1840 2198 nomine,
1861 2134 1989 2190 duci
2002 2137 2061 2190 et

444 2223 526 2278 ibi
557 2223 618 2278 in
648 2223 908 2280 custodia
936 2223 1119 2279 cultro
1153 2222 1413 2279 interimi
1458 2224 1768 2291 mandans,
1801 2222 1923 2295 regi
1956 2239 2062 2294 per

443 2311 913 2368 subintroductas
942 2310 1224 2366 insinuari
1261 2310 1401 2366 fecit
1428 2328 1726 2383 personas,
1758 2312 1915 2384 quod
1938 2311 2059 2382 ipse

443 2417 504 2456 se
535 2398 936 2467 interfecisset,
961 2403 1018 2454 et
1049 2399 1237 2455 adhuc
1265 2400 1518 2455 cultrum
1549 2399 1610 2454 in
1655 2401 1780 2454 loco
1807 2399 2059 2455 vulneris

446 2488 796 2561 persisteret.
836 2488 1003 2553 Quod
1040 2505 1140 2543 rex
1170 2487 1434 2555 audiens,
1467 2488 1692 2543 nullum
1730 2504 1837 2559 pro
1870 2490 2060 2544 morte

444 2576 548 2632 ﬁlii
568 2576 900 2650 concipiens
914 2578 1156 2644 luctum,
1176 2593 1311 2632 eum
1326 2575 1542 2632 ibidem
1564 2576 1792 2647 sepeliri
1815 2577 2061 2632 manda-

451 2665 552 2723 vit.
566 2667 743 2723 Mater
760 2665 1033 2722 Clodovei
1053 2664 1364 2721 crudeliter
1385 2669 1610 2730 necata,
1636 2682 1801 2722 soror
1820 2683 1854 2720 a
1866 2665 2062 2737 pueris

445 2754 665 2827 regina:
694 2754 880 2822 illusa,
907 2754 967 2809 in
1000 2753 1417 2811 monasterium
1446 2758 1532 2809 est
1557 2755 1807 2810 detrusa.
1840 2753 2058 2822 Mulier,

444 2860 575 2916 quas
594 2847 797 2899 contra
809 2860 941 2899 eum
965 2843 1156 2898 locuta
1178 2843 1388 2910 fuerat,
1422 2845 1486 2897 ut
1516 2842 1638 2899 viva
1669 2846 1936 2899 ureretur
1961 2843 2063 2899 ad-

436 2929 719 3002 judicata,
747 2932 887 2987 dum
906 2931 1276 2987 mendacium
1299 2930 1503 2986 dixisse
1520 2932 1736 2987 frustra
1758 2933 2059 2999 clamaret,

444 3020 517 3075 ad
542 3019 800 3092 stipitem
826 3020 1003 3092 ligata
1031 3022 1226 3076 vivens
1276 3023 1473 3076 exusta
1518 3024 1623 3077 est.
1655 3021 2064 3076 Thesaurarius

443 3108 736 3176 Clodovei,
756 3126 789 3165 a
818 3109 1052 3183 Cupane
1082 3110 1304 3166 Stabuli
1339 3109 1554 3166 comite
1599 3110 1670 3164 de
1705 3110 1953 3166 Biturico
1977 3128 2064 3166 re-

441 3199 657 3252 tractus
677 3199 736 3252 et
755 3197 973 3270 reginae
992 3197 1211 3255 vinctus
1248 3197 1519 3267 directus,
1542 3198 1614 3254 ab
1650 3198 1792 3270 ipsa,
1815 3203 2062 3271 rogante

441 3302 547 3360 pro
577 3302 646 3342 eo
672 3285 841 3341 beato
871 3286 1147 3358 Gregorio
1178 3285 1461 3342 Turonico
1489 3286 1783 3359 episcopo,
1815 3286 2057 3343 vinculis

444 3392 511 3431 ac
539 3374 723 3449 poenis
746 3375 1041 3432 absolutus
1070 3377 1175 3430 est.

1061 3481 1287 3537 CAPUT
1317 3480 1491 3536 XLIV.

443 3586 529 3644 De
555 3586 844 3659 Chilperici
874 3587 1203 3660 spectaculis.
1245 3586 1330 3641 De
1371 3584 1551 3642 Saleii
1602 3586 1826 3654 visione,
1852 3591 1902 3643 et
1952 3604 2065 3659 quae

1031 3676 1149 3714 eam
1202 3663 1382 3715 secuta
1412 3662 1565 3714 sunt.

518 3750 627 3805 Per
656 3748 813 3805 idem
838 3751 1089 3822 tempus,
1121 3747 1476 3819 Chilpericus
1524 3749 1677 3819 apud
1733 3747 2065 3805 Suessionas

446 3839 534 3895 vel
565 3838 812 3894 Parisius
840 3837 1018 3893 circos
1047 3837 1319 3893 aediﬁcari
1348 3837 1584 3908 jubens,
1611 3839 1934 3910 spectacula
1957 3855 2061 3911 po-

448 3926 598 3998 pulis
625 3926 891 4001 praebuit.
925 3927 1075 3982 Sane
1127 3929 1256 3999 post
1302 3929 1694 3982 memoratam
1749 3927 2056 3999 synodum,

2157 1883 2281 1937 lum
2314 1901 2327 1938 :
2354 1884 2483 1940 Non
2520 1886 2790 1942 dimittam
2821 1895 2888 1956 te,
2919 1892 3026 1944 nisi
3082 1891 3402 1945 benedizeris
3445 1890 3569 1944 mihi
3591 1886 3721 1954 (Gen.

2159 1972 2355 2045 xxxu).
2390 1992 2422 2025 »
2453 1976 2715 2031 Pontifex
2755 1976 2933 2050 igitur
2974 1978 3329 2034 benedicens
3371 1977 3510 2049 regi,
3539 1993 3597 2032 ac
3635 1992 3729 2031 una

2159 2076 2291 2115 cum
2316 2078 2383 2117 eo
2416 2062 2607 2119 cibum
2639 2064 2942 2137 accipiens,
2975 2067 3049 2122 ad
3079 2068 3318 2140 propria
3346 2066 3529 2122 rediit.

2231 2150 2594 2223 Eo-Itempore
2638 2154 2783 2209 obiit
2820 2155 3130 2226 Eparchius
3175 2156 3332 2228 apud
3360 2153 3730 2227 Engonismam

2160 2240 2437 2308 reclusus,
2469 2240 2555 2295 vir
2584 2242 2909 2313 magnificae
2940 2244 3286 2311 sanctitatis,
3319 2244 3417 2316 qui
3450 2242 3730 2307 hominem,

2161 2328 2301 2384 furti
2326 2329 2515 2401 gratia
2541 2330 2799 2402 patibulo
2821 2349 3187 2404 suspensum,
3211 2333 3345 2389 vitae
3366 2331 3616 2388 restituit.

2754 2439 2977 2494 CAPUT
2996 2440 3171 2496 XLVI.

2161 2524 2244 2579 De
2277 2524 2551 2600 Theodoro
2580 2525 2916 2600 Massiliensi
2940 2530 3174 2600 episcopo
3202 2535 3259 2583 et
3286 2529 3436 2600 Lupo
3475 2531 3577 2583 cive
3601 2528 3739 2600 Ture-

2235 2599 2389 2672 iiensi
2425 2597 2554 2672 :__de
2604 2598 2785 2669 eclipsi
2828 2597 2987 2668 lunai,
3047 2597 3118 2655 εί
3143 2597 3449 2672 prodigiosa
3505 2598 3740 2669 sanguinis

2233 2668 2389 2736 ﬂuxu
2413 2667 2636 2741 aliisque
2660 2667 2934 2740 portentis.

2236 2773 2373 2845 Ipsis
2403 2774 2605 2830 diebus
2622 2775 2978 2845 Theodorus,
2999 2775 3256 2832 Massiliae
3278 2775 3589 2849 episcopus,
3617 2791 3647 2828 a
3665 2772 3743 2828 Dio

2167 2861 2363 2918 namio
2393 2865 2619 2919 rectore
2642 2864 2958 2921 Provinciae
3004 2866 3460 2937 comprehensus
3493 2864 3679 2936 injuste
3704 2863 3749 2916 et

2165 2947 2387 3021 injuriis
2423 2950 2677 3020 affectus,
2713 2952 2852 3007 dum
2882 2953 3018 3008 inde
3048 2953 3196 3008 liber
3227 2955 3302 3009 ad
3334 2970 3530 3027 regem
3552 2950 3744 3007 Childe-

2097 3064 2145 3124 ο
2164 3038 2397 3093 bertum
2429 3043 2789 3112 properaret,
2817 3040 3029 3097 iterum
3051 3059 3086 3096 a
3124 3042 3466 3097 Guntranno
3495 3058 3622 3113 rege
3670 3055 3745 3094 ca-

2164 3126 2338 3199 pitur.
2356 3127 2526 3198 Cujus
2554 3123 2746 3183 clerici
2790 3129 2923 3185 odio
2955 3147 3089 3185 eum
3118 3130 3424 3197 habentes,
3452 3130 3556 3184 hoc
3583 3128 3746 3183 audito

2165 3232 2255 3270 res
2296 3216 2547 3271 ecclesias
2595 3217 2894 3286 invadunt,
2940 3219 3348 3291 promptuaria
3390 3218 3666 3292 spoliant;
3693 3215 3749 3270 de

2164 3301 2289 3374 ipso
2318 3303 2497 3359 etiam
2524 3304 2796 3376 pontiﬁce
2839 3305 3085 3362 crimina
3132 3306 3278 3362 falso
3335 3308 3746 3380 proloquuntur.

2160 3391 2317 3446 Tunc
2340 3391 2741 3449 Childebertus
2768 3411 2867 3449 rex
2894 3395 2967 3449 ad
3001 3396 3353 3451 avunculum
3392 3411 3556 3451 suum
3583 3407 3751 3465 regem

2164 3481 2568 3536 Guntrannum
2600 3481 2818 3554 dirigit,
2870 3483 3155 3538 mandans
3218 3488 3451 3555 partem
3505 3481 3749 3545 Massiliae,

2164 3586 2340 3640 quam
2365 3568 2415 3624 ei
2445 3573 2577 3642 post
2605 3570 2830 3626 obitum
2863 3571 3041 3644 patris
3070 3570 3157 3627 sui
3184 3572 3451 3641 dederat,
3473 3570 3574 3627 sibi
3594 3568 3749 3635 reddi;

2165 3657 2251 3712 sin
2283 3658 2443 3725 alias,
2478 3659 2648 3715 sciret
2675 3676 2734 3715 se
2769 3675 2837 3715 eo
2875 3661 3040 3732 plura
3082 3660 3456 3717 amissurum.
3491 3660 3581 3715 His
3631 3660 3752 3713 Gun-

2164 3747 2375 3801 tranno
2409 3764 2779 3821 nequaquam
2825 3749 3172 3804 assentiente
3198 3753 3260 3804 et
3300 3750 3534 3822 insuper
3582 3747 3685 3802 vias
3704 3744 3748 3799 in

2163 3851 2346 3907 regno
2370 3851 2472 3891 suo
2505 3836 2775 3892 custodiri
2790 3837 3060 3907 jubente,
3077 3855 3150 3893 ne
3173 3839 3305 3911 quis
3321 3838 3575 3895 ﬁdelium
3601 3850 3749 3907 nepo-

2161 3922 2233 3977 tis
2263 3923 2347 3978 sui
2378 3923 2686 3979 Massiliam
2726 3923 2934 3993 adiret,
2967 3926 3371 3982 Childebertus
3412 3924 3748 3987 Gundulfum,

448 4015 589 4072 dum
620 4017 822 4071 beatus
849 4015 1174 4087 Gregorius,
1202 4015 1276 4070 ad
1306 4015 1545 4088 propria
1585 4015 1895 4075 rediturus.
1925 4033 2058 4072 cum
2158 4012 2431 4068 senatorii
2473 4013 2702 4085 generis
2749 4014 2956 4082 virum,
3003 4032 3170 4070 suum
3200 4033 3343 4071 vero
3378 4015 3748 4075 domesticum,

447 4107 646 4160 sancto
659 4103 844 4160 Salvio
860 4103 1149 4159 familiare
1178 4104 1533 4176 colloquium
1561 4103 1619 4159 in
1650 4104 1798 4159 atrio
1856 4105 2062 4161 domus
2163 4100 2367 4156 ducem
2388 4104 2672 4171 creatum,
2703 4106 3089 4158 memoratam
3117 4103 3329 4166 direxit
3343 4105 3416 4159 ab
3436 4104 3646 4158 urbem.
3664 4094 3751 4163 Qui

450 4192 625 4265 regis:
649 4193 911 4258 haberet,
942 4192 1024 4247 ait
1063 4192 1137 4248 ad
1188 4208 1323 4248 eum
1379 4191 1461 4246 vir
1513 4192 1745 4247 Domini
1805 4192 2058 4248 Salvius:
2164 4206 2266 4262 per
2293 4190 2644 4247 Turonicam
2676 4209 2744 4247 eo
2772 4193 3019 4247 tendens
3039 4192 3363 4261 civitatem,
3399 4195 3614 4249 abeato
3641 4192 3753 4245 Gre-

450 4306 480 4333 «
510 4281 773 4349 Videsne,
806 4299 840 4337 o
861 4282 1059 4349 frater,
1087 4298 1261 4354 super
1294 4284 1508 4337 tectum
1567 4283 1712 4336 aulae
1770 4300 1898 4354 quae
1955 4301 2062 4355 ego
2089 4350 2124 4355 _
2165 4278 2328 4350 gorio
2360 4280 2588 4352 agnitus
2636 4280 2812 4352 (quod
2845 4281 3048 4336 matris
3092 4282 3215 4353 ejus
3247 4285 3399 4338 esset
3455 4276 3753 4345 avunculus)

449 4387 623 4426 cerno
643 4372 671 4425 ?
693 4392 721 4420 ››
743 4370 844 4426 Cui
866 4387 998 4426 cum
1016 4370 1108 4426 ille
1124 4371 1503 4444 responderet
1522 4388 1582 4427 se
1616 4371 1697 4426 nil
1719 4372 1871 4427 aliud
1889 4390 2069 4445 quam-
2089 4350 2138 4409 D
2164 4368 2580 4424 humanissime
2605 4370 2806 4425 diebus
2835 4369 3089 4443 quinque
3121 4372 3280 4443 apud
3311 4372 3500 4443 ipsum
3524 4365 3751 4424 csthabi-

449 4460 839 4534 tegulas,quas
858 4478 958 4516 rex
993 4461 1221 4535 pridem
1243 4460 1559 4534 superponi
1571 4461 2062 4532 jusserat,videre,

448 4552 796 4622 rogaretque
818 4552 899 4617 ut,
931 4548 979 4603 si
998 4548 1118 4621 ipse
1149 4549 1303 4605 aliud
1333 4549 1614 4621 quidlibet
1663 4553 1947 4618 cerneret,
1974 4550 2063 4606 in-

448 4636 668 4693 dicaret
700 4638 1044 4710 (aastimabat
1065 4637 1220 4693 enim
1246 4637 1409 4693 illum
1448 4640 1618 4695 solito
1647 4656 1809 4695 more
1833 4640 2060 4712 jocari),

446 4725 543 4783 ille
572 4726 779 4785 iterato
800 4727 1048 4793 adeum.
1075 4749 1103 4777 «
1162 4726 1483 4798 Conspicio,
1537 4728 1743 4799 inquit,
1802 4728 2060 4801 gladium

449 4814 551 4871 ira:
587 4815 692 4871 Dei
716 4832 888 4889 super
915 4816 1067 4871 hanc
1114 4814 1545 4886 dependentem
1578 4816 1841 4872 domum.
1871 4836 1903 4870 ››
1947 4819 2061 4873 Nec

443 4902 658 4959 frustra
710 4903 833 4959 haec
874 4903 1214 4959 vaticinatus
1235 4904 1515 4962 est.‘Nam
1548 4908 1677 4976 post
1704 4904 1905 4976 viginti
1939 4906 2058 4963 dies

445 4991 561 5048 duo
590 4990 692 5046 filii
723 4991 876 5063 regis
899 4991 1114 5047 mortui
1148 4995 1285 5046 sunt
1312 5009 1325 5046 :
1356 4991 1427 5046 de
1459 4992 1665 5064 quibus
1710 4994 1880 5065 paulo
1927 4997 2059 5066 post

445 5079 722 5137 dicemus.
756 5082 881 5154 Ipse
925 5096 1157 5154 quoque
1187 5080 1558 5153 archiprsesul
1589 5081 1916 5153 Gregorius,
1942 5100 2058 5139 una

443 5169 703 5225 noctium
732 5172 866 5243 post
892 5169 1214 5225 matutinos
1257 5169 1506 5240 hymnos
1537 5172 1715 5225 strato
1754 5171 2056 5240 recubans,

440 5257 586 5313 vidit
614 5259 891 5330 angelum
916 5255 1017 5312 Dei
1047 5273 1221 5329 super
1272 5256 1572 5312 ecclesiam
1611 5259 1926 5326 volantem,
1961 5259 2058 5332 qui

441 5347 598 5402 clara
621 5363 759 5403 voce
789 5346 1015 5402 dicebat
1042 5362 1055 5400 :
1093 5367 1121 5395 »
1142 5346 1260 5401 Heu
1281 5345 1293 5399 l
1312 5347 1587 5418 percussit
1617 5347 1765 5401 Deus
1789 5348 2060 5421 Chilperi-

439 5452 572 5492 cum
597 5438 656 5491 et
679 5437 915 5492 cunctos
950 5434 1095 5489 ﬁlios
1117 5435 1259 5506 ejus.
1295 5436 1407 5491 Nec
1438 5434 1548 5490 erit
1578 5452 1645 5490 ex
1672 5436 1758 5490 his
1785 5437 1883 5509 qui
1907 5455 2058 5493 nunc

436 5525 632 5582 vivunt
655 5526 800 5580 ullus
827 5524 886 5578 in
919 5540 1099 5596 regno
1130 5524 1251 5595 ejus
1283 5540 1590 5579 successor.
1621 5524 1777 5580 Tunc
1811 5548 1836 5573 ››
1893 5524 2056 5582 enim

436 5617 685 5689 quatuor
717 5612 905 5671 adhuc
939 5614 1272 5690 superstites
1309 5615 1494 5672 erant.
1528 5613 1647 5671 Hoc
1674 5616 1936 5691 tempore
1967 5634 2057 5690 sy-

2164 4459 2276 4524 tus,
2309 4474 2373 4511 ac
2404 4457 2624 4512 itineris
2651 4458 2984 4513 necessariis
3035 4459 3285 4531 sumptis
3347 4464 3433 4515 cst
3476 4459 3748 4531 profectus.

2165 4547 2427 4618 Dumque
2449 4564 2483 4602 a
2512 4546 2778 4602 Dinamio
2806 4546 3098 4602 etclerieis
3123 4546 3229 4619 ipsi
3266 4545 3752 4621 quidemiulroitus

2164 4634 2339 4701 urbis,
2368 4633 2633 4707 episcopo
2662 4652 2793 4690 vero
2834 4635 3161 4704 Theodoro,
3205 4636 3306 4708 qui
3347 4638 3473 4708 jam
3528 4631 3752 4689 custodia

2161 4725 2376 4779 solutus
2405 4740 2464 4778 se
2477 4722 2529 4778 ei
2540 4723 2835 4795 junxcrat,
2860 4723 3152 4796 ingressus
3170 4728 3490 4796 negaretur
3511 4720 3752 4784 ecclesia},

2161 4812 2397 4867 tandem
2414 4812 2724 4884 aliquando
2741 4812 3010 4868 Dinamio
3030 4817 3363 4880 suaserunt,
3387 4818 3448 4867 ut
3470 4813 3527 4867 in
3545 4808 3751 4866 ecclesia

2158 4900 2315 4956 Beati
2340 4899 2641 4973 Stephani,
2670 4918 2798 4974 quae
2832 4902 3009 4957 muris
3028 4901 3219 4956 vicina
3249 4904 3401 4969 erat,
3425 4901 3504 4956 eis
3534 4900 3750 4956 collocu-

2158 4994 2316 5046 turus
2350 4990 2743 5046 descenderet.
2781 4990 2906 5055 Quo
2955 4991 3094 5045 dum
3127 4990 3397 5058 venisset,
3427 4991 3498 5044 ab
3539 4983 3729 5058 ostiarii

2156 5081 2276 5153 ipse
2297 5080 2448 5135 solus
2477 5082 2736 5151 receptus
2767 5082 2874 5142 est,
2902 5078 3125 5134 casteris
3155 5078 3253 5151 qui
3295 5095 3433 5133 eum
3462 5075 3748 5150 sequeban-

2158 5174 2250 5225 tur
2274 5168 2529 5224 exclusis.
2561 5168 2957 5241 Deductusque
2993 5167 3329 5222 aGundulfo
3355 5183 3420 5222 ac
3443 5164 3682 5222 antistite
3701 5160 3747 5213 in

2157 5256 2575 5325 salutatorium,
2613 5256 2942 5328 increpatur
2971 5255 3240 5327 graviter.
3284 5255 3398 5309 Illis
3436 5254 3621 5326 itaque
3667 5245 3749 5321 qui

2159 5363 2289 5400 cum
2310 5363 2377 5401 eo
2392 5348 2687 5412 venerant,
2705 5349 2760 5399 et
2784 5362 2841 5399 se
2871 5362 2989 5400 non
3004 5347 3269 5416 receptos
3298 5342 3747 5413 indignabantur,

2156 5436 2387 5507 fugatis,
2418 5434 2734 5490 Gundulfus
2762 5434 3016 5489 seniores
3056 5434 3183 5506 capi
3223 5432 3523 5504 praecepit,
3577 5428 3748 5482 volens

2158 5543 2254 5580 eos
2275 5525 2344 5579 ad
2380 5524 2581 5579 urbem
2608 5523 2911 5589 deducere,
2945 5525 3008 5576 ut
3036 5521 3117 5577 illi
3145 5524 3345 5594 portas
3376 5520 3646 5591 aperient.
3674 5517 3745 5567 ln-

2158 5614 2331 5671 terim
2356 5612 2993 5686 Dinamius,agnoscens
3014 5628 3071 5666 se
3097 5613 3332 5683 captum
3357 5608 3558 5675 teneri,
3576 5604 3641 5662 ad
3658 5618 3739 5677 pe-
