3934 6176
268 368 352 433 72‘s
1273 348 1596 425 HISTORIA
1633 343 2085 427 “manus.
2118 398 2191 410 —
2223 346 2349 425 ua.
2388 348 2482 424 ui.

3430 358 3537 423 72‘6

264 489 1034 564 deseorumruit,pollicensse
1050 490 1246 563 portas
1259 488 1652 544 reseraturum
1668 488 1816 561 regi-
1839 495 1895 556 Α
1917 488 2212 545 descendit
2239 490 2315 545 ad
2352 488 2667 566 infernum.
2706 488 2851 544 Nam
2902 474 3030 543 orto
3059 486 3214 543 inter
3244 475 3437 559 ipsum
3469 502 3536 543 ac

261 600 350 657 que
374 582 529 637 simul
558 583 617 635 et
637 579 894 653 pontiﬁci
907 579 978 635 de
993 578 1217 651 reliquo
1235 578 1410 633 ﬁdem
1428 582 1813 634 servaturum.

261 673 351 728 Sua
376 671 537 742 igitur
556 668 671 723 ﬁde
702 667 1207 734 dimissus,ducem
1228 667 1445 739 pariter
1474 684 1604 722 cum
1628 666 1816 739 ponti-

258 762 359 828 tice,
382 760 691 815 exsultante
742 758 905 812 omni
963 758 1198 829 populo,
1234 756 1448 828 recepit
1495 757 1556 811 in
1588 758 1812 813 urbem.

257 849 425 906 Clerici
443 864 599 915 sane,
623 848 720 920 qui
737 863 804 902 eo
822 846 1136 919 impulsore
1150 847 1415 919 nequiter
1431 849 1634 901 contra
1650 864 1818 902 suum

255 940 461 1010 egerant
490 941 806 1009 pastorem,
823 936 961 990 dum
979 936 1053 990 ad
1065 935 1309 989 domum
1336 935 1386 1005 ej
1396 951 1458 989 us
1478 952 1536 989 se
1555 935 1821 989 contulis-

252 1029 376 1093 sent,
397 1024 754 1096 ﬁdejussores
771 1024 908 1079 dare
926 1024 1207 1095 compulsi
1221 1026 1353 1077 sunt
1371 1025 1433 1077 ut
1455 1023 1577 1095 regi
1601 1023 1822 1079 Childe-

250 1117 388 1171 berto
412 1131 465 1168 se
509 1115 952 1188 praesentarent.
980 1112 1297 1167 Gundulfus
1325 1114 1544 1180 autem,
1588 1114 1823 1183 recepta

249 1203 456 1260 Massilia
504 1206 565 1258 et
598 1202 868 1274 episcopo
899 1218 1015 1257 sure
1045 1201 1167 1256 sedi
1204 1201 1490 1268 restituto,
1520 1200 1593 1255 ad
1620 1216 1823 1272 regem

251 1308 473 1347 reversus
502 1291 915 1346 est.Dinamius
944 1278 1373 1362 autem,spreta
1402 1305 1579 1362 quam
1608 1287 1824 1361 promi-

246 1383 373 1435 serat
393 1380 505 1435 ﬁde
523 1379 789 1446 antistiti,
804 1379 877 1434 ad
896 1379 1301 1434 Guntrannum
1316 1394 1517 1450 regem
1533 1378 1823 1449 mittitqui

247 1469 471 1524 dicerent
495 1485 558 1523 se
588 1469 825 1541 quidem
852 1468 1057 1522 urbem
1088 1467 1318 1522 tradere
1341 1467 1505 1537 velle,
1537 1467 1826 1522 sedTheo-

245 1557 428 1613 dorum
457 1558 724 1625 obstare;
754 1571 859 1611 nec
888 1556 971 1610 illi
996 1555 1144 1611 cives
1188 1557 1472 1613 ullatenus
1516 1556 1822 1628 parituros,

244 1646 332 1700 nisi
358 1645 625 1701 sacerdos
650 1645 857 1699 alicubi
888 1645 1219 1700 traderetur
1248 1644 1688 1708 exsilio.Quibus
1707 1660 1826 1698 ver-

243 1734 313 1789 bis
334 1751 424 1789 rex
444 1734 726 1800 irritatus,
755 1750 889 1789 eum
920 1733 1026 1788 sibi
1055 1733 1307 1788 vinctum
1356 1732 1610 1788 exhiberi
1633 1732 1823 1803 jussit.

1916 579 2229 651 quemdam
2248 578 2528 641 Patirum,
2549 596 2615 634 ex
2626 579 2821 633 Iudaeo
2840 593 3205 643 conversum,
3222 577 3439 649 jurgio,
3462 576 3534 633 ab

1917 683 1985 721 eo
2018 667 2210 740 gladio
2236 683 2534 738 percussus
2576 666 2813 721 interiit.

2467 756 2690 811 CAPUT
2730 756 2951 809 XLVIII.

2024 847 2109 902 De
2128 844 2418 917 Chilperici
2443 845 2508 899 ob
2538 847 2875 915 interfectum
2894 843 3206 915 prandium
3237 846 3425 917 pontis

2203 935 2520 990 Parisiensis
2549 937 2603 987 in
2632 934 3018 988 Guntrannum
3044 934 3261 990 ultione.

1990 1026 2157 1096 Apud
2187 1028 2429 1099 pontem
2458 1023 2756 1080 Parisiaca:
2789 1023 2945 1077 urbis
2974 1028 3335 1079 memoratus
3373 1024 3531 1096 prin-

1922 1130 2055 1186 ceps
2087 1114 2349 1169 custodes
2390 1116 2679 1184 posuerat,
2730 1115 2793 1167 ut
2840 1112 3201 1168 insidiatores
3248 1113 3319 1168 de
3348 1131 3533 1187 regno

1921 1203 2115 1259 fratris
2146 1203 2231 1258 sui
2256 1202 2577 1258 Guntranni
2608 1202 2984 1257 advenientes
3034 1204 3388 1261 arcerentur.
3423 1204 3535 1259 Hos

1921 1293 2232 1365 Asclepius,
2274 1292 2463 1348 ofﬁcio
2515 1292 2815 1364 quondam
2861 1291 3019 1346 ducis
3057 1291 3307 1360 functus,
3365 1296 3534 1348 necte

1923 1399 2040 1437 una
2069 1399 2273 1437 omnes
2297 1381 2620 1448 interemit,
2650 1397 2983 1452 pagumque
3013 1381 3175 1451 ponti
3206 1382 3535 1452 proximum

1925 1472 2305 1545 depopulatus
2326 1473 2429 1525 est.
2460 1458 2824 1541 Quapropter
2864 1460 3212 1540 Chilpericus
3232 1486 3360 1524 cum
3384 1487 3539 1525 exer-

1928 1560 2043 1614 citu
2074 1577 2246 1632 super
2273 1560 2515 1614 fratrem
2542 1560 2761 1613 irruere
2806 1559 3020 1626 volens,
3065 1558 3315 1612 consiliis
3360 1559 3541 1615 bono«

1925 1663 2056 1703 rum
2072 1647 2326 1702 virorum
2346 1647 2601 1701 monitus
2618 1646 2844 1712 restitit,
2860 1646 3097 1700 mittens
3118 1644 3281 1700 fratri
3295 1640 3535 1717 legatos,

1928 1739 1991 1791 ut
2015 1739 2169 1792 mala
2191 1737 2296 1792 sibi
2325 1737 2487 1791 illata
2518 1736 2853 1807 corrigeret.
2896 1736 2994 1789 llle
3016 1734 3255 1805 justitiae
3288 1739 3535 1804 amator,

243 1824 336 1879 Sed
353 1838 475 1879 cum
506 1822 769 1890 antistes,
792 1822 900 1877 sibi
927 1825 1215 1889 metuens,
1239 1838 1356 1877 non
1389 1821 1557 1877 facile
1585 1822 1827 1894 egrede-
1849 1821 1899 1882 B
1928 1829 2101 1897 prout
2130 1826 2499 1892 monebatur,
2524 1840 2698 1896 agere
2717 1841 2835 1878 non
2857 1823 3096 1878 distulit.
3123 1825 3537 1880 Verumtamen

240 1916 376 1968 retur
403 1915 472 1967 ab
496 1913 665 1979 urbe,
700 1911 893 1966 evenit
928 1911 1235 1966 necessitas
1265 1910 1602 1966 dedicanda:
1632 1910 1823 1965 basili-

241 2017 307 2056 ca:
333 2002 698 2056 suburbanae.
730 2000 881 2055 Dum
906 1998 1083 2072 igitur
1112 2016 1180 2055 eo
1212 2002 1575 2071 properaret,
1594 2016 1661 2054 ex
1687 1999 1825 2055 insi-

239 2089 328 2144 diis
347 2089 535 2145 subito
568 2088 879 2143 adversarii
909 2092 1378 2160 prorumpentes,
1399 2087 1635 2143 clericos
1655 2090 1825 2143 caete-

238 2193 418 2251 rosque
430 2180 822 2250 obsequentes
834 2193 1008 2233 caesos
1028 2177 1087 2232 in
1103 2177 1305 2249 fugam
1318 2179 1499 2249 agunt
1522 2177 1827 2250 ipsumque

238 2282 363 2341 equo
382 2267 626 2341 proprio
647 2267 937 2338 dejectum
955 2266 1049 2321 vili
1072 2266 1441 2339 imponentes
1454 2266 1828 2337 jumento,ad

236 2370 411 2428 regem
440 2355 761 2411 deduxere.
786 2355 887 2410 Cui
913 2359 1241 2428 Aquensem
1259 2355 1620 2428 pervenienti
1643 2356 1717 2409 ad
1732 2371 1826 2409 ur-

235 2444 369 2512 bem,
399 2445 663 2501 Pientius
692 2444 993 2516 episcopus
1022 2444 1259 2499 clericos
1284 2458 1349 2498 ac
1374 2446 1584 2498 caetera
1605 2443 1708 2498 viae
1739 2445 1829 2498 at-

234 2533 412 2589 tribuit
431 2533 782 2602 necessaria;
809 2534 988 2588 Porro
1012 2549 1112 2588 rex
1142 2548 1212 2587 eo
1242 2532 1512 2601 discusso,
1548 2531 1689 2586 dum
1718 2531 1827 2586 im-

234 2637 449 2677 munem
476 2622 797 2678 invenisset
806 2637 841 2676 a
860 2622 1252 2693 culpa,multis
1264 2622 1614 2676 honoratum
1627 2636 1830 2676 mune-

232 2710 366 2765 ribus
385 2711 457 2766 ad
491 2726 668 2766 suam
699 2711 911 2766 reverti
943 2710 1250 2781 imperavit
1280 2709 1611 2766 Ecclesiam.
1655 2709 1762 2774 Qui
1794 2726 1829 2764 a

230 2799 375 2869 plebe
387 2814 527 2854 cum
551 2798 751 2854 laetitia
771 2797 1283 2870 receptus,invenit
1299 2797 1551 2852 ecclesias
1568 2814 1661 2852 res
1676 2814 1828 2853 suas-

230 2904 324 2960 que
351 2886 638 2944 aclericis
668 2902 953 2960 pervasas.
987 2886 1083 2942 llis
1112 2886 1325 2959 quippe
1366 2902 1471 2958 pro
1519 2887 1702 2942 causis
1720 2888 1826 2943 foe-

230 2975 319 3031 dus
344 2976 494 3032 inter
548 2976 953 3031 Guntrannum
984 2978 1042 3030 et
1081 2974 1513 3031 Childebertum
1564 2979 1824 3047 ruptum,

229 3063 620 3138 discordiaque
655 3064 944 3119 immensa
967 3067 1095 3119 acta
1114 3068 1217 3119 est.
1235 3065 1652 3120 Verumtamen
1680 3065 1828 3136 regi-

229 3152 318 3207 bus
344 3156 453 3210 hoc
482 3153 671 3210 modo
692 3153 765 3208 ab
787 3153 1032 3207 invicem
1052 3153 1563 3216 dissidentibus,Lu
1570 3171 1677 3225 pus
1697 3155 1824 3226 qui-

230 3242 344 3297 dam
355 3243 487 3299 civis
504 3242 828 3298 Turonicus
845 3258 1021 3296 uxore
1038 3242 1475 3310 defuncta,dum
1487 3243 1823 3299 clericatum

228 3335 523 3401 expeteret,
550 3349 588 3387 a
619 3331 797 3386 fratre
819 3331 1123 3386 Ambrosio
1151 3348 1225 3385 ne
1246 3330 1303 3385 id
1334 3331 1551 3385 faceret
1571 3331 1823 3404 prohibi-

227 3419 303 3473 tus
328 3423 428 3488 est,
464 3420 783 3492 pollicente
812 3419 1123 3491 conjugem
1154 3435 1213 3473 se
1244 3420 1367 3490 ejus
1392 3435 1711 3492 congruam
1728 3438 1824 3492 ge-

226 3508 335 3562 neri
360 3509 441 3565 illi
468 3509 865 3582 provisurum.
898 3508 998 3563 Cui
1025 3508 1110 3563 rei
1140 3507 1279 3562 dum
1310 3508 1502 3563 studet
1522 3508 1659 3563 dare
1684 3525 1820 3581 ope-

223 3611 353 3663 ram,
383 3598 458 3653 ab
492 3599 791 3664 adultero,
818 3597 916 3669 qui
945 3595 1075 3651 cum
1104 3597 1351 3668 conjuge
1390 3596 1679 3652 Ambrosii
1709 3600 1821 3652 stu-

223 3686 298 3755 pri
326 3703 449 3743 rem
480 3687 764 3755 habebat,
792 3686 1021 3758 utrique
1052 3684 1341 3757 perempti
1368 3690 1521 3742 sunt.
1553 3688 1819 3758 Dumque

222 3790 348 3831 unus
358 3778 615 3833 alterum
631 3778 747 3831 Deo
759 3775 1165 3830 subtrahereac
1176 3775 1305 3829 vitae
1319 3775 1617 3848 praesentis
1631 3775 1819 3830 oblec-

220 3865 471 3921 tamentis
481 3865 724 3920 tradere
743 3863 963 3930 nititur,
985 3868 1045 3918 et
1063 3880 1122 3918 se
1139 3868 1197 3917 et
1212 3864 1372 3918 illum
1399 3863 1671 3935 perdidit.

278 3954 386 4010 Hoc
415 3971 581 4010 anno
605 3954 767 4008 Luna
795 3952 1052 4023 eclipsim
1074 3967 1240 4023 passa
1269 3955 1375 4020 est,
1389 3954 1446 4007 et
1473 3952 1629 4007 intra
1653 3952 1818 4007 terri-

216 4043 416 4116 torium
443 4041 808 4098 Turonicum
845 4057 1011 4096 verus
1041 4041 1112 4096 de
1143 4040 1377 4096 effracto
1409 4055 1559 4112 pane
1581 4025 1816 4113 sanguis

217 4129 439 4187 effluxit.
474 4134 540 4187 In
570 4130 981 4186 Silvanectensi
1012 4130 1183 4202 pago,
1216 4128 1468 4184 hominis
1514 4129 1815 4201 cujusdam

217 4219 572 4289 domus,cum
596 4220 694 4275 ille
724 4235 896 4273 mane
912 4218 1479 4290 surgeret,sanguine
1498 4219 1814 4274 introrsum

217 4323 431 4380 aspersa
486 4308 785 4382 apparuit.
839 4309 1026 4363 Murus
1064 4307 1488 4363 Suessionensis
1545 4307 1816 4363 divinitus

1930 1915 2281 1987 Chilpericus
2322 1914 2409 1969 his
2438 1931 2554 1969 non
2585 1915 2911 1974 contentus,
2940 1913 3160 1984 aliquas
3182 1929 3216 1966 a
3244 1913 3423 1968 fratre
3466 1908 3540 1967 ci-

1928 2004 2131 2059 vitates
2170 2004 2457 2070 auferens,
2498 2018 2676 2057 novos
2706 2001 2787 2055 eis
2811 2000 3052 2055 comites
3082 2001 3356 2072 praefecit,
3389 2016 3536 2071 prm-

1927 2096 2160 2164 ceptum
2191 2093 2354 2161 dans,
2378 2096 2438 2147 ut
2468 2090 2899 2147 earumtributa
2914 2106 3014 2144 suo
3038 2089 3392 2145 inferrentur
3408 2090 3535 2145 the-

1928 2199 2117 2239 sauro.
2708 2254 2713 2259 ι

2498 2271 2721 2327 CAPUT
2758 2270 2930 2325 XLIX.

2068 2361 2151 2416 De
2180 2359 2465 2417 tabellariis
2491 2358 2764 2437 Clzqrtcrii
2788 2359 3017 2430 episcopi
3040 2346 3388 2429 deprehensis,

2441 2449 2518 2505 Et
2544 2449 2862 2504 Theoderici
2878 2454 3022 2503 ortu.

2000 2540 2096 2595 His
2125 2540 2326 2596 diebus
2357 2557 2391 2594 a
2417 2538 2736 2594 Nunnichio
2776 2537 2987 2592 comite
3024 2536 3389 2592 Lemovicino
3422 2537 3535 2592 duo

1930 2629 2149 2685 detenti
2178 2631 2311 2684 sunt
2334 2628 2621 2694 homines,
2654 2643 2720 2681 ex
2752 2625 2991 2680 nomine
3020 2625 3302 2680 Charterii
3330 2612 3536 2681 Petro-

1929 2718 2110 2790 gorici
2135 2718 2409 2773 antistitis
2431 2717 2652 2772 litteras
2693 2716 2968 2769 ferentes.
3020 2716 3083 2768 In
3125 2714 3353 2786 quibus,
3387 2714 3538 2770 inter

1930 2806 2044 2862 alia
2086 2823 2213 2879 quae
2254 2807 2324 2861 de
2375 2804 2691 2877 Chilperico
2725 2802 3174 2858 continebantur
3205 2802 3534 2870 maledicta,

1926 2895 2039 2951 hoc
2069 2895 2247 2951 etiam
2272 2895 2600 2966 legebatur:
2656 2913 2683 2942 ‹‹
2731 2891 2895 2956 Quod
2931 2891 3229 2962 episcopus
3270 2908 3537 2963 querere-

1929 2985 2024 3037 tur
2052 3000 2111 3038 se
2138 2983 2208 3038 de
2245 2981 2510 3055 paradiso
2556 2982 2783 3051 pulsum
2833 2980 3191 3033 descendisse
3242 2972 3315 3034 ad
3362 2978 3536 3035 infer-

1930 3088 2090 3126 num.
2134 3090 2166 3125 ν
2211 3071 2415 3143 Utique
2445 3070 2554 3124 hoc
2585 3069 2780 3123 volens
2808 3067 3075 3137 intelligi,
3108 3067 3262 3139 quod
3292 3085 3326 3122 a
3351 3083 3532 3140 regno

1927 3160 2247 3215 Guntranni
2274 3160 2333 3213 in
2362 3158 2685 3214 dominium
2719 3156 3040 3211 devenisset
3057 3156 3378 3227 Chilperici.
3404 3144 3535 3222 Qui-

1924 3249 2029 3304 bus
2044 3250 2163 3320 regi
2182 3248 2400 3320 pariter
2418 3264 2548 3301 cum
2572 3244 2920 3301 delatoribus
2940 3245 3189 3311 directis,
3198 3244 3531 3317 praecipitur

1925 3336 2131 3391 adduci
2159 3338 2477 3410 episcOpus,
2509 3337 2579 3390 de
2610 3335 2697 3389 his
2724 3334 3014 3389 rationem
3048 3333 3393 3389 redditurus.
3417 3332 3531 3390 Sed

1923 3439 2054 3480 cum
2087 3442 2204 3481 non
2233 3427 2400 3481 facile
2444 3425 2899 3490 convinceretur,
2943 3423 3015 3478 ad
3045 3422 3277 3496 propria
3322 3423 3529 3479 illaesus

1920 3515 2152 3585 regredi
2198 3516 2454 3587 jubetur.
2516 3514 2775 3585 Denique
2830 3515 2959 3585 post
3003 3513 3209 3568 funera
3247 3513 3525 3579 ﬁliorum,

1922 3602 2241 3675 Chilperico
2264 3602 2411 3657 ﬁlius
2441 3602 2712 3668 nascitur,
2738 3618 2912 3673 quem
2954 3600 3218 3672 sequenti
3241 3617 3396 3656 anno
3420 3602 3524 3656 Pa-

1919 3690 2087 3745 risius
2131 3692 2191 3746 in
2238 3692 2453 3747 Pascha
2490 3691 2766 3763 baptizari
2814 3690 2948 3744 fecit
2988 3690 3526 3761 Theodoricumqu‘e

1919 3780 2260 3835 nominavit.

2560 3868 2778 3923 CtPUT
2821 3868 2879 3921 L.

2013 3957 2096 4012 De
2117 3957 2374 4029 legatione
2400 3956 2585 4027 feriati
2603 3955 2930 4011 Chitdeberti
2945 3955 3015 4009 ad
3046 3954 3426 4026 Chilpericaim.

1988 4048 2167 4111 Porro
2199 4046 2597 4102 Childebertus
2628 4044 2891 4115 Egidium
2943 4032 3289 4098 Rern’ensem
3333 4042 3521 4097 archi-

1916 4135 2271 4208 episcopum,
2304 4150 2436 4189 cum
2465 4134 2589 4188 aliis
2620 4132 3014 4203 optimatibus,
3038 4132 3109 4186 ad
3136 4118 3520 4203 Chilpericum

1914 4227 2185 4296 patruum
2213 4241 2379 4278 suum
2401 4221 2785 4278 continuandi
2803 4221 3050 4287 fmderis,
3071 4220 3226 4292 quod
3244 4220 3516 4289 inierant,

1914 4325 2083 4366 causa
2112 4310 2325 4382 dirigit.
2362 4312 2437 4365 Ex
2468 4311 2673 4382 quibus
2714 4308 2946 4380 Egidius
2988 4308 3045 4363 in
3094 4309 3247 4363 hunc
3278 4309 3518 4364 moduni

214 4398 498 4454 subversas
555 4402 662 4454 est.
715 4397 1040 4469 Andegavis
1095 4400 1455 4451 terraemotus
1489 4395 1673 4451 factus
1701 4399 1807 4451 est.
1836 4408 1888 4468 Β
1912 4400 2217 4472 legationis
2238 4400 2432 4454 retulit
2449 4399 2748 4454 ordinem:
2782 4421 2810 4446 «
2844 4398 3075 4464 Pacem,
3103 4404 3278 4468 quam
3302 4400 3518 4465 tecum',

215 4486 354 4542 Intra
381 4506 588 4545 muros
611 4488 768 4543 urbis
789 4486 1226 4559 Burdegalensis
1242 4485 1615 4557 ingressilupi
1638 4503 1812 4541 canes

215 4575 627 4634 devoraverunt
656 4576 918 4649 ignisque
944 4593 1048 4648 per
1075 4576 1283 4631 caelum
1320 4574 1632 4631 cucurrisse
1661 4574 1811 4630 visus

215 4667 305 4718 est.

777 4754 1001 4810 CAPUT
1031 4754 1230 4808 XLVII.

381 4845 468 4900 De
499 4844 690 4900 Prisci
712 4840 895 4898 JUda'i
915 4838 1266 4897 obstinatione
1298 4849 1349 4899 et
1376 4844 1620 4899 interitu.

272 4934 346 4990 Ea
370 4937 746 5005 tempestate,
770 4933 1119 5004 Chilpericus
1152 4950 1272 4998 rex,
1299 4932 1439 4986 dum
1470 4934 1683 4987 multos
1706 4933 1812 4987 Ju-

214 5021 458 5078 dzeorum
487 5021 771 5094 baptizari
788 5022 1065 5092 jussisset,
1092 5024 1150 5075 et
1174 5021 1299 5093 ipse
1325 5037 1423 5075 eos
1453 5038 1518 5075 ex
1549 5036 1712 5076 sacro
1734 5023 1811 5075 la-

214 5127 366 5168 vacro
395 5112 764 5183 suscepisset,
804 5110 1134 5165 nullatenus
1171 5112 1429 5165 Priscum
1460 5110 1809 5165 familiarem

215 5215 363 5254 suum
395 5201 588 5271 (cujus
615 5215 790 5271 supra
819 5198 1218 5270 meminimus)
1260 5198 1444 5252 verbis
1470 5199 1543 5253 ad
1574 5199 1811 5253 creden-

214 5285 338 5343 dum
367 5292 713 5344 convertere
727 5290 973 5360 poterat.
1000 5288 1025 5340 J
1035 5289 1214 5342 ubens
1231 5301 1367 5358 ergo
1384 5302 1515 5341 eum
1536 5286 1808 5343 custodia:

216 5378 552 5450 mancipari,
594 5379 665 5433 ab
690 5393 757 5432 eo
794 5376 1131 5431 muneribus
1160 5377 1450 5431 seducitur
1478 5381 1540 5431 ut
1576 5376 1811 5433 daretur

216 5464 259 5518 ei
281 5467 534 5535 spatium
569 5466 748 5521 ﬁlium
779 5483 948 5521 suum
973 5465 1551 5521 Massilensiﬂebraaae
1573 5466 1811 5538 conjun-

217 5555 398 5621 gcndi,
425 5572 495 5609 ac
523 5559 653 5609 tum
682 5556 916 5610 demum
940 5555 1101 5626 jussa
1125 5555 1445 5625 compleret
1458 5554 1571 5610 Sed
1596 5555 1813 5626 quino-

220 5639 315 5698 luit
359 5644 633 5700 conﬁteri
677 5645 987 5713 Christum,
1038 5660 1155 5699 non
1187 5645 1362 5716 longo
1390 5648 1521 5715 post
1549 5647 1814 5716 tempore

1911 4489 2160 4561 gloriose
2188 4506 2307 4555 rex,
2355 4476 2598 4559 inclytus
2648 4503 2828 4558 nepos
2885 4490 3015 4541 tuus
3056 4486 3326 4553 ﬁrmavit,
3376 4487 3522 4557 petit

1913 4578 2153 4633 omnino
2186 4594 2220 4633 a
2248 4581 2305 4631 te
2325 4576 2585 4631 stabiliri.
2621 4576 2830 4630 Fratris
2876 4575 3124 4647 denique
3155 4573 3235 4628 tui
3268 4575 3518 4631 benevo-

1910 4666 2089 4721 lentia
2116 4666 2246 4722 ideo
2278 4666 2360 4720 uti
2410 4665 2631 4738 nequit,
2660 4666 2796 4738 quia
2824 4669 3050 4734 partem
3086 4666 3208 4735 ejus
3237 4681 3304 4719 ex
3329 4665 3515 4733 Massi-

1910 4753 1990 4808 lia
2013 4754 2223 4825 injuste
2249 4753 2481 4821 retinet,
2512 4770 2699 4826 neque
2723 4753 3050 4825 transfugas
3075 4752 3317 4807 reddere
3335 4751 3386 4806 ei
3401 4753 3519 4807 vult

1910 4858 2060 4898 suos.
2094 4843 2307 4898 Idcirco
2339 4842 2407 4909 si,
2444 4842 2659 4913 junctis
2701 4841 2913 4897 viribus
2950 4841 3168 4908 vestris,
3212 4840 3518 4898 unanimes

1913 4933 2033 5003 ejus
2063 4932 2558 5004 expugnationem
2585 4931 2773 4986 adorsi
2788 4931 3028 4998 fueritis,
3045 4931 3185 4985 ultio
3204 4930 3515 5004 debitapro

1910 5021 2079 5076 illatis
2109 5021 2333 5091 injuriis
2362 5022 2433 5076 ab
2465 5037 2533 5075 eo
2584 5020 2747 5075 facile
2773 5020 2921 5089 exigi
2954 5022 3182 5092 poterit.
3216 5042 3241 5072 ο
3275 5023 3361 5077 Ad
3391 5022 3513 5075 haec

1910 5111 1989 5165 ita
2018 5109 2315 5181 respondit
2343 5126 2438 5165 ex:
2483 5127 2514 5162 α
2562 5110 2791 5172 Fratris,
2824 5110 3030 5182 inquit,
3059 5111 3172 5165 mei
3200 5112 3367 5181 culpa
3393 5114 3514 5164 tam

1910 5203 1997 5255 est
2016 5199 2076 5253 in
2109 5202 2308 5269 aperto
2325 5202 2385 5253 ut
2410 5198 2639 5253 difﬁcile
2654 5199 2925 5253 occultari
2943 5205 3135 5270 queat.
3157 5201 3299 5254 Nam
3323 5197 3366 5251 si
3387 5196 3517 5273 dul-_

1908 5288 2165 5344 cissimus
2178 5303 2358 5365 nepos
2374 5304 2532 5343 meus
2545 5287 2741 5342 animo
2755 5288 3060 5342 malefacta
3081 5288 3375 5342 recenseat
3392 5298 3516 5345 sua,

1909 5377 2143 5449 reliquis
2162 5376 2581 5448 praetermissis,
2604 5376 2854 5446 reperiet
2874 5379 3098 5446 patrem
3122 5376 3289 5430 suum
3312 5373 3515 5429 fraude

1909 5465 2231 5522 Guntranni
2258 5464 2538 5520 interisse.
2561 5465 2924 5537 Quapropter
2940 5468 2997 5519 et
3014 5480 3122 5535 ego
3142 5480 3236 5518 me
3254 5461 3512 5534 spondeo

1912 5556 2237 5626 adjutorem
2270 5554 2351 5609 illi
2382 5555 2442 5609 in
2473 5554 2754 5609 ultionem
2786 5556 3043 5625 paternae
3069 5554 3326 5607 futurum
3361 5548 3517 5605 necis

1917 5644 2015 5717 qui
2050 5643 2347 5700 amiserim
2380 5644 2620 5698 fratrem
2654 5656 2904 5714 magum,
2937 5642 2983 5695 si
3014 5657 3171 5696 nunc
3195 5640 3433 5706 viveret,
3461 5635 3524 5691 di
