3940 6166
424 342 532 404 ’727

1537 326 1804 388 AIMOINI
1838 323 2151 386 MONACHI
2184 324 2685 388 FLOBIACENSIS

3598 344 3688 401 728

426 461 710 522 lectionis.
725 481 754 517 ι
772 460 905 520 Hec
927 456 1068 519 dum
1085 474 1185 516 rex
1202 457 1547 532 perorasset,
1581 455 1729 512 datis
1753 452 2047 512 obsidibus
2063 450 2210 514 Ario
2245 451 2594 510 Pictaviensi
2617 451 2816 511 tradid
2835 455 2985 517 erat.
3019 453 3131 513 Sed
3155 473 3190 513 a
3203 454 3368 515 beata
3382 458 3692 536 Radegunde

433 554 618 612 foedus
642 552 959 611 stabilitum
999 553 1107 607 est.
1139 547 1426 605 Continuo
1458 545 1809 618 Chilpericus
1839 542 2049 600 exerci-

437 648 562 701 tum
583 644 654 699 de
671 660 854 714 regno
872 658 972 697 suo
990 637 1344 696 commoveri
1361 636 1657 708 praecepit,
1677 635 1773 707 qui
1790 634 2046 691 civitates

436 732 603 792 fratri
632 733 888 789 subditas
905 729 1196 795 obsidens,
1223 726 1697 798 circumjecentes
1728 724 2044 796 depopula-

440 827 601 880 retur
628 840 818 895 agros.
848 821 1007 876 Tunc
1040 817 1301 873 Berulfus
1326 816 1577 888 partium
1605 816 1727 887 ejus
1753 815 1886 881 dux,
1915 829 2046 867 cum

439 911 736 969 Turonicis
765 912 824 965 et
850 906 1174 978 Andegavis
1203 921 1320 961 una
1344 923 1409 961 ex
1434 909 1619 977 parte,
1657 902 1972 959 Desiderius
1992 905 2051 957 et

443 1001 726 1059 Bladastis
751 1016 818 1055 ex
862 996 972 1053 alio
999 997 1178 1051 latere
1210 1012 1339 1050 cum
1371 994 1627 1049 maxima
1658 991 2048 1059 multitudine,

442 1092 824 1149 Bituricenses
867 1085 1306 1158 aggrediuntur.
1348 1084 1564 1149 Quibus
1608 1100 1707 1138 rex
1745 1084 1854 1138 hoc
1894 1080 2054 1136 dedit

442 1180 703 1239 mandati
728 1182 810 1246 ut,
835 1178 1002 1247 capta
1021 1175 1183 1242 urbe,
1203 1176 1565 1229 sacramenta
1593 1173 1664 1228 de
1677 1170 1912 1226 nomine
1935 1168 2049 1225 exi-

443 1275 650 1345 gerent
688 1288 811 1327 suo.
859 1267 973 1323 Sed
1015 1266 1255 1339 Biturigi
1298 1263 1451 1337 apud
1491 1265 1741 1318 castrum
1789 1260 2054 1317 Mediola-

442 1378 643 1428 nense,
675 1360 831 1432 quod
863 1376 1016 1415 nunc
1059 1357 1411 1429 Magdunum
1462 1351 1689 1417 dicitur,
1719 1348 2051 1421 quindecim

443 1452 806 1505 armatorum
832 1448 1019 1504 millia
1049 1444 1341 1503 Desiderio
1360 1441 1488 1498 duci
1521 1442 2051 1512 opponentes,cum

444 1554 514 1594 eo
543 1537 877 1593 conflixere.
896 1536 1304 1609 Reliquiduces
1327 1532 1532 1587 urbem
1554 1528 1852 1585 obsidione
1868 1527 2054 1583 cinxe-

442 1630 600 1681 runt.
626 1625 977 1698 Chilpericus
995 1642 1153 1692 vero,
1172 1623 1305 1678 licet
1318 1620 1579 1676 nondum
1602 1617 1882 1673 exercitus
1905 1616 2054 1671 Chil-

440 1714 665 1770 deberti
686 1714 1030 1781 advenisset,
1052 1716 1249 1768 tamen
1270 1708 1556 1784 quosdam
1577 1707 1649 1762 de
1670 1706 1796 1777 ejus
1814 1705 2053 1761 ducibus

442 1820 640 1859 secum
681 1803 924 1870 habens,
968 1800 1259 1857 universas
1287 1798 1482 1869 copias
1512 1812 1644 1851 suas
1671 1811 1775 1867 per
1806 1793 2121 1873 ParisiusB

440 1891 840 1959 transducens,
861 1892 1068 1946 cuncta
1082 1886 1359 1944 vastando
1375 1884 1713 1942 Milidunum
1745 1882 1924 1938 venit.
1951 1880 2051 1937 Cui

442 1980 812 2037 Guntrannus
842 1996 961 2035 non
994 1975 1277 2034 dubitavit
1304 1974 1533 2031 obviam
1563 1972 1665 2043 ire,
1691 1972 1751 2027 in
1783 1972 1902 2027 solo
1933 1973 2050 2026 Deo

442 2086 606 2142 spem
636 2069 879 2137 habens,
898 2082 1262 2138 cuneumque
1287 2064 1565 2130 hostium,
1596 2078 1715 2133 prae
1737 2061 2052 2134 cupiditate

442 2159 515 2214 ab
558 2157 680 2214 aliis
716 2159 1108 2231 segregatum,
1150 2153 1484 2225 crepusculo
1531 2150 1714 2206 noctis
1753 2166 2055 2221 aggressus

440 2245 648 2302 ultima
687 2243 1051 2303 labefactavit
1086 2241 1363 2316 pernicie.
1406 2243 1468 2296 In
1500 2239 1838 2305 crastinum,
1872 2237 2052 2292 inter-

440 2334 806 2392 currentibus
845 2333 1073 2406 legatis,
1118 2332 1300 2387 frater
1339 2347 1473 2385 cum
1516 2329 1698 2385 fratre
1726 2327 2050 2400 paciscitur,

441 2422 846 2495 pollicentibus
867 2422 1123 2493 utrisque
1141 2419 1584 2475 commissorum
1610 2416 2050 2473 correctionem.

443 2511 669 2585 Quippe
696 2509 1068 2584 Chilpericus,
1121 2525 1253 2564 cum
1304 2506 1538 2564 millites
1562 2506 1715 2561 furto
1746 2522 1811 2560 ac
1839 2504 2055 2577 rapinis

442 2600 733 2656 abstinere
762 2602 1053 2662 moneret,
1084 2613 1191 2652 nec
1215 2600 1412 2652 tamen
1441 2596 1936 2666 obtemperarent,
1955 2609 2058 2648 co-

443 2688 648 2746 mitem
661 2689 1152 2760 Rotomagensem
1179 2685 1372 2760 gladio
1395 2683 1693 2758 percussit,
1715 2682 1909 2755 sicque
1926 2681 2057 2737 reli-

444 2795 590 2851 quos
630 2794 924 2844 coercens,
951 2776 1026 2832 ad
1062 2774 1298 2849 propria
1320 2772 1565 2840 reduxit,
1598 2775 1868 2827 cunctam
1899 2772 2058 2844 prius

433 2866 742 2924 restituens
785 2865 1068 2938 prmdam,
1105 2864 1473 2937 captivosque
1516 2862 1797 2917 relaxans.
1858 2861 1933 2915 At
1976 2859 2057 2915 illi

440 2956 539 3030 qui
567 2955 848 3023 Bituricos
868 2954 1239 3017 obsederant,
1254 2955 1489 3026 accepto
1509 2950 1712 3007 nuntio
1737 2950 1944 3006 utinde
1965 2967 2054 3005 re-

440 3044 738 3111 cederent,
771 3058 1133 3116 quaecunque
1164 3040 1313 3097 oculi
1339 3039 1621 3107 viderant,
1645 3055 1851 3096 manus
1875 3039 2058 3112 rapie-

437 3132 604 3203 bant,
632 3132 773 3188 dum
800 3131 877 3187 ad
907 3147 1010 3188 sua
1040 3130 1320 3186 redirent.

1071 3219 1295 3275 CAPUT
1337 3218 1421 3274 LI.

582 3312 669 3368 De
696 3308 856 3381 vulgi
877 3308 940 3365 in
967 3308 1248 3381 Egidium
1278 3308 1589 3380 episcopum
1623 3306 1910 3364 seditione.

514 3399 917 3457 Childebertus
940 3401 1136 3455 autem
1162 3415 1367 3454 omnes
1398 3398 1619 3453 militiae
1645 3413 1939 3469 suae,un
1954 3412 2055 3469 ag-

442 3490 805 3562 gregaverat,
824 3487 1092 3544 cohortes
1121 3487 1260 3542 dum
1280 3503 1396 3543 uno
1419 3487 1477 3542 in
1502 3488 1628 3543 loco
1646 3485 1889 3553 detinet,
1905 3502 2059 3541 mur-

442 3595 577 3634 mur
586 3576 776 3632 subito
791 3576 988 3649 populi
1003 3575 1243 3632 minoris
1256 3576 1523 3632 adversus
1537 3575 1709 3631 duces
1721 3578 1779 3629 et
1792 3574 2057 3646 Egidium

442 3666 803 3740 episcopum,
850 3670 1019 3722 nocte
1065 3664 1353 3738 proxima,
1402 3662 1725 3731 infremuit,
1786 3662 2055 3719 dicentis:

445 3777 476 3806 «
508 3755 807 3811 Tollantur
832 3770 867 3809 a
892 3754 1039 3811 facie
1062 3754 1235 3825 regis,
1264 3753 1363 3825 qui
1393 3768 1643 3825 regnum
1670 3751 1793 3823 ejus
1821 3751 1975 3808 inter
2002 3769 2060 3807 se

442 3844 763 3913 venditant,
788 3842 889 3916 qui
906 3845 1076 3900 urbes
1089 3842 1213 3916 ejus
1234 3841 1439 3897 alienas
1456 3839 1767 3913 subjiciunt
1783 3841 2008 3898 ditioni.
2029 3862 2057 3891 η

444 3932 575 3989 Haec
601 3931 859 3988 dicentes
879 3931 1225 3987 mane‘facto
1250 3928 1324 3984 ad
1348 3928 1667 3984 tentorium
1684 3927 1837 4000 regis
1851 3945 2060 4001 prope-

443 4024 580 4077 rant
609 4019 843 4087 armati,
875 4023 939 4075 ut
964 4019 1231 4092 Egidium
1271 4016 1676 4073 interimerent
1704 4017 2058 4087 pontificem.

446 4110 571 4176 Quo
601 4109 863 4183 cognito,
894 4108 1183 4174 sacerdos,
1238 4122 1472 4162 ascenso
1504 4122 1676 4178 equo,
1708 4123 1842 4161 cum
1869 4107 2063 4179 paucis

441 4200 646 4273 fugam
706 4196 970 4270 arripuit.
1014 4196 1116 4252 Cui
1162 4197 1284 4250 tam
1330 4196 1554 4250 veloces
1597 4193 1773 4250 timor
1818 4195 2063 4266 fugienti

445 4286 671 4345 addidit
700 4287 819 4342 alas
848 4289 911 4341 ut
938 4285 1241 4341 labentem
1273 4283 1429 4340 tibia:
1459 4282 1755 4340 fasciolam
1794 4285 2064 4357 colligere

2080 3104 2128 3164 C

2144 541 2475 615 prohibitus
2495 546 2601 600 est.

2766 635 2993 691 CAPUT
3023 636 3129 692 LII.

2288 722 2372 777 De
2397 722 2469 778 Μ
2468 724 2695 780 ummolo
2724 728 2917 796 magia:
2941 733 2990 780 et
3013 728 3246 797 veneﬁcii
3270 729 3575 787 insimulata.

2219 813 2368 867 Dum
2390 812 2499 867 ista
2516 814 3033 884 geruntur,relatio
3051 817 3428 887 quorumdam
3442 820 3509 874 ad
3523 822 3699 879 Frede-

2150 901 2410 972 gundem
2440 903 2694 958 cucurrit
2722 903 3019 976 reginam,
3038 904 3348 961 dicentium
3378 912 3703 983 puerum,qui

2150 991 2293 1043 tunc
2321 990 2624 1045 defunctus
2650 995 2797 1059 erat,
2818 992 3038 1047 technis
3054 994 3343 1050 Mummoli
3360 996 3441 1050 sui
3462 999 3702 1069 praefecti,

2152 1094 2256 1148 per
2274 1079 2553 1150 quasdam
2575 1080 2943 1136 mulierculas
2960 1082 3257 1137 maleﬁciis
3272 1088 3328 1139 et
3343 1083 3704 1141 incantationi-

2151 1165 2257 1220 bus
2290 1166 2466 1221 vitam
2498 1167 2775 1223 amisisse.
2806 1171 2855 1223 Is
2884 1169 3102 1240 reginae
3136 1171 3476 1241 jamdudum
3500 1176 3610 1228 erat
3634 1173 3707 1229 iu-

2151 1253 2366 1310 fensus.
2407 1256 2543 1321 Quae
2573 1257 2714 1312 talia
2745 1258 2815 1313 de
2866 1275 2935 1314 eo
2967 1258 3230 1327 audiens,
3258 1260 3380 1331 rapi
3412 1261 3711 1317 meretrices

2153 1343 2231 1398 ad
2259 1345 2539 1416 supplicia
2558 1346 2750 1417 jubet,
2792 1364 2919 1419 quae
2951 1364 3009 1402 se
3047 1348 3375 1404 fatebantur
3403 1350 3713 1405 carminibus

2152 1434 2369 1489 multos
2398 1434 2762 1491 interemisse
2788 1436 3151 1503 innocentes,
3178 1439 3468 1510 ﬁliumque
3489 1439 3600 1508 ejus
3624 1455 3710 1510 pro

2150 1522 2449 1579 Mnmmoli
2477 1524 2724 1580 donasse
2754 1527 2955 1582 salute.
2976 1528 3130 1583 Tunc
3146 1527 3379 1600 quidem
3400 1527 3714 1598 reginaalias

2152 1627 2355 1690 earum
2389 1614 2643 1669 flammis
2688 1615 2946 1683 tradidit,
2991 1614 3131 1671 alias
3187 1616 3327 1672 rotis
3366 1615 3619 1671 innexuit.
3649 1617 3713 1670 De

2151 1700 2487 1757 Mummodo
2515 1718 2651 1757 vero
2684 1704 2840 1775 apud
2857 1721 3058 1776 regem
3081 1708 3288 1777 questa
3316 1708 3418 1759 est.
3447 1704 3614 1768 Quem
3633 1720 3716 1759 rex

2152 1793 2464 1845 oneratum
2516 1790 2734 1846 catenis
2774 1792 2982 1847 adduci
3014 1793 3291 1866 trabeque
3321 1792 3575 1847 revinctis
3609 1794 3719 1863 post

2154 1880 2319 1952 terga
2345 1881 2617 1937 manibus
2641 1883 2914 1953 suspendi
2945 1883 3305 1956 praecipiens,
3322 1883 3458 1956 quid
3486 1882 3719 1938 maleficii

2155 1974 2350 2025 nosset
2368 1970 2790 2043 interrogabat.
2820 1972 2934 2028 Sed
2961 1973 3042 2027 nil
3068 1989 3128 2027 se
3150 1973 3222 2027 de
3254 1976 3442 2028 morte
3469 1971 3564 2027 ﬁlii
3588 1971 3721 2043 regis

2156 2074 2324 2113 nosse
2352 2058 2568 2127 dicens,
2602 2062 2713 2116 hoc
2750 2061 3117 2117 solummodo
3145 2061 3439 2117 confessus
3478 2064 3561 2116 est
3590 2058 3723 2132 quod

2154 2146 2420 2218 potiones
2439 2149 3038 2222 praecantationesque
3054 2151 3239 2206 varias
3260 2168 3294 2206 a
3309 2149 3632 2205 memoratis
3647 2165 3725 2204 ac-

2152 2236 2395 2307 cepisset
2420 2238 2793 2305 mulierculis,
2832 2238 2907 2294 ad
2926 2239 3381 2312 promerendam
3408 2239 3553 2313 regis
3571 2241 3625 2294 et
3647 2255 3729 2293 re-

2155 2325 2309 2397 ginae
2342 2327 2615 2399 gratiam.
2636 2328 2896 2384 Tandem
2925 2328 3660 2401 depositus,mandavitregi
3682 2344 3732 2384 se

2158 2414 2240 2470 nil
2265 2415 2506 2472 sensisse
2527 2434 2856 2489 poenarum.
2874 2418 2976 2473 Ille
2997 2434 3129 2473 eum
3154 2418 3485 2475 maleﬁcum
3502 2435 3612 2474 esse
3627 2433 3736 2489 pro-

2159 2505 2560 2572 testatus,loris
2593 2505 2914 2561 durissimis
2937 2507 3312 2579 ﬂagellari,ac
3334 2509 3522 2581 gladio
3542 2506 3735 2580 percuti

2157 2592 2482 2665 imperavit.
2510 2596 2621 2650 Pro
2653 2595 2815 2666 cujus
2854 2596 2972 2652 vita
2996 2596 3223 2668 regina,
3252 2615 3411 2669 mgre
3433 2598 3579 2664 licet,
3609 2594 3736 2652 obti-

2157 2682 2305 2737 nuit.
2338 2682 2445 2747 Qui
2474 2687 2675 2740 tamen
2695 2701 2813 2740 non
2835 2689 2967 2758 post
2993 2687 3241 2741 multum
3275 2688 3476 2742 dolore
3506 2686 3737 2760 ipsorum

2157 2773 2590 2827 tormentorum
2617 2772 3090 2846 interiit.Regina
3107 2778 3308 2830 autem
3333 2791 3622 2831 assumens
3636 2775 3741 2828 the-

2159 2877 2393 2916 saurum
2415 2861 2599 2933 pueri,
2628 2866 2812 2917 vestes
2827 2862 3063 2935 quidem
3082 2879 3289 2919 omnes
3307 2864 3444 2935 igne
3462 2862 3740 2929 «:ombusit,

2157 2966 2364 3005 aurum
2396 2966 2533 3006 vero
2563 2950 2804 3007 fornace
2831 2953 3093 3008 conﬂans
3117 2957 3277 3008 terra
3300 2953 3512 3020 obruit,
3534 2966 3601 3008 ne
3622 2952 3743 3025 quid

2157 3041 2305 3095 esset
2334 3039 2495 3113 quod
2533 3038 2585 3095 ei
2615 3038 2802 3095 filium
2836 3041 2911 3096 ad
2939 3041 3291 3098 memoriam
3318 3042 3633 3099 reduceret.

2770 3149 2996 3205 CAPUT
3030 3149 3163 3205 LIII.

2257 3236 2343 3292 De
2375 3236 2555 3293 clerici
2591 3236 2879 3310 cujusdam
2917 3237 3156 3305 libidine,
3189 3245 3239 3293 et
3271 3237 3657 3295 inaratitudine

2801 3308 3128 3364 detestanda.

2217 3399 2394 3453 Porro
2416 3397 2676 3453 Etherius
2691 3397 2952 3453 Lexovim
2966 3398 3267 3470 episcopus
3278 3399 3553 3456 clericum
3568 3413 3747 3472 quem-

2159 3488 2318 3555 dam,
2347 3491 2591 3560 propter
2612 3489 2877 3559 puellam
2900 3487 3216 3560 quamdam
3239 3505 3419 3561 quam
3452 3489 3750 3552 seduxerat,

2160 3577 2336 3632 morti
2371 3577 2754 3644 destinatum,
2787 3576 2995 3648 viginti
3018 3576 3271 3632 redemit
3298 3578 3752 3649 anreis.Cui,pro-

2159 3665 2346 3720 ﬁtenti
2378 3682 2437 3721 se
2461 3666 2761 3721 doctorem
2789 3664 2919 3721 fore
2941 3666 3291 3733 litterarum,
3340 3668 3595 3723 scholam
3621 3681 3757 3721 com-

2164 3753 2363 3808 mittit.
2406 3754 2522 3810 Sed
2548 3770 2683 3810 cum
2716 3771 2751 3809 a
2773 3753 3113 3826 parentibus
3137 3773 3480 3828 puerorum,
3499 3772 3638 3828 quos
3665 3753 3754 3808 do-

2162 3844 2349 3911 cebat,
2371 3860 2522 3914 smpe
2552 3843 2626 3898 ad
2655 3844 2980 3899 convivium
3005 3845 3507 3913 vocaretur,unius
3527 3847 3755 3901 matrem

2162 3932 2510 4004 concupivit.
2527 3932 2692 3996 Quod
2711 3948 2845 3988 cum
2864 3930 2969 3988 illa
2997 3936 3155 3988 casta
3176 3932 3490 3989 indicasset
3514 3934 3631 3988 viro
3645 3947 3753 3995 suo,

2162 4022 2220 4075 et
2246 4018 2340 4075 ille
2371 4020 2643 4076 clericum
2673 4021 2746 4076 ad
2772 4021 3116 4095 supplicium
3152 4027 3468 4093 quaereret,
3505 4022 3705 4078 iterum
3729 4036 3759 4073 a

2162 4110 2441 4181 pontifice
2467 4110 2745 4166 liberatus
2776 4110 3025 4183 pristino
3057 4110 3386 4167 restituitur
3422 4111 3645 4168 honori.
3671 4108 3759 4163 Hic

2164 4196 2362 4270 itaque
2391 4197 2568 4253 miser
2590 4201 2892 4253 tantorum
2921 4199 3133 4255 oblitus
3148 4200 3590 4260 beneficiorum.
3611 4199 3756 4262 dum,

2166 4304 2282 4342 una
2331 4286 2584 4354 dierum,
2620 4287 2879 4359 pontifex
2912 4288 2985 4343 ad
3016 4288 3400 4359 agricultores
3430 4284 3760 4345 exercitandi

445 4394 566 4435 non
602 4378 855 4434 curaret.
890 4376 970 4429 Ea
998 4377 1202 4429 tamen
1234 4389 1406 4429 causa
1442 4372 1524 4429 illi
1546 4373 1756 4429 auxilio
1787 4373 1893 4429 fuit
1909 4376 2064 4447 quod
2084 4398 2139 4462 D
2169 4375 2357 4447 gratia
2382 4375 2630 4443 exiisset,
2663 4392 2796 4431 cum
2846 4376 3029 4431 securi
3059 4393 3192 4431 eum
3224 4393 3378 4448 pone
3409 4378 3758 4451 sequebatur.

444 4463 757 4524 adversarii
781 4479 981 4536 equos,
1011 4462 1086 4518 ad
1122 4462 1546 4534 insequendum
1561 4466 1812 4535 paratos,
1831 4480 1948 4519 non
1961 4465 2066 4520 ha-

446 4556 684 4612 hebant.
724 4554 1028 4625 Deumque
1072 4550 1154 4607 illi
1180 4567 1410 4606 moram
1432 4551 1489 4607 in
1513 4552 1806 4623 sequendo
1828 4552 2066 4623 faciunt,

444 4641 567 4717 ipse
593 4660 653 4700 se
684 4642 839 4697 intra
870 4642 1082 4696 urbem
1108 4641 1430 4695 Remorum
1475 4640 1737 4696 contulit.
1777 4642 1910 4697 Post
1945 4643 2069 4697 haec

445 4731 816 4788 Guntrannus
834 4729 959 4785 Chil
970 4728 1216 4785 deberto
1236 4729 1431 4800 nepoti
1444 4745 1544 4783 suo
1558 4732 1781 4799 partem
1793 4730 2066 4798 Massiliae,

446 4837 625 4894 quam
646 4818 829 4875 invito
850 4834 920 4874 eo
940 4817 1256 4884 retinebat,
1270 4816 1539 4872 reddidit.
1558 4816 1907 4889 Chilpericus
1926 4836 2068 4891 quo-

445 4925 559 4983 que
603 4923 713 4981 pro
744 4906 909 4962 obitu
939 4905 1065 4973 filii,
1101 4921 1279 4978 quem
1309 4905 1361 4961 ei
1393 4909 1595 4961 natum
1625 4923 1799 4979 supra
1825 4906 2070 4963 diximus

442 4997 641 5064 fuisse,
674 4995 838 5067 gravi
878 4995 1118 5051 affectus
1177 5010 1448 5062 maerore,
1488 4994 1715 5068 nuptias
1757 4995 1888 5051 filim
1932 5013 2069 5064 suac,

445 5100 624 5158 quam
655 5082 780 5156 regi
811 5082 1102 5156 Hispania:
1137 5099 1244 5155 per
1264 5084 1485 5154 legatos
1508 5085 1643 5138 tunc
1663 5083 2069 5156 desponderat.

452 5174 516 5230 in
547 5175 843 5246 posterum
864 5171 1107 5228 distulit.
1128 5172 1512 5245 Quapropter,
1539 5171 1721 5227 missis
1741 5173 2071 5247 veredariis,

441 5264 708 5335 legatum
730 5261 830 5335 qui
849 5262 910 5317 in
940 5261 1275 5333 Hispaniam
1303 5260 1741 5333 regrediebatur
1763 5263 2068 5330 revocavit,

444 5350 641 5407 dicens
670 5348 752 5406 ei:
792 5374 820 5403 «
856 5351 1035 5406 Luctu
1058 5367 1161 5422 pro
1188 5353 1376 5405 morte
1407 5350 1506 5404 ﬁlii
1540 5352 2071 5424 gravatus,nuptias

444 5440 739 5511 intempus
793 5440 951 5513 quod
988 5438 1263 5496 constitui
1294 5438 1589 5494 celebrare
1628 5456 1874 5512 nequeo.
1910 5462 1937 5491 ››
1974 5442 2071 5497 Vc-

455 5547 613 5598 rum,
642 5530 837 5602 legato
886 5528 1215 5597 insistente,
1246 5527 1426 5583 voluit
1458 5544 1527 5583 eo
1568 5527 1817 5599 dirigere
1865 5529 2067 5587 filiam:

446 5636 626 5694 quam
657 5636 725 5678 ex
753 5619 1056 5678 Audovera
1088 5617 1424 5692 susceperat
1444 5618 1680 5690 Deoque
1701 5615 1760 5673 in
1780 5622 2071 5678 monaste-

2169 4464 2491 4520 Conversus
2520 4463 2791 4519 sacerdos
2822 4468 2879 4518 et
2901 4463 3099 4518 videns
3126 4476 3260 4519 enm
3290 4482 3304 4520 :
3337 4489 3365 4517 ‹‹
3399 4467 3473 4521 Ut
3502 4463 3758 4538 quid,ait,

2168 4570 2264 4608 me
2294 4569 2427 4607 cum
2451 4553 2559 4607 hac
2586 4552 2956 4624 prosequeris
2987 4552 3270 4607 dolabra?
3303 4576 3330 4602 ››
3358 4555 3520 4609 Tunc
3541 4553 3763 4624 illc,ejus

2170 4642 2501 4713 provolutus
2513 4640 3014 4713 pedibus,veniam
3030 4641 3448 4713 petiit,dicens:
3471 4667 3497 4693 ‹‹
3519 4643 3761 4712 lndnlge,

2170 4732 2343 4785 Pater
2374 4732 2591 4796 sancte,
2633 4745 2733 4783 reo
2761 4729 2983 4784 facinus
3023 4730 3344 4785 confitenti.
3377 4732 3466 4786 Ab
3506 4729 3766 4786 archidia-

2168 4836 2317 4875 cono
2342 4835 2603 4890 namque
2630 4821 2693 4872 ut
2724 4818 2860 4873 talia
2888 4818 3163 4873 auderem
3190 4818 3493 4889 impulsus,
3542 4823 3628 4874 ter
3650 4818 3763 4889 jam

2170 4907 2404 4964 elevatis
2417 4907 2491 4962 ad
2516 4909 2570 4962 te
2585 4907 3025 4978 percutiendum
3043 4907 3530 4974 manibus,snbita
3545 4906 3767 4978 tegebar

2170 4996 2416 5069 caligine
2442 4995 2748 5067 validoque
2772 4996 3093 5067 arripiebar
3109 5000 3367 5051 tremore
3395 4997 3469 5051 At
3485 4996 3580 5051 ubi
3605 4996 3767 5065 depo-

2172 5102 2403 5142 sueram
2434 5102 2663 5151 manus,
2688 5084 2995 5139 confestim
3027 5087 3083 5138 et
3113 5083 3261 5139 visus
3291 5087 3348 5139 et
3379 5085 3544 5154 vigor
3559 5082 3769 5139 redibat

2176 5174 2467 5249 pristinus.
2504 5196 2531 5221 ››
2565 5173 2731 5238 Quod
2760 5173 2854 5227 ubi
2887 5173 3125 5227 antistes
3149 5172 3387 5239 audivit,
3420 5175 3540 5228 Deo
3570 5169 3769 5242 gratias

2173 5281 2353 5335 agens
2391 5262 2554 5317 illum
2607 5263 2729 5316 haec
2780 5264 2970 5315 tacere
3014 5261 3184 5332 jussit
3214 5278 3386 5331 seque
3433 5262 3507 5315 ad
3540 5261 3765 5315 domum

2169 5351 2645 5409 contulit.Verum
2662 5349 3096 5405 archidiaconus
3110 5348 3475 5421 perpendens
3489 5365 3593 5420 per
3603 5347 3767 5403 alium

2170 5459 2228 5497 se
2256 5458 2373 5496 non
2403 5456 2567 5513 posse
2601 5454 2809 5493 nocere
2837 5436 3129 5510 episcopo,
3147 5454 3252 5509 per
3281 5436 3531 5507 seipsum
3559 5437 3764 5490 calum-

2171 5530 2331 5586 niam
2361 5527 2549 5600 tingit,
2583 5542 2844 5581 asserens
2875 5542 2933 5580 se
2965 5525 3169 5580 vidisse
3216 5524 3518 5579 mulierem
3552 5541 3585 5578 a
3612 5521 3765 5577 cubi-

2185 5617 2312 5674 culo
2341 5613 2631 5691 pontificis
2656 5612 3077 5686 egredientem.
3110 5611 3429 5685 Statimque
3479 5627 3612 5666 cum
3644 5608 3758 5681 jam
