3940 6166
80 566 87 723 l

78 728 89 843 ἑ

314 422 406 481 729
1363 410 1709 468 HISTOIRIA
1734 405 2184 470 FRANCORUM.
2207 439 2281 452 —
2309 408 2436 466 LIB.
2476 410 2567 469 III.
3517 404 3625 466 730

314 541 448 598 dicto
477 538 694 596 clerico
724 538 980 608 irruens,
1013 537 1347 611 episcopum
1388 535 1588 593 vinciri
1628 536 1899 609 imperat.
1924 539 1981 601 Α
2007 536 2256 593 Veniens
2293 535 2558 605 Parisius,
2588 532 2937 592 ﬁscaliorum
2984 534 3200 590 multos
3227 551 3263 590 a
3290 532 3624 608 parentibus

310 630 579 700 Alligatur
619 630 883 702 pontifex
896 628 945 700 ej
956 646 1019 684 us
1044 628 1326 695 manibus,
1352 627 1422 682 de
1435 626 1593 697 cujus
1606 642 1755 697 saepe
1768 626 1909 681 bra-

311 719 436 774 chiis
464 720 702 773 vincula
749 718 1058 789 dejecerat,
1091 720 1260 788 atque
1304 716 1374 771 ab
1424 732 1492 770 eo
1546 714 1910 786 mancipatur

309 806 596 867 custodiae.
616 823 798 877 quem
816 805 1023 877 saepius
1034 820 1258 860 cmnoso
1277 804 1551 859 eduxerat
1569 804 1638 859 de
1655 819 1903 857 carcere.

306 898 525 952 Interea.
570 912 823 950 cernens
874 894 1175 965 episcopus
1212 893 1531 947 humanum
1564 891 1668 946 sibi
1710 891 1907 945 deesse

306 985 596 1051 auxilium,
630 984 898 1055 precibus
922 998 1095 1053 opem
1126 981 1395 1052 implorat
1425 980 1907 1050 divinam.ltaque

306 1073 568 1130 divinitus
599 1072 807 1127 solutis
836 1071 1091 1135 vinculis,
1116 1068 1559 1140 custodibusque
1575 1067 1795 1139 sopitis,
1825 1067 1911 1122 fu-

305 1162 456 1234 giens
480 1178 513 1216 e
568 1160 834 1216 custodia
857 1160 929 1215 ad
975 1174 1178 1229 regem
1226 1158 1452 1213 transiit
1477 1158 1901 1212 Guntrannum.

302 1252 550 1306 Tandem
578 1248 891 1305 adversarii
918 1248 1153 1303 inventa
1184 1247 1503 1314 occasione,
1534 1246 1660 1316 regi
1678 1245 1907 1316 Chilpe-

305 1339 774 1410 ricosuggerunt,
802 1336 959 1390 illum
979 1335 1335 1407 proditorem
1365 1334 1529 1405 regni
1544 1333 1905 1389 esse.Verum

305 1430 535 1501 populus
553 1442 664 1498 pro
692 1428 913 1497 pastore
932 1428 1186 1491 moestus,
1207 1423 1413 1478 direxit
1458 1423 1556 1495 qui
1574 1438 1777 1493 regem
1801 1437 1906 1492 pro

307 1515 628 1572 reducendo
663 1530 731 1568 eo
755 1516 1072 1570 exorarent.
1097 1512 1449 1583 Chilpericus
1477 1528 1617 1582 ergo
1658 1509 1816 1564 misit
1834 1510 1908 1564 ad

312 1604 563 1670 fratrem,
587 1606 654 1657 ut
673 1601 999 1673 pontiﬁcem
1029 1601 1104 1656 ad
1131 1618 1292 1656 suam
1324 1600 1648 1655 dimitteret
1678 1599 1906 1664 urbem,

314 1693 501 1747 dscens
525 1708 586 1746 se
618 1691 705 1745 nil
739 1689 964 1745 offensa:
992 1688 1053 1744 in
1076 1690 1199 1761 ipso
1228 1687 1910 1761 reperisse.Guntranuus

309 1784 489 1836 autem
518 1780 735 1834 multas
763 1777 1023 1850 episcopo
1059 1778 1315 1833 tribuens
1346 1775 1640 1849 pecunias,
1673 1774 1746 1827 ad
1772 1789 1908 1845 pro-

2007 629 2362 699 segregatos,
2390 641 2523 680 cum
2547 625 2668 681 ﬁlia
2695 624 2989 698 Hispanias
3011 626 3207 696 petere
3234 624 3287 680 vi
3311 627 3624 699 compelle-

2008 716 2126 771 bat.
2151 717 2192 770 E
2221 715 2424 787 quibus
2454 714 2631 786 aliqui
2659 714 2836 770 v'tam
2885 713 2992 769 sibi
3027 714 3217 786 liqueo
3236 718 3621 783 extorserunt,

2007 821 2080 860 ne
2110 822 2143 860 a
2172 803 2512 876 propinquis
2549 819 2841 875 quoquam
2870 802 3221 858 secederent.
3262 803 3416 861 Multi
3445 803 3625 860 etiam

2007 892 2282 949 violentia
2302 892 2435 946 illuc
2476 892 2560 946 ire
2588 891 2790 957 coacti,
2824 894 3173 947 testamenta
3227 892 3625 961 considerunt,

2009 982 2169 1054 quasi
2196 981 2254 1035 in
2285 980 2551 1051 proximo
2581 980 2698 1034 vita
2719 977 2974 1034 carituri.
2995 980 3036 1033 T
3041 980 3259 1052 alisque
3278 984 3416 1037 tunc
3443 983 3629 1036 luctus

2008 1069 2304 1125 Parisiacis
2322 1071 2447 1123 erat
2468 1066 2879 1139 incolis,qualis
2901 1069 3195 1138 quondam
3209 1070 3318 1125 fuit
3345 1070 3630 1142 Egyptiis

2008 1158 2374 1230 interemptis
2418 1156 2845 1229 primogenitis.
2899 1156 3168 1227 Elegatis
3209 1176 3348 1214 sane
3399 1158 3627 1215 Childe-

2008 1248 2159 1304 berti
2185 1249 2349 1319 (quos
2365 1247 2439 1301 ad
2469 1246 2856 1318 Chilpericum
2886 1245 3194 1315 direxerat,
3231 1248 3524 1303 obtestans
3552 1264 3628 1303 ne

2010 1336 2081 1391 de
2107 1336 2387 1390 thesauris
2411 1335 2729 1403 civitatum,
2763 1352 2906 1407 quas
2931 1335 3038 1389 sibi
3070 1337 3515 1408 prmripuerant,
3540 1338 3630 1392 vel

2010 1424 2082 1479 de
2113 1423 2436 1496 mancipiis,
2462 1419 2928 1496 quidquam‘ﬁliaa
2946 1423 3244 1494 tribueret)
3270 1440 3452 1479 unum
3480 1425 3630 1478 clam

2010 1512 2431 1585 interemptum
2460 1513 2630 1567 fuisse
2659 1513 2915 1567 fuerunt.
2944 1511 3199 1584 Suscipio
3216 1515 3342 1567 erat
3358 1511 3635 1583 Chilperi-

2011 1619 2145 1657 cum
2178 1601 2298 1672 ejus
2322 1601 2475 1656 necis
2495 1601 2667 1656 fuisse
2705 1604 3022 1657 auctorem.
3060 1601 3167 1666 Qui
3197 1605 3398 1657 tamen
3418 1617 3521 1674 per
3540 1617 3632 1655 re-

2011 1689 2198 1761 liquos
2222 1690 2426 1760 nepoti
2456 1689 2763 1756 mandans,
2779 1689 2930 1744 nilse
2951 1706 3017 1745 ex
3038 1690 3227 1745 vetitis
3247 1692 3635 1761 praesumptu-

2012 1794 2170 1845 rum,
2198 1779 2377 1833 multa
2412 1794 2480 1833 ex
2506 1794 2608 1833 suo
2662 1777 2793 1832 ﬁliae
2844 1778 3083 1850 largitus
3136 1781 3242 1833 est.
3306 1777 3638 1843 Quinetiam

314 1869 427 1941 pria
454 1885 590 1924 eum
643 1866 881 1933 remisit,
909 1866 1053 1922 datis
1081 1867 1152 1922 ad
1180 1865 1461 1921 antistites
1476 1862 1643 1935 regni
1668 1860 1754 1916 sui
1786 1860 1907 1932 epi-
1940 1870 1992 1929 Β
2013 1866 2219 1938 regina
2263 1869 2427 1923 tanta
2474 1866 2534 1922 in
2586 1884 2747 1934 auro,
2773 1870 3016 1938 argento
3048 1867 3331 1939 variisque
3388 1866 3640 1925 vestibus

311 1958 476 2024 stolis,
505 1961 570 2011 ut
598 1956 763 2011 illum
796 1955 1122 2010 muneribus
1146 1956 1528 2011 honorarent.
1559 1951 1666 2015 Qui
1688 1949 1799 2004 iter
1818 1949 1908 2004 fa-

311 2046 454 2101 ciens
471 2048 636 2100 tanta
666 2061 701 2099 a
722 2043 978 2099 ﬁdelibus
1003 2043 1254 2116 suscepit
1276 2056 1544 2109 munera,
1575 2041 1795 2112 quanta
1816 2039 1907 2092 vix

313 2133 513 2190 civitati
543 2132 764 2189 inferre
794 2150 904 2188 sua:
930 2132 1124 2205 quivit.

897 2239 1115 2294 CAPUT
1161 2238 1291 2293 LIV.

310 2328 384 2383 De
414 2327 642 2401 (Ζίριαηί
660 2327 771 2401 [itii
802 2326 1086 2401 Chzlperici
1110 2334 1258 2395 ortu,
1285 2329 1460 2401 portis
1496 2327 1765 2384 Massiliae
1803 2343 1911 2401 per

441 2399 805 2455 MummOIum
819 2400 1173 2467 restitutione,
1195 2404 1245 2454 et
1263 2399 1566 2470 Ultilperz’ce’
1593 2405 1759 2456 metu.

378 2490 438 2543 ln
462 2489 569 2543 illis
597 2487 800 2543 diebus
839 2487 1153 2558 Chilperico
1186 2487 1377 2543 denuo
1412 2490 1579 2543 natus
1618 2492 1705 2542 est
1731 2487 1908 2556 ﬁlius,

314 2576 534 2632 nomine
565 2575 1235 2648 Clotarius.Quapropter
1256 2575 1552 2631 universos
1569 2592 1828 2631 carceres
1847 2575 1909 2631 in

314 2682 485 2737 regno
513 2681 614 2720 suo
643 2664 991 2735 Chilpericus
1012 2663 1222 2736 aperiri
1248 2664 1433 2735 jussit,
1462 2666 1522 2718 et
1549 2664 1910 2719 diversorum

313 2768 438 2808 reos
483 2752 797 2807 criminum
829 2752 1054 2808 absolvi.
1098 2753 1309 2807 Terum
1342 2752 1498 2807 idem
1524 2769 1624 2807 rex
1661 2752 1913 2807 Parisius

307 2842 521 2915 urbem,
554 2845 760 2897 contra
788 2843 1016 2913 pactum
1047 2841 1204 2913 quod
1233 2857 1365 2895 cum
1398 2840 1632 2896 Francis
1678 2840 1911 2909 inierat,

312 2934 401 2993 (ne
429 2930 632 2985 scilicet
640 2930 775 3001 jure
794 2929 1145 2984 dominantis
1157 2946 1285 2984 eam
1306 2929 1619 3002 aliquando
1639 2929 1914 3000 ingrede-

314 3019 489 3091 retur)
516 3020 802 3075 violenter
836 3017 1086 3073 intravit.
1116 3018 1200 3074 Ob
1225 3035 1402 3089 quam
1422 3035 1547 3074 rem
1576 3018 1913 3090 portionem

2012 1955 2265 2027 protulit
2294 1972 2541 2015 munera
2570 1958 2634 2010 ut
2658 1972 2759 2011 rex
2802 1955 3158 2012 existimaret
3186 1972 3246 2011 se
3276 1955 3517 2028 inepem
3548 1971 3641 2010 re-

2011 2043 2219 2115 linqui.
2247 2044 2503 2100 Cernens
2542 2045 2643 2100 illa
2663 2044 2884 2101 turbari
2911 2048 3150 2117 propter
3168 2045 3278 2099 hoc
3306 2060 3532 2115 regem,
3564 2042 3642 2098 ad

2011 2130 2455 2190 circumstantes
2485 2135 2755 2201 Francos,
2799 2134 2880 2190 ita
2907 2138 2970 2188 ut
2998 2131 3352 2205 Chilpericus
3387 2132 3636 2201 audiret,

2012 2220 2091 2276 sic
2121 2222 2317 2277 locuta
2343 2224 2428 2277 est
2456 2238 2469 2277 :
2504 2244 2533 2273 ‹‹
2569 2222 2782 2290 Nullus,
2820 2221 3031 2294 inquit,
3075 2223 3338 2276 nostrum
3378 2222 3644 2277 autumet

2011 2309 2137 2365 haec
2167 2310 2454 2382 regalium
2487 2327 2608 2366 esse
2640 2314 2991 2366 ornamenta
3019 2311 3447 2367 thesaurorum.
3479 2311 3643 2377 Quae-

2017 2398 2154 2454 dam
2180 2398 2340 2454 enim
2366 2399 2484 2471 ipse
2499 2399 2766 2472 princeps
2786 2398 2934 2454 mihi
2955 2398 3106 2454 dotis
3125 2398 3361 2455 nomine
3378 2400 3644 2470 contulit,

2018 2488 2292 2559 quaedam
2340 2486 2606 2561 pr0prius
2644 2487 2811 2544 labor
2868 2486 3187 2558 acquisivit,
3218 2488 3411 2562 aliqua
3460 2492 3647 2547 vestra

2015 2575 2421 2632 muniﬁcentia
2469 2576 2689 2635 tribuit.
2723 2597 2751 2626 »
2786 2578 2907 2631 Hac
2934 2577 3321 2636 satisfactione
3361 2583 3646 2653 suscepta,

2015 2663 2243 2719 intento
2274 2665 2429 2737 regis
2472 2665 2705 2736 quievit.
2731 2667 3092 2723 Francorum
3119 2685 3347 2742 quoque
3361 2669 3650 2744 primores

2014 2752 2196 2808 ﬁliam
2218 2754 2373 2827 regis
2403 2753 2737 2810 (larissimis
2763 2755 3026 2812 ditavere
3052 2758 3237 2814 donis.
3269 2760 3453 2817 Tanta
3484 2759 3649 2817 deni-

2017 2858 2128 2913 que
2160 2842 2570 2897 thesaurorum
2612 2843 2722 2898 t‘uit
2765 2842 2961 2915 copia,
2997 2849 3058 2902 ut
3108 2864 3203 2904 sex
3258 2849 3515 2922 plaustra
3560 2849 3652 2905 his

2017 2931 2261 2985 onerata
2289 2946 2418 2985 eam
2444 2932 2863 3002 praecederent.
2898 2932 3036 2996 Quae.
3060 2935 3395 3008 digrediens
3412 2939 3484 2994 ab
3507 2938 3651 2994 urbe

2018 3017 2397 3087 Parisiorum,
2451 3021 2583 3091 post
2626 3021 2821 3075 oscula
2878 3024 2937 3076 et
2983 3023 3268 3095 lacrymas
3315 3031 3649 3100 parentum,

315 3107 560 3177 ejusdem
586 3107 854 3175 civitatis,
882 3124 1009 3178 qua:
1051 3124 1187 3162 eum
1216 3108 1559 3179 contingere
1589 3106 1914 3173 videbatur,
1941 3122 1988 3186 ο
2021 3108 2161 3162 dum
2187 3123 2358 3163 curru
2384 3109 2712 3176 veheretur,
2742 3109 2801 3164 in
2833 3109 2948 3181 ipss
2972 3124 3155 3183 portae
3186 3114 3389 3171 limine
3414 3116 3648 3172 eﬁ‘racto

306 3194 451 3265 juste
473 3195 681 3251 amisit.
713 3195 1053 3251 Mummolus
1073 3198 1299 3265 partem
1330 3195 1742 3267 Massilim,quae
1769 3194 1919 3249 Gun-

311 3286 573 3339 trannum
604 3301 672 3340 ac
703 3283 1132 3340 Childebertum
1167 3285 1599 3356 competebat,a
1628 3301 1688 3339 se
1719 3300 1917 3355 perva-

307 3388 428 3427 sam
454 3373 721 3429 reddidit.
740 3372 1108 3444 Chilpericus,
1126 3376 1391 3427 metuens
1408 3373 1819 3428 Guntrannum
1856 3375 1917 3427 et

309 3459 732 3517 Childebertum
752 3464 956 3516 contra
975 3478 1033 3516 se
1051 3460 1428 3534 conspirasse,
1454 3461 1609 3534 apud
1640 3460 1913 3516 Camara-

309 3564 437 3603 cum
461 3552 757 3606 thesauros
812 3566 1099 3622 omneque
1144 3550 1516 3617 defensionis,
1560 3567 1677 3605 sua;
1719 3549 1911 3621 praesi-

310 3634 460 3693 dium
486 3639 865 3705 constituens,
904 3638 1216 3693 exercitum
1249 3654 1401 3710 saepe
1426 3639 1722 3705 movebat,
1757 3640 1816 3692 et
1847 3654 1912 3692 ac

313 3724 354 3777 si
378 3726 447 3781 ad
473 3727 737 3798 praelium
768 3742 1195 3799 progressurus,
1228 3727 1288 3781 in
1340 3726 1733 3805 papilionibus
1778 3725 1912 3781 resi-

315 3813 443 3870 dere
465 3816 732 3873 faciebat.

908 3922 1133 3977 CAPUT
1172 3922 1277 3980 LV.

321 4009 397 4064 De
421 4010 733 4068 Innocentio
764 4011 1149 4067 But/cenarum
1199 4015 1249 4066 et
1306 4010 1559 4082 Sulpicio
1591 4010 1914 4082 Biturigum

383 4084 669 4227 ἷρὶεοέῗιςη
683 4082 857 4155 deque
880 4096 1127 4137 rosarum
1136 4081 1582 4153 praematuritate
1613 4087 1664 4137 et
1691 4081 1913 4137 arbori-

422 4170 475 4209 κε
584 4170 717 4210 ens.
873 4190 891 4207 .

422 4170 475 4209 κε
503 4170 717 4210 01167⁸18.

385 4259 684 4317 Theodosio
716 4261 1122 4316 Ruthenorum
1147 4258 1413 4331 episcopo
1438 4260 1912 4325 defuncto,Inno-

330 4350 999 4406 eentiusGavalitanorum
1020 4364 1356 4420 comes,per
1382 4349 1680 4404 decretum
1695 4348 1911 4402 Brune-
1939 4346 1962 4420 _'

2020 3196 2190 3250 unius
2223 3213 2328 3252 axe
2367 3198 2534 3264 rotae,
2567 3198 2653 3253 ad
2673 3200 2892 3253 terram
2925 3199 3160 3254 corruit.
3198 3202 3301 3258 Cui
3346 3220 3477 3259 cum
3523 3205 3649 3276 plu-

2019 3284 2157 3339 rimi
2190 3286 2409 3341 malam
2447 3289 2722 3359 Optarent
2747 3287 2980 3353 horam,
3014 3290 3262 3361 populus
3290 3292 3401 3347 hoc
3428 3309 3534 3365 pro
3550 3310 3650 3349 au-

2020 3373 2197 3444 spicio
2244 3375 2515 3447 suscepit.
2549 3377 2698 3431 Dum
2726 3379 2926 3432 octavo
2951 3375 3203 3449 denique
3234 3379 3306 3435 ab
3357 3381 3497 3437 urbe
3527 3382 3656 3437 mil-

2017 3461 2184 3518 liario
2218 3463 2474 3519 tentoria
2519 3463 2795 3532 ﬁxissent,
2837 3463 3264 3537 quinquaginta
3314 3468 3442 3537 viri,
3472 3470 3653 3542 raptis

2014 3553 2254 3606 centum
2285 3552 2448 3625 equis
2479 3568 2610 3608 cum
2643 3569 2845 3609 eorum
2873 3553 3062 3608 aureis
3098 3554 3374 3625 phaleris,
3407 3558 3480 3612 ad
3499 3558 3650 3613 Chil-

1956 3696 1959 3697 ν
2015 3640 2326 3696 debertum
2370 3657 2571 3713 regem
2623 3658 2683 3695 se
2732 3643 3128 3697 contulerunt.
3164 3643 3328 3700 Unde
3382 3648 3650 3702 metuens

2015 3728 2395 3802 Chilpericus,
2429 3746 2504 3785 ne
2537 3729 2744 3801 aliqute
2792 3729 3019 3787 insidiae
3058 3736 3408 3803 pararentur
3453 3734 3587 3790 ﬁliae
3617 3750 3652 3789 a

2015 3820 2232 3889 nepote
2256 3833 2358 3871 suo
2392 3819 2480 3873 vel
2545 3818 2745 3885 fratre,
2773 3822 3022 3890 quatuor
3050 3820 3232 3877 millia
3289 3825 3648 3878 armatorum

2014 3904 2138 3976 ejus
2160 3904 2456 3977 deputavit
2477 3904 2729 3971 tuitioni,
2751 3904 2958 3977 quibus
2977 3906 3135 3962 Bobo
3158 3912 3216 3962 et
3245 3909 3444 3964 Waldo
3478 3909 3650 3964 duces

2014 3996 2328 4065 praeerant.
2365 3992 2651 4066 Praecepit
2678 3992 2855 4048 etiam
2887 3995 2951 4047 ut
2983 3993 3054 4047 de
3084 3995 3416 4052 substantiis
3441 4012 3652 4069 paupe-

2014 4098 2151 4137 rum
2190 4081 2519 4137 necessaria
2549 4081 2630 4137 eis
2669 4081 2727 4136 in
2759 4081 2965 4136 itinere
3021 4083 3601 4140 subministrarentur
3633 4101 3647 4141 :

2017 4186 2090 4225 ne
2126 4170 2249 4226 ﬁsci
2285 4170 2549 4225 redditus
2602 4169 2795 4240 aliquo
2841 4169 3019 4224 modo
3068 4170 3493 4227 minuerentur.
3535 4172 3649 4229 Hac

2018 4257 2198 4329 igitur
2229 4275 2363 4314 cum
2392 4274 2630 4331 pompa,
2660 4274 2907 4330 cumque
2934 4256 3232 4331 utriusque
3257 4276 3420 4315 sexus
3448 4260 3646 4316 multi-

2016 4346 2196 4401 moda
2226 4344 2786 4416 familia,llispanias
2814 4344 3318 4418 petiitChilperici
3335 4348 3487 4421 regis
3506 4348 3645 4405 ﬁlia.

334 4435 506 4491 childis
532 4439 769 4509 reginae,
807 4435 1097 4503 successit,
1142 4417 1408 4507 Remigio
1440 4452 1670 4508 quoque
1703 4435 1909 4490 Bituri-
1937 4417 1989 4476 D
2016 4434 2058 4489 li
2089 4452 2224 4491 vero
2251 4435 2350 4507 qui
2381 4451 2513 4490 eam
2546 4417 2932 4504 deducebant,
2958 4417 3164 4491 cuncta
3192 4453 3300 4509 per
3324 4417 3453 4511 qua:
3482 4437 3644 4495 ibant

337 4535 452 4590 gum
509 4526 747 4597 praesule
804 4523 1144 4578 decedente.
1178 4511 1461 4595 Sulpicius
1498 4540 1531 4577 a
1571 4523 1910 4579 Guntranno

339 4624 452 4681 rege
471 4615 824 4670 substituitur
854 4629 866 4667 :
895 4613 1123 4667 dicente
1153 4613 1394 4683 praefato
1427 4612 1687 4683 principe
1717 4613 1912 4667 multis

338 4698 655 4775 episcopatus
674 4702 1188 4773 competitoribus:
1225 4724 1251 4750 «
1284 4702 1406 4755 Non
1439 4704 1544 4764 est,
1576 4701 1783 4773 inquit,
1814 4719 1912 4757 no-

338 4789 443 4843 stra:
484 4791 832 4847 consuetudo
879 4789 1341 4844 mansuetudinis
1398 4788 1665 4844 ecclesias
1704 4788 1910 4843 Christi

338 4876 490 4941 pretio
520 4881 788 4944 vendere,
848 4895 922 4932 ne
953 4894 1061 4932 nos
1090 4877 1471 4932 damnatione
1502 4876 1685 4950 digni,
1719 4881 1776 4931 et
1812 4893 1910 4932 vos

338 4960 466 5036 Mago
494 4967 710 5025 Simoni
733 4968 954 5022 similes
1002 4965 1169 5021 videa
1198 4966 1399 5020 mini.»
1442 4967 1509 5020 Et
1530 4967 1637 5021 hoc
1673 4964 1908 5037 quidem

340 5065 415 5106 rex
435 5054 658 5127 dignum
694 5056 986 5112 memoria
1028 5054 1266 5127 protulit
1317 5055 1577 5109 verbum.
1607 5055 1722 5109 Hoc
1755 5070 1909 5110 anno

337 5153 449 5197 rosae
474 5145 599 5201 visae
629 5149 763 5201 sunt
812 5160 1013 5201 mense
1064 5142 1366 5209 Januario;
1409 5147 1466 5197 et
1493 5142 1749 5209 arbores,
1782 5158 1919 5213 quin

336 5242 498 5286 mense
544 5234 688 5290 Julio
747 5234 969 5289 fructus
1013 5230 1396 5303 protulerant,
1437 5232 1649 5286 iterum
1710 5246 1909 5286 mense

339 5314 616 5390 Septembri
639 5323 782 5379 alios
804 5322 1191 5394 protulerunt.

861 5410 1085 5465 CAPUT
1119 5410 1246 5466 LVI.

332 5493 397 5550 De
416 5495 539 5569 ﬁlim
570 5500 885 5572 C’lzilperz'ci
912 5515 1064 5570 reges
1088 5515 1193 5571 per
1221 5499 1440 5570 legatos
1468 5496 1904 5569 desponsatione.

388 5586 437 5640 ln
457 5589 606 5659 cujus
626 5588 1148 5655 mensisKalcndis,
1171 5586 1525 5660 Chilpericus
1547 5585 1725 5640 filiam
1745 5602 1909 5640 suam

333 5670 677 5746 Hispanorum
712 5677 836 5748 regi
873 5677 978 5732 hoc
1003 5675 1208 5732 ordine
1234 5692 1339 5747 per
1368 5676 1588 5746 legatos
1619 5672 1903 5746 desponit.

2016 4525 2239 4579 vastata
2270 4522 2633 4595 linquebant.

2661 4631 2890 4686 CAPUT
2927 4631 3082 4686 LVII.

2012 4720 2097 4777 De
2125 4718 2511 4791 Fredegundzs
2531 4723 2653 4773 astu
2675 4724 2725 4773 et
2753 4717 3050 4791 illecebris,
3077 4722 3127 4774 et
3157 4717 3470 4791 Citilperice'
3493 4720 3647 4777 obitu

2086 4806 2153 4846 ac
2179 4789 2446 4845 moribus.
2474 4790 2662 4860 Deque
2697 4789 3119 4845 Aurelianorum
3148 4789 3647 4849 cum’Bleeensibus

2085 4863 2148 4914 in
2181 4860 2464 4917 Dunenses
2496 4861 2848 4931 expeditione.

2085 4968 2221 5021 Erat
2253 4970 2450 5021 autem
2482 4967 2726 5039 praefata
2761 4965 3358 5038 Fredegundisforma
3388 4968 3644 5043 egregia,

2012 5054 2251 5112 consilio
2281 5055 2507 5122 callida,
2541 5055 2686 5110 dolis
2713 5055 2976 5126 (excepta
3003 5056 3401 5128 Brunechilde)
3442 5076 3647 5131 parem

2031 5143 2244 5199 nescia.
2279 5143 2415 5209 Quae
2447 5143 2675 5199 addicto
2704 5144 2776 5199 ad
2807 5161 2936 5200 suas
2982 5144 3250 5202 libidines
3303 5147 3643 5220 Chilperico,

2026 5233 2108 5287 ita
2123 5235 2385 5288 mentem
2416 5233 2537 5303 ejus
2568 5233 2880 5303 cupiditate
2911 5234 2995 5289 sui
3027 5236 3462 5290 obstruxeratut
3478 5236 3645 5291 femi-

2035 5338 2176 5376 neas
2206 5322 2437 5376 vincme
2465 5337 2580 5375 non
2627 5323 2943 5394 praevalens
2991 5324 3309 5390 aviditates,
3340 5325 3503 5395 quasi
3539 5326 3647 5383 vile

2025 5410 2381 5483 mancipium
2432 5410 2754 5465 insolenlim
2773 5410 3041 5467 muliebri
3060 5412 3645 5483 obsequeretur.Dum

2017 5497 2198 5569 igitur
2230 5498 2495 5570 impenso
2515 5514 2641 5552 eam
2685 5498 2947 5570 diligeret
2999 5515 3221 5567 amore,
3269 5500 3643 5571 quadamdie,

2027 5589 2297 5641 venatum
2326 5586 2706 5660 profecturus,
2725 5604 2756 5641 e
2785 5587 3017 5658 regiain
3035 5587 3324 5643 stabulum
3347 5581 3644 5643 descendit

2016 5693 2325 5750 equorum.
2369 5675 2587 5748 Regina
2618 5692 2751 5733 vero
2790 5674 3085 5733 aestimans
3113 5692 3313 5748 regem
3339 5676 3469 5748 jam
3498 5690 3600 5748 pro
