3940 6166
462 382 565 442 ’131

1567 384 1832 444 ΑῙΜΟῙΝΙ
1858 383 2082 443 ΜΟΝᾹ(

2204 384 2703 447 FLORIACENSIS
3632 403 3722 458 132

475 508 829 582 gressum,in
852 507 1113 567 interiori
1129 509 1388 568 cubiculo
1404 515 1576 586 caput
1604 512 1904 585 proprium
1922 509 2083 585 aquis
2105 512 2161 574 Α
2194 511 2337 567 duos
2356 510 2533 568 libros
2561 512 2776 568 imitari
2790 512 3083 570 Sedulium
3107 514 3314 571 volens.
3343 516 3403 571 In
3429 517 3613 590 quibus
3625 522 3727 592 plu-

469 599 714 671 parabat
729 599 1110 655 abluere.Rex
1139 617 1276 673 ergo
1298 602 1509 657 iterum
1532 602 1590 656 in
1617 602 1839 673 regiam
1864 619 2087 673 regres-

470 704 585 754 sus,
618 687 948 743 cubiculum
986 692 1115 763 post
1143 690 1302 745 illam
1334 690 1586 760 intravit,
1619 695 1677 746 et
1702 708 1853 757 eam,
1896 695 1957 745 ut
1991 691 2083 761 ja-

469 777 655 844 c'ebat,
687 792 859 848 super
876 793 1177 833 scamnum
1195 780 1476 836 acclinem
1504 782 1706 836 baculo
1729 780 1789 835 in
1808 778 2086 852 posterio-

470 865 632 921 ribus
659 865 871 921 ludens
914 869 1211 938 percussit.
1245 870 1346 923 Illa
1371 873 1679 923 autumans
1706 869 2083 924 Landericum

474 955 584 1010 hoc
609 954 808 1009 fecisse
834 955 957 1027 (qui
983 971 1177 1012 comes
1205 960 1338 1013 tunc
1393 961 1452 1012 et
1485 958 1675 1029 major
1716 959 1921 1014 domus
1961 960 2086 1013 erat

471 1042 647 1113 regia:
661 1046 1149 1116 consueveratque
1167 1062 1299 1101 cum
1310 1045 1516 1117 regina
1530 1046 1709 1117 stupri
1724 1047 1938 1102 habere
1953 1062 2086 1102 con-

472 1130 887 1199 suetudinem),
921 1132 1001 1187 ait
1032 1149 1093 1187 :«
1125 1134 1196 1187 Ut
1215 1132 1373 1206 quid,
1403 1134 1877 1203 Lauderice,talia
1893 1135 2083 1189 facere

470 1219 774 1289 praesumis
794 1218 806 1272 l
836 1241 864 1268 ››
883 1219 1037 1275 Illico
1059 1237 1179 1288 rex,
1212 1238 1276 1276 ac
1295 1221 1340 1275 si
1358 1239 1561 1277 amens
1585 1222 1940 1290 efl‘ectus,ubi
1962 1224 2084 1278 haec

471 1306 707 1374 audivit,
735 1307 794 1362 in
824 1308 1214 1379 suspicionem
1242 1310 1539 1378 deductus,
1572 1310 1971 1384 indignatione
1995 1311 2081 1367 ni-

471 1394 590 1449 mia
612 1395 813 1450 furens
834 1395 1129 1468 animique
1158 1396 1363 1469 impos,
1400 1399 1621 1467 exsiliit,
1645 1399 1874 1471 fugiens
1904 1400 2083 1472 turpis

471 1484 815 1554 corruptela;
846 1485 1135 1557 contagia.
1166 1487 1278 1542 Nec
1307 1489 1598 1543 furentem
1620 1490 1882 1561 capiebat
1929 1492 2078 1545 aula.

472 1573 669 1643 itaque
695 1572 969 1637 silvarum
989 1579 1210 1630 secreta
1228 1576 1412 1649 petiit,
1436 1582 1499 1632 ut
1518 1579 2084 1634 venatibusintentus

469 1661 695 1714 tantam
740 1661 935 1716 animo
967 1668 1306 1735 conceptam
1346 1666 1554 1721 leniret
1578 1667 1956 1723 iracundiam.
1984 1669 2086 1723 Co-

470 1764 754 1819 gnoscens
775 1766 908 1805 vero
924 1752 1126 1824 regina
1153 1770 1269 1809 non
1291 1772 1455 1826 aequo
1477 1756 1672 1811 animo
1693 1773 1891 1829 regem
1912 1758 2086 1812 verba

2187 600 2324 655 rimi
2354 617 2547 656 versus
2576 618 2779 657 scazon
2810 606 2993 670 erant,
3031 605 3226 658 breves
3254 620 3469 677 quoque
3517 609 3727 678 syllabas

2186 706 2292 760 pro
2331 689 2536 761 longis,
2586 692 2902 763 longasque
2942 708 3044 762 pro
3080 691 3335 747 brevibus
3372 694 3728 751 continebant.

2187 777 2446 849 Cumque
2488 782 2546 833 ct
2565 779 2676 833 alia
2706 781 2995 851 opuscula,
3024 782 3107 834 vel
3138 781 3380 852 hymnos
3408 780 3513 837 sive
3564 784 3733 839 missas

2185 870 2589 939 componeret,
2619 885 2747 939 quae
2780 868 2933 922 nulla
2963 870 3230 939 poterant
3280 869 3493 924 ratione
3536 872 3730 942 suscipi,

2185 970 2312 1010 cum
2347 955 2478 1027 ipsis
2505 955 2678 1010 etiam
2696 956 3007 1011 memorati
3022 956 3277 1028 superius
3291 957 3414 1011 libri
3432 974 3463 1011 a
3490 960 3737 1015 memoria

2184 1043 2383 1097 aboliti
2400 1048 2533 1099 sunt
2556 1045 2879 1100 hominum.
2910 1045 3117 1099 Causas
3134 1061 3446 1117 pauperum
3466 1062 3570 1100 non
3600 1046 3736 1102 facile

2183 1132 2258 1185 ad
2294 1149 2354 1186 se
2390 1132 2618 1204 ingredi
2673 1133 2919 1201 sinebat,
2970 1133 3241 1188 Ecclesias
3292 1149 3388 1188 seu
3437 1135 3741 1190 monasteria
3792 1164 3803 1171 ι

2181 1219 2373 1275 hostili
2392 1221 2524 1276 odio
2543 1221 2926 1277 insectabatur
2949 1238 2962 1276 :
2993 1222 3138 1277 adeo
3161 1224 3224 1276 ut
3249 1222 3571 1294 plerumque
3591 1222 3640 1276 iu
3656 1239 3740 1293 pa-

2182 1308 2323 1364 latio
2354 1309 2611 1365 residens
2628 1311 2945 1366 astantibus
2961 1310 3065 1365 sibi
3085 1309 3331 1365 diceret:
3359 1331 3386 1360 «
3414 1310 3743 1378 Ecce,divitia°.

2183 1401 2398 1453 nostra;
2429 1400 2502 1454 ad
2528 1399 2793 1454 ecclesias
2816 1398 3170 1454 transierunt
3190 1398 3328 1463 ;soli
3348 1414 3495 1452 nunc
3528 1398 3745 1470 episcopi

2182 1491 2453 1559 regnant,
2471 1488 2604 1542 solis
2615 1488 2697 1543 eis
2722 1488 2978 1542 defertur
2993 1488 3203 1542 honor.
3225 1505 3255 1537 s
3270 1486 3591 1542 Sacerdotes
3600 1487 3748 1541 etiam

2184 1576 2419 1631 Domini
2446 1576 2553 1630 sibi
2580 1577 2639 1630 in
2665 1576 2921 1631 fabulam
2943 1578 3194 1630 verterat
3218 1576 3276 1630 et
3304 1575 3363 1628 in
3389 1575 3739 1647 proverbium.

2186 1664 2335 1728 Quid
2359 1668 2552 1719 autem
2577 1666 2743 1737 plura
2776 1665 2845 1720 de
2863 1665 2910 1735 ej
2923 1681 2984 1719 us
3009 1664 3201 1735 parvis
3220 1679 3576 1718 recensemus
3601 1661 3749 1717 mori-

2186 1753 2293 1807 bus
2320 1753 2348 1807 ?
2378 1754 2609 1807 Nullum
2642 1752 2893 1824 denique
2924 1768 3183 1824 unquam
3232 1752 3482 1824 perfecte
3503 1751 3698 1816 dilexit,
3725 1766 3753 1804 a

471 1835 667 1892 tuliSse
695 1855 817 1905 sua,
849 1842 910 1893 et
934 1840 1255 1912 periculum
1308 1860 1423 1898 suae
1477 1844 1784 1900 imminere
1816 1846 2004 1914 saluti,
2039 1845 2085 1900 si
2112 1829 2164 1888 Β
2186 1843 2345 1896 nullo
2377 1842 2618 1895 dilectus
2647 1844 2751 1897 est.
2789 1842 2903 1896 Hoc
2936 1841 3111 1896 modo
3129 1840 3305 1913 periit
3327 1838 3754 1902 invisussuis,nec

470 1942 606 1980 eum
630 1928 996 1999 opperiretur
1024 1934 1352 2000 venturum,
1386 1934 1658 1989 timorem
1690 1934 1887 2006 abjicit
1913 1936 2083 1990 femi-

470 2030 767 2087 neamque
782 2017 1087 2073 audaciam
1101 2021 1414 2076 assunit.Et
1436 2022 1672 2078 mittens
1691 2023 1906 2079 vocarit
1913 2023 2085 2094 jussit

471 2101 872 2173 Laudericum,
905 2108 997 2161 cui
1040 2110 1098 2163 et
1126 2109 1303 2179 dixit;
1333 2133 1361 2161 «
1394 2112 1503 2167 Res
1554 2112 1753 2184 capitis
1795 2114 1899 2180 tui,
1936 2113 2081 2167 Lan-

470 2190 841 2259 deric‘e,nunc
856 2195 1079 2267 agitur;
1099 2200 1338 2271 plusque
1364 2199 1469 2254 tibi
1503 2200 1574 2255 de
1595 2202 1887 2272 sepultura
1907 2216 2083 2273 quam

471 2279 542 2334 de
573 2281 804 2349 lectulo,
826 2283 935 2337 nisi
950 2300 1136 2353 caves,
1152 2287 1212 2340 iu
1230 2287 1493 2358 proximo
1525 2288 1897 2361 cogitandum
1916 2290 2078 2343 erit.»

469 2367 842 2440 Narravitque
872 2370 923 2425 ei
954 2375 1158 2428 cuncta
1183 2390 1311 2445 qua:
1343 2375 1494 2431 dicta
1524 2393 1623 2431 seu
1639 2380 1800 2448 gesta
1826 2378 2076 2432 fuerant.

472 2454 692 2518 Quibus
719 2457 949 2529 agnitis,
982 2460 1328 2517 Laudericus
1342 2467 1611 2536 reputare
1642 2481 1833 2520 secum
1866 2467 2081 2522 scelera

468 2559 572 2598 sua
596 2544 717 2615 ipse
748 2546 919 2617 coepit
947 2552 1003 2603 et
1061 2551 1426 2607 conscientiae
1485 2553 1727 2609 stimulis
1778 2556 2074 2626 exagitari.

470 2631 701 2687 Nullum
743 2634 893 2707 fugte
925 2639 1137 2705 locum,
1172 2656 1279 2694 nec
1314 2641 1595 2696 evadendi
1625 2643 1939 2698 subsidium
1969 2644 2077 2698 sibi

469 2719 736 2776 relictum
759 2723 1268 2792 ;circumventum,
1298 2729 1452 2784 velut
1471 2730 1814 2801 quibusdam
1838 2732 2075 2799 retibus,

470 2809 529 2863 et
552 2813 782 2882 captum
810 2814 1283 2889 teueri.Denique
1300 2817 1681 2889 ingemiscens
1695 2819 1892 2875 altius:
1915 2844 1943 2870 «
1961 2822 2076 2887 Vae,

469 2896 678 2969 inquit,
704 2900 835 2969 dici,
858 2918 971 2974 quo
993 2904 1050 2959 in
1071 2908 1292 2961 tantam
1308 2908 1496 2963 cordis
1510 2909 1960 2965 amaritudinem
1981 2910 2081 2965 de-

468 2986 636 3041 veni!
667 2989 992 3048 Discrucior
1042 2995 1219 3050 miser
1263 2997 1482 3063 animo,
1517 3001 1575 3052 et
1600 2999 1737 3071 quid
1764 3016 1934 3071 agam
1993 3000 2080 3053 vel

2185 1929 2450 1984 amabilis
2481 1931 2787 1985 extraneis.

2256 2019 2536 2074 Defuncto
2569 2018 2910 2091 Chilperico,
2945 2018 3388 2074 Aurelianenses
3413 2016 3588 2089 juncti
3623 2016 3755 2070 Bele-

2183 2108 2440 2162 sensibus
2471 2108 2903 2181 expeditionem
2926 2123 3096 2178 super
3114 2108 3416 2162 Dunenses
3435 2108 3758 2177 agentes,eos

2183 2196 2483 2267 inopinate
2514 2199 2923 2268 oppresserunt
2953 2213 2966 2264 ;
3008 2212 3099 2251 res
3126 2212 3334 2252 eorum
3372 2194 3602 2249 mobiles
3617 2192 3751 2247 aufe-

2184 2288 2384 2340 rentes
2414 2285 2741 2339 immobiles
2773 2285 2905 2357 igne
2932 2288 3281 2339 cremantes.
3332 2283 3443 2339 Sed
3491 2282 3567 2337 eis
3591 2280 3657 2341 ad
3679 2296 3762 2334 sua

2182 2374 2584 2441 reduentibus,
2619 2373 2913 2427 Carnotini
2945 2389 3077 2428 cum
3123 2373 3489 2428 Dunensibus
3536 2367 3761 2426 foederati

2181 2462 2427 2517 similem
2458 2478 2562 2535 per
2581 2461 2780 2516 omnia
2814 2461 3393 2517 ultionisinﬂixerunt
3412 2461 3652 2533 plagam,
3681 2472 3765 2528 par

2180 2551 2304 2622 pari
2330 2551 2664 2605 referentes.
2700 2550 2769 2605 Et
2798 2566 2931 2605 cum
2956 2551 3016 2604 in
3061 2551 3253 2621 majus
3280 2550 3370 2605 ira
3392 2549 3763 2620 augmentum-

2180 2653 2293 2706 tur,
2309 2638 2823 2694 intervenientibus
2838 2639 3132 2712 utriusque
3159 2638 3342 2711 partis
3364 2636 3657 2693 comitibus
3675 2649 3764 2705 pax

2179 2723 2331 2783 facta
2359 2732 2464 2785 est.

2824 2836 3049 2892 CAPUT
3075 2834 3256 2891 LVIII.

2181 2925 2265 2981 De
2293 2923 2670 2997 Fredegundis
2701 2929 2753 2982 ει
2782 2927 3256 3069 ιὴεεῗτινᾳτίονανπ
3293 2922 3606 2997 Chilperici
3650 2935 3767 2993 pro-

2925 3013 3098 3069 ωριτε.

468 3090 582 3173 quo
603 3091 696 3173 me
711 3080 934 3134 vertam
951 3080 1226 3152 ignoro.»
1246 3083 1344 3138 Cui
1364 3084 1755 3156 Fredegundis
1779 3103 1792 3140 :
1818 3088 2081 3141 «Auscul-
2112 3113 2160 3173 ρ
2251 3087 2476 3140 Interea
2496 3086 2887 3157 Fredegundis
2919 3085 3120 3157 regina
3164 3086 3380 3141 marito
3434 3084 3670 3173 viduata,
3706 3078 3765 3173 ad

469 3165 548 3229 ta,
578 3162 678 3232 ait,
708 3167 903 3235 paucis
929 3186 943 3236 ;
977 3172 1035 3224 et
1053 3171 1193 3242 quid
1208 3187 1315 3243 ego
1349 3176 1405 3227 te
1435 3173 1624 3229 facere
1654 3175 1920 3242 velim,et
1943 3175 2083 3247 quid

470 3251 637 3307 nobis
679 3255 1049 3326 profuturum
1096 3259 1186 3327 sit,
1238 3261 1397 3315 scies.
1458 3263 1798 3319 Revertente
1842 3276 1979 3336 rege
2010 3265 2081 3319 de

468 3342 800 3412 venatione,
833 3349 896 3400 ut
914 3347 966 3400 ei
989 3363 1115 3402 mos
1140 3353 1245 3416 est,
1272 3351 1375 3406 sub
1397 3352 1640 3408 obscura
1656 3356 1845 3421 nocte,
1870 3354 2083 3408 immit-

472 3430 1501 3510 tanturhomir‘idm,quipraemiorum
1519 3442 1930 3513 pollicitatione
1950 3458 2083 3497 con-

471 3518 766 3589 temptum
827 3528 1121 3581 sumentes
1150 3527 1516 3596 vitm,lethali
1573 3546 1704 3585 eum
1750 3530 2083 3602 perfodiant

468 3608 723 3666 vulnere.
755 3610 877 3674 Quo
906 3611 1078 3681 facto,
1105 3631 1208 3672 nos
1247 3618 1431 3672 securi
1457 3636 1491 3673 a
1538 3618 1741 3675 mortis
1798 3620 2076 3690 periculo,

468 3715 597 3754 cum
623 3698 741 3756 ﬁlio
753 3701 1125 3769 regnabimus
1145 3706 1490 3763 t‘hlotario.»
1508 3708 1725 3764 Laudat
1738 3709 2082 3765 Laudericus

471 3787 797 3856 consilium,
827 3792 885 3844 et
902 3795 1289 3849 revertentem
1312 3795 1382 3850 de
1413 3796 1551 3851 silva
1580 3797 2083 3868 Chilpericum,his

472 3876 568 3948 qui
602 3892 735 3932 cum
779 3893 847 3933 eo
873 3886 1150 3937 venerant
1190 3884 1302 3939 alio
1357 3884 1612 3952 intentis,
1645 3885 2083 3941 circumstantes

472 3966 570 4039 qui
611 3966 769 4022 missi
796 3967 1028 4024 fuerant
1052 3976 1340 4044 praecepto
1380 3973 1756 4041 satisfaciunt,
1783 3977 1954 4045 atque
1982 3975 2082 4030 de-

470 4055 759 4110 silientem
777 4073 926 4128 equo
943 4061 1107 4132 oppri
1116 4064 1301 4128 munt,
1320 4063 1637 4116 clamantes
1653 4084 1682 4112 α
1699 4062 2080 4133 insidiatores,

470 4161 505 4199 a
535 4144 901 4201 Childeberto
947 4164 1083 4219 rege
1130 4150 1423 4204 Austrasio
1476 4150 1743 4217 directos,
1777 4152 2081 4208 dominum

472 4248 639 4287 suam
688 4233 1047 4289 interemisse
1061 4240 1118 4290 et
1141 4250 1200 4290 se
1227 4236 1284 4291 in
1312 4238 1488 4310 pedes
1516 4240 1853 4311 quantocius
1881 4241 2081 4297 silvam

473 4338 664 4376 versus
694 4323 936 4378 dedisse.
972 4340 1000 4373 η
1034 4324 1159 4389 Quo
1185 4326 1400 4394 audito,
1434 4327 1530 4400 qui
1561 4328 1823 4397 aderant,
1840 4332 2085 4401 arreptis

473 4411 654 4483 equis,
688 4428 831 4483 quos
860 4426 976 4467 non
1008 4414 1517 4489 videbautinsequi
1534 4419 1723 4473 conati
1754 4422 1905 4473 sunt.
1932 4419 2085 4484 Quos
2112 4392 2161 4452 D

468 4516 604 4555 cum
626 4499 869 4556 minime
900 4502 1269 4570 invenissent,
1304 4506 1377 4560 ad
1408 4500 1642 4579 propria
1673 4512 1807 4562 sunt
1849 4509 2079 4564 reversi.

469 4588 804 4643 Madalulfus
831 4588 1266 4645 Silvanectensis
1290 4593 1587 4668 episCOpus
1613 4594 1733 4669 (qui
1756 4597 1882 4668 jam
1914 4598 2085 4651 tertia

473 4678 566 4734 die
596 4677 655 4733 in
692 4678 942 4733 tentorio
991 4680 1278 4735 residebat
1305 4686 1363 4737 et
1380 4684 1504 4755 regi
1536 4684 1776 4741 minime
1835 4687 2084 4758 colloqui

474 4770 703 4839 poterat
746 4770 983 4838 propter
1031 4768 1243 4823 fastum
1298 4774 1601 4843 superbiae,
1635 4793 1751 4847 qua
1781 4774 1937 4829 idem
1984 4791 2083 4830 rex

472 4856 751 4927 tumebat)
785 4859 847 4909 ut
875 4873 1007 4911 eum
1026 4857 1391 4916 interfectum
1406 4863 1950 4933 cognovit,advenit.
1974 4865 2086 4918 Al)-

474 4946 708 5014 latoque
758 4945 881 5017 ejus
907 4960 1148 5018 corpore
1178 4950 1236 5002 et
1263 4955 1416 5006 veste
1444 4952 1669 5007 meliori
1700 4952 2079 5020 circumdato,

476 5033 605 5087 navi
634 5032 924 5106 imposuit,
953 5040 1011 5090 et
1041 5054 1074 5091 a
1104 5037 1324 5093 Calensi
1345 5040 1493 5108 villa,
1531 5041 1625 5095 ubi
1648 5041 1768 5094 haec
1800 5043 1929 5094 acta
1958 5040 2083 5095 fue-

474 5124 626 5189 rant,
661 5120 904 5179 Parisius
924 5125 1232 5194 deducens,
1258 5128 1313 5182 in
1342 5129 1573 5183 basilica
1599 5128 1780 5183 sancti
1800 5128 2085 5184 Vincentii

370 5292 371 5295 ‘
475 5212 748 5283 sepelivit.
778 5214 904 5268 Fuit
929 5230 1060 5270 vero
1085 5215 1436 5287 Chilpericus
1466 5217 1615 5287 gulae
1647 5216 1895 5284 deditus,
1927 5217 2087 5288 cujus

2181 3174 2476 3229 basilicam
2507 3174 2806 3229 Parisiacae
2832 3174 2987 3230 urbis
3013 3175 3072 3229 in
3105 3175 3334 3230 honore
3366 3175 3576 3229 sancta:
3604 3167 3765 3225 Maria:

2184 3263 2455 3331 dicatam,
2479 3279 2610 3318 cum
2638 3264 2918 3318 thesauris
2937 3276 3081 3335 quos
3095 3278 3291 3317 secum
3314 3264 3564 3318 habebat
3580 3276 3637 3315 se
3655 3272 3769 3314 con-

2182 3351 2449 3419 ferens,'a
2478 3352 2856 3424 Raguemodo
2873 3351 3178 3423 suscipitur
3194 3352 3490 3423 episcopo.
3509 3350 3643 3404 Nam
3666 3346 3772 3400 the-

2182 3441 2421 3495 saurarii
2438 3440 2736 3512 Chilperici
2764 3440 3084 3511 regis,cum
3114 3440 3405 3495 thesauris
3426 3438 3578 3510 apud
3594 3436 3768 3492 Calam

2182 3532 2370 3585 vicum
2390 3529 2633 3601 repertis
2661 3544 2906 3600 cumque
2935 3528 3205 3583 missorio
3241 3544 3423 3584 aureo
3449 3542 3617 3600 quem
3642 3524 3771 3578 idem

2182 3637 2281 3676 rex
2313 3617 2540 3691 magnis
2568 3617 2879 3672 fabricarat
2905 3616 3209 3690 impensis,
3241 3618 3321 3672 ad
3373 3615 3772 3671 Childebertum

2183 3726 2384 3781 regem
2401 3723 2460 3763 se
2478 3707 2864 3761 contulerunt.
2882 3706 3293 3761 Porro'eadem
3308 3705 3515 3777 regina
3532 3697 3772 3776 prudenti

2186 3797 2421 3854 consilio
2440 3813 2559 3864 usa,
2588 3795 2661 3850 ad
2677 3795 3079 3849 Guntrannum
3101 3810 3305 3863 regem
3339 3796 3556 3865 legatos
3569 3788 3771 3852 direxit,

2187 3887 2472 3943 mandans
2504 3903 2564 3942 se
2594 3902 2722 3940 cum
2779 3885 2919 3952 filio,
2952 3901 3125 3957 quem
3156 3901 3224 3940 ex
3258 3883 3582 3958 Chilperico
3612 3881 3764 3935 fratre

2188 3978 2361 4052 ipsius
2405 3978 2751 4045 susceperat,
2786 3973 2843 4027 in
2870 3973 3199 4028 clientelam
3229 3973 3314 4028 illi
3345 3974 3491 4028 velle
3538 3969 3764 4030 tradere,

2185 4068 2572 4130 Guntrannus,
2593 4064 2663 4118 de
2685 4063 2876 4117 fratris
2901 4062 3140 4117 interitu
3161 4061 3311 4116 veris
3330 4060 3559 4116 indiciis
3587 4056 3773 4141 certior

2186 4157 2385 4221 factus,
2408 4152 2652 4208 Parisius
2680 4168 2908 4206 summo
2940 4150 3128 4205 studio
3160 4150 3490 4205 contendit.
3544 4142 3773 4203 Occurrit

2187 4249 2383 4299 autem
2419 4242 2470 4297 ei
2500 4240 2894 4311 Fredegundis
2912 4242 2969 4294 et
2994 4254 3126 4293 eum
3158 4239 3315 4293 intra
3345 4232 3771 4303 urbemreccpit.

2186 4336 2318 4389 Post
2372 4346 2543 4403 quem
2576 4328 2971 4384 Childebertus
2992 4326 3324 4394 adveniens,
3372 4327 3512 4382 dum
3532 4344 3563 4380 a
3588 4323 3774 4379 civibus

2186 4422 2474 4493 ingressus
2501 4418 2551 4473 ei
2580 4418 3011 4490 prohiberetur,
3044 4416 3117 4470 ad
3154 4420 3433 4496 patruum
3466 4414 3656 4475 mittit,
3684 4427 3773 4483 po-

2185 4512 2413 4565 scensut
2436 4511 2670 4579 pactum
2691 4506 2846 4578 quod
2903 4504 3400 4579 duduminierant
3424 4503 3635 4580 rectius
3685 4500 3768 4553 tir-

2187 4601 2393 4653 maret.
2419 4597 2629 4651 Verum
2676 4596 3032 4648 memoratus
3069 4586 3340 4664 princeps
3370 4593 3525 4665 ipsos
3554 4588 3770 4663 quidem

2185 4690 2406 4759 legatos
2430 4684 2705 4758 perfidiae,
2728 4683 3045 4755 redarguit,
3069 4681 3223 4753 quod
3238 4696 3448 4736 eorum
3471 4679 3775 4752 parviscon-

2186 4777 2322 4832 siliis
2342 4774 2616 4840 amicitia,
2641 4772 2779 4827 olim
2815 4787 2947 4825 cum
2983 4773 3196 4843 nepote
3246 4770 3478 4841 juncta,
3511 4765 3776 4836 dirempta

2185 4866 2357 4932 foret;
2385 4880 2445 4919 se
2474 4879 2609 4917 vero
2634 4877 2760 4915 cum
2791 4861 2875 4915 eis
2900 4860 3084 4915 fmdus
3114 4875 3227 4914 non
3252 4859 3545 4913 facturum
3564 4868 3776 4926 respon—

2189 4956 2292 5011 dit.
2319 4954 2415 5008 His
2446 4951 2847 5006 Childehertus
2877 4948 2981 5003 sibi
3011 4947 3526 5015 nuntiatis,iterum
3557 4941 3775 4999 manda-

2188 5045 2267 5098 vit
2293 5047 2355 5098 ut
2381 5057 2439 5096 se
2470 5040 2541 5095 de
2565 5055 2747 5109 regno
2776 5034 3114 5099 Chariberti,
3155 5035 3309 5108 quod
3323 5036 3431 5090 sibi
3463 5033 3776 5091 debebatur,

2190 5132 2530 5187 removeret.
2564 5126 2879 5198 Respondit
2933 5126 3027 5180 ille
3058 5123 3213 5179 «sibi
3245 5124 3434 5195 magis
3463 5120 3674 5185 deberi,
3693 5114 3775 5189 qui

2193 5222 2377 5275 frater
2409 5216 2662 5273 defuncti
2692 5218 2837 5282 erat,
2864 5231 2969 5269 nec
3018 5229 3076 5268 se
3110 5213 3222 5267 ullo
3271 5212 3448 5267 modo
3481 5212 3776 5265 fraternam

2189 5308 2594 5365 hazreditatem
2620 5304 2785 5358 alteri
2803 5317 3117 5358 cessurum.
3154 5322 3181 5349 ››
3206 5302 3452 5355 Rursum
3478 5299 3618 5354 alios
3651 5308 3778 5350 nun-

2193 5398 2299 5453 tios
2337 5396 2575 5451 mittens
2605 5392 3003 5447 Childebertus
3027 5391 3275 5462 rogabat
3310 5393 3372 5443 ul.
3402 5381 3777 5464 Fredegundis

2193 5485 2298 5541 sibi
2331 5485 2403 5539 ad
2433 5482 2710 5555 supplicia
2741 5480 3086 5547 traderetur,
3112 5492 3238 5551 quae
3270 5480 3495 5550 patrem
3529 5489 3656 5528 cum
3685 5485 3774 5542 pa-

2195 5579 2323 5629 truo
2354 5571 2609 5644 maligno
2660 5568 2995 5642 peremisset
3019 5567 3274 5640 ingenio.
3332 5561 3646 5636 Respondit
3694 5557 3776 5611 ille

2186 5686 2214 5713 ‹‹
2255 5662 2311 5718 in
2345 5661 2609 5736 proximo
2641 5658 2915 5729 placitum
2946 5672 3076 5713 cum
3102 5659 3312 5729 nepote
3341 5668 3401 5708 se
3431 5649 3773 5735 habiturum,

475 5300 623 5355 Deus
650 5308 851 5359 venter
880 5308 1022 5359 erat.
1056 5308 1118 5359 In
1141 5305 1299 5374 cujus
1320 5309 1583 5375 tempore
1605 5306 1770 5376 pauci
1803 5305 1991 5360 clerici
2014 5306 2089 5361 ad

384 5421 403 5438 ς
475 5389 866 5464 episc0patum
898 5395 1033 5447 sunt
1063 5391 1336 5465 promoti,
1358 5392 1478 5464 ipso
1500 5394 1802 5466 neophytis
1824 5392 2090 5449 ecclesias

472 5482 873 5536 contradeutc.
903 5484 1026 5552 Ipse
1059 5496 1311 5552 namque
1342 5497 1546 5537 omnes
1571 5484 1657 5539 sui
1688 5483 1967 5556 temporis
1999 5500 2089 5538 sa-

474 5568 698 5643 pientes
723 5570 960 5627 scientia
989 5587 1046 5625 se
1079 5569 1299 5625 anteire
1351 5571 1703 5641 existimans,
1758 5572 2082 5647 composuit
