3940 6166
106 1964 121 2127 ξ

104 2130 117 2235 ι

298 386 397 447 733
1347 387 1669 448 HISTORIA
1703 390 2149 453 FRANCORUM.
2198 426 2270 440 —
2310 398 2439 457 Lm.
2466 400 2558 456 ιη.
3507 394 3616 455 734

292 512 472 586 ibique
504 512 580 569 de
608 509 701 568 his
747 513 808 569 et
835 511 1116 569 similibus
1144 514 1543 572 tractaturum.
1582 536 1610 565 ››
1673 516 1894 589 anque
1919 523 1974 584 Α
2000 519 2131 578 ideo
2165 521 2238 578 ad
2287 521 2496 594 ipsum,
2530 522 2692 594 cujus
2722 537 2899 594 nepos
2930 524 3076 591 erat,
3112 522 3417 579 delatus-nt
3444 519 3517 577 ab
3545 534 3616 576 eo

294 601 340 655 ei
362 618 394 654 a
420 616 538 672 quo
561 598 769 655 directi
805 600 1038 656 fuerant
1084 601 1321 657 remisit.
1383 602 1611 659 Occulte
1643 621 1895 677 namque

294 687 653 758 Fredegundi
687 688 993 744 videbatur
1023 690 1383 758 patrocinari.
1419 691 1602 755 Quam
1625 693 1762 748 dum
1791 711 1896 749 saa-

298 776 410 849 pius
442 776 517 830 ad
548 776 881 831 convivium
920 782 1197 845 evocaret,
1233 796 1344 833 una
1374 780 1598 836 dierum
1630 798 1661 835 e
1695 782 1887 838 medio

293 865 528 937 prandio
556 865 768 937 regina
796 862 1035 937 ‘surgens
1060 884 1093 921 a
1122 884 1255 939 rege
1281 868 1648 933 invitabatur,
1684 875 1747 926 ut
1795 871 1895 927 ali-

294 952 420 1025 quid
449 953 565 1008 cibi
596 954 788 1009 adhuc
817 957 1087 1009 sumeret.
1119 954 1231 1010 Sed
1261 956 1355 1012 illa
1384 958 1550 1028 juxta
1594 964 1899 1015 consuetu-

295 1041 483 1096 dinem
508 1041 824 1096 mulierum
845 1042 950 1097 sibi
991 1042 1264 1099 accidisse
1289 1045 1514 1101 dicente
1543 1049 1606 1101 ut
1639 1065 1744 1119 pro
1769 1065 1903 1104 con-

296 1133 453 1199 ceptu
482 1133 773 1201 surgeret,
802 1147 896 1185 rex
943 1131 1257 1187 admiratus
1289 1137 1391 1202 est,
1420 1134 1604 1190 sciens
1636 1136 1898 1192 nondum

297 1220 559 1289 quartum
606 1218 947 1289 praeteriisse
978 1236 1261 1288 mensem,
1295 1238 1407 1294 quo
1443 1221 1691 1279 alterum
1724 1241 1899 1297 pepe-

297 1309 461 1364 rorat.

935 1433 979 1486 A
1229 1474 1243 1488 ι
1276 1478 1287 1489 .

298 1517 374 1573 De
401 1516 662 1594 Clotafii
684 1518 799 1594 ﬁlii
822 1432 1125 1592 σήξίρῖνᾟί
1150 1434 1560 1594 principes
1588 1525 1901 1594 inaugura-

549 1589 721 1662 (ἱδρύει
750 1589 1066 1650 Guntranni
1085 1589 1377 1664 plausibili
1397 1589 1758 1667 alipopulmn
1770 1612 1901 1652 con-

422 1678 451 1714 ο
525 1704 539 1716 .

381 1768 670 1840 Principes
720 1785 855 1824 sane
907 1769 1226 1841 Chilperici,
1276 1790 1306 1826 e
1342 1772 1556 1845 quibus
1582 1773 1903 1828 Ansoaldus

311 1860 516 1933 primus
556 1838 706 1920 erat,
739 1838 1049 1928 acceptum
1073 1858 1259 1914 ﬁlium
1291 1838 1414 1933 ejus
1444 1861 1763 1916 Clotarium
1794 1877 1904 1932 per
1931 1838 1983 1898 Β

308 1950 546 2004 civitates
571 1945 868 2017 regniejus
887 1947 1412 2017 circumduxerunt,
1447 1953 1504 2004 et
1528 1954 1898 2006 sacramenta

306 2054 365 2092 ex
404 2034 640 2091 nomine
696 2033 869 2103 ipsius
921 2038 1090 2107 atque
1147 2037 1471 2092 Guntranni
1503 2043 1898 2108 susceperunt.

301 2126 660 2180 Guntrannus
702 2137 836 2176 vero
868 2122 1175 2191 universos,
1222 2142 1366 2196 quos
1412 2126 1769 2198 Chilpericus
1800 2126 1894 2181 in-

298 2213 437 2283 juste
466 2213 847 2283 oppresserat,
877 2213 1153 2280 relevans,
1186 2215 1446 2269 Ecclesiis
1459 2218 1810 2271 testamenta
1825 2217 1901 2271 ab

303 2317 364 2355 eo
379 2301 564 2355 ablata
584 2299 851 2355 restituit.
878 2301 992 2355 Red
1009 2306 1302 2372 suspectus
1326 2304 1537 2357 borum
1562 2304 1714 2359 inter
1755 2321 1904 2376 quos

304 2392 526 2444 venerat
543 2387 1132 2461 malitiam,nusquam
1147 2390 1253 2445 nisi
1266 2392 1445 2446 armis
1456 2393 1903 2464 custodibusque

311 2478 532 2531 vallatus
560 2476 1049 2548 progrediebatur.
1085 2480 1246 2534 Unde
1264 2481 1517 2551 quadam
1542 2480 1632 2535 die
1648 2481 1706 2534 in
1725 2481 1904 2535 eccle-

257 2622 280 2649 δ
314 2564 390 2618 sia
408 2566 549 2620 facto
572 2565 1306 2631 silentio,circumstantem
1335 2569 1531 2641 populi
1574 2569 1902 2624 multitudi-

316 2669 445 2707 nem
490 2654 593 2709 hac
640 2670 779 2709 voce
832 2655 1079 2725 rogavit:
1118 2678 1146 2706 «
1180 2656 1448 2724 Obsecro,
1476 2657 1762 2729 inquiens.
1805 2654 1935 2713 vos‘

314 2741 404 2811 qui
447 2741 647 2796 adestis
680 2742 905 2814 populi,
931 2746 991 2797 ut
1040 2744 1363 2799 ﬁrmiorem
1405 2762 1581 2818 quam
1627 2747 1906 2801 fratribus

312 2829 444 2883 meis
464 2833 592 2884 ante
621 2831 732 2885 hoc
761 2846 878 2885 non
906 2834 1186 2900 servastis,
1217 2834 1358 2889 mihi
1409 2834 1586 2889 fidem
1614 2835 1904 2890 custodia-

311 2916 393 2983 tis,
425 2923 700 2990 quatenus
728 2920 942 2974 valeam
974 2937 1104 2976 cum
1135 2921 1327 2993 quiete
1358 2927 1601 2993 nepotes
1631 2923 1891 2978 enutrirc

314 3022 481 3075 meos,
513 3025 723 3080 vosque
769 3024 899 3063 cum
932 3010 1155 3081 justitia
1174 3028 1374 3083 regere
1402 3028 1415 3066 :
1451 3028 1522 3066 ne
1548 3013 1696 3067 forte
1718 3011 1899 3085 (quod

313 3094 451 3149 Deus
486 3096 728 3170 avertat)
756 3113 849 3152 me
884 3102 1016 3154 ante
1047 3102 1275 3171 tempus
1306 3101 1555 3167 sublato,
1590 3104 1649 3155 et
1671 3100 1779 3171 ipsi
1806 3117 1900 3155 ca-
1935 3120 1985 3181 α

306 3187 463 3238 reant
479 3187 846 3252 nutritore,et
864 3202 960 3241 vos
979 3191 1264 3242 rectore.»
1296 3188 1554 3261 Cumque
1586 3190 1710 3257 eius
1731 3189 1905 3244 verba

304 3271 583 3328 admirans
604 3276 847 3347 populus
868 3276 1169 3332 laudasset.
1189 3278 1509 3333 Dominum
1530 3294 1636 3350 pro
1659 3278 1782 3349 ejus
1812 3293 1905 3332 ro-

305 3361 472 3431 gabat
492 3364 692 3419 salute.

310 3554 389 3611 De
431 3557 703 3631 Rigundis
742 3474 1151 3632 saeuiit}:
1174 3473 1327 3620 bilis
1363 3564 1484 3634 ejus
1529 3561 1907 3634 occupatione,

372 3665 507 3722 Dum
534 3668 653 3723 haec
685 3672 1016 3741 agerentur,
1068 3670 1347 3743 Rigundis
1399 3670 1705 3743 Chilperici
1757 3670 1909 3742 regis

308 3749 420 3808 ﬁlia
446 3754 633 3828 (quam
671 3758 746 3812 ad
796 3759 1088 3831 Hispanias
1124 3760 1354 3815 missam
1390 3761 1560 3815 fuisse
1611 3759 1908 3830 diximus),

306 3838 548 3897 Tolosam
580 3845 841 3911 veniens,
873 3863 1065 3901 moras
1094 3846 1313 3901 itineris
1342 3847 1418 3902 ibi
1446 3848 1744 3901 innectere
1792 3864 1902 3903 cce-

312 3928 406 3998 pit.
435 3930 555 3998 Sed,
596 3935 822 4005 perlato
847 3935 921 3988 ad
947 3950 1112 3988 aures
1145 3936 1421 3990 Desiderii
1459 3936 1617 3990 urbis
1639 3935 1800 3989 ducis
1828 3936 1898 3991 de

316 4020 482 4071 morte
515 4019 815 4092 Chilperiei
843 4021 1069 4089 nuntio,
1112 4026 1278 4094 capta
1309 4040 1373 4078 ac
1402 4022 1681 4078 thesauris
1712 4023 1900 4078 omni-

316 4100 413 4156 bus
443 4107 671 4177 spoliata
703 4109 761 4164 in
797 4110 1094 4164 basilicam
1131 4115 1341 4166 sanctae
1391 4111 1579 4166 Maria:
1616 4111 1900 4182 confugit.

318 4188 408 4244 Cui
433 4193 743 4251 Desiderius
770 4202 994 4253 arctum
1032 4200 1384 4255 constituens
1411 4200 1645 4267 victum,
1670 4199 1897 4254 thesau-

322 4293 433 4333 rum
467 4284 641 4355 sigillo
662 4288 976 4353 munitum,
1006 4289 1064 4342 in
1105 4291 1357 4359 quadam
1381 4290 1555 4344 domo
1581 4288 1906 4344 fortissimis

322 4363 527 4425 tradidit
555 4374 685 4429 viris
705 4377 1236 4444 custodiendum,et
1261 4378 1334 4433 ad
1356 4379 1505 4432 Mum
1517 4378 1735 4432 molum
1758 4378 1904 4433 Ave-

330 4451 475 4512 Ilione
501 4462 849 4520 residentem
879 4465 1121 4520 transiit.

923 4591 1147 4645 CAPUT
1178 4591 1303 4649 LXI.

334 4664 404 4753 De
429 4671 675 4753 Theodori
700 4679 1101 4753 Massiliensis,
1140 4682 1241 4752 qui
1256 4680 1703 4753 pseudo/mtrem
1735 4680 1901 4737 Gun-

386 4745 556 4802 tralmi
583 4751 875 4819 extulerat,
912 4751 1121 4817 multa;
1142 4745 1193 4807 ῐιι
1220 4745 1287 4807 (Ie
1306 4745 1593 4823 prodigiis
1610 4752 1728 4823 ejus
1745 4754 1905 4808 armi.

395 4851 525 4910 .‘iova
556 4856 768 4911 iterum
799 4860 1005 4912 contra
1031 4857 1397 4912 Theodorum
1424 4856 1679 4913 Massiliae
1716 4858 1907 4928 ponti-

334 4938 467 4996 ficem
487 4944 672 5016 jurgia
691 4950 827 4999 sunt
847 4949 999 5011 orta,
1023 4962 1092 4999 eo
1108 4947 1262 5017 quod
1283 4947 1685 5001 Gundoaldum
1711 4964 1909 5017 quem-

334 5025 460 5098 dum,
484 5034 573 5104 qui
622 5051 681 5088 se
739 5034 984 5088 fratrem
1041 5034 1360 5088 Guntranni
1404 5035 1544 5090 falso
1595 5036 1904 5091 asserebat.

332 5121 647 5193 suscepisset.
680 5124 762 5177 De
790 5121 953 5192 cujus
989 5121 1211 5193 origine
1236 5139 1416 5193 pauca
1437 5124 1715 5195 disserere
1748 5123 1905 5191 libet,

332 5203 405 5259 llic
430 5209 663 5283 denique
694 5211 1089 5279 Gundoaldus,
1124 5210 1183 5264 in
1211 5211 1382 5266 Galiis
1412 5215 1582 5266 natus
1630 5228 1908 5284 moreque

330 5307 514 5367 regum,
546 5318 578 5353 a
609 5303 797 5355 matre
828 5318 932 5354 sua
961 5300 1249 5354 enutritus
1284 5301 1382 5363 (uti
1426 5301 1777 5355 consuetudo
1809 5316 1911 5356 an-

334 5381 469 5455 liquis
499 5389 746 5444 Francia:
792 5388 901 5443 fuit
930 5390 1210 5459 regibus),
1248 5405 1475 5444 comam
1523 5389 1725 5459 capitis
1780 5405 1910 5460 pro-

2003 610 2375 668 educaretur.
2406 612 2593 677 Quem
2616 611 3246 685 Cbildebertus,expers
3265 607 3620 676 ﬂliorum,ad

2000 701 2370 756 educandum
2383 700 3029 773 suscepit,poscentique
3043 700 3293 756 Clotario
3306 698 3621 755 videndum

2000 789 2345 845 transmisit.
2377 790 2474 845 Ille
2503 789 2742 844 intuitus
2792 806 2923 844 eum
2950 789 3125 844 incidi
3184 789 3306 860 ejus
3346 785 3624 859 praecepit

2000 878 2260 951 capillos,
2295 880 2450 933 hunc
2472 895 2642 933 suum
2669 895 2886 950 negans
2908 878 3094 933 ﬁlium
3125 876 3317 932 fuisse.
3354 878 3489 932 Post
3519 874 3623 929 ob-

2000 968 2149 1022 itum
2179 984 2410 1039 quoque
2442 966 2733 1039 ejus,dum
2765 985 2798 1022 a
2824 967 3172 1022 Chereberto
3196 966 3318 1037 ejus
3342 963 3462 1019 ﬁlio
3494 964 3620 1018 loco

1999 1057 2193 1112 fratris
2225 1058 2538 1124 aleretur,a
2554 1056 2856 1128 Sigeberto
2879 1059 3169 1121 evocatus,
3197 1054 3410 1109 iterum
3431 1050 3624 1107 incisis

2001 1145 2257 1201 crinibus
2287 1144 2542 1200 Coloniae
2562 1144 2622 1199 in
2651 1143 2971 1199 custodiam
2984 1142 3256 1197 truditur.
3294 1140 3457 1195 Unde
3482 1139 3623 1211 fuga

2002 1235 2248 1306 elapsus,
2279 1232 2772 1288 succrescentibus
2817 1231 3033 1302 capillis
3073 1229 3332 1302 primum
3370 1228 3445 1283 ad
3481 1228 3622 1282 Nar-

2002 1326 2185 1379 setem
2200 1322 2427 1377 Italiam
2446 1325 2581 1377 tunc
2598 1321 3053 1393 gubernantem.
3068 1318 3324 1391 indeque
3350 1316 3424 1372 ad
3438 1316 3621 1388 impe‘

2001 1416 2259 1467 ratorem
2287 1411 2595 1477 transiens,
2623 1408 3113 1464 familiarissimus
3142 1407 3196 1462 ei
3218 1405 3485 1461 efﬁcitur.
3515 1404 3619 1459 La-

2003 1516 2104 1571 pso
2131 1516 2270 1555 sane
2321 1499 2488 1571 pauci
2550 1497 2832 1569 temporis
2883 1497 3206 1563 intervallo,
3257 1495 3627 1549 Guntrannus

2005 1590 2171 1654 Boso,
2204 1588 2363 1658 cujus
2401 1604 2574 1660 supra
2616 1585 3018 1652 meminimus,
3047 1585 3122 1640 ad
3153 1584 3481 1654 sepulcrum
3512 1581 3623 1635 Do-

2002 1676 2149 1730 mini
2180 1675 2460 1730 orationis
2478 1674 2665 1746 gratia
2686 1690 3031 1744 properans,
3060 1688 3195 1728 eum
3225 1668 3630 1727 Constantino-

2004 1766 2122 1837 poli
2153 1763 2447 1835 reperit.A
2474 1779 2613 1834 quo,
2638 1766 2701 1817 ut
2724 1762 2847 1833 ipse
2873 1763 3004 1833 post
3020 1757 3631 1827 asseruit,sollicitatus

2005 1852 2079 1908 ad
2107 1852 2314 1907 Gallias
2342 1852 2537 1916 rediit,
2571 1855 2683 1906 eta
2723 1850 3028 1905 Theodoro
3061 1849 3331 1921 episcopo
3372 1844 3631 1902 Massilia;

2004 1940 2545 2012 exceptus,sumptis
2565 1940 2636 1994 ab
2663 1956 2731 1994 eo
2766 1937 2928 2010 equis
2985 1938 3059 1992 ad
3087 1935 3475 1992 Mummolum
3524 1933 3631 1988 du-

2004 2045 2157 2095 cem,
2191 2028 2348 2100 quia
2375 2028 2671 2082 Guntrano
2701 2044 2839 2097 rege
2898 2024 3218 2081 desciscens
3271 2021 3633 2076 Avenionem

2004 2117 2365 2188 confugerat,
2386 2133 2446 2171 se
2474 2116 2720 2171 confert.
2752 2114 2919 2179 Quod
2951 2114 3328 2169 Guntrannus
3360 2112 3510 2165 Boso
3534 2124 3633 2181 ag-

2006 2221 2271 2271 noscens,
2296 2204 2419 2275 ejus
2447 2222 2506 2259 se
2545 2206 2687 2259 velle
2716 2203 3028 2259 conatibus
3061 2199 3352 2256 contraire
3390 2197 3632 2254 assimu-

2004 2301 2152 2360 lans,
2182 2293 2549 2348 Theodorum
2580 2294 2917 2365 episcopum
2949 2292 3010 2346 in
3067 2288 3388 2345 custodiam
3442 2286 3637 2359 posuit

2008 2396 2259 2452 arguens
2285 2397 2419 2435 eum
2446 2380 2845 2436 insidiatorem
2873 2378 3044 2451 regni
3070 2393 3272 2433 ausum
3308 2376 3484 2432 fuisse
3512 2392 3634 2430 sus-

2008 2468 2220 2541 cipere.
2256 2469 2370 2525 Sed
2398 2469 2670 2542 pontifice
2714 2470 2818 2524 sub
2850 2468 3014 2524 duris
3067 2466 3397 2523 custodibus
3440 2465 3636 2521 Domi-

2007 2573 2149 2613 num
2203 2561 2501 2624 exorante,
2532 2560 2625 2613 lux
2656 2559 2953 2614 immensa
2979 2560 3162 2614 totam
3193 2556 3384 2613 subito
3415 2555 3473 2610 in
3525 2571 3640 2627 qua

2009 2646 2443 2702 custodiebatur
2473 2647 2716 2719 replevit
2754 2647 3057 2716 cellulam,
3082 2646 3161 2703 ita
3183 2650 3245 2703 ut
3275 2646 3385 2702 dux
3418 2660 3641 2701 memo-

2007 2738 2168 2789 ratus
2195 2733 2379 2790 nimio
2410 2735 2765 2805 arriperetur
2794 2735 3036 2791 timore.
3067 2737 3278 2792 Ductus
3305 2740 3504 2792 tamen
3534 2751 3639 2790 an-

2009 2823 2169 2878 tistes
2185 2824 2259 2878 ad
2290 2825 2698 2879 Guntrannum
2726 2840 2956 2895 regem,
2981 2843 3111 2881 cum
3137 2827 3465 2899 Epiphanio
3494 2824 3640 2881 anti-

2009 2912 2159 2979 stite,
2185 2912 2284 2983 qui
2312 2930 2377 2968 ex
2409 2912 2572 2967 Italia
2600 2905 3394 2986 Massiliam‘demigraverat,
3421 2915 3637 2970 iterum

2009 2999 2381 3072 mancipatur
2406 3000 2700 3055 custodite.
2733 3004 2793 3055 ln
2827 3017 2945 3072 qua
2987 3002 3228 3075 quidem
3283 3003 3637 3077 Epiphanius

2009 3089 2176 3155 obiit,
2204 3089 2542 3145 Theodorus
2561 3088 2978 3145 veroinnoxius
2998 3096 3262 3163 repertus
3305 3093 3379 3147 ad
3410 3108 3514 3147 sua
3548 3108 3636 3146 re-

2010 3177 2135 3231 diit.
2169 3177 2317 3231 Nam
2356 3176 2594 3250 prolatis
2619 3176 2823 3232 litteris
2849 3193 2914 3231 ex
2931 3179 3169 3233 nomine
3195 3179 3457 3235 fidelium
3482 3178 3635 3235 Chil-

2009 3265 2469 3337 deberti,quibus
2490 3266 2833 3338 inscriptum
2861 3269 2985 3321 erat
3016 3270 3078 3321 ut
3105 3267 3515 3324 Gundoaldum
3536 3269 3639 3323 ho-

2010 3353 2519 3409 noriﬁcentissime
2553 3354 2863 3426 exciperet,
2884 3355 3180 3410 absolutus
3207 3360 3314 3412 est.
3343 3358 3635 3413 Guntran-

2011 3460 2119 3497 nus
2147 3460 2287 3497 sane
2319 3444 2432 3498 dux
2447 3460 2581 3499 cum
2614 3444 2727 3499 alio
2750 3444 2894 3499 duce
2923 3443 3251 3500 Guntranni
3293 3446 3467 3517 regis,
3503 3446 3629 3500 the-

2012 3547 2212 3587 sauros
2242 3532 2693 3604 Gundoaldi,qui
2720 3533 2795 3587 ad
2822 3534 3141 3605 quamdam
3174 3534 3354 3590 maris
3383 3535 3636 3590 insulam

2012 3623 2288 3676 eventum
2318 3622 2401 3677 rei
2434 3623 2831 3693 prmstolando
2865 3622 3318 3693 demigraverat,
3352 3624 3636 3687 dividens,

2012 3727 2131 3765 non
2170 3726 2410 3781 parvum
2437 3711 2559 3765 auri
2587 3727 2652 3765 ac
2676 3711 2906 3782 argenti
2938 3711 3164 3781 pondus
3197 3712 3256 3769 in
3289 3714 3495 3768 urbem
3524 3714 3631 3767 Ar-

2010 3813 2321 3853 vernorum
2349 3798 2592 3853 devexit.
2627 3800 2703 3853 Ex
2736 3816 2850 3871 qua
2864 3800 2938 3855 ad
2970 3800 3407 3856 Childebertum
3445 3800 3635 3855 demi-

2007 3886 2283 3957 grans,id
2324 3885 2627 3940 redeundo
2655 3904 2689 3941 a
2736 3887 3078 3942 Guntranno
3126 3904 3267 3959 rege
3326 3904 3457 3941 cum
3514 3888 3632 3942 ﬁlio

2005 3979 2206 4046 captus
2226 3974 2400 4029 minis
2422 3976 2494 4029 ab
2513 3991 2583 4030 eo
2602 3976 2962 4041 terrebatur;
3005 3977 3279 4047 quodque
3314 3975 3635 4048 pmnis,pro

2005 4062 2243 4118 invitato
2285 4080 2411 4119 ase
2461 4063 2825 4131 Gundoaldo,
2879 4068 3328 4118 consumeretur
3380 4063 3639 4118 intermi-

2006 4155 2247 4206 nantem
2279 4169 2431 4225 saepe
2457 4150 2859 4206 audi'ebat.Cui
2894 4150 2991 4204 ille
3013 4168 3025 4204 :
3045 4174 3072 4201 «
3102 4153 3180 4205 Ex
3205 4152 3334 4220 hoc,
3362 4151 3630 4224 inquam,

2009 4256 2103 4293 me
2130 4238 2503 4295 innocentem
2519 4239 3076 4310 comprobabo,cum
3090 4240 3208 4295 filio
3230 4240 3288 4295 in
3307 4239 3634 4295 obsidatum

2008 4328 2652 4395 tradito,Mummolum,
2675 4328 2795 4397 ejus
2814 4328 3101 4382 fautorem
3123 4328 3631 4400 ingenio,captum

1935 4437 1990 4496 D
2011 4414 2112 4469 tibi
2143 4416 2459 4471 tradidero.
2494 4436 2521 4465 ››
2558 4415 2812 4471 Credidit
2837 4432 2934 4470 rex
2960 4416 3256 4488 pollicenti
3286 4420 3369 4485 et,
3398 4419 3631 4472 retento

2009 4520 2209 4575 puero,
2242 4503 2431 4576 ipsum
2459 4503 2587 4559 sivit
2612 4504 2795 4559 abire.
2832 4504 2943 4569 Qui
2985 4505 3349 4561 Avenionem
3379 4522 3511 4561 cum
3539 4522 3636 4560 co-

2008 4592 2169 4664 piosa
2188 4610 2424 4648 suorum
2457 4610 2637 4647 manu
2663 4594 2882 4647 vallans
2911 4593 3142 4657 urbem,
3170 4594 3521 4666 quibusdam
3543 4610 3634 4649 sa-

2009 4680 2284 4735 tellitibus
2316 4681 2593 4736 Rhodano
2620 4681 2950 4748 submersis,
2975 4682 3118 4754 ipse,
3152 4682 3406 4756 colloqui
3437 4683 3623 4738 Mum-

2009 4770 2168 4824 molo
2197 4770 2455 4841 cupiens,
2486 4786 2659 4841 super
2679 4771 2871 4842 ripam
2917 4771 3138 4825 brachii
3190 4771 3455 4838 ﬂuvialis,
3520 4788 3634 4843 quo

2008 4858 2207 4912 civitas
2234 4858 2513 4928 cingitur,
2537 4858 2891 4913 deambulat.
2926 4859 3167 4914 Hortatu
3195 4861 3449 4933 denique
3462 4861 3638 4917 Mum-

2009 4946 2170 5014 moli,
2198 4946 2540 5018 spondentis
2562 4947 2637 5000 nil
2665 4946 2885 5000 adversi
2917 4963 3050 5001 eum
3081 4950 3633 5018 passurum,ﬂumen

2008 5052 2141 5091 cum
2164 5053 2278 5091 uno
2298 5053 2365 5091 ex
2383 5036 2585 5091 amicis
2607 5037 2918 5107 ingressus,
2952 5036 3105 5091 socio
3123 5036 3285 5109 aquis
3314 5037 3634 5105 submerso,

2009 5127 2153 5180 Boso
2185 5125 2352 5179 undis
2383 5142 2442 5179 se
2483 5126 2592 5179 huc
2650 5125 2900 5196 illucque
2933 5124 3504 5194 circumferentibus,
3534 5127 3636 5181 ha-

2007 5218 2156 5268 stam
2188 5230 2222 5267 a
2253 5212 2435 5267 milite
2463 5212 2568 5267 sibi
2598 5216 2935 5284 protensam
2963 5214 3510 5286 arripiens,ereptus
3523 5217 3630 5268 est.

2009 5303 2278 5366 Demum,
2317 5301 2485 5355 illatis
2534 5301 2638 5355 sibi
2672 5319 2705 5356 a
2753 5301 3070 5359 Mummolo
3119 5302 3392 5358 conviciis
3420 5305 3478 5357 et
3501 5318 3633 5372 gra-

2009 5389 2262 5444 vioribus
2278 5389 2357 5443 illi
2389 5407 2422 5445 a
2452 5408 2510 5444 se
2543 5391 2756 5458 relatis,
2789 5391 2929 5446 dum
2962 5409 3097 5446 cum
3146 5391 3456 5458 obsideret,
3480 5390 3633 5446 Gun-

329 5469 479 5531 fusam
508 5478 766 5548 gerebat.
786 5477 1024 5531 Oblatas
1051 5478 1246 5549 itaque
1270 5495 1304 5531 ει
1334 5481 1520 5535 matre
1544 5478 1911 5533 Childeberto
2012 5477 2222 5545 dulfus,
2253 5478 2412 5550 cujus
2433 5495 2606 5549 supra
2638 5479 3040 5547 meminimus,
3088 5479 3294 5533 missus
3322 5495 3356 5533 a
3404 5478 3631 5533 Childe-

327 5563 502 5622 seniori
528 5572 631 5634 est,
686 5567 918 5621 dicente
969 5583 1037 5621 ea
1081 5567 1238 5638 quod
1282 5566 1515 5623 Clutorii
1560 5566 1755 5621 fratris
1792 5566 1915 5637 ejus
2012 5567 2337 5632 berto,eum
2354 5566 2741 5623 abobsidione
2758 5567 3413 5635 removit,Mummolum
3437 5583 3631 5622 secum

326 5648 444 5709 illius
471 5660 635 5713 esset.
689 5655 805 5710 Sed
839 5655 975 5728 quia
1000 5654 1283 5711 Clotarius
1317 5672 1451 5711 eum
1482 5654 1615 5710 odio
1637 5655 1911 5725 habebat,
2021 5654 2311 5711 deducens
2330 5654 2390 5711 in
2410 5656 2755 5741 Arvernum.
2792 5655 2900 5722 Qui
2935 5655 3034 5712 diu
3070 5654 3147 5709 ibi
3195 5652 3446 5710 residere
3470 5653 3631 5710 fasti-
