3934 6176
230 407 305 468 737
1191 389 1527 455 IIIRTORIA
1552 383 2003 451 FRANCORUM.
2044 418 2116 431 -
2152 387 2282 445 LIB.
2312 383 2406 449 III.
3359 389 3467 446 738

230 552 256 592 ο
273 550 363 590 rex.
385 531 505 587 Nam
523 544 634 602 qua
647 523 872 582 ratione
895 527 1085 596 potest
1105 524 1345 580 existere
1372 527 1435 578 ut
1453 522 1755 594 cujuslibet
1775 524 1828 582 Α
1855 516 2135 571 mulando
2173 520 2476 572 strenuum
2533 514 2902 579 famulatum,
2926 511 3214 602 occultum
3264 515 3470 570 mortis

227 620 422 679 hominis
439 601 666 673 sintiduo
693 617 908 686 patres,
939 630 1002 668 re
1023 613 1300 686 spirituali
1322 612 1595 684 excepta?
1628 612 1752 665 Non
1855 604 2094 658 inferret
2123 604 2321 659 ictum.
2356 605 2482 671 Qui,
2517 603 2769 658 dominae
2819 601 2992 672 jussis
3040 601 3468 672 obtemperans,

229 714 328 766 sunt
347 711 448 764 hzec
467 705 627 776 regite
661 702 930 774 dignitati
951 703 1331 774 congruentia
1347 701 1538 756 verba.
1566 722 1592 749 »
1617 697 1752 754 Uni-
1856 692 2022 765 ﬁngit
2042 710 2121 759 se,
2147 693 2488 748 crudelitate
2503 691 2894 762 Fredegundis
2911 689 3216 759 offensum,
3239 691 3312 744 ad
3337 692 3472 747 Bru-

225 798 356 854 versis
390 796 544 868 igitur
572 808 680 864 pro
711 792 796 846 his
826 791 1190 846 sermonibus
1227 792 1286 844 in
1315 791 1492 845 risum
1532 787 1750 854 solutis,
1852 780 2132 835 nechildis
2155 797 2491 853 properasse
2506 778 3064 868 conspectum,quod
3089 777 3470 868 audieritejus

224 887 329 941 alius
344 865 633 954 legatorum
667 879 808 934 dixit
837 879 988 950 regi:
1026 902 1052 928 ‹‹
1085 880 1219 932 Vale
1259 879 1502 933 dicimus
1549 875 1671 941 tibi,
1715 891 1748 928 ο
1850 868 2171 938 benignum
2203 869 2263 922 in
2297 885 2504 922 omnes
2530 868 2820 922 affectum.
2855 866 3112 920 Tandem
3142 865 3200 919 in
3241 870 3466 938 partem
3533 889 3542 894 -

221 991 307 1039 rex,
334 976 382 1026 et
419 970 537 1042 quia
581 967 807 1038 nepotis
851 967 932 1020 tui
975 982 1176 1036 pacem
1219 964 1564 1039 aspernaris,
1608 963 1747 1017 scito
1847 958 2139 1028 susceptus
2155 957 2560 1022 amicitiarum,
2591 956 2857 1010 omnibus
2891 954 3250 1021 adulabatur,
3289 955 3470 1010 domi-

219 1061 410 1117 securim
453 1059 570 1113 fore
612 1059 901 1128 paratam,
953 1071 1066 1126 qua
1096 1055 1301 1109 fratres
1344 1053 1590 1126 percussi
1620 1054 1752 1106 sunt
1851 1061 1990 1098 nam
2031 1045 2209 1099 etiam
2246 1061 2423 1116 usque
2456 1045 2529 1098 ad
2568 1044 2816 1098 cubiculi
2875 1043 3168 1097 deducens
3200 1043 3467 1113 januam,

220 1151 296 1214 tui,
317 1153 362 1203 ut
380 1165 438 1203 ea
454 1146 743 1202 excidaris.
773 1167 799 1194 »
832 1144 926 1198 His
944 1143 1128 1212 dictis,
1143 1143 1314 1214 jussit
1332 1159 1429 1197 rex
1450 1159 1547 1196 eos
1567 1158 1600 1195 a
1621 1157 1753 1194 con-

218 1242 365 1311 spectu
383 1253 470 1292 suo
492 1236 646 1307 pelli,
677 1251 742 1289 ac
773 1249 943 1303 super
974 1231 1162 1303 capita
1190 1230 1586 1286 recedentium
1611 1233 1752 1282 ster-

215 1343 313 1382 cora
329 1327 386 1380 de
402 1326 593 1396 plateis
611 1326 847 1380 collecta
879 1322 1101 1394 projici.
1135 1323 1242 1376 Pro
1277 1324 1438 1376 tanta
1460 1320 1634 1392 igitur
1665 1319 1755 1372 in-

212 1416 327 1486 juria
340 1415 628 1469 vehemens
653 1413 803 1467 inter
828 1427 994 1482 reges
1033 1410 1319 1465 discordia
1347 1412 1544 1464 exorta
1579 1411 1681 1462 est.

722 1519 953 1574 CAPUT
992 1519 1167 1572 LXIII.

215 1612 275 1666 De
299 1609 654 1682 Fredegundis
679 1609 892 1682 regini:
918 1608 976 1662 in
997 1607 1154 1682 asylo
1185 1605 1504 1662 Parisiensi
1537 1602 1757 1659 saevitia

527 1697 638 1752 per
665 1680 952 1734 Audonom
981 1680 1348 1748 inﬂammata.

261 1772 347 1824 Per
365 1770 504 1824 idem
520 1772 776 1840 tempus,
796 1767 1128 1822 Leonardus
1153 1765 1389 1837 quidam
1412 1763 1758 1834 optimatum

1851 1132 2240 1204 cossqualibus
2260 1149 2319 1186 se
2339 1133 2603 1204 praebens
2623 1132 2976 1198 benivolum,
2999 1131 3314 1201 majoribus
3343 1133 3472 1187 sub-

1847 1221 2090 1290 jectum.
2119 1220 2232 1275 Sed
2263 1237 2380 1275 non
2414 1221 2534 1287 diu,
2569 1220 2700 1291 quis
2729 1221 2896 1281 esset,
2925 1219 3246 1289 suspicione
3276 1218 3470 1273 immi-

1856 1311 2052 1374 nente,
2083 1309 2257 1363 valuit
2299 1313 2495 1379 tegere
2530 1325 2544 1376 ;
2579 1325 2813 1380 nempe,
2856 1306 3160 1378 quaestioni
3190 1307 3468 1376 subditus,

1856 1397 2114 1469 prodidit
2135 1398 2334 1452 omnia
2358 1397 2732 1469 malignitatis
2761 1412 2970 1451 arcana
2986 1395 3208 1461 et,diris
3238 1395 3473 1450 aﬂ'ectus

1856 1485 2165 1555 suppliciis,
2201 1485 2273 1539 ad
2304 1485 2559 1557 priorem
2586 1485 2858 1564 remissus
2889 1487 2977 1537 est
3013 1482 3335 1540 dominam.
3369 1483 3472 1537 Cui

1857 1590 1983 1642 qua:
2011 1574 2119 1628 sibi
2148 1573 2486 1628 accidissent
2508 1591 2806 1639 enarrans,
2838 1576 2902 1627 ut
2931 1570 3090 1644 quasi
3105 1571 3348 1642 suspicio
3379 1588 3476 1627 au-

1856 1661 1994 1714 ferri
2025 1661 2097 1715 ab
2124 1661 2320 1716 animo
2355 1661 2746 1715 Brunecbildis
2773 1663 2984 1732 posset,
3016 1676 3078 1714 re
3119 1654 3314 1714 autem
3338 1676 3475 1714 vera

1859 1753 1921 1802 ut
1946 1765 2145 1820 poenas
2173 1765 2320 1820 pron
2355 1766 2429 1803 on
2476 1753 2807 1820 perpetrato
2856 1749 3042 1803 lueret
3085 1748 3320 1816 scelere,
3349 1764 3472 1803 ma-

212 1857 504 1928 Chilpericia
527 1837 1370 1930 partibusTolosaajadveniens,
1398 1849 1760 1921 Fredegundi
1786 1853 1838 1910 B
1862 1854 2041 1891 mlum
2071 1853 2135 1892 ac
2155 1838 2371 1909 Pedum
2401 1837 2720 1891 abSCiSiUne
2753 1837 2825 1892 ab
2856 1853 2925 1891 ea
2955 1840 3044 1890 θδι
3069 1837 3362 1891 multatus-

208 1947 378 2017 reginie
393 1947 568 2002 adhuc
594 1946 652 2000 in
671 1946 892 2016 majore
909 1943 1148 1999 ecclesia
1177 1941 1458 1996 Parisiaca
1487 1937 1761 1994 residenti

208 2034 441 2089 intimavit
470 2053 526 2090 se
555 2035 700 2105 fuga
727 2035 950 2105 lapsum
977 2033 1050 2087 ab
1076 2031 1196 2102 ejus
1227 2031 1371 2098 filia;
1404 2045 1577 2100 quam
1605 2026 1760 2081 afﬁr-

207 2123 360 2177 mabat
404 2124 456 2176 in
489 2140 710 2194 magna
741 2123 920 2176 victus
945 2137 1009 2175 ac
1039 2120 1273 2174 vestitus
1304 2118 1513 2189 degere
1541 2116 1758 2186 inopia.

207 2209 376 2272 Quibus
403 2211 584 2266 verbis
613 2210 1155 2282 reginaindignata,
1185 2206 1457 2279 praecepit
1482 2204 1552 2258 ab
1571 2220 1638 2258 eo
1660 2219 1759 2256 au-

201 2297 304 2352 ferri
323 2299 561 2354 balteum
587 2315 766 2370 quem
783 2315 849 2352 ex
873 2313 1117 2351 munere
1140 2294 1449 2350 memorati
1471 2294 1764 2346 meruerat

198 2387 334 2456 regis,
355 2403 412 2441 ac
426 2387 586 2442 omni
609 2386 816 2458 privari
840 2386 1142 2457 dignitate.
1162 2383 1347 2439 Simili
1363 2381 1537 2436 modo
1552 2380 1762 2434 multos

197 2473 252 2526 ab
275 2475 522 2547 obsequio
553 2475 694 2529 ﬁliae
735 2473 1070 2529 recedentes
1095 2473 1180 2527 vel
1228 2473 1450 2526 honore
1497 2466 1757 2539 privavit,

195 2562 260 2615 vel
287 2564 639 2619 contumeliis
677 2580 779 2617 seu
818 2563 1000 2634 pennis
1041 2560 1248 2616 affecit.
1296 2560 1409 2612 Nec
1454 2556 1762 2611 verebatur

194 2648 483 2719 Dominum,
515 2656 622 2707 aut
651 2653 773 2722 ejus
800 2649 1170 2715 Genitricem,
1205 2649 1263 2701 in
1296 2647 1455 2717 cujus
1484 2644 1760 2699 manebat

190 2737 400 2807 basilica,
420 2741 554 2796 dum
570 2755 851 2812 perversa
866 2741 1062 2810 ageret
1079 2738 1410 2791 adhaerente
1429 2734 1480 2788 ei
1495 2733 1754 2798 Audone,

191 2841 268 2880 suo
293 2827 342 2882 in
369 2830 528 2884 malis
555 2829 833 2884 omnibus
863 2830 1272 2897 cooperatore;
1311 2840 1482 2895 quem
1517 2823 1758 2894 populus

188 2918 293 2970 tunc
319 2919 675 2986 peremisset,
709 2916 814 2970 nisi
837 2916 893 2969 in
925 2914 1223 2969 ecclesiam
1255 2910 1622 2981 confugisset.

739 3005 965 3058 CAPUT
1004 3002 1174 3057 LXIV.

186 3090 249 3144 De
279 3093 593 3151 Praetextati
634 3095 871 3166 episcopi
912 3093 1358 3160 Rotlwmagensis
1394 3090 1754 3144 restitutione.

241 3181 632 3238 Prastextatum
648 3199 786 3237 sane
803 3182 1220 3250 Rothomagens
1233 3193 1328 3233 em
1341 3177 1669 3248 pontificem
1686 3176 1755 3230 de

184 3268 340 3325 exsilio
374 3271 676 3326 mandavit
705 3271 1076 3325 Guntrannus
1115 3285 1216 3322 rex
1265 3267 1481 3324 reduci.
1516 3267 1757 3336 Propter

184 3371 326 3425 quem
355 3375 482 3414 cum
503 3359 801 3432 synodum
818 3359 988 3413 vellet
1005 3374 1103 3412 rex
1133 3370 1512 3426 congregare,
1535 3355 1758 3424 Ragne-

182 3445 353 3500 modus
380 3448 722 3504 Parisiensis
749 3447 986 3502 antistes
1017 3445 1156 3500 dixit
1187 3462 1220 3499 a
1243 3443 1636 3498 sacerdotibus
1663 3459 1758 3497 ne-

183 3545 435 3604 quaquam
468 3554 610 3592 eum
645 3535 1062 3591 communione
1101 3533 1274 3588 fuisse
1311 3533 1617 3604 privatum,
1651 3547 1758 3585 nec

180 3632 275 3674 esse
315 3640 543 3680 necesse
595 3625 733 3680 ideo
779 3623 1076 3696 episcopos
1122 3619 1342 3682 vocari.
1389 3619 1479 3675 Sic
1518 3619 1758 3675 demum

181 3705 520 3768 Praetextatus
551 3714 686 3769 urbi
718 3712 1014 3767 restitutus
1042 3714 1127 3765 est
1156 3726 1295 3764 suae.

741 3819 965 3874 CAPUT
1006 3818 1153 3872 LXV.

178 3901 241 3957 De
256 3903 493 3978 diligenti
509 3909 841 3968 Guntranni
852 3907 1096 3962 custodia
1113 3907 1226 3978 sui,
1239 3910 1288 3961 et
1300 3903 1684 3978 AFredegundis
1704 3905 1760 3959 in

545 3996 748 4052 agrum
768 3979 1031 4050 perfugio
1057 3983 1106 4032 et
1135 3976 1358 4050 fraude.

229 4065 434 4124 Interea
456 4072 876 4125 commorante
905 4083 1042 4138 rege
1069 4066 1224 4137 apud
1260 4065 1461 4118 urbem
1514 4063 1757 4118 Parisia-

175 4163 293 4222 cam,
315 4157 632 4213 adveniens
665 4158 903 4229 quidam
932 4171 1154 4226 pauper
1179 4153 1458 4224 suggessit
1477 4152 1529 4206 ei
1559 4156 1619 4206 ut
1645 4169 1704 4205 se
1727 4168 1761 4205 a

175 4237 423 4314 Faraulfo,
447 4246 765 4318 Chilperici
785 4245 1083 4317 quondam
1108 4241 1480 4308 cubiculario,
1497 4243 1760 4295 observa-

178 4331 260 4396 ret,
285 4332 471 4388 dicens
503 4358 531 4385 «
558 4353 623 4389 se
647 4335 950 4389 consilium
981 4333 1124 4402 ejus,
1147 4331 1299 4402 quod
1325 4330 1395 4384 de
1417 4328 1755 4399 perimendo

2459 1943 2682 1997 CAPUT
2715 1942 2887 1996 LXVI.

1862 2032 1946 2088 De
1977 2031 2226 2103 Eberulﬁ
2240 2031 2559 2104 punitione,
2605 2035 2655 2086 et
2685 2033 2743 2085 in
2771 2030 2984 2104 {reatum
3013 2028 3347 2099 Gregorium
3373 2031 3473 2104 fu-

2003 2100 2281 2158 ronenseih
2330 2101 2632 2171 simultate,
2673 2106 2722 2156 et
2754 2100 3074 2158 Guntramu'
3106 2108 3298 2173 gestis.

1933 2191 2250 2262 lnterjectis
2291 2191 2509 2256 diebus,
2538 2190 2904 2245 Guntrannus
2925 2206 3024 2244 rex
3067 2189 3352 2245 Cabilonis
3380 2207 3471 2246 re-

1862 2297 2104 2350 gressus,
2131 2279 2401 2333 fraternae
2433 2278 2587 2332 necis
2617 2282 2912 2333 auctorem
2941 2277 3181 2333 sollicite
3239 2278 3471 2333 investi-

1861 2385 2027 2439 gans,
2053 2384 2156 2438 per
2195 2367 2553 2438 responsales
2579 2365 2974 2438 Fredegundis
3028 2366 3382 2433 Eberulfum,
3414 2365 3473 2420 in

1859 2457 2070 2528 palatio
2100 2454 2401 2526 Cbilperici
2432 2454 2790 2509 cubiculariis
2812 2453 3335 2526 praepositum,ejus
3360 2471 3476 2510 sce-

1859 2544 1994 2598 leris
2021 2544 2294 2614 cognovit
2323 2559 2443 2597 esse
2475 2545 2666 2614 caput.
2701 2544 2954 2610 Rogatus
2981 2557 3114 2597 vero
3134 2543 3206 2597 ab
3223 2559 3291 2597 ea
3316 2541 3472 2598 idem

1860 2632 2161 2686 Eberulqu
2190 2631 2380 2685 fuerat
2409 2648 2481 2686 ne
2515 2631 2697 2702 ipsam
2732 2630 3473 2698 desereret.Qui,dumcon-

1859 2736 2091 2774 sensum
2125 2720 2176 2773 ei
2203 2720 2544 2790 denegasset
2573 2735 2760 2784 suum,
2791 2718 2866 2772 ob
2899 2718 2957 2772 id
2979 2717 3131 2790 apud
3149 2735 3351 2789 regem
3380 2735 3476 2774 ac-

1859 2811 2083 2862 cusatus
2115 2810 2200 2862 est
2223 2807 2294 2861 ab
2326 2807 2441 2862 illa.
2481 2808 2595 2860 Rex
2623 2806 2818 2877 igitur,
2847 2805 2979 2859 felle
3009 2807 3472 2874 commotus,cir-

1859 2897 2274 2950 cumstantibus
2303 2894 2502 2948 amicis
2524 2895 2740 2964 juravit
2768 2916 2794 2944 ‹‹
2827 2911 2884 2947 se
2917 2909 3034 2947 non
3065 2895 3250 2948 solum
3281 2895 3470 2949 homi-

1858 2985 2273 3051 cidam,verum
2319 2986 2585 3037 cunctam
2619 2982 2740 3052 ejus
2760 2982 3117 3053 perditurum
3143 2982 3470 3052 generatio-

1858 3090 2016 3140 nem,
2045 3075 2326 3144 quatenus
2357 3088 2523 3125 ausus
2553 3070 3088 3124 interﬁciendorum
3138 3086 3344 3142 regum
3397 3071 3469 3125 de

1787 3145 1833 3204 C
1855 3178 2036 3232 regno
2061 3162 2355 3216 tolleretur
2375 3161 2784 3214 Francorum.»
2807 3159 2920 3213 Hoc
2938 3161 3159 3214 terrore
3178 3159 3468 3230 perculsus

1856 3249 1941 3304 vir
1970 3266 2142 3322 supra
2173 3248 2524 3314 nominatus,
2565 3249 2639 3302 ad
2678 3248 2971 3302 basilicam
3005 3247 3197 3302 Sancti
3243 3247 3469 3304 Martini

1856 3355 1988 3393 cum
2021 3338 2259 3405 clericis,
2295 3337 2502 3408 quibus
2530 3337 2863 3407 frequentes
2889 3337 3163 3390 intulerat
3207 3336 3468 3407 injurias,

1857 3427 2100 3499 aufugit.
2145 3427 2300 3480 Tunc
2338 3424 2778 3479 Aurelianenses
2821 3441 2952 3479 eam
2985 3425 3343 3480 Blesensibus
3394 3425 3470 3481 ad

1858 3517 2320 3575 custodiendum.
2358 3531 2431 3568 ne
2453 3514 2657 3569 exinde
2687 3513 2909 3587 uspiam
2942 3513 3470 3586 dilabereturjussu

1857 3606 2010 3678 regis
2039 3607 2288 3660 alternas
2334 3603 2522 3658 sortiti
2549 3603 2718 3670 vices,
2750 3602 2811 3656 in
2843 3603 3030 3657 eundo
3060 3618 3126 3657 ac
3171 3602 3468 3659 redeundo

1858 3697 2068 3750 multas
2098 3694 2350 3766 agebant
2391 3692 2636 3762 praedas.
2667 3692 2932 3763 Dumque
2965 3691 3102 3758 duo,
3135 3691 3233 3764 qui
3284 3693 3472 3747 mulas

1852 3783 1980 3855 jam
2013 3782 2149 3837 dicti
2179 3781 2489 3852 rapiebant
2517 3779 2882 3845 confessoris,
2909 3779 2981 3833 ad
3013 3779 3254 3833 domum
3294 3780 3476 3848 cujus-

1861 3873 1997 3926 dam
2026 3869 2222 3924 rustici
2249 3870 2453 3939 potum
2475 3866 2711 3938 petituri
2725 3866 3174 3933 advenissent,et
3193 3867 3286 3922 ille
3306 3885 3364 3922 se
3376 3869 3475 3924 ha-

1861 3961 1998 4015 bere
2034 3962 2452 4030 negaret,unus
2483 3973 2709 4022 eorum,
2738 3959 3007 4027 protenta
3030 3956 3213 4023 hasta,
3245 3959 3308 4011 ut
3336 3974 3472 4012 eum

1860 4051 2212 4120 percuteret,
2239 4047 2310 4100 ab
2337 4063 2404 4100 eo
2437 4045 2551 4098 ictu
2581 4043 2759 4120 gladii
2789 4047 3122 4116 peremptus
3141 4047 3245 4098 est.
3289 4046 3470 4114 Alter,

1860 4156 1991 4193 casu
2023 4137 2157 4193 socii
2182 4133 2542 4208 perterritus,
2572 4117 2874 4203 aufugiens
2905 4149 3030 4203 quae
3090 4134 3241 4187 male
3278 4150 3474 4206 perva-

1859 4230 2054 4282 scrant
2081 4225 2350 4281 reddidit.
2372 4226 2504 4277 Post
2535 4223 2657 4276 haec
2688 4222 2928 4276 facultas
2963 4221 3153 4275 omnis
3199 4223 3469 4291 Eberulﬁ,

1859 4333 1987 4388 quoe
2013 4317 2196 4369 multa
2225 4315 2350 4368 erat
2372 4309 2804 4378 valde,diversis
2825 4326 2860 4364 a
2889 4325 3024 4381 rege
3052 4325 3336 4366 concessa.
3366 4315 3473 4368 Do-

173 4431 281 4486 rege
301 4429 679 4496 conceperat,
702 4397 1065 4494 compertum
1091 4397 1327 4474 habere.
1354 4440 1380 4465 η
1397 4397 1604 4471 Audito
1627 4417 1755 4483 hoc,
1783 4429 1835 4486 1)
1860 4422 1989 4460 mus
2020 4418 2270 4496 qpoqqé,
2301 4399 2867 4496 (Ιξιιδῐηβξητεξξηυτίξε
2891 4397 3216 4496 ροδξξάθβξιῐ
3237 4399 3474 4496 “foui-

175 4517 249 4558 rex
271 4507 697 4583 interrogatum
728 4511 963 4582 quidem
995 4513 1053 4564 et
1083 4511 1398 4578 negantem
1427 4505 1668 4571 dimisit,
1699 4521 1757 4558 se

171 4606 276 4648 Vero
305 4599 378 4652 ita
407 4601 596 4654 armis
645 4604 703 4654 et
747 4598 1073 4653 custodibus
1105 4594 1347 4650 munivit
1383 4598 1440 4646 ut
1471 4609 1756 4663 nusquam

174 4694 254 4734 nec
275 4686 342 4739 ad
373 4689 686 4742 ecclesiam
711 4687 945 4758 quidem
970 4686 1091 4738 sine
1123 4699 1420 4737 armorum
1448 4685 1546 4735 aut
1575 4684 1758 4735 custo-

171 4766 280 4825 dum
311 4779 688 4831 munimento
711 4775 1072 4846 procederet.
1099 4771 1538 4841 Fredegundem
1560 4774 1754 4823 autem

171 4852 215 4907 in
238 4859 691 4933 Rotojalensem,
726 4862 1207 4932 Rothomagensis
1237 4858 1514 4914 territorii
1543 4858 1752 4919 vicum,

170 4943 225 4996 id
241 4954 642 5023 peragendum
669 4951 823 5023 quod
847 4966 1138 5021 superesse
1169 4951 1398 5021 poterat
1428 4947 1577 5007 vitae,
1609 4945 1755 4999 dire-

169 5030 247 5086 xit.
283 5037 460 5101 Quam
507 5040 688 5095 multi
731 5039 1077 5111 optimatum
1110 5035 1413 5108 Chilperici
1445 5037 1750 5106 prosecuti,

167 5134 270 5178 eam
295 5127 433 5184 inibi
455 5147 598 5185 cum
629 5129 870 5184 Melanio
889 5128 1032 5199 (qui,
1049 5130 1389 5182 Praetextato
1405 5125 1664 5194 depulso,
1680 5123 1752 5178 ab

168 5221 222 5260 ea
239 5216 597 5288 subrogatus,
632 5235 696 5272 ac
723 5221 856 5290 post
877 5220 1164 5282 revocato,
1195 5231 1227 5268 a
1252 5215 1587 5268 Guntranno
1606 5212 1751 5282 reje-

166 5301 262 5355 ctus
299 5307 441 5378 erat)
494 5308 886 5378 reliquerunt,
926 5304 1332 5377 promittentes
1379 5319 1437 5356 se
1475 5301 1592 5355 filio
1633 5301 1754 5370 ejus

167 5384 380 5448 Clotario
407 5395 670 5450 ﬁdeliter
694 5396 997 5466 parituros.
1029 5397 1103 5449 At
1133 5394 1230 5447 illa
1260 5394 1547 5447 exsortem
1573 5407 1632 5443 se
1656 5390 1757 5443 bo-

164 5479 293 5534 noris
319 5484 587 5540 relictam
621 5485 943 5557 indignata,
989 5486 1048 5538 et
1074 5480 1513 5537 Brunecbildem
1547 5482 1753 5550 poten-

163 5562 341 5624 Iiorem
359 5573 444 5643 (ut
473 5573 629 5643 erat)
679 5571 1280 5639 aestimans,clericum
1304 5568 1620 5640 quemdam
1649 5566 1752 5619 fal-

163 5647 297 5714 lendi
321 5658 464 5717 dolis
493 5661 852 5719 instructum
880 5661 956 5718 ad
983 5676 1115 5718 eam
1135 5657 1352 5734 dirigit,
1381 5658 1667 5732 quatenus
1685 5652 1755 5712 si-

1859 4511 1973 4560 cos,
2008 4493 2152 4546 adeo
2183 4487 2495 4559 direptioni
2520 4487 2735 4541 tradita
2765 4489 2849 4540 est
2880 4489 2941 4539 ut
2965 4485 3043 4540 nil
3068 4486 3173 4540 nisi
3207 4487 3347 4542 nudi
3375 4506 3469 4544 su-

1858 4583 2156 4655 peressent
2186 4578 2453 4651 parietes.
2485 4578 2594 4630 Pro
2619 4575 2709 4629 his
2739 4575 2932 4646 itaque
2958 4575 3138 4629 causis
3156 4577 3470 4633 calumnias

1858 4675 2054 4727 sancto
2113 4666 2352 4722 antistiti
2384 4664 2667 4719 inferebat
2713 4662 3008 4733 Gregorio,
3038 4663 3197 4733 quasi
3265 4669 3471 4721 cuncta

1857 4761 1905 4831 ej
1919 4778 1979 4813 us
2007 4758 2344 4829 gererentur
2364 4753 2632 4819 consilio;
2657 4751 3100 4821 minabaturque
3122 4751 3277 4822 quod
3295 4753 3341 4806 si
3360 4771 3468 4808 un-

1857 4864 2032 4921 quam
2062 4845 2213 4916 rcgis
2236 4841 2453 4897 rediret
2478 4841 2536 4894 in
2569 4837 3088 4911 gratiam,similem
3118 4839 3467 4896 eiretribue-

1855 4942 1944 4993 ret
1975 4932 2442 4990 vicissitudinem.
2479 4929 2690 4983 Verum
2721 4927 2959 4981 antistes
2989 4927 3114 4999 plus
3161 4929 3468 4987 clementia

1855 5045 1958 5101 pro
1991 5027 2112 5096 ejus
2139 5020 2382 5077 miseriis
2413 5033 2588 5089 quam
2623 5015 3026 5086 indignatione
3066 5032 3169 5087 pro
3197 5019 3366 5074 illatis
3394 5019 3467 5074 ab

1855 5133 1923 5173 eo
1945 5110 2416 5171 commovebatur
2441 5104 2685 5176 injuriis.
2710 5104 2968 5174 Cumque
2984 5101 3137 5160 foret
3153 5105 3344 5161 eidem
3368 5107 3473 5160 mi-

1855 5221 1982 5259 sero
2014 5198 2372 5257 domicilium
2423 5195 2483 5248 in
2513 5192 2695 5247 sancti
2752 5192 2975 5248 Martini
3016 5194 3308 5260 salutario,
3333 5198 3390 5249 et
3433 5210 3468 5249 a

1857 5293 2190 5366 presbytero
2239 5285 2352 5359 (cui
2408 5281 2673 5338 servandi
2724 5281 2960 5336 oratorii
3015 5298 3151 5336 cura
3203 5282 3468 5353 delegata

1858 5379 2000 5450 erat)
2033 5378 2268 5448 reliqua:
2283 5372 2691 5427 clauderentur
2704 5370 2923 5440 januaa,
2943 5385 3047 5440 per
3075 5369 3287 5423 ostium
3318 5369 3466 5426 illius

1859 5465 2176 5525 salutatorii
2207 5460 2446 5534 ingressi
2471 5458 2768 5512 ecclesiam
2791 5457 2954 5530 pueri
2985 5458 3072 5511 vel
3103 5458 3306 5528 puellae
3337 5459 3465 5513 uni-

1855 5574 2016 5614 versa
2052 5552 2416 5610 rimabantur
2468 5548 2814 5602 ornamenta
2841 5544 2986 5598 sacri
3039 5547 3264 5618 templi.
3301 5546 3465 5610 Quod

1854 5651 2162 5724 postquam
2189 5643 2376 5700 custos
2395 5653 2570 5695 sacrae
2584 5633 2722 5692 tedis
2743 5631 3242 5706 animadvertit,ac
3260 5633 3467 5694 ferreis
