3940 6166
498 391 611 461 Ἰῗιθ
1606 388 1873 454 ᾸῘΠΟΙΝΙ
1901 389 2136 455 MONAC

2244 380 2740 456 rLoatAeENsis
3657 400 3749 460 no

510 525 662 599 ipsas
700 524 853 581 fores
904 517 1089 579 affixit
1128 518 1317 590 clavis,
1347 521 1541 579 media
1599 522 1784 577 ferme
1834 526 2026 593 nocte,
2060 523 2120 580 in
2144 530 2198 589 Α
2219 523 2357 593 cius,
2390 522 2468 580 ibi
2492 520 2699 593 vagina
2727 520 3062 591 exemptum
3082 534 3274 574 ensem
3298 518 3498 575 inimici
3522 522 3686 580 deﬁxit
3702 527 3750 583 in

510 614 646 686 ipsis
692 612 1125 668 nocturnalibus
1177 612 1429 682 hymnis,
1459 629 1493 667 a
1526 611 1800 682 prmfacto
1852 612 2118 667 Eberulfo
2221 614 2431 681 latera;
2455 611 2647 682 sicque
2668 606 3221 663 acircumstantibus
3238 608 3353 678 ejus
3375 610 3668 666 satellitibus
3689 614 3756 668 in-

509 701 811 775 episcopus
838 699 1144 771 Gregorius
1169 703 1227 754 et
1260 699 1451 754 clerici
1490 700 1665 755 tantis
1695 699 1938 754 lacessiti
1990 703 2124 754 sunt
2222 719 2407 769 vasus,
2440 700 2635 755 multis
2658 700 2909 753 telorum
2940 696 3274 752 interfectus
3290 700 3370 751 est
3387 698 3585 753 ictibus.
3615 700 3755 757 Clau-

506 788 777 846 conviciis
820 792 884 843 ut
935 788 1132 844 laudes
1163 790 1279 843 Deo
1320 787 1545 842 debitas
1574 788 1902 859 relinquere
1951 803 2122 858 coge-
2226 790 2351 845 dius
2374 782 3241 854 vero,tamimmanisfacinoris
3257 783 3357 837 sibi
3376 785 3512 839 male
3528 787 3757 854 conscius,

506 880 730 934 rentur.
766 876 879 932 Sed
911 880 970 931 et
983 876 1255 931 clericum
1278 875 1725 948 quemdamjam
1746 876 2122 943 temulentus,
2226 878 2300 933 ad
2331 877 2535 931 cellam
2566 873 2812 940 abbatis,
2833 872 3094 926 confosso
3121 872 3294 925 latere
3325 871 3642 945 abscissoque
3663 877 3754 946 pol-

511 982 606 1037 (Ῑιιι
630 965 669 1020 d
696 964 893 1020 vinum
935 964 1045 1019 sibi
1076 979 1195 1018 non
1249 964 1578 1034 largiretur,
1608 979 1782 1035 super
1821 978 2124 1019 scamnum
2226 964 2355 1033 lice,
2381 964 2658 1035 profugit,
2683 978 2923 1033 poscens
2945 977 3004 1016 se
3026 960 3204 1016 occuli
3226 961 3294 1016 ab
3307 961 3759 1018 eo.Verumtamen

508 1056 808 1110 extensum
840 1069 989 1126 pene
1021 1068 1199 1123 usque
1221 1052 1295 1107 ad
1329 1055 1583 1107 mortem
1627 1051 1869 1122 ﬂagellis
1897 1051 2123 1117 cecidit,
2229 1051 2580 1109 irruentibus
2599 1050 2850 1109 Eberulﬁ
2873 1048 3261 1121 stipatoribus,
3282 1050 3508 1104 vallatur
3522 1049 3762 1105 armisdo-

508 1143 944 1213 multorumque
974 1140 1194 1195 easdem
1226 1140 1284 1193 in
1311 1140 1457 1193 atrio
1486 1138 1638 1195 beati
1666 1139 1938 1194 antistitis
1964 1156 2128 1194 exer—
2228 1142 2577 1212 mus,jacula
2595 1156 2701 1211 per
2720 1136 3489 1208 fenestras‘introjaciuntur:
3511 1138 3765 1209 abbaquo-

510 1230 647 1298 cuit,
678 1247 795 1285 non
826 1230 1040 1285 veritus
1070 1228 1151 1282 illi
1196 1228 1474 1299 ingenere
1501 1227 1918 1282 contumeliam
1969 1228 2128 1299 cujus
2227 1247 2338 1303 que
2362 1230 2738 1285 vixaduobus
2757 1226 2975 1282 clericis
3010 1226 3214 1280 illmsus
3232 1226 3485 1279 reseratis
3506 1227 3768 1280 extrahitur

510 1318 768 1390 quotidie
793 1318 1096 1389 ﬂagitabat
1118 1315 1513 1370 clementiam.
2228 1319 2403 1375 ostiis.
2436 1320 2544 1373 Per
2562 1334 2691 1389 quae
2723 1314 3058 1386 introgressi
3080 1314 3382 1369 adversarii
3401 1313 3668 1368 Claudium
3681 1314 3761 1368 sub

582 1408 760 1461 Porro
774 1423 891 1460 una
907 1404 1163 1459 noctium
1178 1403 1319 1458 vidit
1330 1404 1485 1458 idem
1501 1402 1797 1476 episcopus
1811 1402 2126 1470 somnium,
2227 1410 2376 1463 lecto
2394 1407 2724 1462 latitantem
2739 1405 2891 1459 nacti
2897 1404 3188 1474 jugulant,
3202 1402 3484 1472 sociosque
3501 1402 3608 1473 ejus
3618 1401 3769 1456 simul.

510 1495 667 1567 quod
692 1493 885 1549 eidem
910 1493 1031 1548 viro
1054 1493 1269 1560 retulit,
1294 1493 1353 1547 in
1376 1493 1529 1547 hunc
1551 1508 1610 1546 se
1631 1492 1851 1547 habens
1867 1491 2129 1546 modum:
2231 1497 2491 1560 Quorum
2514 1510 2779 1565 corpora,
2797 1493 3018 1548 adomo
3041 1494 3329 1564 protracta
3350 1506 3576 1562 acsuper
3595 1489 3770 1543 nudam

512 1603 542 1633 ι(
568 1581 869 1644 Videbam,
900 1581 1002 1647 ait,
1032 1597 1124 1635 me
1158 1580 1507 1635 sacrosancti
1551 1580 1779 1634 Martini
1832 1582 2124 1634 astantem
2230 1586 2474 1640 humum
2491 1583 2770 1654 jacentia,
2800 1582 3069 1653 parentes
3099 1578 3381 1650 amicique
3405 1577 3777 1648 colligentesse-

512 1670 683 1726 altari
732 1687 798 1725 ac
840 1669 1129 1725 Dominici
1170 1669 1466 1723 celebrare
1510 1668 1788 1741 mysteria
1844 1666 2127 1733 sacrificii,
2230 1673 2538 1746 pelierunt.
2573 1671 2660 1724 Ad
2690 1668 3105 1725 vindicandum
3132 1671 3327 1723 autem
3368 1666 3704 1721 homicidium
3731 1665 3775 1719 in

510 1759 1031 1830 Guntrannumque
1060 1774 1283 1828 ι’θεθηι,
1306 1757 1489 1827 ipsam
1509 1756 1832 1827 ingressum
1853 1755 2131 1811 orationis
2229 1778 2406 1817 sacras
2430 1760 2567 1815 aedis
2585 1759 2735 1814 atrio
2754 1760 3173 1830 perpetratum,
3188 1756 3363 1811 etiam
3385 1755 3706 1827 energumini
3725 1770 3776 1807 ac

514 1847 777 1915 domum,
803 1848 919 1901 suis
969 1847 1359 1918 imperantem
1392 1849 1454 1899 ut
1470 1848 1526 1899 te
1551 1862 1585 1899 a
1607 1846 1760 1916 palla
1790 1844 2005 1911 altaris,
2040 1841 2132 1897 cui
2155 1845 2206 1906 B
2234 1866 2533 1923 pauperes,
2584 1865 2690 1919 pro
2718 1848 2936 1902 foribus
2962 1846 3327 1912 excubantes,
3358 1861 3483 1899 cum
3510 1843 3718 1897 fustibus
3737 1845 3780 1896 et

513 1934 857 2000 inhaerebas,
887 1936 1145 1991 evulsum
1187 1935 1342 1991 foras
1391 1934 1695 2005 pellerent.
1732 1933 1830 1988 Cui
1860 1950 2014 2000 cum,
2045 1932 2133 1986 in-
2233 1938 2383 1993 saxis
2413 1940 2816 2010 properarunt.
2851 1935 3007 1989 Hanc
3028 1934 3205 2006 igitur
3236 1934 3311 1988 ad
3353 1949 3412 1987 se
3453 1948 3659 1986 causam
3685 1947 3783 2002 per-

510 2014 789 2081 termissis
814 2040 923 2095 ego
941 2022 1247 2079 missarum
1268 2021 1584 2088 solemniis,
1602 2038 1697 2076 me
1724 2021 1959 2077 obvium
1990 2037 2135 2091 prea-
2235 2028 2413 2081 latam
2443 2042 2538 2081 rex
2566 2025 2937 2079 Guntrannus
2952 2023 3205 2096 graviter
3221 2022 3408 2092 primo
3431 2021 3642 2092 quidem
3661 2020 3778 2083 tulit;

514 2112 902 2180 berem,et,ne
931 2115 988 2166 te
1019 2110 1448 2182 contingerent,
1482 2110 1751 2164 manibus
1775 2125 2007 2181 quoque
2034 2109 2134 2163 de-

513 2200 785 2268 tinerem,
808 2204 871 2254 tu
902 2200 1125 2254 interea
1154 2216 1257 2253 ara
1285 2214 1447 2252 sacra
1479 2198 1705 2251 deserta
1736 2198 1846 2251 huc
1890 2198 2135 2269 illucque

518 2288 779 2361 pavitans
818 2285 1378 2341 circumflectebaris.
1408 2285 1553 2338 Tum
1585 2300 1715 2356 ego,
1753 2301 1823 2339 ex
1858 2286 1967 2338 hoc
2002 2301 2130 2340 mo-

514 2374 711 2442 lestus,
739 2375 879 2430 dum
910 2374 1338 2428 tibiinnuerum
1361 2390 1434 2427 ne
1462 2388 1753 2443 quoquam
1776 2372 2132 2438 abscederes,

519 2461 801 2533 evigilavi,
830 2478 1063 2518 mecum
1099 2462 1160 2519 in
1194 2461 1392 2516 animo
1419 2461 1651 2515 visionis
1681 2461 1977 2515 revolvens
2001 2478 2139 2517 cau-

2235 2114 2442 2181 donec,
2474 2116 2772 2185 comperto
2804 2112 2885 2166 rei
2919 2114 3092 2182 gestae
3111 2109 3601 2176 ordine,animum
3620 2107 3683 2163 ad
3698 2106 3785 2161 alia

2235 2200 2540 2255 tractanda
2568 2198 2868 2254 convertit.
2887 2196 3282 2253 Substantiam
3303 2195 3540 2250 Eberulfi
3555 2193 3783 2265 ii,quibus

2235 2279 2447 2349 regalis
2475 2295 2604 2334 eam
2635 2279 3032 2334 contribuerat
3051 2281 3325 2348 potestas,
3350 2276 3668 2339 auferentes,
3682 2287 3785 2327 uxo-

2235 2384 2364 2423 rem
2389 2367 2438 2438 ej
2450 2384 2513 2422 us
2537 2367 2773 2438 inopem
2807 2366 3187 2439 reliquerunt.

2809 2492 3031 2547 CAPUT
3072 2490 3267 2545 LXVI].

519 2566 664 2605 m'
698 2571 726 2600 ”
749 2550 984 2649 “1.1mm
1013 2549 1313 2651 Εὶῖθτξιηυδ
1340 2565 1354 2603 ³
1393 2571 1421 2599 “
1451 2549 1709 2651 Fu"qu
1740 2548 1839 2651 ajif’
1865 2548 2135 2647 mgna“?
2239 2581 2324 2638 De
2361 2581 2715 2638 Pictavz'cnsis
2752 2581 2982 2651 episcopi
3010 2580 3403 2650 redemptione,
3432 2595 3494 2635 ac
3512 2574 3687 2648 pepuli
3723 2590 3794 2627 re-

517 2655 794 2694 meacum
806 2638 923 2693 viso
944 2638 1189 2710 quadrat
1208 2654 1438 2710 quoque
1456 2642 1653 2691 tuo.—
1668 2636 1956 2700 Quidnam
1979 2637 2135 2709 cogi-

2244 2636 2251 2637 ί
2306 2636 2309 2637 ν
2362 2636 2385 2638 ᾖ
2532 2636 2539 2637 ί
2584 2636 2589 2637 ί
2770 2636 2787 2651 ⁸
2843 2636 3243 2707 conciliatione.

517 2729 626 2794 tas,
652 2727 839 2799 inquit
865 2727 1104 2782 antistes
1122 2726 1151 2781 ?
1168 2757 1240 2767 —
1258 2726 1483 2797 Cogito,
1511 2725 1640 2780 inﬁt
1661 2724 1776 2792 ille,
1805 2725 1849 2779 si
1872 2742 1965 2779 me
1984 2726 2136 2779 Gun-

515 2816 757 2918 ιῗδωξυῗ
782 2831 881 2918 ἴθι
896 2815 1026 2869 hinc
1041 2814 1283 2918 VOEuerit
1297 2814 1748 2918 “trudef'etuf‘a
1973 2814 2138 2912 pa"?
2238 2845 2394 2901 idem
2415 2814 2679 2918 princeps
2701 2847 3004 2901 adversum
3034 2814 3438 2900 Gundoaldum
3453 2841 3727 2898 exercitum
3746 2855 3795 2892 ex

515 2903 1255 3007 altarisinhaarentemltera
1284 2906 1338 2958 te
1498 2904 1717 3007 clerlms
1739 2902 1932 3001 glfldlo
1956 2902 2133 3007 “c‘i’
2239 2902 2517 2990 universis
2542 2902 2779 2991 urbibus
2799 2935 2906 2990 sibi
2933 2936 3204 3007 subjectis
3234 2934 3561 2989 commovit.
3581 2928 3798 3001 Equibus

517 2993 677 3090 fi‘i‘fe'
712 2990 2137 3090 1‘“,‘°'_'f"“.°PiS°°PES“1“”?f‘wm°“‘3‘"3““°“}
2239 3025 2682 3080 Aurelianenses
2728 3042 2859 3079 cum
2919 2990 3384 3090 Bituuricensibus,
3435 2990 3796 3077 Pictavieusem

514 3080 653 3138 talia
675 3080 858 3136 effari.
892 3081 1002 3136 Nec
1031 3082 1272 3151 longum
1300 3082 1543 3135 fluxerat
1567 3083 1811 3150 tempus,
1834 3082 2137 3150 coeperunt

515 3171 643 3225 ﬁeri
666 3172 797 3225 actu
830 3168 1157 3237 manifesta,
1176 3185 1304 3240 quas
1335 3168 1567 3223 fuerant
1591 3167 1861 3239 episcopo
1892 3167 2009 3221 visu
2042 3185 2137 3223 re-

517 3259 725 3315 velata.
758 3256 1038 3328 Denique,
1068 3257 1408 3311 Guntranno
1456 3260 1753 3326 quaerente
1802 3255 2010 3323 virum,
2043 3256 2140 3328 qui

514 3348 644 3403 arte
666 3347 738 3403 ab
771 3344 1009 3399 ecclesia
1032 3345 1282 3399 educens
1293 3344 1756 3409 Eberulfum,aut
1772 3343 2138 3399 sibiadduce-

519 3438 612 3491 ret
631 3434 885 3488 vinctum
900 3435 999 3487 aut
1008 3431 1200 3503 gladio
1224 3432 1575 3502 relinqueret
1586 3430 1954 3499 trucidatum,
1974 3433 2141 3488 obtu-

518 3521 588 3577 lit
612 3538 675 3577 se
687 3519 952 3576 Claudius
970 3519 1228 3591 quidam,
1252 3518 1326 3572 ad
1347 3519 1404 3573 id
1422 3535 1564 3590 opus
1574 3523 1834 3573 strenum
1851 3521 2141 3590 spondens

518 3626 581 3666 se
609 3610 734 3664 fore
758 3607 1382 3663 ministrum.Pollicito
1400 3608 1594 3680 itaque
1626 3608 1732 3662 sibi
1746 3609 1891 3663 tanti
1912 3611 2140 3666 sceleris

520 3696 728 3770 pretio,
751 3697 825 3753 ad
856 3697 1188 3752 Eberulfum
1216 3697 1438 3752 accedit
1454 3714 1467 3766 ;
1483 3697 1645 3768 jurat
1666 3712 1770 3769 per
1798 3699 1981 3753 Deum
2006 3715 2137 3770 per-

521 3804 634 3860 que
663 3785 863 3842 omnia
884 3786 1008 3842 coeli
1030 3803 1093 3841 ac
1120 3789 1289 3841 terrae
1303 3787 1749 3854 sancta,nullum
1780 3787 2007 3842 fidelius
2026 3791 2129 3844 aut

520 3890 686 3948 posse
717 3877 815 3931 aut
840 3875 983 3930 velle
1014 3892 1245 3931 causam
1274 3876 1397 3947 ejus
1447 3877 1600 3948 apud
1654 3893 1853 3948 regem
1908 3876 2138 3949 exsequi

521 3980 698 4038 quam
728 3982 808 4020 se.
841 3965 1243 4036 Perpendebat
1279 3965 1436 4019 enim
1469 3965 1666 4019 infelix
1697 3966 1807 4020 alio
1840 3983 1975 4021 eum
2019 3983 2136 4020 non

521 4069 688 4125 posse
713 4053 1074 4108 commodius
1105 4053 1290 4126 decipi
1311 4057 1647 4109 commento
1677 4071 1851 4126 quam
1877 4071 1979 4109 suo
2002 4071 2134 4127 per-

517 4142 695 4213 jurio.
731 4141 875 4205 Quid
889 4142 1055 4212 plura
1083 4142 1112 4197 ?
1141 4142 1398 4197 Credidit
1418 4142 1593 4197 miser
1623 4142 1926 4213 dejeranti,
1961 4158 2025 4197 ac
2073 4142 2134 4197 in

523 4230 841 4286 crastinum
870 4246 905 4284 a
933 4230 1153 4285 clericis
1182 4231 1411 4299 accitus,
1443 4248 1575 4285 cum
1605 4248 1673 4285 eo
1707 4230 1782 4286 ad
1811 4231 2135 4287 convivium
2235 4251 2295 4289 se
2322 4251 2453 4289 cum
2476 4234 2671 4289 favore
2697 4252 2813 4290 non
2837 4236 3170 4307 excepisset.
3194 4234 3450 4306 Indeque
3467 4234 3711 4289 Tolosam
3732 4242 3807 4298 pe-

512 4318 763 4374 accedit.
797 4318 995 4373 Finitis
1014 4319 1219 4391 epulis,
1252 4320 1540 4387 Eberulfo,
1573 4337 1768 4375 secum
1801 4337 1903 4393 per
1923 4321 2135 4376 atrium
2157 4387 2197 4395 _
2235 4327 2384 4390 tens,
2417 4323 2727 4395 praemissis
2774 4324 3070 4390 militibus,
3120 4323 3410 4393 Magnulfo
3458 4318 3695 4394 pontifici
3721 4312 3804 4369 sibi

523 4407 773 4463 basilica:
795 4387 1189 4462 deambulanti
1205 4387 1272 4461 et
1292 4412 1557 4462 mutuam
1585 4387 2056 4480 amicitiamjurej
2069 4426 2130 4463 u-
2156 4387 2208 4446 D
2236 4387 2536 4466 occursum
2552 4411 2620 4465 iri
2642 4411 2901 4465 mandat.
2922 4387 3291 4482 Quapropter
3310 4387 3622 4482 Maguulfus
3641 4417 3810 4461 convo-

522 4497 707 4552 rando
734 4496 1047 4567 pollicenti,
1079 4496 1158 4551 ait
1187 4496 1449 4551 Claudius
1484 4514 1495 4552 :
1531 4520 1559 4548 «
1591 4497 1646 4552 Si
1688 4498 1837 4553 forte
1894 4498 2134 4552 facultas
2235 4501 2422 4554 catam
2447 4499 2682 4571 plebem
2704 4499 2971 4554 hortatur
2991 4503 3311 4571 monetque
3345 4504 3408 4554 ut
3425 4498 3651 4553 viriliter
3667 4506 3805 4562 repu-

2311 2760 2478 2813 Anno
2506 2776 2536 2812 x
2559 2759 2721 2830 regni
2744 2757 3112 2823 Childcberti,
3137 2754 3459 2811 Guntranni
3477 2757 3651 2808 autem
3676 2767 3793 2815 mv,

2161 3128 2207 3191 α
2241 3114 2818 3187 aggressicivitatem,
2839 3113 3007 3182 cives,
3024 3113 3123 3185 qui
3136 3114 3264 3184 jam
3289 3130 3322 3167 a
3343 3112 3453 3166 fide
3475 3106 3797 3165 desciverant,

2241 3204 2315 3258 ad
2341 3202 2643 3275 pristinam
2688 3203 2740 3256 vi
2771 3204 3107 3257 revocantes
3133 3201 3487 3265 societatem,
3516 3197 3797 3269 episcopum

2240 3291 2316 3363 inj
2329 3291 2463 3346 uriis
2476 3290 2701 3345 afficere
2717 3290 3125 3345 moliebantur.
3145 3292 3217 3344 At
3231 3286 3695 3357 ille,comminuto
3712 3296 3798 3335 uno

2242 3380 2603 3436 ecclesiastici
2628 3380 2963 3435 monasterii
2989 3396 3163 3435 aureo
3198 3380 3396 3445 calice,
3428 3394 3485 3432 se
3514 3374 3722 3448 quidem
3745 3368 3797 3423 ab

2243 3469 2458 3539 exsilio,
2487 3469 2766 3542 populum
2792 3471 2985 3523 autem
3019 3485 3052 3523 a
3081 3467 3410 3540 captivitate
3437 3462 3686 3521 redemit.

2797 3593 3020 3649 CAPUT
3062 3593 3287 3648 LXVIII.

2412 3684 2498 3740 De
2524 3682 2849 3739 Gundoalds’
2881 3686 3047 3755 gestis
3073 3688 3122 3739 (ι
3151 3682 3292 3738 aliis
3321 3679 3658 3756 quibusdam.

2309 3792 2372 3845 In
2412 3790 2521 3845 illis
2556 3791 2777 3857 diebus,
2803 3790 3173 3847 Gundoaldus
3201 3789 3315 3845 iter
3344 3787 3575 3844 Pictavis
3599 3783 3803 3842 destina-

2238 3883 2386 3947 tum,
2420 3879 2614 3935 audita
2643 3880 3032 3952 expeditione,
3065 3879 3139 3934 ad
3169 3880 3559 3950 Engolismam
3587 3872 3798 3932 deﬂexit.

2240 3968 2347 4023 Ubi
2372 3968 2444 4023 ab
2475 3968 2729 4023 antistite
2772 3973 2829 4023 et
2859 3968 3193 4040 proceribus
3233 3971 3533 4038 gratanter
3555 3964 3801 4033 exceptus,

2237 4073 2440 4113 eorum
2466 4061 2844 4112 remunerata
2873 4057 3194 4123 sedulitate,
3214 4055 3606 4127 Petrogoricas
3629 4049 3800 4106 tendit.

2239 4146 2415 4217 Cujus
2444 4146 2752 4216 praesulem
2784 4148 2935 4201 male
2968 4147 3310 4201 mulctatum
3344 4144 3584 4215 reliquit,
3603 4133 3802 4211 eoqnod

521 4586 675 4642 foret
680 4584 1278 4657 jucundiorareperiri
1295 4585 1667 4653 viua,faterer
1687 4603 1781 4641 me
1807 4603 2012 4642 eorum
2039 4603 2133 4641 ar-

524 4675 663 4730 dere
692 4673 995 4728 desiderio.
1018 4693 1046 4721 »
1077 4672 1450 4742 Respondeas
1466 4675 1766 4729 Eberulfus
1781 4679 1987 4730 cuncta
2003 4691 2137 4747 quoe

522 4764 835 4834 cuperetse
854 4760 1409 4831 prmbiturum,dum
1440 4763 1614 4817 modo
1641 4763 1981 4835 dignaretur
2011 4764 2133 4834 ejus

527 4854 687 4910 adire
716 4851 1050 4923 hospitium,
1082 4849 1376 4906 universos
1411 4851 1607 4923 dirigit
1636 4867 1864 4921 pueros,
1894 4852 2135 4922 potioris

524 4943 639 4998 vini
672 4943 942 4995 haustum
973 4939 1331 5012 quaesituros.
1387 4939 1644 4994 Cernens
1678 4940 1943 4995 Claudius
1972 4940 2135 4994 illum

525 5028 803 5087 resedisse
856 5029 1063 5092 solum,
1096 5026 1256 5099 cujus
1308 5027 1490 5100 magis
1521 5028 1641 5098 ipse
1691 5028 1911 5081 lethum
1962 5044 2137 5099 quam

526 5117 683 5175 aliud
712 5116 893 5171 sitiret
923 5131 1172 5183 merum,
1194 5131 1373 5170 manu
1403 5116 1630 5170 elevans
1646 5114 1977 5186 ergasancti
2002 5117 2141 5170 Mar-

527 5208 636 5263 tini
667 5206 1014 5277 sepulcrum,
1041 5219 1177 5259 eum
1207 5202 1267 5257 in
1317 5204 1471 5258 hunc
1524 5204 1797 5258 exorabat
1844 5203 2084 5259 modum
2118 5222 2132 5261 :

524 5296 682 5363 «Te,
740 5293 1027 5366 inquiens,
1070 5295 1263 5347 sancte
1319 5291 1631 5357 confessor,
1661 5309 1784 5359 oro,
1828 5295 1889 5347 ut
1941 5310 2136 5364 sospes

528 5391 773 5442 revisam
798 5383 1107 5454 conjugem
1138 5397 1270 5435 cum
1300 5380 1440 5435 filio.
1477 5402 1505 5431 ‹‹
1528 5380 1621 5434 His
1643 5380 2135 5455 dictis,evaginato

2235 4590 2439 4657 gnent,
2498 4603 2569 4641 ne
2617 4587 2767 4641 forte
2803 4587 3117 4641 calamitati
3163 4603 3341 4657 quam
3396 4584 3675 4659 quondam
3723 4575 3806 4659 sub

2235 4656 2513 4748 Sigulpbo
2532 4675 2756 4745 experti
2789 4679 2941 4743 sunt,
2964 4676 3167 4729 iterato
3180 4656 3538 4742 subdantur;
3566 4656 3805 4726 memine-

2234 4763 2467 4836 rintque
2496 4768 2784 4834 quatenus
2815 4763 3161 4829 Desiderius,
3186 4763 3362 4833 ipsius
3392 4764 3501 4818 dux
3531 4758 3693 4825 urbis,
3716 4766 3811 4808 me-

2238 4852 2449 4908 morati
2478 4851 2807 4923 experiatur
2825 4851 3122 4906 fortunam
3144 4851 3271 4918 viri,
3297 4852 3343 4906 si
3365 4851 3502 4924 quid
3521 4847 3692 4903 simile
3708 4856 3809 4897 m0-

2236 4940 2372 4995 litus
2400 4940 2594 4995 fuerit.
2629 4940 2697 4993 Et
2725 4940 2849 4995 haec
2879 4940 3117 5012 quidem
3151 4940 3431 5011 populum
3462 4938 3532 4993 ab
3561 4932 3809 4990 rebellan-

2240 5028 2381 5083 dum
2409 5029 2823 5083 excitaverunt.
2852 5028 2965 5084 Sed
2983 5029 3160 5083 robur
3181 5026 3541 5083 adventantis
3569 5018 3811 5079 exercitus

2242 5120 2439 5189 portas
2461 5115 2675 5189 aperiri
2708 5118 3221 5188 suasit.Receptum
3253 5115 3427 5187 igitur
3452 5106 3810 5169 Gundoaldum

2246 5208 2387 5262 urbe
2415 5223 2480 5261 ac
2504 5222 2699 5261 secum
2748 5206 3156 5277 prandentem,
3201 5204 3289 5260 his
3317 5205 3610 5277 episcopus
3639 5197 3811 5253 affatur

2242 5295 2465 5350 verbis:
2500 5318 2527 5345 «
2560 5294 2713 5349 Licet
2762 5299 2817 5349 te
2857 5295 3041 5349 filium
3091 5293 3324 5350 Clotarii
3354 5302 3700 5364 regnumque
3729 5278 3810 5335 tibi

2246 5384 2444 5440 deberi
2463 5388 2702 5452 astruas,
2731 5384 3067 5440 incredibile
3092 5388 3287 5439 tamen
3306 5382 3455 5457 apud
3481 5382 3693 5435 nostros
3710 5386 3811 5426 m8-

2246 5477 2349 5528 net
2377 5475 2605 5530 animos
2636 5477 2692 5528 te
2721 5491 2849 5546 quae
2881 5473 3120 5545 coeperis
3156 5490 3320 5545 posse
3349 5470 3636 5543 perficere.
3671 5486 3696 5511 ν
3723 5461 3811 5513 ΒΘ·

2245 5563 2483 5633 spondit
2510 5563 2585 5618 ad
2606 5563 2716 5617 ista
2734 5563 3134 5618 Gundoaldus:
3159 5582 3187 5615 α
3212 5564 3327 5634 Ego
3349 5559 3552 5631 inquit,
3574 5558 3631 5612 et
3651 5552 3812 5609 Clota-

2232 5650 2331 5707 rio
2360 5667 2456 5708 me
2465 5651 2955 5726 genitumfateor,
2979 5654 3039 5708 et
3058 5650 3319 5708 debitam
3340 5647 3503 5722 regni
3515 5642 3812 5720 portionem

531 5473 724 5548 gladio
752 5471 1036 5544 impetum
1063 5469 1311 5525 faciebat
1329 5468 1387 5523 in
1420 5469 1828 5526 adversarium.
1866 5471 2036 5542 Cujus
2054 5489 2145 5527 co-

530 5566 734 5622 natum
758 5579 903 5619 unus
932 5559 1264 5631 intelligens
1284 5559 1665 5639 famulorum,
1700 5560 1947 5615 brachiis
1990 5578 2145 5616 com-

529 5656 763 5736 plexum
773 5650 1071 5726 resupinat
1085 5646 1555 5714 Eberulfum.Qui
1565 5649 1694 5724 jam
1716 5666 1751 5706 a
1770 5649 2006 5707 Claudio
2020 5667 2144 5707 sau-
