3998 6166
231 403 325 464 ’115

1289 392 1628 451 HISTORIA
1651 389 2108 451 FRA’NCORUM.
2134 422 2208 434 —-
2229 391 2362 450 LIB.
2393 391 2500 448 111,

3443 408 3446 410 ’
3469 395 3576 453 πθ

236 521 389 578 siccis
404 519 664 592 repletas
685 514 863 585 lignis
883 512 1586 584 accensasque,jacienles
1617 515 1934 586 desuperA
1961 513 2234 577 exsolves,
2277 514 2334 565 et
2366 510 2481 566 tibi
2533 508 2780 583 pacique
2828 513 3106 568 consules.
3140 532 3168 561 »
3204 511 3329 568 Non
3379 511 3584 567 fefellit

236 614 284 666 et
313 623 499 681 opera
528 603 870 668 exurebant,
920 603 978 655 et
1012 599 1283 655 inimicos
1331 617 1558 657 accessu
1586 601 1852 671 prohibe-

235 699 385 754 bant.
424 697 904 764 Consumptoque
917 688 976 743 in
993 689 1104 743 hoc
1121 689 1445 744 certamine
1458 689 1569 755 die,
1589 690 1646 744 in
1667 689 1858 744 crasti-

235 803 365 842 num
399 783 501 856 qui
537 780 890 837 obsederant
928 775 1086 830 aliud
1115 777 1370 831 nocendi
1402 793 1582 847 genus
1629 776 1852 847 excogi-

236 877 371 928 tant.
404 871 687 941 Denique,
722 884 786 922 ex
819 863 995 936 virgis
1028 863 1331 935 ramisque
1367 865 1640 920 arborum
1673 880 1853 919 unum

232 961 508 1016 facientes
539 957 699 1012 mira:
727 951 1159 1025 magnitudinis
1187 951 1427 1020 fascem,
1450 954 1761 1023 cupiebant
1787 968 1852 1005 eo

230 1050 471 1121 implere
507 1047 731 1100 vallem.
761 1044 978 1096 Verum
1026 1040 1335 1095 conatibus
1387 1057 1612 1107 eorum,
1640 1043 1698 1095 et
1723 1055 1853 1109 pro-

230 1136 477 1192 funditas
511 1133 684 1198 vallis,
714 1134 773 1186 et
799 1129 972 1201 ignis,
1013 1129 1085 1183 ab
1120 1127 1471 1183 adversariis
1503 1129 1574 1182 de
1596 1126 1852 1198 superio-

231 1225 376 1280 ribus
407 1239 545 1278 cum
588 1219 874 1292 lapidibus
904 1217 1134 1282 missus,
1173 1217 1403 1270 restitit.
1468 1213 1851 1286 Leudegisilo,

230 1309 645 1382 contemplanti
672 1324 878 1363 omnes
899 1309 1056 1360 actus
1073 1319 1211 1359 suos
1231 1303 1423 1358 irritos
1454 1302 1670 1369 ﬁeri,in
1695 1318 1859 1357 men-

231 1404 339 1455 tem
362 1398 528 1452 venit
573 1395 953 1469 opportunius
975 1395 1098 1448 fore
1128 1393 1357 1447 clausos
1385 1392 1459 1446 de
1513 1389 1859 1461 proditionis

234 1492 452 1542 tentare
486 1485 794 1540 sententia.
833 1484 1200 1538 Advocatum
1236 1480 1430 1552 itaque
1476 1479 1858 1535 Mummolum

235 1577 296 1631 ad
315 1575 423 1630 sibi
456 1573 918 1644 colloquendum
953 1571 1218 1625 incusare
1255 1569 1450 1640 coepit,
1479 1585 1582 1622 cur
1613 1569 1861 1621 clemen-

236 1665 403 1718 tissim
415 1679 517 1716 um
533 1677 730 1731 regem
743 1661 1156 1715 Guntrannum
1179 1656 1526 1722 deseruerit,
1551 1660 1609 1710 et
1629 1655 1861 1725 iniquis-

236 1753 369 1806 simo
399 1755 653 1822 tyranno
683 1767 740 1804 se
765 1748 1049 1819 junxerit.
1078 1767 1109 1798 <<
1144 1745 1295 1809 Quid
1315 1761 1498 1815 porro
1545 1746 1859 1815 exspectas,

237 1841 359 1895 ait?
390 1857 465 1894 an
496 1843 560 1893 ut
585 1842 755 1911 capta
787 1839 932 1892 urbe
967 1837 1121 1890 male
1136 1834 1475 1905 dispereas?
1507 1833 1656 1898 Quin
1672 1832 1862 1904 potius

238 1929 572 1998 resipiscens
590 1927 660 1980 ad
677 1926 1004 1996 benignum
1021 1925 1309 1978 revertere
1323 1920 1862 1988 dominum,relicto

242 2016 326 2071 illo
365 2015 782 2086 nugacissimo,
829 2016 962 2083 post
992 2011 1290 2084 paululum
1321 2010 1641 2081 puniendo.
1668 2008 1863 2062 n'l‘unc

239 2104 577 2158 lummolus
606 2118 665 2155 se
697 2100 938 2171 quidem
960 2098 1370 2154 consulturum
1402 2095 1724 2168 respondit.
1761 2095 1865 2149 Re-

245 2207 457 2261 gressus
486 2205 624 2244 vero
658 2189 715 2242 in
750 2188 958 2242 urbem
981 2189 1262 2241 convocat
1287 2184 1666 2255 Sagittarium
1689 2187 1863 2254 atque

246 2278 620 2331 Waddonem.
648 2275 942 2329 Bladastes
977 2274 1136 2329 enim
1171 2273 1380 2327 timens
1410 2276 1646 2344 captum
1674 2270 1744 2324 iri
1773 2287 1867 2325 ur-

245 2366 388 2428 bem,
420 2365 637 2435 injecto
665 2363 866 2418 domui
900 2361 1152 2416 ecclesiae
1177 2361 1332 2432 igne,
1367 2362 1505 2415 dum
1537 2359 1760 2414 caeteris
1790 2360 1866 2413 ad

249 2452 726 2522 restinguendum
767 2454 1154 2522 properarent
1185 2449 1538 2514 incendium,
1569 2448 1688 2518 ipse
1714 2448 1864 2500 clam

250 2540 480 2611 aufugit.
527 2541 850 2593 Junxcrant
882 2541 1078 2591 autem
1104 2536 1340 2591 factioni
1371 2553 1485 2590 suae
1546 2534 1864 2590 Cariulfum

249 2629 493 2697 ejusdem
517 2626 676 2681 urbis
699 2626 882 2679 civem
895 2626 1074 2695 ,cujus
1089 2623 1539 2694 apothecis,qua3
1562 2623 1865 2694 permultae

255 2719 430 2782 erant,
465 2716 573 2785 ipsi
603 2715 930 2768 alebantur.
981 2714 1141 2766 Hunc
1169 2727 1306 2782 ergo
1335 2710 1701 2766 Mummolius
1732 2727 1864 2764 cum

254 2803 532 2874 praedictis
574 2801 738 2855 adiit.
775 2800 1040 2854 Ostendit
1093 2799 1303 2853 deinde
1335 2815 1510 2870 quam
1535 2797 1734 2869 iniquo
1774 2815 1866 2853 res

247 2908 350 2945 suae
375 2892 489 2945 sint
518 2889 848 2944 constituta;
878 2890 1026 2954 loco,
1045 2903 1340 2960 quamque
1366 2886 1556 2942 odiosi
1583 2885 1691 2956 ipsi
1725 2903 1864 2940 cuu-

254 2979 349 3033 ctis
379 2977 564 3033 effecti
598 2977 716 3030 sint
761 2976 1054 3048 gentibus,
1086 2975 1224 3029 dum
1257 2974 1459 3030 incerti
1489 2973 1723 3046 generis
1743 2974 1868 3044 regi

1959 600 2190 654 animus
2213 597 2630 654 Gundoaldum
2655 616 2716 653 se
2743 616 2777 653 a
2800 601 3112 656 Mummolo
3135 599 3204 654 iri
3234 599 3539 672 deceptum
3564 618 3578 668 ;

1959 688 2127 758 eique
2154 687 2265 741 hoc
2312 685 2578 742 reddidit
2607 703 2952 758 responsum
2987 706 3000 744 :
3038 710 3065 739 «
3097 689 3238 759 Ego,
3288 688 3578 760 inquiens,

1953 775 2087 830 licet
2117 775 2323 830 invitus
2353 776 2466 830 has
2491 775 2617 845 jam
2669 777 3025 832 deseruerim
3067 779 3259 849 partes
3309 778 3583 850 vobisque

1956 862 2368 933 impulsoribus
2386 863 2689 934 Europam
2713 865 2979 931 adierim,
2996 865 3150 919 bona
3173 868 3370 920 tamen
3388 867 3585 920 volun-

1954 954 2073 1005 tate
2095 953 2269 1022 atque
2300 951 2543 1022 integra
2571 952 2685 1007 ﬁde
2711 969 2946 1026 semper
2974 956 3190 1007 vestras
3218 953 3332 1007 fovi
3367 956 3581 1024 partes,

1957 1055 2064 1094 nec
2095 1056 2254 1094 meas
2305 1040 2588 1095 utilitates
2644 1041 2845 1096 vestris
2872 1041 3099 1111 praetuli
3146 1042 3490 1097 commodis.
3517 1043 3586 1096 Et

1956 1126 2220 1199 quamvis
2245 1127 2390 1198 ejus,
2421 1127 2523 1199 qui
2556 1145 2651 1183 me
2683 1129 2796 1183 huc
2828 1128 3062 1200 pellexit
3095 1129 3308 1198 venire,
3343 1129 3586 1200 perﬁdia

1957 1215 2018 1269 in
2057 1216 2363 1286 propatulo
2391 1216 2690 1283 claruerit,
2728 1216 2870 1270 dum
2894 1220 2952 1270 et
2981 1233 3076 1271 me
3093 1217 3262 1288 fugax
3279 1218 3514 1289 reliquit
3529 1220 3588 1273 et

1957 1303 2361 1357 thesaurorum
2385 1307 2619 1374 partem
2651 1305 2806 1359 furto
2825 1303 3460 1369 abstulit,nihilominus
3476 1323 3587 1378 ego

1959 1407 2078 1456 vos,
2112 1390 2271 1462 quasi
2305 1407 2455 1447 mea:
2509 1396 2779 1448 auctores
2828 1392 3048 1459 salutis,
3111 1397 3388 1464 perpetuo
3437 1395 3592 1449 colui

1961 1495 2025 1533 ac
2048 1479 2106 1532 in
2135 1479 2384 1534 fratrum
2418 1481 2546 1536 loco
2580 1480 2944 1536 dilexi.Nunc
2965 1480 3162 1550 igitur,
3192 1482 3237 1535 si
3262 1482 3589 1554 secusquod

1964 1570 2218 1636 oportet,
2252 1566 2370 1621 imo
2395 1569 2554 1640 quod
2611 1569 2804 1635 decet,
2841 1569 3142 1623 adversum
3199 1585 3294 1624 me
3334 1571 3588 1642 egeritis,

1964 1655 2283 1724 praesertim
2316 1672 2451 1709 cum
2476 1673 2585 1727 ego
2617 1673 2833 1727 corpus
2855 1656 3226 1729 animamque
3270 1675 3488 1731 meam,
3515 1659 3596 1714 si-

1966 1743 2088 1796 mul
2109 1758 2239 1796 cum
2262 1743 2512 1799 consilio
2532 1762 2597 1799 ac
2620 1743 2916 1815 opibus,in
2947 1746 3146 1800 vestris
3193 1747 3594 1801 constituerim

1967 1828 2256 1897 manibus,
2284 1833 2576 1886 scrutator
2604 1831 2876 1886 cordium
2899 1831 3039 1886 illud
3067 1832 3329 1888 advertat
3358 1835 3528 1889 Deus.
3563 1858 3592 1884 ››

1968 1917 2062 1970 His
2084 1917 2266 1985 dictis,
2292 1935 2591 1974 assensum
2621 1919 2875 1991 praebuit
2903 1923 2966 1974 ut
3015 1937 3149 1975 eum
3174 1921 3252 1976 eis
3279 1921 3353 1976 ad
3397 1922 3596 1978 hostes

1967 2005 2363 2060 descenderet.
2392 2007 2711 2062 Mummolo
2744 2023 2880 2062 vero
2911 2011 3210 2074 monente,
3235 2025 3308 2062 ne
3340 2009 3592 2080 superbo

1968 2095 2136 2147 utens
2157 2093 2230 2147 ad
2254 2110 2354 2148 eos
2384 2094 2499 2149 iret
2523 2095 2762 2166 habitu;
2797 2096 2934 2167 quin
2962 2097 3152 2167 potius
3173 2096 3492 2151 reformato
3515 2097 3593 2164 ei,

1969 2198 2143 2252 quem
2168 2181 2239 2235 ab
2270 2181 2394 2251 ipso
2452 2187 2780 2255 acceperat,
2836 2184 3026 2238 balteo
3060 2201 3200 2239 auro
3248 2184 3593 2254 fabrefacta,

1968 2267 2204 2340 proprio
2233 2269 2658 2340 accingeretur,
2683 2271 2781 2344 qui
2805 2271 3014 2343 fulgori
3038 2272 3598 2328 memoraticarebat

1970 2356 2209 2413 mctalli.
2242 2358 2306 2410 In
2338 2357 2470 2424 hoc,
2507 2359 2720 2430 inquit,
2749 2359 2988 2429 tuajam
3012 2360 3599 2431 patctfraudulentia,

1973 2444 2113 2497 dum
2137 2460 2205 2497 ea
2235 2461 2365 2514 quae
2384 2462 2451 2498 ex
2486 2450 2586 2501 tuo
2617 2463 2798 2518 usque
2825 2447 2899 2501 ad
2931 2447 3082 2501 istud
3106 2449 3332 2518 possedi
3364 2452 3600 2520 tempus

1972 2531 2203 2602 repetis.
2234 2532 2334 2586 lllo
2356 2549 2593 2605 quoque
2635 2537 2894 2607 negante
2940 2536 3054 2589 ulla
3101 2551 3160 2589 se
3212 2539 3415 2591 contra
3461 2554 3601 2594 cum

1973 2635 2243 2672 ursurum
2293 2619 2524 2687 fraude,
2579 2627 2818 2678 ventum
2859 2626 2943 2676 est
2973 2624 3046 2678 ad
3075 2627 3326 2694 portam,
3360 2625 3455 2680 ubi
3499 2644 3603 2682 eos

1973 2707 2267 2762 fortissimi
2296 2709 2754 2778 opperiebantur
2772 2711 3230 2767 adversariorum
3250 2714 3596 2781 duces,Boso

1974 2795 2242 2855 videlicet
2271 2812 2404 2850 cum
2439 2798 2684 2854 Boltone
2716 2799 3039 2870 Biturigum
3071 2802 3306 2868 comite,
3335 2819 3453 2857 non
3484 2805 3598 2859 mi-

1977 2883 2140 2937 nima
2169 2882 2484 2937 satellitum
2520 2886 2715 2940 vallati
2741 2890 2995 2943 caterva.

2050 2969 2267 3033 Quibus
2301 2970 2712 3028 Gundoaldum
2769 2973 3202 3045 excipientibus,
3254 2964 3602 3034 Mummolus

257 3067 456 3122 favent.
492 3066 580 3120 Ad
613 3067 939 3119 extremum
959 3065 1228 3118 hortatur
1249 3063 1457 3118 cedant
1484 3063 1658 3117 rebus
1675 3061 1872 3115 adver-
1898 3089 1948 3152 α
1982 3059 2039 3113 in
2064 3058 2268 3111 urbem
2299 3073 2618 3129 regressus,
2656 3065 2854 3134 portas
2900 3061 3232 3118 ﬁrmissime
3279 3064 3589 3122 obseravit.

259 3171 375 3208 sum
389 3172 445 3209 se
464 3153 781 3208 ﬂuentibus
801 3151 1430 3219 et,sisibisacramento
1445 3149 1723 3206 securitas
1740 3150 1870 3204 vitm
1907 3146 1947 3152 ⁷
1980 3148 2236 3202 Cernens
2267 3146 2643 3204 Gundoaldus
2699 3167 2757 3204 se
2786 3167 2821 3204 a
2868 3149 2982 3204 suis
3031 3151 3394 3220 derelictum,
3442 3157 3602 3210 etab

263 3257 323 3296 ac
350 3242 541 3296 salutis
568 3242 760 3305 detur,
795 3239 1086 3294 civitatem
1109 3239 1472 3312 jamjamque
1519 3237 1870 3308 capiendam

261 3346 380 3383 cum
437 3329 804 3400 pseudorege
835 3328 1093 3382 hostibus
1144 3327 1377 3380 dedant.
1408 3325 1872 3381 Assentientibus

268 3417 430 3484 sociis,
460 3419 823 3472 memoratus
841 3415 952 3470 dux
974 3414 1392 3486 Lcudegisilum
1411 3413 1658 3470 mandat
1672 3413 1869 3468 venire

264 3504 330 3558 ad
355 3504 729 3576 colloquium,
759 3506 817 3558 et
844 3520 974 3574 quae
1003 3502 1108 3557 sibi
1133 3518 1265 3556 cum
1290 3502 1582 3558 sodalibus
1609 3502 1866 3572 compla-

264 3593 473 3646 cuerint
502 3592 762 3662 exponit.
799 3592 1020 3646 Laudat
1051 3590 1145 3644 ille
1177 3591 1547 3656 sententiam,
1572 3588 1867 3659 jusjuran-

268 3679 504 3752 dumque
527 3680 750 3751 praebet
781 3696 840 3734 se
869 3679 1024 3751 apud
1045 3695 1245 3750 regem
1278 3695 1443 3733 suum
1467 3692 1672 3732 eorum
1692 3676 1868 3733 vitam

269 3767 332 3822 iri
353 3770 746 3840 impetratum.
779 3767 945 3832 Quod
972 3766 1018 3820 si
1051 3766 1326 3839 principis
1372 3767 1639 3822 voluntas
1679 3763 1737 3818 in
1769 3783 1873 3821 sua

272 3857 551 3912 duraverit
606 3856 947 3928 pertinacia,
1001 3855 1056 3908 in
1090 3855 1344 3926 qualibet
1372 3855 1500 3909 illos
1527 3869 1584 3907 se
1625 3854 1875 3922 spondet

271 3946 547 4000 clausuros
577 3945 836 4014 ecclesia,
878 3945 1064 3999 donec
1089 3943 1409 4000 Guntranni
1455 3941 1876 3998 defervesceret

269 4049 367 4088 ll‘a.

336 4123 443 4178 Hac
469 4123 817 4178 Mummolus
855 4120 1120 4175 seductus
1165 4119 1431 4186 versutia,
1465 4119 1870 4174 Gundoaldum

273 4211 363 4264 tali
391 4212 716 4266 identidem
772 4206 1146 4264 circumvenit
1199 4206 1519 4278 muscipula
1552 4223 1565 4260 :
1600 4225 1631 4258 <‹
1657 4209 1870 4274 Prono,

1975 3234 2237 3291 hostibus
2250 3234 3121 3310 circumdatum,introitumque
3143 3240 3300 3295 urbis
3316 3240 3420 3294 sibi
3439 3258 3599 3312 pra:-

1976 3325 2219 3390 clusum,
2250 3340 2456 3378 manus
2481 3327 2710 3381 elevans
2743 3327 2816 3381 ad
2847 3327 3078 3395 ccelum,
3121 3345 3252 3383 cum
3278 3329 3469 3385 cordis
3498 3348 3595 3404 ge-

1974 3412 2124 3467 mitu
2156 3411 2234 3466 sic
2262 3413 2466 3468 orabat
2506 3415 2581 3470 ad
2610 3416 2955 3470 Dominum:
2981 3417 3208 3471 «Judex
3257 3419 3474 3474 aeterne
3529 3437 3596 3474 ac

1973 3501 2127 3555 ultor
2151 3499 2574 3570 innocentium,
2605 3503 2873 3572 Deus,cui
2899 3521 3072 3558 omne
3097 3507 3256 3576 patet
3285 3509 3594 3579 secretum,

1977 3588 2078 3661 qui
2112 3589 2325 3644 nullius
2345 3591 2712 3662 amplecteris
2755 3593 2977 3659 dolum,
3003 3609 3110 3647 nec
3130 3592 3340 3648 laeteris
3381 3595 3598 3652 fraudi-

1977 3678 2082 3732 bus
2112 3678 2711 3749 malignantium,esto
2731 3681 2891 3736 velox
2911 3680 3118 3735 vindex
3140 3698 3405 3738 mearum
3432 3685 3598 3741 mise-

1977 3765 2569 3838 riarum,retorquens
2586 3767 2644 3820 in
2663 3783 2760 3821 eos
2788 3767 2884 3839 qui
2908 3783 3002 3820 me
3017 3768 3382 3824 tradiderunt
3401 3773 3594 3828 mimi-

1981 3853 2060 3907 cis
2087 3853 3026 3926 deceptionisipsorumlaqueum.
3055 3877 3082 3903 »
3117 3856 3385 3912 Posthtec
3398 3861 3594 3929 verba,

1981 3941 2328 4012 consignans
2364 3958 2424 3996 se
2455 3957 2622 3996 cruce
2644 3943 3106 4008 D0minica,cum
3121 3943 3210 3996 his
3225 3945 3394 4016 quise
3424 3963 3594 4020 cepe-

1982 4032 2115 4084 rant
2136 4031 2293 4085 abire
2343 4029 2514 4102 coepit
2545 4031 2613 4086 ad
2650 4047 2855 4087 eorum
2889 4034 3093 4086 castra.
3153 4030 3422 4088 Nondum
3477 4038 3594 4091 col-

1980 4120 2119 4186 lem,
2153 4118 2243 4173 cui
2275 4118 2470 4174 civitas
2502 4119 3183 4192 imminet,praalerierat,
3215 4123 3274 4174 et
3315 4121 3596 4195 impulsus

1980 4224 2014 4262 a
2042 4207 2279 4261 Bellone
2295 4207 2409 4261 ruit
2435 4207 2493 4260 in
2511 4207 2719 4262 faciem
2737 4208 3146 4280 ferebaturque
3163 4207 3221 4262 in
3236 4211 3593 4281 profundum

273 4296 465 4370 inpuit,
500 4300 701 4355 animo
752 4299 1072 4368 devotaque
1107 4298 1304 4348 mente
1357 4311 1450 4348 me
1481 4294 1584 4349 tibi
1639 4295 1874 4350 ﬁdelem
1901 4338 1952 4397 Β
1978 4294 2158 4350 vallis.
2190 4295 2446 4367 Cumque
2465 4295 2869 4352 surrexissetct
2897 4299 3100 4350 contra
3115 4296 3596 4357 adversummon-

278 4385 408 4456 fore,
435 4405 551 4444 non
578 4389 764 4443 solum
794 4389 998 4441 contra
1025 4385 1215 4438 hostes
1232 4397 1382 4455 pugn
1403 4383 1680 4452 ando,sed
1699 4384 1873 4438 etiam

281 4474 386 4547 ipse
409 4479 658 4552 probasti
681 4473 1053 4548 experiendo,
1090 4473 1233 4526 Nam
1283 4490 1460 4543 quam
1531 4489 1682 4544 saepe
1731 4472 1879 4527 meis

281 4577 398 4617 usus
447 4561 714 4629 consiliis,
789 4558 1150 4634 semperfrui
1188 4573 1213 4605 ιι
1243 4578 1267 4612 s
1307 4578 1382 4615 sis
1401 4560 1712 4632 prosperis,
1758 4564 1880 4616 tute

283 4654 468 4707 melius
487 4653 616 4712 scis.
644 4650 804 4707 Nunc
822 4649 1312 4723 quoqueorpmihi
1364 4652 1628 4704 memnet
1680 4666 1883 4704 consu-

284 4737 421 4796 lendi
451 4742 705 4808 affectus,
732 4741 881 4794 sicut
901 4742 963 4792 tu
984 4739 1133 4794 bene
1176 4755 1234 4792 cs
1265 4737 1522 4793 meritus.
1562 4738 1692 4793 Ideo
1713 4738 1876 4793 deni-

288 4841 384 4898 que
411 4846 536 4886 cum
559 4829 894 4886 adversariis
919 4845 977 4882 se
995 4843 1283 4882 sermeom
1305 4827 1508 4881 habuit
1561 4829 1622 4880 ut
1675 4844 1876 4882 eorum

288 4931 407 4989 erga
461 4937 564 4975 nos
615 4917 1093 4990 persentiscercm
1126 4915 1252 4986 quis
1294 4914 1364 4968 sit
1394 4915 1604 4969 nimus.
1639 4915 1767 4982 Qui,
1816 4917 1874 4970 in

287 5011 545 5075 quantum
573 5007 932 5081 perpendere
956 5003 1130 5075 quivi,
1150 5007 1262 5058 tuas
1283 5019 1651 5075 nequaquam
1681 5003 1877 5058 adver-

288 5100 464 5151 santur
520 5097 770 5153 utilitati.
801 5097 921 5150 Imo
955 5091 1154 5147 mirari
1183 5108 1243 5145 se
1288 5093 1449 5146 aiunt
1470 5095 1524 5145 te
1572 5095 1874 5165 tantopere

288 5187 633 5254 praesentiam
665 5185 856 5239 fratris
880 5182 1084 5246 vitare,
1119 5182 1535 5250 autumarequc
1563 5180 1717 5250 quod
1775 5197 1873 5251 ge-

292 5275 586 5346 ncaologize
613 5274 849 5345 ignarus
874 5275 985 5326 tuae
1017 5286 1146 5324 cum
1175 5266 1363 5323 sciolis
1396 5267 1659 5338 diffugias
1689 5268 1876 5340 dispu-

289 5361 433 5430 tare;
463 5380 567 5417 nec
595 5361 761 5416 fratri
794 5364 906 5416 tua:
929 5358 1142 5430 cupido
1172 5355 1402 5412 visionis
1438 5357 1871 5428 agnoscendum

291 5450 340 5503 te
358 5450 782 5523 praesentare.Si
813 5466 950 5521 ergo
974 5464 1139 5504 nunc
1180 5445 1281 5500 tibi
1301 5463 1395 5501 me
1422 5447 1738 5502 auscultare
1772 5450 1868 5520 pla

292 5522 456 5597 cuerit
499 5545 672 5613 atque
727 5539 801 5594 ad
826 5537 978 5609 regis
1005 5535 1323 5592 Guntranni
1360 5536 1729 5606 praesentiam
1751 5555 1866 5594 una
1896 5522 1908 5542 ’

292 5641 412 5689 cum
431 5631 517 5690 his
546 5644 895 5701 mecumque
910 5628 1305 5699 properare,et
1329 5627 1386 5682 te
1410 5625 1517 5683 hac
1546 5625 1866 5703 suspicione

557 5731 798 5789 PATROL.
829 5723 1082 5786 CXXXIX.

1981 4388 2101 4438 tem
2129 4384 2431 4452 niteretur,
2459 4402 2493 4439 a
2528 4385 2749 4440 Bosone
2777 4385 2968 4460 lapide
2997 4403 3297 4457 percussus
3328 4388 3386 4444 in
3405 4390 3593 4462 capite

1985 4473 2236 4528 concidit
2264 4472 2644 4545 spiritumque
2695 4474 2998 4531 exhalavit.
3030 4475 3170 4530 Inde
3207 4476 3347 4534 fune
3401 4479 3593 4552 ligatis

1986 4562 2228 4632 pedibus
2248 4565 2592 4633 protractus,
2624 4563 2920 4636 loricaque
2937 4581 3052 4636 qua
3072 4563 3449 4623 amiciebatur
3464 4586 3594 4625 exu-

1982 4652 2093 4715 tus,
2130 4666 2194 4704 ac
2225 4650 2436 4704 lanceis
2461 4652 2740 4720 conﬁxus,
2773 4669 2878 4724 per
2918 4655 3103 4708 totum
3145 4653 3592 4713 circumducitur

1983 4737 2318 4793 exercitum.
2350 4740 2716 4808 Mummolus,
2778 4757 2916 4796 sane
2964 4743 3261 4797 thesauros
3314 4744 3590 4816 diripiens

1981 4827 2297 4893 universos,
2328 4828 2386 4882 in
2439 4828 2674 4882 diversis
2723 4830 2970 4885 occuluit
2997 4831 3154 4899 locis,
3202 4832 3451 4906 dataque
3500 4853 3587 4892 se-

1980 4915 2208 4986 quentis
2256 4917 2382 4970 lucc
2431 4917 2565 4982 diei,
2599 4917 2860 4972 hostibus
2911 4921 3106 4989 portas
3135 4923 3359 4992 aperuit
3409 4924 3585 4980 urbis.

1979 5003 2084 5067 Qui
2108 5005 2165 5058 in
2187 5008 2409 5059 tantam
2427 5006 2598 5060 cazdis
2624 5023 2882 5061 exarsere
2905 5008 3192 5064 insaniam
3213 5014 3276 5065 ut
3297 5010 3473 5068 etiam
3495 5031 3587 5068 sa-

1977 5094 2237 5148 cerdotes
2253 5095 2483 5148 Domini
2499 5095 2572 5149 ad
2596 5094 3581 5172 ipsajugularentaltaria,reliquos-

1978 5199 2089 5254 que
2102 5182 2309 5237 civium
2323 5200 2455 5236 cum
2478 5183 2600 5255 ipsa
2613 5189 3052 5240 concremarent
3065 5187 3581 5251 urchuorumdux

1981 5271 2348 5342 Lcudegislus
2377 5271 2526 5326 clam
2557 5273 2628 5326 ad
2660 5273 2980 5345 principem
3006 5275 3405 5330 Guntranuum
3428 5295 3577 5333 nun-

1976 5360 2084 5415 tios
2123 5361 2378 5428 miserat,
2400 5377 2572 5430 super
2592 5362 2900 5417 traditores
2928 5363 3166 5420 civitatis
3187 5364 3306 5436 ejus
3337 5367 3576 5438 exquisi-

1973 5453 2129 5504 turos
2151 5449 2354 5521 judicii
2383 5451 2755 5507 sententiam.
2799 5452 2896 5506 llle
2913 5456 3145 5508 cunctos
3169 5453 3361 5525 gladio
3379 5455 3570 5528 puniri

1969 5537 2262 5612 praecepit,
2298 5561 2325 5589 «
2351 5541 2411 5594 ut
2432 5539 2530 5610 huj
2541 5539 2764 5597 usmodi
2789 5557 2955 5596 ausus
2976 5541 3048 5597 de
3077 5559 3258 5616 regno
3272 5547 3569 5601 tolleretur

1960 5628 2342 5705 Francorum,
2391 5645 2465 5688 ne
2489 5629 2616 5706 quis
2641 5628 2855 5688 scilicet
2880 5631 3139 5706 tyrannis
3161 5633 3222 5691 in
3273 5633 3564 5712 reliquum

3096 5729 3172 5805 2i
