3998 6166
263 339 357 401 πθ

1326 329 1651 390 HISTORIA
1697 327 2141 388 FRANCOBUM
2176 359 2246 372 —
2276 330 2409 390 LIB.
2441 332 2534 391 III.

3535 345 3646 406 ’754

262 453 862 527 densa,decidentibus
880 452 1058 509 ramis
1072 452 1280 509 fronde
1298 452 1535 526 quidem
1548 449 1867 519 rarissima,

1994 473 2123 527 ruta
2153 474 2211 526 et
2240 476 2686 530 commanentes
2718 474 2778 529 in
2812 474 2893 530 eis
2926 474 3189 532 universi
3226 477 3383 536 ducti
3409 486 3645 558 captivi.

262 551 347 609 sed
372 562 681 605 armorum
696 544 890 599 nitore
912 543 1209 599 videbatur
1238 538 1871 597 densissima.Turbatis

263 641 433 710 itaque
453 633 820 698 custodibus,
854 635 912 686 et
940 630 1082 702 quid
1101 628 1875 701 agerenthaasitantibus,su-

264 724 628 801 perveniente
656 721 933 786 exercitu,
955 735 1087 773 cum
1118 718 1305 773 adhuc
1334 718 1467 773 fessi
1496 719 1678 772 multo
1713 732 1876 787 supe-

266 815 416 873 rioris
446 812 568 868 diei
596 812 806 866 labore
861 809 1243 880 quiescerent,
1275 806 1369 860 alii
1400 806 1461 860 in
1520 804 1632 859 suis
1661 803 1873 871 stratis,

265 905 347 962 alii
373 898 803 973 expergefacti,
833 897 938 951 sed
965 911 1172 951 somno
1203 893 1375 949 soluti
1406 909 1605 965 poenas
1634 892 1871 946 dabant.

266 993 387 1049 Cassi
416 989 594 1046 multi
626 986 944 1053 mortales;
974 982 1180 1055 reliqui
1232 982 1293 1036 in
1323 982 1523 1053 fugam
1553 982 1873 1034 vertuntur.

263 1081 360 1155 Ipsi
388 1079 592 1142 duces,
632 1073 890 1130 ascensis
943 1070 1126 1143 equis,
1186 1070 1276 1125 vix
1305 1069 1614 1124 discrimen
1646 1083 1876 1122 evasere

260 1163 845 1225 mortis.Landericus
875 1157 1262 1214 Wintrionem
1282 1157 1495 1212 frustra
1514 1156 1675 1228 sequi
1702 1172 1877 1210 cona-

260 1261 360 1322 tus,
391 1252 615 1309 velocis
640 1248 779 1322 equi
797 1247 1001 1319 rapido
1019 1250 1247 1301 vectum
1263 1262 1430 1300 cursu
1442 1244 1681 1299 minime
1707 1242 1884 1297 valuit

259 1341 690 1414 assequi.Parta
714 1340 881 1392 tanta
905 1351 968 1389 ac
988 1337 1108 1388 tam
1130 1334 1422 1404 insperata
1445 1330 1703 1398 victoria,
1748 1331 1881 1384 Fre-

258 1428 541 1503 degundis
570 1443 715 1482 cum
746 1424 866 1478 filio
910 1420 1183 1487 Clotario,
1237 1423 1295 1475 et
1328 1435 1460 1473 cum
1519 1421 1883 1473 armatorum

256 1519 510 1574 maximo
531 1530 753 1582 cuneo,
782 1512 1131 1566 Bemeusem
1150 1506 1369 1562 invadit
1389 1506 1881 1578 Campaniam,re-

255 1611 413 1682 plens
452 1604 669 1661 omnia
718 1599 986 1657 incendio
1033 1602 1092 1652 et
1140 1596 1442 1667 sanguine.
1502 1596 1885 1651 Vastabantur

256 1700 458 1753 cuncta
481 1695 579 1750 die
613 1696 929 1763 noctuque,
957 1685 1346 1743 exurebantur
1369 1684 1628 1753 tediﬁcia,
1645 1684 1876 1756 diripie-

257 1787 471 1842 bantur
491 1780 881 1856 patrimonia,
903 1775 1341 1848 perimebantur
1362 1773 1687 1845 quicunque
1717 1774 1884 1827 erant
1909 1785 1961 1844 Β

257 1873 481 1929 habiles
512 1871 591 1926 ad
632 1868 813 1934 bella,
832 1862 1046 1920 infirmi
1090 1860 1467 1946 servabantur
1496 1861 1569 1914 ad
1598 1859 1884 1914 servitutis

259 1959 466 2016 ofﬁcia.
497 1956 611 2012 Ubi
631 1954 888 2010 caedibus
908 1967 972 2006 ac
997 1948 1218 2022 rapinis
1268 1947 1645 2015 satisfactum,
1677 1947 1889 2002 Frede-

258 2047 469 2120 gundis
499 2061 677 2100 suum
728 2040 1061 2097 Suessionas
1091 2037 1321 2091 reduxit
1359 2035 1694 2090 exercitum.
1747 2037 1889 2090 Acta

259 2139 397 2262 stunt
437 2136 566 2190 haec
596 2133 662 2187 in
694 2145 850 2202 pago
882 2124 1267 2188 Suessionico,
1299 2124 1357 2178 in
1387 2125 1513 2179 loco
1552 2126 1888 2194 nuncupato

306 2222 501 2262 meco.

306 2222 501 2262 ωθοο.

857 2337 1078 2395 CAPUT
1097 2336 1359 2392 LXXXIII.

264 2435 357 2491 De
389 2445 581 2490 mutua
606 2432 951 2487 Francorum
968 2428 1390 2495 Brittonumque
1403 2422 1561 2495 aside,
1591 2422 1653 2476 de
1688 2422 1895 2495 Verno-

348 2524 471 2562 rum
500 2506 686 2570 exilio,
717 2500 1012 2571 Grippom's
1040 2493 1324 2568 legatione,
1358 2500 1407 2549 et
1436 2493 1779 2548 Francorum
1803 2494 1894 2549 in-

348 2576 581 2633 Italiam
610 2572 962 2646 expeditione.

339 2705 507 2756 Anno
525 2697 784 2755 secundo
799 2711 930 2751 cum
943 2708 1191 2765 regnum
1204 2687 1892 2761 suscepissetBurgundiaz

262 2788 695 2853 Childebertus,
720 2781 1000 2838 exercitus
1020 2782 1377 2835 Francorum
1398 2777 1572 2831 simul
1594 2791 1658 2829 ac
1680 2775 1886 2829 Britto.

258 2894 412 2931 num
442 2877 498 2930 in
518 2877 794 2929 mutuum
826 2866 1450 2931 inhiantesinteritum,
1480 2867 1683 2917 mutua
1703 2866 1889 2918 semet

265 2964 430 3017 ccede
448 2963 851 3035 prosternunt.
885 2956 1161 3029 Sequenti
1182 2970 1338 3009 anno
1364 2954 1546 3006 multa
1574 2951 1633 3004 in
1667 2952 1802 3005 caelo
1820 2951 1891 3006 si-

260 3068 391 3124 gna
404 3055 532 3108 sunt
544 3054 783 3106 ostensa
799 3045 1133 3118 etapparuit
1151 3044 1317 3098 stella
1338 3043 1610 3095 cometes.
1627 3040 1704 3094 Eo
1732 3056 1886 3094 anno

258 3140 545 3195 exercitus
578 3135 931 3193 Childeberti
951 3128 1731 3201 cumVarnis,quirebellare
1761 3132 1886 3182 ten-
1921 3149 1968 3209 ο

258 3229 489 3296 tabent,
511 3225 797 3292 conflixit;
829 3223 985 3295 quod
1006 3221 1185 3276 etiam
1201 3235 1351 3290 pene
1384 3234 1560 3289 usque
1590 3216 1664 3270 ad
1687 3232 1886 3287 supre-

261 3332 433 3371 mum
460 3316 631 3371 exitio
659 3312 845 3371 dedit.
871 3312 980 3364 Hac
995 3309 1173 3365 etiam
1201 3308 1544 3378 tempestate
1567 3304 1777 3376 Grippo
1810 3305 1889 3359 le-

259 3407 434 3475 gatus
453 3401 813 3459 Childeberti
839 3415 969 3454 cum
987 3394 1410 3453 aConstantino
1417 3392 1535 3466 poli
1554 3395 1884 3461 remeasset,

260 3497 330 3548 et
358 3495 543 3549 eidem
570 3491 696 3563 regi
729 3488 1021 3563 quomodo
1067 3484 1388 3540 honorifice
1416 3483 1486 3537 ab
1534 3482 1886 3554 imperatore

260 3582 529 3637 Iauricio
552 3582 853 3649 susceptus
871 3577 1020 3631 foret
1036 3573 1379 3639 nuntiasset,
1399 3570 1625 3643 etquod
1645 3569 1886 3640 injurias

263 3685 408 3741 quas
425 3668 579 3741 apud
596 3664 1013 3737 Carthaginem
1029 3677 1333 3736 perpessus
1345 3660 1552 3725 fuerat,
1570 3658 1886 3729 imperator

263 3758 343 3812 ad
368 3759 728 3813 voluntatem
771 3751 1099 3808 Chideberti
1126 3768 1185 3805 se
1230 3750 1419 3803 ultum
1446 3747 1529 3800 ire
1552 3745 1880 3817 promisset,

265 3845 666 3901 Childebertus
696 3842 903 3897 iterato
932 3838 1133 3912 viginti
1146 3838 1317 3893 duces
1348 3852 1480 3890 cum
1511 3835 1658 3888 lecta
1687 3833 1746 3887 in
1779 3835 1882 3887 Ita-

266 3932 401 3988 liam
433 3933 635 4005 dirigit
682 3930 856 4002 pube,
893 3929 963 3983 ad
1016 3927 1326 3983 delendam
1361 3922 1881 3995 Longobardorum

267 4021 574 4091 gentem.E
594 4019 803 4092 quibus
824 4017 1174 4080 Andoaldus,
1195 4017 1253 4068 et
1273 4012 1397 4079 Olo,
1429 4016 1602 4083 atque
1634 4009 1881 4065 Cedinus

272 4109 684 4164 eminentiores
702 4106 883 4160 fuere.
910 4104 1022 4159 Sed
1039 4104 1165 4169 010,
1188 4118 1320 4157 cum
1348 4098 1672 4170 improvide
1696 4098 1770 4153 ad
1788 4098 1876 4151 Bi-

272 4194 476 4251 litionis
498 4199 756 4250 castrum
777 4191 1120 4257 accessisset,
1136 4190 1328 4261 jaculo
1353 4187 1456 4242 sub
1473 4187 1731 4242 mamilla
1747 4203 1874 4241 sau-

276 4285 444 4340 ciatus
466 4284 679 4340 cecidit
704 4285 763 4336 et
792 4285 1052 4335 mortuus
1082 4281 1187 4333 est.
1211 4278 1283 4332 At
1309 4292 1441 4331 vero
1458 4273 1790 4329 Andoaldus
1820 4276 1877 4328 et

277 4389 363 4427 sex
391 4374 565 4437 duces
595 4372 973 4436 Francorum,
1026 4367 1099 4421 ad
1123 4362 1640 4422 Mediolanensium
1668 4360 1873 4416 urbem

280 4462 582 4529 venientes,
613 4460 676 4513 in
709 4456 1125 4528 campestribus
1170 4456 1357 4509 castra
1380 4453 1717 4524 posuerunt.
1755 4450 1876 4515 Quo

280 4549 392 4606 loco
421 4547 792 4622 imperatoris
810 4544 985 4617 legati
1016 4544 1204 4615 adpos
1220 4544 1523 4607 venerunt,
1541 4538 1878 4595 nuntiantes

284 4639 461 4694 adesse
486 4637 803 4694 exercitum
836 4635 894 4689 in
926 4633 1213 4704 adjutorio
1247 4629 1874 4701 eorum,dicentesque:

258 4732 312 4775 ‘u
337 4726 472 4792 Quia
492 4730 623 4799 post
647 4725 907 4780 triduum
927 4738 1042 4777 una
1067 4738 1199 4777 cum
1218 4720 1300 4775 eis
1324 4719 1646 4786 veniemus,
1680 4720 1740 4771 et
1768 4719 1877 4772 hoc

281 4816 424 4870 vobis
452 4815 564 4871 erit
593 4814 827 4886 signum
858 4830 871 4881 ;
906 4827 1039 4866 cum
1066 4808 1321 4866 videritis
1350 4806 1497 4861 villae
1518 4806 1713 4876 hujus,
1747 4823 1876 4878 quae

280 4902 331 4958 in
358 4905 553 4959 monte
581 4905 667 4957 est
696 4901 822 4967 sita,
855 4899 1063 4955 domos
1092 4895 1358 4952 incendio
1380 4893 1766 4961 concremari,
1786 4894 1871 4948 fu-

283 5007 546 5064 mumque
583 5007 763 5061 usque
789 4988 863 5043 ad
887 4989 1057 5043 coelos
1070 4982 1754 5050 conscendere,noveritis
1768 5000 1874 5039 nos

283 5095 399 5134 cum
422 5080 777 5145 cohortibus,
814 5093 958 5149 quos
971 5075 1332 5147 pollicemur,
1360 5073 1729 5127 adventare.»
1763 5071 1877 5127 Sed

283 5172 632 5241 expectantes
662 5168 1013 5221 Francorum
1037 5165 1206 5219 duces
1228 5162 1427 5217 diebus
1453 5178 1548 5216 sex
1564 5161 1728 5233 juxta
1754 5162 1874 5234 pla-

283 5258 463 5326 citum,
494 5258 717 5312 nullum
745 5272 809 5310 ex
832 5255 919 5309 his
949 5270 1092 5326 quos
1128 5251 1302 5323 legati
1356 5250 1745 5323 promiserant
1780 5266 1873 5305 ve-

283 5348 413 5401 nisse
443 5346 885 5419 conspexerunt.
917 5342 1163 5398 Cedinus
1195 5344 1389 5395 autem
1431 5356 1563 5393 cum
1590 5338 1869 5393 tredecim

283 5436 502 5491 ducibus
523 5437 724 5490 laevam
754 5435 926 5489 Italia:
943 5432 1250 5503 ingressus,
1274 5429 1527 5501 quinque
1541 5429 1773 5483 castella
1789 5444 1876 5482 ce-

282 5525 369 5597 pit,
390 5543 423 5580 a
453 5526 662 5597 quibus
690 5525 861 5578 etiam
890 5520 1252 5576 sacramenta
1280 5518 1489 5589 exegit.
1524 5518 1586 5571 In
1628 5516 1869 5570 Triden-

282 5615 386 5670 tino
416 5631 648 5689 quoque
683 5609 995 5677 territorio,
1013 5607 1213 5666 decem
1230 5607 1461 5664 castella
1485 5622 1518 5661 a
1538 5604 1766 5663 Francis
1780 5605 1865 5663 di-

1978 565 2100 617 Pro
2135 561 2390 632 Ferruge
2422 580 2559 617 vero
2586 565 2795 632 castro,
2825 564 3337 624 intercedentibus
3363 572 3650 650 epiSCOpis

1984 649 2286 722 Ingnuino
2329 651 2399 705 de
2434 651 2703 719 Savione,
2737 656 2794 706 et
2823 656 3082 725 Agnello
3109 655 3477 730 Tridentino,
3514 649 3652 723 data

1983 743 2077 793 est
2096 738 2587 811 redemptioﬂper
2608 744 2780 811 caput
2801 742 3268 817 uniuscujusque
3300 747 3405 803 viri
3432 752 3651 811 solidus

1987 844 2354 899 unus,usque
2369 828 2444 882 ad
2460 845 2751 882 summam
2767 834 3188 887 sexeentorum
3205 836 3645 899 solidorum.1n-

1989 917 2160 969 terea
2190 915 2551 970 Francorum
2585 918 2887 982 exercitus,
2915 926 3472 999 cumessettempus
3494 933 3645 987 aesti-

1989 1003 2745 1074 vum,propterinconsueti
2766 1008 3517 1087 acrisincommoditatem,
3544 1022 3647 1092 dy-

1997 1092 2271 1182 senteriee
2313 1092 2529 1182 morbo
2562 1094 2810 1163 graviter
2836 1096 3180 1153 laborabat.
3238 1102 3499 1178 Cumque
3542 1127 3647 1182 per

1988 1179 2171 1233 trium
2198 1178 2491 1234 curricula
2512 1182 2803 1236 mensium
2819 1184 3058 1239 Italiam
3088 1196 3522 1263 pervagaretur,
3542 1178 3643 1253 ne-

1991 1282 2107 1336 que
2138 1283 2367 1337 regem,
2404 1284 2584 1339 quem
2613 1269 2901 1339 perditum
2924 1280 3199 1345 venerat,
3232 1280 3519 1353 attingere
3550 1302 3642 1341 va-

1986 1357 2237 1423 leret,eo
2251 1356 2415 1427 quod
2433 1372 2493 1409 se
2510 1356 2662 1412 intra
2678 1358 2910 1414 Ticinen
2921 1379 3055 1417 sem
3076 1366 3395 1426 claussisset
3408 1373 3638 1441 urbem,

1989 1444 2234 1533 aeris,ut
2262 1444 2543 1513 diximus,
2572 1444 2898 1503 inﬁrmatus
2931 1450 3394 1527 intemperantio
3416 1461 3492 1514 ad
3518 1479 3648 1533 pro-

1994 1532 2125 1605 pria
2153 1533 2349 1589 rediit.

2504 1623 2727 1678 CAPUT
2759 1627 3024 1684 LXXXIV.

1987 1692 2073 1747 De
2111 1691 2457 1783 Chilg’elbergz:
2544 1695 2809 1783 arcersito:
2840 1700 3100 1783 interitu,
3135 1712 3185 1758 et
3233 1706 3488 1783 ﬁliorum
3531 1714 3645 1783 ejus

2244 1763 2598 1818 Theodebertz‘
2622 1770 2671 1820 et
2700 1767 3025 1825 Theodorz‘cz'
3042 1763 3378 1835 successione.

2067 1853 2237 1943 Anno
2267 1868 2321 1906 1v
2345 1853 2519 1924 regni
2536 1854 2881 1943 Burgundize
2911 1874 2947 1912 a
2966 1859 3341 1920 Childeberto
3367 1874 3638 1943 suscepti,

1991 1940 2224 2011 paterni
2250 1957 2389 1995 vero
2412 1941 2582 2013 regni
2607 1942 2879 1998 vicesimo
2904 1947 3105 2015 tertio,
3122 1955 3312 2007 aetatis
3322 1971 3502 2025 porro
3518 1940 3636 2017 suat

1989 2045 2114 2096 xxv,
2146 2028 2303 2084 idem
2334 2046 2430 2084 res
2462 2029 2859 2084 Childebertus
2889 2047 3031 2088 cum
3064 2052 3241 2093 uxore
3273 2045 3640 2115 propria,sic-

1996 2122 2058 2172 ut
2089 2119 2293 2186 fertur,
2345 2118 2398 2173 vi
2433 2118 2640 2172 veneni
2691 2117 3101 2191 exstinguitur.
3152 2126 3248 2182 Hic
3287 2133 3373 2185 est
3403 2132 3635 2192 Childe-

1997 2208 2196 2262 bertus
2227 2206 2377 2262 filius
2405 2206 2714 2278 Sigeberti,
2743 2206 2841 2277 qui
2873 2209 3058 2265 etiam
3085 2215 3290 2271 Junior
3321 2219 3508 2277 dictus
3525 2230 3630 2281 est.

1999 2295 2101 2351 Cui
2148 2298 2547 2352 successerunt
2574 2294 2687 2349 duo
2738 2293 2843 2348 filii
2875 2298 2984 2358 sui.
3024 2301 3214 2357 adhuc
3265 2310 3496 2377 pueruli
3525 2314 3632 2369 sub

1998 2384 2183 2438 tutela
2220 2384 2359 2438 aviae
2398 2382 2798 2437 Brunecbildis
2816 2386 3207 2457 constituti;et
3226 2392 3631 2456 Theodeberto

2004 2471 2238 2543 quidem
2270 2487 2521 2544 regnum
2546 2470 3001 2541 Austrasiorum,
3036 2479 3195 2548 quod
3220 2485 3389 2551 pater
3404 2484 3630 2543 Cbilde-

1998 2560 2196 2615 bertus
2214 2578 2248 2615 a
2260 2560 2526 2632 genitore
2546 2576 2647 2614 suo
2662 2559 2717 2613 Si
2724 2560 2967 2630 geberto
2984 2563 3092 2618 sibi
3106 2567 3375 2625 relictum
3392 2588 3627 2646 accepe-

1996 2652 2105 2719 rat;
2151 2650 2506 2705 Theodorico
2535 2652 2730 2703 autem
2762 2665 3015 2721 regnum
3076 2655 3426 2726 Guntranni,
3467 2666 3625 2734 quod

1998 2737 2394 2793 Childebertus
2400 2739 2531 2807 jure
2545 2736 2876 2807 adoptionis
2894 2742 3346 2810 tenuerat,sorte
3363 2749 3619 2810 obvenit.

1996 2826 2102 2890 Qui
2126 2826 2300 2880 etiam
2323 2827 2430 2879 sibi
2459 2826 2692 2880 sedesin
2725 2824 2811 2878 his
2842 2827 3067 2893 locis,in
3093 2832 3300 2901 quibus
3314 2838 3373 2888 et
3395 2837 3620 2906 priores

1995 2914 2343 2969 constituere
2373 2913 2649 2984 reges.Ad
2669 2913 2774 2966 hos
2796 2912 3005 2968 fratres
3032 2919 3167 2970 etad
3198 2920 3387 2975 aviam
3409 2940 3615 2983 eorum

1994 3002 2436 3057 Brunecbildem
2459 3003 2683 3055 exstant
2709 3000 2964 3071 epistola:
2996 3003 3153 3059 beati
3197 3007 3458 3078 Gregorii
3498 3013 3612 3069 Ro-

1992 3093 2150 3148 mani
2174 3091 2483 3164 pontiﬁcis,
2511 3090 2916 3161 Augustinum,
2947 3096 3343 3167 quem‘Anglis
3373 3098 3613 3159 Saxoni-

1990 3182 2094 3236 bus
2117 3181 2501 3235 destinaverat
2521 3179 2874 3250 episcopum,
2908 3179 3018 3235 illis
3041 3185 3527 3246 commendantis.
3544 3193 3608 3246 In

1989 3269 2195 3342 quibus
2222 3269 2379 3324 idem
2406 3269 2491 3322 vir
2521 3266 2750 3323 Domini
2780 3270 2997 3338 petenti
3030 3277 3371 3328 memoratae
3389 3277 3606 3347 regina:

1988 3358 2202 3413 fatatur
2241 3374 2301 3412 se
2332 3356 2604 3428 reliquias
2628 3356 2936 3411 beatorum
2959 3361 3356 3431 apostolorum
3379 3364 3531 3419 Petri
3550 3370 3608 3422 et

1989 3446 2424 3517 Paulijmisisse.

2513 3538 2736 3592 CAPUT
2757 3538 2986 3593 LXXXV.

1986 3627 2069 3681 De
2098 3626 2429 3701 Hunnorum
2454 3628 2509 3679 in
2543 3627 2873 3701 Therinng
2900 3629 3216 3701 irrugtz'one,
3271 3635 3321 3682 et
3371 3627 3605 3701 Agilul/i

2270 3715 2361 3751 seu
2389 3698 2597 3765 Agonis
2629 3698 2888 3766 legatione
2913 3700 2968 3751 in
3005 3698 3323 3755 Franciam.

2056 3786 2213 3839 Tunc
2244 3784 2525 3853 temporis
2556 3783 2767 3849 Hunni,
2801 3784 2897 3855 qui
2929 3787 2987 3839 et
3019 3789 3227 3840 Avares
3247 3787 3534 3855 dicuntur,
3567 3807 3601 3844 a

1987 3873 2289 3929 Pannonia
2309 3874 2544 3943 egressi,
2579 3872 2636 3925 in
2679 3872 3031 3944 Thoringam
3061 3874 3212 3928 bella
3263 3874 3599 3945 gravissima

1984 3962 2308 4017 cumFracis
2328 3960 2763 4033 gesserunt.Qui
2788 3965 2984 4016 tamen
3002 3980 3035 4016 εὶ
3066 3962 3464 4028 Brunecliilde,
3496 3979 3597 4018 seu

1981 4052 2053 4107 ab
2067 4052 2188 4123 ejus
2208 4052 2534 4124 nepotibus.
2551 4053 2786 4121 accepta
2799 4051 3044 4121 pecunia
3058 4050 3355 4105 redierunt
3371 4051 3443 4104 ad
3462 4067 3593 4122 pro-

1976 4143 2253 4216 pria.Ago
2280 4158 2510 4213 quoque
2541 4158 2641 4195 rex
2664 4140 3376 4212 Longobardorum,causa
3390 4156 3596 4195 eorum

1976 4231 2074 4303 qui
2117 4249 2187 4286 ex
2216 4229 2459 4286 castellis
2482 4229 2831 4283 Tridentinis
2870 4228 3077 4299 captivi
3110 4244 3143 4282 a
3171 4228 3399 4283 Francis
3439 4226 3595 4283 ducti

1977 4319 2544 4390 fuerant,Agnellum
2564 4317 2966 4372 Tridentinum
2985 4316 3317 4388 episcopum
3342 4316 3401 4371 in
3423 4317 3596 4371 Frau-

1900 4402 1954 4461 D
1976 4408 2125 4462 ciam
2156 4406 2330 4463 misit.
2365 4405 2472 4469 Qui
2494 4405 2698 4459 exinde
2721 4406 2995 4474 {rediens,
3020 4404 3343 4476 aliquantos
3397 4421 3591 4460 secum

1980 4497 2253 4568 captivos,
2286 4510 2427 4566 quos
2458 4493 2852 4547 Brunecbildis
2883 4510 2950 4547 ex
2980 4492 3214 4563 proprio
3236 4492 3587 4562 redemerat,

1981 4585 2286 4641 revocavit.
2324 4583 2500 4637 Evuin
2532 4582 2710 4637 etiam
2743 4582 2855 4636 dux
2878 4581 3351 4637 Tridentinorum
3379 4599 3412 4637 a
3441 4599 3589 4653 prae-

1982 4674 2100 4729 fato
2133 4674 2391 4747 principe
2427 4672 2657 4739 missus,
2689 4689 2794 4744 pro
2814 4671 3589 4742 obtinendapaceadGallias

1981 4762 2251 4835 perrexit.
2270 4762 2393 4827 Qua
2420 4760 2750 4831 impetrata,
2783 4761 2858 4815 ad
2885 4760 3108 4814 Italiam
3126 4775 3383 4814 reversus
3408 4763 3511 4815 est.

2479 4850 2702 4905 CAPUT
2727 4850 2980 4904 LXXXVI.

1981 4941 2059 4997 De
2113 4939 2483 5007 Fredegundz's
2534 4941 2869 5007 grassatione
2912 4946 2961 4992 et
3016 4946 3204 5005 morte,
3256 4938 3588 5005 Qumtrz'om's

2046 5012 2202 5080 cede,
2262 5011 2450 5067 Colem'
2482 5012 2740 5081 patricia,
2800 5012 3120 5082 inguz'narza
3153 5017 3320 5080 peste,
3356 5013 3588 5082 piscium

2038 5102 2153 5157 prae
2183 5085 2400 5155 fervore
2422 5083 2580 5151 ﬂuvii
2602 5081 2920 5148 decoctione,
2952 5088 3003 5138 et
3043 5081 3425 5137 Warnee/zarz'i
3444 5082 3583 5139 libe-

2048 5155 2280 5222 ralitate,

2051 5246 2127 5298 Eo
2158 5244 2334 5315 igitur
2372 5259 2525 5298 anno
2568 5259 2680 5314 quo
2736 5241 3097 5298 Cildehertus
3149 5242 3263 5296 vita
3319 5239 3582 5308 decessit,

1981 5335 2371 5406 Fredegundis
2402 5333 2625 5404 regina,
2659 5350 2789 5387 cum
2820 5333 2934 5386 lilio
2966 5333 3235 5399 Clotario,
3278 5330 3586 5403 superioris

1977 5424 2229 5480 victorize
2257 5425 2406 5478 elata
2431 5423 2746 5495 triumpho,
2779 5422 3023 5477 Parisios
3045 5425 3101 5475 et
3131 5422 3377 5493 reliquas
3415 5422 3586 5483 urbes

1975 5513 2085 5568 ritu
2118 5513 2362 5586 pervasit
2410 5513 2730 5568 barbarico.
2767 5513 3026 5576 Quorum
3081 5510 3362 5565 exercitus
3411 5525 3584 5580 super

1973 5603 2432 5661 Tlieodebertum
2447 5599 2921 5659 et'l‘heodoricum
2940 5615 3101 5670 reges
3116 5598 3582 5667 irruens,aduna-
