3934 6176
232 386 312 444 757

1231 364 1555 424 HISTORIA
1579 358 2026 420 FRANCORUM.
2049 391 2122 407 —
2157 361 2288 423 LIB.
2310 363 2402 420 ΠΙ.

3369 359 3479 421 758

233 507 297 562 est
310 494 586 558 Dommilus
616 491 676 548 in
698 488 1038 547 sacerdotali
1053 487 1359 547 officio.Eo
1373 503 1527 544 anno
1541 485 1765 559 eclipsis
1787 489 1844 549 Α
1870 485 2208 541 Bertoaldus
2242 483 2593 540 nominatim
2622 481 3002 540 Landericum
3029 479 3301 550 vocitare,
3331 485 3392 539 et
3417 485 3484 540 ut

230 593 332 650 solis
349 590 474 644 facta
501 586 602 640 est.

771 670 992 725 CAPUT
1031 669 1160 724 XCI.

1865 591 2060 630 secum
2083 575 2250 645 juxta
2275 574 2549 645 placitum
2572 572 3048 645 congrederetur,
3077 588 3195 628 non
3225 571 3484 628 cessabat

1865 679 2200 734 provocare.
2222 662 2387 727 Quod
2404 662 2543 717 dum
2567 661 2912 717 Landericus
2938 661 3220 716 abnueret
3247 676 3313 714 ac
3338 677 3482 732 pau-

225 771 289 826 De
309 764 445 822 σον-ὁὶ
469 767 608 826 ortu,
639 759 922 813 Βενιοαὶάὶ
948 759 1186 822 interitu,
1218 756 1536 810 ctProta‘dii
1558 754 1766 808 Brune-
1866 749 2031 804 latim
2060 751 2186 804 loco
2217 750 2466 816 cederet,
2489 749 2913 804 Bertoaldusad
2939 748 3136 803 Solum
3167 748 3483 803 subeundas

298 853 450 910 childis
477 850 727 904 amatoris
759 847 1057 914 insolentia,
1091 861 1153 902 ac
1183 863 1366 915 regum
1396 846 1667 912 conﬂictu.

274 947 411 999 Anno
425 956 472 994 1x
488 937 794 992 memorati
811 935 982 1006 regis,
1004 935 1209 989 iterato
1224 934 1276 988 ei
1327 933 1476 987 filius
1489 932 1764 999 nascitur,

223 1031 412 1090 nomine
428 1027 656 1082 Corbus.
687 1025 890 1079 Comes
923 1022 1118 1094 palatii
1148 1022 1324 1094 ipsius
1349 1020 1620 1092 principis
1635 1024 1769 1074 tunc

221 1115 445 1190 temporis
468 1113 802 1169 Bertoaldus
823 1114 947 1166 erat
965 1111 1050 1165 vir
1073 1110 1299 1182 sapiens
1329 1112 1615 1176 etcautus,
1644 1124 1769 1162 mo-

217 1209 338 1264 ribus
362 1205 497 1274 regis
525 1218 833 1272 congruus,
863 1199 924 1254 in
955 1198 1155 1270 praelio
1210 1197 1395 1264 fortis,
1430 1214 1493 1251 ac
1526 1198 1584 1250 in
1613 1212 1771 1250 com-

219 1297 352 1352 misso
377 1291 566 1347 fidelis.
601 1289 900 1345 Protadius
942 1304 1078 1342 vero
1116 1287 1352 1358 quidam
1399 1289 1524 1340 erat
1559 1299 1775 1356 genere

218 1386 475 1447 Romanus,
494 1376 864 1434 Brunechildi
887 1392 1058 1430 causa
1078 1376 1256 1446 stupri
1273 1373 1773 1438 familiarissimus,

220 1475 262 1526 et
285 1471 344 1523 ob
363 1469 413 1522 id
436 1468 489 1521 in
517 1482 670 1537 pago
702 1463 1093 1534 Ultrajurano,
1125 1466 1256 1532 post
1279 1461 1775 1525 Wandalmarum,

217 1557 270 1611 ab
283 1573 338 1610 ea
350 1557 450 1609 dux
462 1553 826 1608 constitutus.
847 1552 1148 1606 Crescente
1162 1550 1353 1622 itaque
1365 1549 1780 1604 consuetudine

216 1644 324 1709 vitii,
357 1643 522 1698 crevit
551 1642 723 1696 simul
759 1645 816 1696 et
857 1639 1206 1694 desiderium
1233 1639 1473 1694 honoris
1498 1653 1778 1708 augmen-

216 1733 360 1787 iandi.
387 1732 572 1786 Tacite
593 1746 731 1801 ergo
753 1730 863 1784 hoc
881 1729 1284 1800 praemeditata
1299 1727 1624 1794 consilium,
1640 1743 1782 1796 prae-

1871 838 2077 894 mortis
2106 838 2374 894 affectum
2396 838 2725 893 insurrexit.
2760 838 2829 892 Et
2855 837 2991 910 quia
3009 836 3134 908 jam
3181 835 3483 908 cognitum

1870 929 2142 995 habebat,
2174 929 2328 1000 quod
2359 925 2764 982 Brunechildis
2783 942 2918 980 eum
2939 942 2973 980 a
2992 924 3233 998 pristino
3248 923 3486 980 honoris

1871 1016 2056 1088 gradu
2073 1015 2341 1086 dejicere,
2366 1031 2431 1070 ac
2450 1015 2795 1070 Protadium
2815 1030 2921 1086 pro
2944 1030 3012 1068 eo
3034 1013 3336 1068 moliretur
3354 1028 3488 1068 con-

1870 1106 2128 1172 stituere,
2149 1105 2354 1158 melius
2359 1102 2638 1174 judicavit
2659 1119 2793 1158 cum
2809 1103 3016 1158 decore
3035 1102 3186 1158 bello
3211 1104 3487 1174 oppetere

1875 1211 2050 1266 quam
2097 1193 2383 1265 reliquum
2415 1192 2571 1263 quod
2613 1208 2908 1263 superesse
2934 1193 3162 1263 poterat
3198 1190 3329 1244 vita:
3353 1205 3488 1244 cum

1878 1284 2162 1338 dedecore
2193 1282 2421 1337 ducere.
2454 1282 2604 1335 Dum
2635 1280 2828 1352 itaque
2854 1279 3111 1353 palantia
3161 1279 3352 1334 studet
3379 1278 3488 1333 im-

1881 1373 2108 1442 pulsare
2127 1370 2362 1442 agmina
2378 1369 2928 1442 oppressionemque
2945 1368 3002 1424 in
3017 1368 3286 1423 cedentes
3301 1367 3492 1423 hostes

1878 1461 2090 1527 facere,
2109 1461 2480 1514 occurrentes
2493 1475 2722 1530 quoque
2736 1473 3017 1512 mucrone
3035 1458 3495 1522 sterneret,unus

1881 1565 1916 1602 a
1937 1547 2134 1602 multis
2159 1548 2546 1602 circumdatus
2577 1561 2994 1618 oppressusque
3007 1542 3410 1615 exstinguitur.
3429 1543 3493 1597 In

1885 1652 1952 1690 eo
1988 1635 2184 1706 prazlio
2210 1636 2498 1690 Meroveus
2537 1634 2687 1688 filius
2733 1633 2967 1689 Clotarii
2995 1633 3238 1704 capitur.
3273 1629 3496 1686 Lande-

1884 1723 2034 1778 ricus
2063 1740 2191 1778 cum
2223 1723 2472 1778 Clotario
2498 1723 2558 1777 in
2587 1723 2786 1794 fugam
2822 1721 3081 1789 vertitur,
3110 1719 3500 1776 Theodericus

216 1820 414 1892 sumpsit
434 1824 710 1890 nepotem
741 1835 906 1873 orare
944 1834 1110 1872 suum
1157 1820 1221 1870 ut
1264 1815 1615 1870 interficeret
1645 1817 1783 1869 Ber-
1804 1807 1856 1866 Β
1886 1812 2071 1866 victor
2097 1811 2339 1865 Parisios
2369 1810 2712 1883 ingreditur.
2767 1813 2900 1865 Post
2928 1811 3050 1864 huic
3073 1809 3502 1865 Theodebertus

215 1909 449 1973 toaldum,
474 1911 534 1960 et
549 1908 834 1977 majorem
855 1905 1032 1960 totius
1053 1905 1228 1975 regiae
1252 1905 1458 1959 domus
1479 1904 1784 1958 constitue-

213 1998 282 2048 ret
304 1994 649 2050 Protadium.
671 1997 816 2049 Tum
848 1994 998 2048 forte
1025 1993 1358 2048 Bertoaldus
1379 2008 1412 2045 a
1428 1991 1782 2046 Theodorico

210 2098 314 2136 cum
337 2083 600 2137 trecentis
639 2082 697 2136 in
732 2081 1077 2148 Neustriam,
1111 2083 1175 2134 ut
1204 2082 1432 2152 partem
1464 2077 1631 2149 regni
1661 2079 1784 2149 ejus

209 2174 446 2236 tueretur,
489 2171 744 2226 directus
779 2169 933 2233 viris,
963 2170 1272 2222 Arenauno
1306 2166 1425 2230 [al.,
1471 2168 1784 2228 Arelauno]

209 2259 314 2314 villa
330 2259 617 2314 venationi
641 2274 878 2331 operam
899 2257 1093 2312 dabat.
1116 2256 1238 2320 Quo
1260 2258 1580 2326 comperto,
1595 2254 1783 2309 Clota-

207 2348 300 2401 rius
321 2348 490 2402 filium
513 2349 866 2412 Meroveum,
891 2348 950 2400 et
971 2345 1351 2399 Landericum
1373 2343 1600 2410 ducem,
1639 2342 1786 2396 datis

207 2433 253 2488 in
267 2435 658 2505 adjumentum
686 2434 818 2488 viris
837 2432 1181 2500 strenuis,ad
1195 2429 1641 2502 opprimendum
1654 2431 1785 2483 Ber-

204 2523 428 2577 toaldum
474 2522 700 2594 dirigit.
725 2521 1058 2576 Bertoaldus
1082 2519 1280 2574 hoster
1306 2534 1477 2588 super
1506 2534 1587 2584 se,
1615 2518 1786 2572 certis

204 2610 388 2664 nuntiis
417 2611 473 2665 id
503 2608 1150 2674 deferentibus,irruere
1172 2607 1315 2660 velle
1339 2608 1786 2676 cognoscens,et

201 2715 248 2753 se
273 2700 338 2754 ad
380 2698 769 2754 resistendum
809 2696 1020 2751 viribus
1065 2696 1348 2766 imparem
1410 2695 1533 2749 fore
1578 2695 1779 2761 sciens,

203 2790 339 2858 terga
357 2791 590 2842 vertens
614 2784 934 2840 Aurelianis
965 2800 1024 2838 se
1051 2785 1293 2849 confert,
1336 2783 1528 2854 ibique
1557 2801 1590 2837 a
1611 2784 1780 2838 beato

198 2875 445 2930 Austreno
473 2874 740 2946 ejusdem
757 2872 912 2927 urbis
933 2871 1198 2942 episcopo
1216 2871 1538 2943 suscipitur.
1563 2871 1780 2926 Laude-

199 2962 323 3017 ricus
346 2966 474 3017 ante
501 2964 736 3036 portam
783 2959 1025 3014 civitatis
1069 2959 1492 3014 Aurelianensis
1531 2959 1782 3014 exercitu

199 3049 434 3117 deducto,
451 3049 827 3106 Bertoaldum
841 3048 913 3102 ad
927 3063 1186 3119 pugnam
1199 3048 1395 3119 egredi
1410 3048 1778 3119 provocabat.

1885 1917 2017 1954 eum
2046 1899 2294 1954 Clotario
2317 1915 2520 1969 pacem
2540 1898 2895 1972 Compendio
2918 1898 3050 1953 villa
3069 1897 3264 1965 inivit;
3288 1895 3499 1953 exerci-

1886 1991 1978 2042 tus
2003 2003 2135 2042 vero
2166 2002 2369 2041 eorum
2394 1987 2602 2042 illmsus
2631 1987 2705 2041 ad
2736 1987 2973 2059 propria
3001 1985 3190 2042 rediit.

2478 2075 2703 2130 CAPUT
2739 2074 2896 2129 XCII.

1889 2146 1979 2201 De
2017 2145 2261 2202 Protadii
2306 2145 2559 2218 Romani,
2619 2148 2714 2218 qui
2753 2146 2932 2215 factus
2975 2149 3050 2199 est
3093 2144 3278 2218 major
3314 2143 3500 2218 domus

1964 2219 2143 2286 regias,
2175 2219 2406 2272 avaritia
2437 2217 2600 2286 foeda,
2623 2215 2712 2271 _ob
2759 2234 2921 2287 quam
2950 2215 3199 2270 omnibus
3228 2217 3392 2287 evasit
3417 2216 3501 2269 in-

1962 2292 2122 2354 visus,
2172 2295 2222 2343 et
2276 2287 2487 2342 tandem
2541 2305 2573 2340 a
2611 2286 2926 2357 proceribus
2963 2293 3036 2340 est
3074 2286 3503 2357 interfectust“

1960 2376 2106 2429 reges
2159 2359 2503 2430 reconciliati,
2543 2355 2711 2430 tle—que
2751 2359 3069 2414 successione
3128 2355 3349 2411 Claudii
3399 2355 3506 2410 Ro-

1958 2432 2114 2484 mani
2139 2429 2250 2484 viri
2270 2429 2566 2499 prudentis.

1961 2519 2136 2572 Anno
2163 2535 2196 2570 x
2227 2516 2394 2587 regni
2412 2515 2772 2582 Theoderici,
2788 2515 2954 2586 juxta
2977 2516 3338 2570 voluntatem
3360 2515 3502 2571 Bru-

1886 2605 2184 2672 nechildis,
2215 2621 2279 2660 ex
2310 2608 2598 2676 praecepto
2627 2603 2967 2660 Theoderici
2995 2603 3296 2659 Protadius
3313 2603 3506 2674 major

1886 2698 2097 2751 domus
2117 2694 2506 2749 constituitur.
2529 2693 2636 2758 Qui
2667 2710 2797 2748 cum
2830 2711 2999 2750 sensu
3024 2693 3423 2767 argutissimus
3438 2709 3506 2748 ac

1884 2783 1943 2838 in
1991 2782 2240 2838 consiliis
2287 2783 2600 2836 haberetur
2644 2785 2931 2848 strenuus,
2977 2799 3127 2837 saeva
3179 2785 3380 2837 tamen
3420 2781 3504 2838 illi

1885 2871 2074 2926 inerat
2105 2874 2310 2926 contra
2337 2872 2650 2942 locupletes
2671 2870 2999 2940 cupiditatis
3019 2872 3266 2938 macula,
3299 2871 3502 2928 fiscum

1887 2959 2102 3015 volenti
2135 2960 2355 3031 replere
2381 2975 2446 3014 ac
2475 2958 2724 3028 seipsum
2755 2959 2958 3014 ditare.
2993 2959 3251 3031 Denique
3293 2958 3501 3014 nobili-

1885 3051 2066 3103 tatem
2097 3047 2434 3102 insectando
2474 3047 2826 3117 Burgundim
2872 3063 3076 3102 omnes
3113 3046 3349 3118 cupiens
3394 3045 3501 3103 sibi

198 3136 280 3190 Cui
306 3137 667 3194 Bertoaldus:
705 3159 733 3187 «
777 3137 1114 3200 Numeroso,
1152 3135 1264 3205 .ait,
1316 3137 1554 3190 vallatus
1598 3135 1780 3190 milite
1801 3136 1849 3200 Ο
1887 3135 2188 3207 subjicere,
2221 3151 2313 3190 res
2338 3150 2541 3190 eorum
2569 3135 2888 3190 conabatur
2909 3134 3118 3206 injuste
3145 3134 3392 3201 auferre,
3425 3150 3502 3189 ne

196 3226 408 3281 conﬁdis
419 3243 514 3282 me
552 3241 684 3279 cum
716 3223 908 3296 paucis
927 3222 1030 3277 tibi
1053 3239 1168 3278 non
1189 3240 1351 3294 posse
1379 3224 1662 3278 resistere.
1682 3224 1784 3278 Ve-

192 3328 322 3380 rum,
346 3314 388 3367 si
422 3316 641 3385 placet,
673 3329 778 3367 nos
809 3312 922 3366 duo
953 3311 1259 3383 singularis
1305 3311 1569 3366 ineamus
1599 3315 1782 3366 certa-

194 3400 330 3456 mina
354 3419 597 3474 pugnas,
624 3402 822 3472 procul
839 3417 1114 3473 suspensa
1137 3404 1489 3455 armatorum
1523 3401 1781 3455 multitu-

191 3488 304 3544 dine
329 3494 384 3544 et
412 3491 496 3546 rei
515 3493 797 3545 eventum
821 3492 1205 3560 exspectante.
1233 3489 1449 3544 Nullius
1473 3489 1784 3544 adsitsola-

189 3575 310 3632 tium
359 3578 650 3644 satellitis,
721 3576 896 3632 solius
953 3580 1313 3649 exspectetur
1368 3593 1611 3631 examen
1646 3576 1786 3648 justi

182 3661 383 3732 judicis.
404 3685 436 3718 ι
450 3667 778 3722 Recusante
810 3664 1122 3719 Landerico
1135 3664 1429 3736 congredi,
1453 3665 1784 3720 Bertoaldus

190 3749 368 3808 iterato
400 3755 552 3809 dixit
582 3754 669 3808 ei:
702 3773 735 3806 α
767 3753 914 3818 Quia
952 3752 1202 3807 formido
1241 3757 1296 3807 te
1335 3769 1486 3806 nunc
1517 3753 1788 3824 prohibet

188 3854 392 3896 mecum
410 3859 663 3898 manum
690 3857 992 3897 conserere
1010 3841 1339 3912 proximum
1368 3843 1453 3895 est
1479 3843 1542 3894 ut
1563 3841 1786 3895 domini

190 3929 368 3995 nostri,
397 3947 504 4000 pro
541 3930 657 3984 tuis
683 3929 831 3984 ausis
860 3929 1205 3996 temerariis,
1239 3929 1444 4000 quibus
1474 3945 1787 4000 praesump-

189 4014 324 4082 psisti
353 4017 676 4089 praeripere
725 4017 951 4088 partem
1004 4017 1170 4087 regni
1220 4015 1442 4071 domini
1472 4016 1585 4070 mei
1610 4015 1784 4087 regis,

188 4101 319 4158 inter
346 4123 403 4160 se
436 4107 763 4162 decernant
791 4121 924 4160 cum
965 4110 1324 4160 armatorum
1352 4105 1565 4160 cuneis.
1607 4107 1783 4173 Tunc,

189 4189 224 4243 si
241 4193 502 4262 placebit,
533 4210 648 4265 ego
670 4197 729 4248 et
751 4197 809 4247 tu
830 4193 1214 4248 vermiculatis
1233 4194 1494 4264 adoperti
1517 4194 1783 4260 vestibus,

189 4277 320 4334 inter
345 4283 621 4338 conferta
663 4281 1110 4353 congrediamur
1140 4282 1395 4353 agmina.
1443 4282 1524 4338 lbi
1557 4284 1614 4337 et
1640 4299 1785 4338 meae

188 4368 447 4435 probrum
465 4371 741 4444 ignaviae,
761 4370 1053 4425 etvirtutis
1063 4374 1177 4426 tua:
1196 4371 1410 4441 poteris
1437 4371 1787 4428 documenta

188 4459 614 4523 persentiscere.
659 4481 686 4507 ››

245 4543 348 4600 Has
375 4547 750 4603 conditiones
771 4563 889 4602 non
907 4551 1187 4602 renuente
1204 4548 1540 4616 Landerico,
1559 4549 1784 4621 utrique

187 4634 434 4701 quaedam
457 4636 571 4690 sibi
593 4636 938 4703 adinvicem,
957 4636 1001 4690 si
1022 4653 1055 4690 a
1083 4640 1266 4705 empto
1291 4637 1651 4706 desisterent,
1674 4638 1784 4693 im-

185 4723 427 4788 precanti
457 4726 598 4777 sunt
644 4723 971 4777 maledicta.
1022 4725 1151 4778 Hinc
1193 4723 1330 4778 dum
1383 4725 1441 4779 in
1489 4725 1580 4780 die
1628 4726 1777 4780 festi~

185 4805 352 4863 vitatis
372 4811 565 4865 sancti
594 4811 818 4866 Martini
845 4814 1006 4883 gesta
1037 4811 1298 4881 fuissent,
1321 4816 1378 4868 et
1401 4814 1785 4870 Theodericus

184 4908 274 4962 pro
298 4903 456 4953 certo
487 4904 819 4971 agnovrsset
843 4901 998 4972 quod
1035 4917 1168 4973 pars
1188 4903 1350 4973 regni
1375 4903 1458 4956 sui
1481 4921 1509 4957 ει
1537 4903 1784 4959 Clotario

182 4997 403 5049 pervasa
432 4987 613 5055 foret,
645 4988 769 5060 ipsa
789 4987 880 5042 die
899 5005 1012 5059 qua
1030 4989 1312 5045 incarnati
1335 4991 1497 5045 Verbi
1521 4991 1784 5047 nativitas

184 5084 213 5120 a
236 5075 448 5129 cunctis
501 5076 770 5132 fidelibus
801 5078 1004 5132 devote
1034 5078 1260 5146 colitur,
1292 5084 1595 5150 promovet
1622 5097 1782 5136 exer-

181 5157 365 5225 citum,
379 5167 440 5218 et
463 5165 623 5236 apud
641 5165 1343 5238 Stampas'superﬂuvium
1359 5170 1570 5237 Junna,
1585 5173 1787 5225 contra

185 5245 514 5319 Clotarium,
555 5253 649 5325 qui
699 5254 852 5309 haud
897 5255 1128 5326 segnius
1173 5257 1416 5328 parabat
1459 5274 1781 5327 occurrere,

180 5337 346 5393 aciem
370 5342 598 5413 dirigit.
621 5341 732 5396 Sed
753 5344 889 5397 dum
915 5349 1104 5398 arctus
1121 5350 1268 5400 esset
1295 5348 1498 5401 Junnze
1529 5348 1786 5402 fluminis

181 5426 492 5496 transistus,
516 5435 823 5503 antequam
849 5436 1032 5486 totum
1054 5435 1390 5490 Theodorici
1411 5438 1787 5507 pertransiret

180 5529 402 5604 agmen,
439 5519 652 5574 initum
686 5526 772 5574 est
802 5526 1118 5578 certamen.
1159 5526 1312 5579 Inter
1339 5526 1786 5581 confertissimas

181 5602 366 5671 igitur,
380 5624 448 5662 ac
463 5608 524 5662 in
553 5613 804 5666 mutuam
820 5611 1105 5668 inhiantes
1116 5613 1430 5686 perniciem
1446 5615 1782 5687 phalanges,

1888 3225 2015 3298 quis
2045 3224 2148 3279 sibi
2173 3228 2367 3296 posset
2393 3225 2678 3279 honorem
2711 3240 2825 3295 quo
2851 3224 3150 3279 fruebatur
3177 3223 3500 3295 subripere.

1890 3313 2254 3385 Quapropter
2276 3328 2394 3366 non
2411 3313 2635 3366 valebat
2651 3311 2892 3384 quilibet
2906 3315 3211 3384 potentum
3232 3311 3504 3385 reperiri,

1889 3402 1987 3474 qui
2018 3401 2140 3472 ejus
2165 3401 2337 3455 vellet
2363 3400 2637 3455 familiari
2665 3401 2951 3473 colloquio
2985 3401 3072 3456 vel
3096 3399 3348 3456 amicitia
3368 3400 3502 3462 frui.

1889 3489 2003 3545 Sed
2035 3490 2175 3546 dum
2204 3489 2616 3558 Brunechildis,
2645 3489 2853 3545 veteris
2881 3489 3199 3545 inimicitia
3231 3489 3503 3546 recorda-

1886 3579 2046 3634 tione
2072 3578 2385 3633 vindictam
2416 3577 2794 3633 meditaretur
2823 3576 3172 3650 expulsionis
3199 3594 3338 3647 suas,
3373 3595 3504 3634 mo-

1888 3671 2170 3738 neretque
2207 3667 2629 3722 Theodericum
2666 3667 2964 3722 thesauros
3008 3666 3187 3737 patris
3226 3667 3297 3722 de
3324 3683 3504 3722 manu

1885 3754 2268 3809 Theodeberti
2295 3771 2575 3826 quaerere,
2608 3771 2866 3810 asserens
2914 3755 3078 3810 illum
3118 3772 3236 3810 non
3281 3754 3504 3810 Childe—

1889 3841 2060 3907 berti,
2093 3841 2192 3895 sed
2219 3841 2520 3912 cujusdam
2549 3841 2841 3896 hortulani
2873 3841 3056 3896 filium
3082 3841 3273 3896 fuisse.
3309 3843 3504 3896 Prota-

1889 3928 2014 3983 dius
2056 3929 2226 4001 cmpit
2273 3946 2473 4000 regem
2524 3929 2598 3983 ad
2649 3929 2771 3984 haec
2814 3929 3147 4000 peragenda
3195 3928 3502 3984 studiosius

1888 4017 2547 4072 commonere.Tandem
2564 4034 2697 4071 cum
2712 4017 2964 4072 exercitu
2973 4016 3360 4072 Theodericus
3372 4032 3502 4086 pro-

1888 4106 2088 4172 fectus,
2117 4107 2270 4178 apud
2293 4105 2683 4161 Cariaciacum
2715 4108 2902 4160 castra
2929 4104 3139 4177 posuit,
3171 4107 3406 4176 paratus
3440 4103 3498 4158 in

1888 4194 2200 4249 crastinum
2253 4211 2384 4248 cum
2427 4195 2605 4248 fratre
2633 4193 2948 4265 congredi;
2985 4191 3080 4265 qui
3111 4192 3270 4248 haud
3299 4193 3500 4264 procul

1890 4297 2023 4336 cum
2051 4282 2239 4336 valida
2251 4282 2674 4337 Austrasiorum
2698 4281 3040 4337 consederat
3056 4297 3256 4337 manu.
3274 4283 3502 4346 Interea

1887 4369 2040 4424 leudi
2067 4370 2487 4425 Theodericum
2517 4371 2735 4426 hortari
2763 4374 3082 4442 cceperunt,
3138 4393 3160 4421 ι
3219 4372 3284 4425 ut
3335 4367 3500 4425 fratri

1889 4457 2375 4526 reconciliaretur,
2416 4475 2522 4514 nec
2563 4459 2888 4514 vanissimas:
2935 4458 3235 4531 cupiditati
3262 4461 3498 4530 postpo-

1890 4550 2055 4602 neret
2085 4547 2255 4601 decus
2269 4547 2690 4618 germanitatis.
2713 4568 2737 4599 ο
2760 4548 3062 4603 Protadius
3078 4547 3499 4602 econtravehe-

1888 4638 2118 4691 menter
2144 4635 2428 4702 resistere,
2459 4636 2682 4690 dicens:
2715 4655 2746 4688 α
2775 4635 2987 4691 Pacem
3013 4635 3138 4690 fieri
3167 4650 3286 4690 non
3326 4648 3499 4705 opor-

1889 4728 2032 4779 tere.
2060 4743 2091 4776 »
2107 4723 2647 4780 Animadvertentes
2661 4724 2850 4780 caeteri
2869 4740 3136 4797 proceres
3156 4739 3290 4778 eum
3311 4723 3500 4777 solum

1889 4829 2030 4880 esse,
2063 4813 2160 4885 qui
2186 4813 2439 4868 consiliis
2479 4830 2679 4868 eorum
2712 4813 3122 4884 refragaretur,
3155 4812 3500 4867 alterutrum

1899 4902 2436 4957 sermocinabantur
2470 4902 2848 4975 Opportunius
2901 4901 3025 4956 fore
3057 4916 3240 4955 unum
3270 4899 3501 4956 tradere

1889 4991 2064 5046 morti
2086 5007 2260 5060 quam
2275 4994 2462 5047 totum
2477 4991 2789 5046 exercitum
2811 4989 3142 5063 periclitari.
3165 4989 3502 5062 Opportune

1886 5097 1984 5135 rex
2015 5080 2436 5135 exercitationis
2465 5080 2650 5151 gratia
2673 5079 2923 5136 tentorio
2957 5095 3241 5151 egressus,
3262 5091 3500 5133 rumore

1886 5169 2130 5236 ferente,
2157 5169 2445 5240 comperit
2475 5169 2758 5242 quosdam
2789 5168 3124 5223 Protadium
3172 5167 3316 5222 velle
3347 5164 3500 5238 peri-

1887 5275 2068 5326 mere,
2102 5261 2160 5312 et
2182 5257 2481 5330 proripere
2512 5273 2634 5312 sese
2678 5259 2895 5324 volens,
2930 5261 2992 5311 ut
3049 5272 3146 5311 eos
3175 5255 3248 5309 ab
3275 5250 3502 5323 injuriis

1889 5348 2198 5401 memorati
2240 5349 2565 5400 removeret
2602 5346 2729 5414 viri,
2777 5362 2811 5400 a
2837 5345 2951 5400 suis
2978 5343 3319 5415 prohibitus,
3354 5356 3417 5395 ac
3447 5339 3500 5394 vi

1891 5435 2176 5500 detentus,
2210 5435 2386 5489 mittit
2407 5436 2720 5506 quemdam
2744 5435 3097 5488 Uncelenum
3137 5423 3502 5500 nomine,qui

1892 5525 2244 5597 principibus
2264 5525 2530 5580 factionis
2544 5523 2816 5595 jussionis
2845 5540 2960 5577 sua:
2993 5520 3333 5577 auctoritate
3362 5518 3504 5571 tales

1891 5614 2259 5672 interdiceret
2283 5632 2470 5670 ausus.
2500 5615 2656 5668 Tunc
2683 5613 3001 5668 Uncelenus
3021 5611 3095 5667 ad
3125 5626 3223 5667 eos
3266 5605 3506 5663 veniens
