3934 6176
435 308 547 382 759

1511 313 1778 380 ΑΙΜΟΙΜ
1825 314 2136 376 ΜΟΝΑΩΗΙ
2169 317 2693 379 ΕωΒΙΑΩΕΝΞΕ.

3584 337 3664 398 τω

436 434 535 510 qui
555 434 685 524 jam
710 435 1144 494 tabernaculum
1172 437 1328 510 regis
1373 438 1898 508 circumdederant,
1931 459 2045 514 quo
2067 443 2123 506 Α
2145 459 2459 514 spanorum
2501 446 2673 503 illam
2724 451 3042 506 sumerent.
3092 448 3337 524 Cumque
3378 455 3670 518 Theoderico

433 523 736 581 Protadius
764 541 879 580 una
907 541 1040 580 cum
1083 527 1252 582 Petro
1285 528 1586 584 medicinae
1605 529 1744 585 artis
1765 529 1950 600 perito
1971 532 2045 586 ad

433 612 880 670 tabulasludens
904 613 1161 681 sedebat,
1193 615 1386 670 taliter
1416 616 1572 671 inﬁt:
1603 637 1633 669 ‹‹
1662 619 1830 672 Jubet
1860 619 2045 674 domi—

436 718 543 756 nus
572 717 734 755 meus
764 716 863 755 rex
889 701 1277 758 Theodericus
1327 707 1390 758 ut
1431 703 1809 760 interﬁciatur
1849 707 2047 761 Prota—

435 788 560 844 dius
586 789 711 860 paci
741 789 1083 845 contrarius.
1113 811 1141 840 »
1177 794 1310 846 Post
1335 794 1491 864 quod
1512 794 1752 848 verbum
1785 795 2049 850 certatim

435 893 641 932 omnes
662 877 981 933 tentorium
998 880 1203 950 gladiis
1219 881 1619 949 conciderunt,
1637 886 1695 937 et
1717 883 2052 937 Protadium

436 964 575 1020 inibi
601 970 1000 1037 peremerunt.
1023 968 1412 1024 Theodericus
1438 969 1572 1024 licet
1601 987 1635 1024 a
1658 971 1772 1025 suis
1802 974 2049 1038 coactus,

435 1053 750 1110 cumfratre
768 1055 1174 1111 Theodeberto
1206 1057 1558 1128 paeiﬁcatur,
1593 1066 1652 1113 et
1674 1061 2052 1131 utrorumque

435 1143 714 1200 exercitus
739 1144 945 1211 salvus,
986 1161 1053 1198 ac
1082 1144 1310 1216 integro
1338 1163 1604 1213 numero,
1638 1147 1710 1201 ad
1729 1164 1829 1202 sua
1854 1165 2048 1218 regre-

437 1230 611 1286 ditur.
637 1233 804 1288 Anno
837 1248 892 1286 χι
923 1232 1088 1304 regni
1114 1233 1454 1288 Theoderici
1483 1235 1828 1304 subrogatur
1859 1238 2053 1291 Prota-

438 1317 533 1374 dio
549 1318 740 1389 major
754 1319 960 1374 domus
972 1319 1211 1391 quidam
1227 1321 1512 1389 Claudius,
1540 1321 1738 1377 itidem
1762 1325 2053 1380 Romanus

438 1423 686 1476 genere;
717 1408 895 1462 homo
927 1408 1203 1478 prudens,
1244 1409 1357 1464 ﬁde
1406 1412 1635 1482 plenus,
1672 1412 1962 1482 jucundus
1991 1413 2051 1468 in

437 1493 666 1562 fabulis,
695 1493 967 1566 providus
1013 1496 1071 1550 in
1132 1497 1374 1568 cunctis,
1429 1499 1531 1553 sed
1561 1499 1766 1570 sagina
1797 1503 2053 1572 corporis

437 1581 601 1637 valde
627 1581 835 1653 gravis.
879 1582 985 1647 Qui
1017 1584 1453 1654 praedecessoris
1483 1586 1568 1641 sui
1600 1587 1829 1642 territus
1860 1605 2051 1644 exem-

439 1669 567 1740 plis,
599 1670 916 1725 amicitiam
956 1688 1089 1726 cum
1121 1672 1400 1728 universis
1425 1691 1673 1743 servans,
1701 1676 1890 1732 lenem
1914 1694 1973 1733 se
1991 1694 2056 1733 ac

437 1756 813 1814 favorabilem
844 1775 880 1831 p
895 1760 1172 1816 raebebat.

1017 1865 1239 1920 CAPUT
1277 1866 1454 1922 XCIII.

437 1951 524 2006 De
552 1953 754 2008 ultione
791 1969 954 2025 quam
998 1952 1380 2025 Brunechildis
1429 1956 1493 2009 de
1536 1957 1764 2010 immicis
1811 1958 2062 2016 Protadii

625 2026 779 2094 cepit,
796 2023 965 2095 deque
992 2023 1261 2080 Desiderii
1283 2028 1509 2096 episc0pi
1532 2027 1875 2097 lapidatione.

508 2109 675 2164 Anno
702 2127 776 2165 xu
805 2111 972 2182 regni
988 2111 1328 2167 Theoderici
1356 2113 1807 2186 Uncelenus,qui
1832 2115 2057 2171 fallacia

437 2215 540 2253 sua
571 2198 842 2254 Protadio
872 2215 1043 2254 causa
1068 2199 1274 2254 mortis
1315 2200 1628 2270 exstiterat,
1666 2203 1885 2258 insidiis
1917 2206 2057 2260 Bru-

440 2286 718 2342 nechildis
747 2286 894 2359 pede
926 2291 1224 2342 truncatus
1265 2290 1551 2360 rebusque
1582 2289 1694 2345 suis
1717 2292 2052 2363 expeliatus,

439 2391 616 2446 egens
646 2377 731 2428 est
775 2374 1054 2430 redditus.
1104 2376 1319 2430 Wolfus
1369 2394 1599 2448 quoque
1644 2380 1936 2450 patricius,
1987 2398 2054 2435 eo

439 2462 594 2535 quod
621 2461 681 2516 in
705 2478 910 2517 necem
930 2462 1055 2533 jam
1082 2462 1218 2518 dicti
1249 2465 1630 2520 consensisset
1652 2467 1925 2534 Protadii,
1951 2469 2053 2524 Fa-

437 2549 654 2606 riniaco
675 2550 809 2605 villa
828 2554 1178 2622 suggerente
1209 2553 1589 2608 Brunechilde
1611 2554 1773 2624 jussu
1793 2557 2053 2611 Theodo-

438 2638 541 2694 rici
592 2638 954 2694 interﬁcitur.
1017 2639 1190 2694 Natus
1241 2639 1416 2695 etiam
1478 2643 1564 2696 est
1616 2659 1682 2696 ex
1737 2644 2056 2699 concubina

436 2726 775 2782 Theoderici
800 2727 968 2795 ﬁlius,
1001 2727 1238 2782 nomine
1269 2729 1580 2783 Meroveus.
1607 2730 1786 2795 Quem
1801 2748 1899 2786 rex
1925 2732 2052 2787 Clo-

438 2815 617 2870 tarius
646 2816 716 2870 de
748 2831 908 2870 sacro
961 2815 1125 2870 fonte
1169 2816 1395 2872 levavit.
1444 2819 1621 2872 Porro
1673 2835 1824 2890 saepe
1872 2820 2053 2876 dictus

437 2919 536 2958 rex
550 2903 954 2972 Theodericus,
966 2904 1432 2975 persuasionibus
1450 2906 1629 2960 Aridii
1660 2908 2055 2977 Lugdunensis

2146 535 2430 604 perlatum
2459 535 2657 591 fuisset
2685 537 3018 608 hujusmodi
3046 538 3334 596 consilium
3382 543 3488 599 illos
3513 551 3676 603 contra

2148 638 2206 675 se
2237 625 2456 678 struere
2482 625 2644 691 velle,
2668 625 2958 697 despectui
2976 627 3200 693 habuit,
3228 633 3285 682 ut
3301 629 3460 686 futile.
3482 633 3675 704 Legatus

2147 726 2279 764 vero
2325 711 2555 766 Bettrici
2584 717 2788 768 cuncta
2837 731 2940 785 pro
2986 716 3192 788 quibus
3229 722 3440 774 venerat
3472 737 3521 774 se
3547 726 3676 777 autu-

2154 815 2318 854 mans
2348 800 2705 873 impetrasse,
2737 804 2812 859 ad
2841 804 3174 876 Hispaniam
3223 807 3395 862 navali
3417 809 3562 864 rediit
3587 827 3681 866 eve-

2155 889 2366 944 cﬁone.

2749 999 2973 1054 CAPUT
3000 999 3150 1054 XCV.

2151 1085 2236 1140 De
2265 1082 2589 1139 Columbani
2613 1085 2848 1140 Hiberni
2873 1089 2928 1140 in
2958 1087 3182 1142 dicendo
3223 1089 3442 1143 libertate
3493 1099 3533 1144 et
3563 1095 3689 1145 mira-

2223 1156 2385 1234 culis,
2411 1159 2686 1234 “regisque
2741 1161 3098 1234 resipiscentia
3151 1161 3408 1234 simulata,
3471 1160 3692 1234 VBobiique

2221 1225 2440 1281 coenobii
2465 1225 2864 1295 constructione,
2896 1238 2946 1284 et
2977 1228 3294 1284 Columbani
3320 1233 3548 1286 transitu.

2220 1332 2389 1386 Anno
2422 1347 2514 1385 xxv
2539 1332 2706 1403 regni
2721 1333 3101 1389 Theodeberti
3121 1351 3185 1389 ac
3211 1335 3524 1390 Theoderici
3537 1337 3697 1391 beatus

2155 1418 2542 1474 Columbanus
2573 1421 2644 1474 ab
2664 1421 2936 1476 Hibernia
2957 1422 3164 1477 Oceani
3192 1423 3372 1477 insula
3399 1440 3696 1494 progressus,

2154 1506 2407 1578 primum
2431 1525 2465 1562 a
2491 1509 2889 1564 Theodeberto
2903 1510 3229 1582 suscipitur.
3246 1513 3702 1584 Demum,prepter

2159 1595 2574 1650 conﬂuentium
2606 1596 2680 1650 ad
2707 1613 2768 1652 se
2798 1599 3146 1669 populorum
3179 1598 3568 1665 multitudines,
3595 1599 3702 1653 inde

2158 1682 2435 1753 migrans,
2469 1686 2526 1739 et
2570 1683 2886 1740 solitariam
2943 1702 3116 1756 agere
3164 1687 3339 1741 vitam
3384 1686 3611 1758 cupiens,
3647 1686 3706 1740 ad

2079 1767 2402 1842 Bregnum
2467 1772 2805 1827 Theoderici
2854 1774 3105 1841 transiit,
3161 1778 3334 1847 atque
3380 1775 3436 1828 in
3483 1775 3591 1829 loco
3637 1774 3706 1828 cui

2157 1859 2468 1914 Luxovium
2503 1877 2717 1914 nomen
2749 1864 2852 1928 est,
2885 1879 2919 1915 a
2949 1863 3190 1934 praefato
3219 1879 3352 1935 rege
3379 1863 3614 1918 habitare
3643 1865 3710 1916 est

2151 1948 2356 2019 jussus.
2383 1948 2476 2003 Ad
2521 1965 2696 2020 quem
2743 1949 3091 2004 visitandum
3123 1951 3264 2006 dum
3298 1952 3608 2022 frequenter
3630 1965 3707 2004 rex

2155 2036 2469 2103 adveniret,
2499 2052 2562 2091 ac
2593 2054 2626 2091 a
2652 2038 2778 2092 viro
2808 2037 2906 2092 Dei
2936 2053 3058 2100 cur,
3107 2039 3305 2094 relicto
3335 2039 3589 2110 legitima:
3611 2052 3714 2092 con-

2149 2123 2304 2194 jugis
2335 2123 2735 2187 matrimonio,
2769 2126 3105 2180 adulterinis
3155 2127 3461 2182 deserviret
3489 2126 3715 2180 commis-

2157 2212 2432 2278 tionibus,
2463 2217 2820 2284 argueretur,
2854 2213 3058 2284 illeque
3076 2215 3147 2269 ad
3169 2215 3583 2270 obaudiendum
3618 2214 3719 2283 ejus

2154 2301 2497 2356 salutaribus
2547 2300 2784 2356 monitis
2809 2318 3009 2357 aurem
3057 2302 3248 2357 cordis
3275 2304 3596 2367 inﬂecteret,
3623 2301 3721 2354 avia

2159 2389 2552 2444 Brunechildis
2580 2388 2823 2460 vipereis
2845 2389 3065 2461 antiqui
3093 2391 3274 2445 hostis
3299 2388 3720 2445 inﬂammatam-

2157 2477 2501 2544 citameutis,
2517 2477 2784 2532 adversus
2797 2482 3057 2533 sanctum
3073 2479 3491 2534 Columbanum
3507 2491 3724 2532 commo-

2154 2564 2272 2618 veri
2293 2564 2464 2634 caapit
2483 2564 2691 2622 acrius.
2717 2565 2829 2619 Sed
2846 2567 3072 2620 sanctus
3097 2565 3206 2633 vir,
3238 2566 3388 2621 illius
3415 2565 3629 2620 malitiae
3640 2562 3722 2616 ob-

2152 2652 2304 2706 viam
2328 2652 2408 2706 ire
2428 2668 2657 2723 parans,
2671 2652 2744 2706 ad
2763 2669 2891 2707 eam
2913 2655 3332 2710 Bruchariacho
3355 2655 3482 2708 villa
3503 2667 3724 2707 commo-

2152 2743 2378 2794 rantem
2404 2743 2696 2810 properat.
2741 2740 2841 2796 Cui
2885 2741 3108 2812 regina,
3152 2759 3286 2797 cum
3311 2741 3599 2813 nepotibus
3636 2738 3726 2791 suis

2149 2828 2484 2882 Theoderici
2519 2828 2648 2882 ﬁliis
2677 2845 3000 2897 occurrens,
3019 2831 3224 2886 orabat
3243 2851 3276 2883 ει
3300 2834 3361 2885 ut
3382 2829 3587 2901 regiam
3619 2842 3728 2898 pro-

2151 2909 2269 2962 lem
2293 2907 2680 2962 benediceret.
2710 2929 2737 2957 »
2759 2911 2832 2963 At
2862 2909 2956 2963 il-le
2985 2909 3065 2964 ait
3087 2931 3109 2959 ι
3140 2925 3506 2982 nequaquam
3535 2908 3727 2962 illosre-

438 2991 689 3064 episcopi
716 3008 780 3048 ac
811 2992 952 3048 avia:
981 3009 1096 3047 sum
1150 2993 1540 3048 Brunechildis
1586 2995 1876 3066 deceptus,
1924 3014 2054 3051 san-
2079 3045 2126 3106 Ο
2155 2995 2301 3066 galia
2332 2999 2557 3067 sceptra
2580 3001 2959 3067 suscepturos,
2983 3014 3051 3052 eo
3091 2999 3251 3070 quod
3298 2998 3368 3053 de
3399 2994 3730 3068 lupanaribus

443 3082 570 3106 ..ι-...ι
608 3080 959 3106 n..-1.l....!...~.
993 3081 1376 3106 ῚῘΖΑ-..Ακ--....
1414 3081 1743 3106 ..Α-ιιξηλΑη
1787 3083 1941 3106 -..ΣΙΞΑ
1965 3101 2021 3106 ..Α
2161 3100 2244 3106 --.Α
2260 3084 2492 3106 -..--..Ξ..ι
2553 3085 2798 3106 νη-.42..-
2825 3085 3116 3106 ξμ-.12ᾼ---ι-
3142 3083 3616 3106 Αη,ῌ--ᾼμ,.--..ζι
3638 3079 3712 3106 -L:

439 3082 574 3135 ctun
604 3080 965 3136 Desiderium
993 3081 1381 3137 Viennensem
1413 3081 1749 3154 pontiﬁcem
1782 3083 1946 3138 exilio
1965 3101 2054 3140 re-

440 3171 705 3224 vocatum
735 3168 978 3241 lapidari
1005 3170 1299 3242 praecepit.
1316 3170 1402 3224 Ad
1429 3170 1589 3240 cujus
1619 3171 1908 3226 tumulum
1938 3173 2057 3227 mi-

442 3258 636 3313 racula
665 3257 1014 3314 creberrime
1043 3261 1176 3313 sunt
1205 3263 1455 3314 ostensa.

1033 3363 1255 3418 CAPUT
1292 3364 1469 3419 XCIV.

441 3449 525 3507 De
552 3450 980 3521 Hermemverga:
1007 3451 1136 3522 ﬁliae
1165 3451 1306 3520 regis
1333 3451 1615 3522 Hispania:
1647 3453 1902 3522 infaustis
1932 3472 2051 3509 cum

954 3521 1276 3576 Theoderico
1303 3521 1524 3593 nuptiis.

512 3609 668 3664 Tunc
716 3609 994 3682 temporis
1015 3610 1402 3666 Theodericus
1427 3611 1686 3666 Aridium
1721 3614 2048 3683 prmsulem,

443 3698 767 3762 Rocconem
812 3701 870 3753 et
921 3699 1237 3754 Eborinum
1290 3699 1593 3770 praefectos
1640 3717 1944 3772 equorum,
1977 3703 2051 3758 ad

441 3785 753 3842 Bettricum
782 3803 986 3859 regem
1017 3787 1302 3860 Hispaniae
1319 3787 1547 3856 direxit,
1571 3788 1669 3860 qui
1695 3789 1876 3844 ﬁliam
1903 3790 2052 3846 illius

441 3875 712 3948 conjugio
731 3874 839 3932 sibi
858 3876 1193 3932 sociandam
1219 3880 1543 3949 poscerent,
1576 3880 1634 3932 et
1683 3877 1728 3931 si
1751 3882 1915 3950 pater
1937 3881 2050 3934 vel-

440 3965 522 4022 let
534 3963 645 4036 jusj
657 3965 942 4020 urandum
963 3966 1294 4037 prmberent
1325 3988 1353 4015 «
1387 3966 1542 4037 quod
1556 3965 1755 4021 diebus
1772 3967 1904 4021 vitae
1935 3984 2051 4024 suae

442 4069 574 4110 eam
602 4053 762 4126 regio
812 4071 928 4110 non
962 4055 1216 4128 privaret
1265 4056 1510 4110 honore.
1543 4073 1576 4107 »
1623 4054 1723 4109 Cui
1779 4057 2053 4110 Bettricus

440 4143 700 4215 gaudens
727 4143 952 4211 annuit,
981 4145 1350 4217 puellamque
1364 4142 1569 4215 legatis
1589 4143 1844 4198 tradidit.
1867 4143 2051 4208 Quam

438 4230 822 4288 Theodericus
868 4233 1032 4287 laetus
1088 4231 1375 4303 accipiens
1443 4231 1698 4302 primum
1761 4231 1924 4288 unice
1977 4233 2057 4288 di-

2156 3084 2513 3139 emerserint.
2537 3105 2564 3134 ››
2590 3085 2807 3156 Regina
2825 3085 3126 3156 indignata
3141 3103 3351 3157 pueros
3363 3083 3621 3156 prmcepit
3637 3079 3732 3136 abi-

2156 3171 2440 3242 re,etipsa
2452 3175 2582 3244 post
2592 3173 2887 3243 paululum
2903 3176 2986 3227 est
2997 3177 3212 3230 secuta.
3227 3173 3359 3228 Viro
3373 3178 3562 3227 autem
3572 3167 3736 3225 Domi-

2155 3258 2214 3312 ni
2228 3259 2300 3312 ad
2313 3259 2548 3330 propria
2564 3259 2793 3330 regredi
2807 3259 3115 3314 festinante
3130 3264 3187 3314 et
3214 3260 3394 3332 regia:
3419 3261 3557 3315 aulae
3582 3258 3735 3312 limen

2155 3346 2301 3418 pede
2340 3350 2638 3418 tangente,
2671 3347 2860 3403 subito
2909 3348 3139 3419 fragore
3187 3349 3364 3404 totius
3389 3350 3542 3402 mota
3559 3348 3637 3400 est
3658 3344 3737 3398 do-

2153 3450 2280 3488 mus
2311 3433 2546 3489 fabrica.
2573 3433 2686 3488 Sed
2714 3435 3145 3492 nefandissima:
3176 3435 3438 3492 mulieris
3459 3451 3614 3492 mens
3637 3447 3736 3487 non

2151 3525 2236 3576 est
2265 3522 2714 3590 commota,imo
2741 3523 2950 3594 majori
2980 3524 3296 3580 iracundiae
3324 3524 3461 3596 igne
3481 3534 3736 3578 succensa.

2150 3610 2464 3666 Verebatur
2489 3613 2647 3667 enim
2675 3613 2829 3683 quod
2859 3613 3020 3667 omni
3037 3614 3282 3668 extorris
3301 3613 3578 3684 dignitate
3597 3608 3742 3680 pelle-

2155 3702 2361 3753 retura
2399 3716 2602 3771 regno,
2633 3700 2677 3754 si
2710 3716 2806 3754 rex
2837 3700 3176 3770 posthabitis
3205 3699 3544 3756 meretriciis
3571 3693 3740 3752 delini-

2153 3787 2385 3854 mentis,
2417 3787 2654 3859 alicujus
2675 3788 2886 3860 regalis
2914 3789 3153 3845 femina:
3169 3791 3462 3860 potiretur
3480 3783 3738 3856 conjugio.

2155 3876 2453 3930 lnterdixit
2479 3876 2656 3947 igitur
2685 3893 2980 3948 egressum
2999 3881 3059 3931 et
3077 3893 3412 3948 regressum
3431 3893 3465 3931 a
3487 3875 3741 3930 monaste-

2153 3963 2238 4016 rio
2273 3965 2389 4018 tam
2421 3966 2618 4018 sancto
2645 3963 2764 4018 viro
2788 3980 2962 4036 quam
2991 3963 3268 4020 fratribus
3286 3981 3422 4018 cum
3438 3979 3504 4018 eo
3528 3974 3740 4016 manen-

2157 4052 2328 4119 tibus,
2355 4052 2694 4123 praecipiens
2723 4052 2836 4107 suis
2868 4052 3267 4124 Optimatibus,
3304 4053 3491 4108 vicina
3513 4045 3739 4104 camebio

2155 4140 2282 4193 loca
2311 4141 2649 4207 colentibus,
2685 4157 2755 4195 ne
2799 4140 3134 4212 quempiam
3161 4143 3319 4197 exire
3347 4136 3741 4213 permitterent,

2157 4229 2243 4283 vel
2288 4245 2658 4300 progressum
2707 4229 2956 4300 hospitio
3007 4229 3386 4302 susciperent.
3443 4231 3630 4283 Denuo
3676 4222 3742 4275 vir

439 4305 605 4386 lexit;
667 4336 796 4391 quae
846 4322 1041 4374 tamen
1084 4320 1380 4376 maleﬁciis
1430 4319 1820 4374 Brunechildis
1867 4320 2052 4376 virum
2077 4333 2129 4392 Ι)
2156 4323 2403 4386 sanctus,
2428 4322 2489 4374 ut
2509 4336 2692 4374 eama
2727 4323 2885 4374 tanta
2924 4323 3186 4374 moneret
3207 4320 3486 4375 desistere
3518 4314 3741 4389 pertiua‘

443 4422 562 4462 non
593 4407 881 4479 cognovit.
930 4408 1170 4477 Deinde,
1230 4409 1478 4465 faciente
1535 4410 1741 4464 eadem
1773 4409 1898 4466 avia
1927 4428 2050 4478 sua,

439 4493 824 4552 Theodericus
871 4497 1388 4570 Ilermembergam
1435 4498 1517 4566 (id
1570 4498 1783 4571 quippe
1831 4517 2050 4556 nomen

437 4581 669 4656 virgini)
714 4585 990 4640 thesauris
1033 4586 1405 4658 exspoliatam
1455 4586 1613 4641 abire
1659 4588 1934 4659 prmcepit
1977 4589 2051 4644 ad

443 4670 794 4744 Hispaniam.
827 4674 956 4729 limo
981 4674 1052 4729 de
1074 4690 1136 4728 re
1154 4673 1489 4746 indignatus
1514 4675 1809 4744 Bettricus,
1828 4677 1900 4731 ad
1921 4677 2047 4732 Clo-

436 4759 653 4816 tarium
678 4778 900 4834 regem,
925 4762 1262 4818 Theoderici
1283 4780 1349 4818 ex
1372 4766 1573 4836 patruo
1595 4764 1877 4835 genitum,
1896 4765 2050 4821 misit

438 4847 681 4919 legatos,
711 4851 808 4924 qui
839 4869 974 4907 eum
1001 4852 1073 4906 ab
1112 4851 1245 4906 belli
1278 4851 1630 4919 societatem,
1658 4854 1926 4925 expositis
1958 4856 2048 4911 in-

431 4935 603 5009 juriae
656 4940 856 5009 causis,
917 4939 1282 4999 inclinarent.
1341 4940 1443 4995 Ubi
1500 4941 1589 4996 ille
1637 4941 1780 4997 votis
1844 4960 2044 4998 eorum

437 5025 585 5082 visus
609 5030 693 5083 est
722 5028 1081 5095 satisfecisse,
1105 5046 1233 5084 cum
1267 5029 1454 5084 missis
1487 5029 1659 5100 ipsius
1685 5031 1758 5086 ad
1787 5031 1826 5084 Τ
1833 5033 2043 5088 beede-

435 5113 666 5172 bertum
691 5122 848 5174 recta
865 5118 1304 5190 proﬁciscuntur
1324 5119 1430 5172 via.
1461 5119 1620 5174 llunc
1637 5136 1864 5192 quoque
1886 5121 2042 5176 auxi-

432 5201 510 5258 lio
541 5203 646 5260 sibi
679 5205 1016 5262 adfuturum
1040 5209 1472 5278 cognoscentes,
1507 5212 1662 5263 recta
1678 5209 1750 5263 ad
1779 5211 2041 5281 Agonem

435 5289 954 5364 Langobardorum
987 5311 1210 5367 regem,
1233 5311 1364 5350 cum
1389 5313 1562 5368 supra
1584 5300 2040 5353 memoratorum

431 5379 634 5452 legatis
656 5399 884 5454 regum,
919 5383 1027 5438 iter
1070 5383 1345 5456 dirigunt,
1380 5387 1441 5438 ut
1488 5385 1545 5438 hi
1603 5387 1850 5454 quatuor
1880 5403 2043 5456 reges

429 5483 600 5540 super
626 5471 1049 5527 Theodericum
1082 5471 1392 5540 irruentes,
1441 5489 1574 5528 eum
1622 5471 1736 5524 vita
1775 5471 1942 5526 simul
1988 5478 2045 5528 et

423 5572 613 5630 regno
643 5559 939 5633 privarent
968 5564 1026 5619 et
1054 5561 1366 5620 vindictam
1396 5559 1763 5619 contumelia:
1795 5562 1918 5634 regi
1950 5563 2042 5618 lli~

2152 4407 2258 4473 cia,
2287 4407 2356 4461 ad
2384 4407 2662 4478 palatium
2690 4407 2960 4476 perrexit.
2990 4409 3067 4462 Eo
3093 4407 3242 4462 forte
3265 4407 3362 4464 die
3390 4402 3742 4462 Theodericus

2153 4511 2284 4550 cum
2315 4495 2438 4549 avia
2468 4512 2571 4549 sua
2605 4495 2663 4548 in
2687 4494 2913 4565 Spinsia
2940 4495 3232 4550 residebat
3261 4496 3421 4562 villa,
3454 4492 3744 4550 nuntiatur-

2151 4600 2261 4655 que
2288 4584 2338 4637 ei
2371 4584 2672 4638 hominem
2712 4583 2809 4638 Dei
2841 4600 2946 4654 pro
2979 4583 3202 4639 foribus
3253 4589 3431 4651 stare,
3464 4599 3565 4638 nec
3589 4583 3640 4634 in
3669 4579 3743 4632 iis-

2150 4672 2284 4727 dem
2315 4672 2533 4726 aedibus
2557 4671 2847 4742 hespitare
2876 4672 3038 4727 velle.
3066 4673 3342 4727 Tuncrex
3374 4673 3524 4727 iram
3545 4663 3744 4725 Domini

2147 4760 2254 4815 sibi
2286 4760 2598 4815 imminere
2621 4760 2853 4827 veritus,
2877 4760 3084 4815 melius
3143 4761 3288 4815 dixit
3314 4777 3439 4816 esse
3468 4760 3641 4814 virum
3661 4751 3744 4809 Dei

2149 4848 2498 4920 opportunis
2523 4848 2788 4904 subsidiis
2817 4849 3105 4904 honorare
3133 4866 3312 4920 quam
3352 4851 3537 4904 Deum
3565 4863 3629 4900 ex
3647 4857 3747 4898 ser-

2148 4953 2353 4992 vorum
2385 4937 2510 5008 ejus
2535 4937 2755 4992 offensa
2776 4937 2848 4991 ad
2872 4937 3228 4992 iracundiam
3253 4929 3748 5008 provocareJussit

2153 5043 2292 5097 ergo
2317 5027 2478 5098 regio
2511 5027 2662 5080 cultu
2696 5043 3054 5097 quaecunque
3073 5031 3238 5081 erant
3263 5026 3435 5080 vict-ui
3456 5018 3749 5079 necessaria

2146 5115 2337 5188 parari
2363 5119 2420 5170 et
2442 5114 2910 5170 Dominifamulo
2927 5131 3031 5185 per
3061 5114 3363 5170 ministros
3386 5113 3642 5186 proprios
3660 5108 3748 5162 de-

2143 5206 2302 5260 ferri.
2338 5205 2503 5270 Quod
2534 5208 2672 5260 dum
2711 5205 2791 5260 illi
2839 5208 3132 5260 maturato
3179 5205 3540 5276 implessent,
3572 5202 3746 5255 beatus

2145 5295 2542 5350 Columbanus
2571 5311 2788 5360 severe,
2842 5297 2904 5347 ut
2955 5295 3100 5355 erat,
3151 5293 3308 5346 vultu
3356 5292 3659 5362 respiciens
3696 5287 3744 5338 in

2147 5402 2264 5452 eos,
2299 5382 2537 5455 inquirit
2561 5382 2702 5455 quid
2731 5381 2840 5436 sibi
2889 5381 2994 5436 ista
3050 5381 3240 5436 velint.
3305 5381 3527 5436 Dictum
3560 5378 3628 5431 ab
3667 5373 3743 5428 cie

2145 5477 2230 5527 est
2260 5473 2539 5526 alimenta
2563 5488 2687 5528 esse
2716 5470 2774 5524 in
2807 5487 2938 5524 suos
2994 5486 3348 5542 suorumque
3397 5486 3524 5523 usus
3574 5484 3605 5520 a
3628 5479 3741 5533 regs

2147 5559 2609 5628 directa.Quibus
2637 5559 2761 5617 ille:
2794 5581 2821 5611 «
2851 5559 2997 5627 Non,
3031 5557 3236 5632 inquit,
3270 5561 3418 5614 teste
3445 5555 3736 5629 Scriptura,
