3998 6166
515 337 626 399 703

1584 335 1851 395 AJMOINI
1897 333 2210 393 MONACHI
2245 333 2766 394 FLORIACENSIS.

3665 343 3754 400 764

526 459 813 519 mentium
827 477 885 516 se
896 461 1264 534 popularum,
1281 477 1398 516 non
1411 461 1661 517 valentia
1685 463 1758 517 ad
1774 465 1991 517 terram
2007 479 2134 517 rue-
2161 471 2216 532 Α
2235 463 2391 516 ertus
2414 460 2580 516 annis
2600 476 2728 515 xvn.
2763 458 3009 524 Quidam
3037 474 3168 514 vero
3214 461 3456 516 auctores
3498 463 3758 532 [Furuncu-

525 566 610 619 re,
645 549 1138 622 quemadmodum
1159 551 1320 622 equis
1335 550 1688 618 insederant,
1711 568 1826 605 una
1850 567 1978 604 cum
1999 550 2133 604 vivis

526 638 1061 694 circumferrentur.
1089 641 1162 692 At
1192 641 1496 711 postquam
1529 640 1775 710 phalanx
1794 639 1940 693 victa
1962 638 2136 692 hosti-

525 725 632 781 bus
664 729 826 795 terga
855 724 1091 779 nudavit
1108 742 1229 790 sua,
1256 725 1478 780 viarum
1500 728 1696 791 strata,
1721 741 1946 780 necnon
1974 725 2135 779 silva-

522 829 654 869 rum
681 811 865 878 devia,
919 812 1258 884 corporibus
1307 817 1672 868 mortuorum
1723 815 1855 867 sunt
1892 814 2130 883 repleta.

519 899 872 956 Theoderico
888 899 983 954 ubi
1000 899 1214 954 factum
1236 899 1515 955 indicium
1535 900 1998 955 Theodebertum
2011 917 2136 955 eva-

520 987 679 1054 sisse,
709 988 1064 1042 incentivum
1109 987 1464 1042 accelerandi
1515 987 1736 1042 itineris
1766 987 2018 1053 accessit,
2074 991 2138 1041 ut

520 1075 866 1133 conﬁciendi
895 1076 1032 1130 belli
1064 1075 1426 1146 impendium
1450 1079 1696 1146 putaret,
1730 1075 1776 1130 si
1809 1076 1919 1130 dux
1945 1077 2003 1130 et
2033 1093 2134 1147 po-

521 1166 690 1236 pulus
703 1165 854 1219 bello
876 1164 1206 1235 promptior
1225 1163 1681 1234 interciperetur.
1695 1163 2134 1218 Adveniensita-

522 1269 630 1325 que
661 1268 793 1306 cum
824 1251 938 1306 suis
988 1251 1046 1305 in
1098 1252 1504 1306 Ribuariorum
1550 1251 1694 1305 ﬁnes
1724 1268 1845 1307 sese
1874 1251 2136 1318 immisit,

524 1339 855 1396 occurentia
905 1355 1150 1410 quaeque
1183 1339 1484 1394 devastans
1533 1341 1618 1394 vel
1652 1355 1914 1396 exurens.
1971 1341 2140 1411 Cujus

520 1431 692 1483 terrea
721 1428 924 1482 incolae
949 1427 1022 1480 ad
1049 1444 1183 1481 eum
1199 1444 1408 1482 venere
1430 1429 1697 1498 rogatum
1734 1444 1746 1480 :
1782 1429 1860 1482 Ne
1885 1428 1957 1482 ob
1977 1428 2142 1482 unius

523 1516 754 1586 culpam
787 1514 1084 1569 dissidium
1112 1519 1342 1584 pararet
1365 1514 1465 1580 eis,
1500 1532 1642 1586 quos
1669 1531 1800 1570 suos
1819 1515 1943 1570 fore
1975 1516 2143 1570 sciret

516 1602 650 1672 jure
672 1601 920 1656 victoris.
959 1601 1174 1665 Quibus
1195 1602 1287 1656 ille
1314 1619 1326 1656 :
1360 1623 1390 1654 ‹‹
1421 1604 1566 1664 Non,
1598 1603 1808 1673 inquit,
1832 1602 2010 1669 vobis,
2043 1604 2142 1658 sed

521 1690 944 1755 Thuodeberto,
961 1689 1225 1743 interitus
1235 1693 1492 1760 paratur;
1514 1691 1672 1760 cujus
1685 1695 1874 1762 caput,
1889 1691 1931 1744 si
1949 1707 2140 1746 meam
2214 1680 2217 1684 ’

522 1777 846 1849 promereri
877 1776 1043 1830 vultis
1069 1777 1342 1848 gratiam,
1376 1794 1475 1831 vos
1505 1793 1736 1832 necesse
1781 1782 1866 1833 est
1893 1779 2139 1845 auferre,

525 1868 626 1920 aut
649 1864 835 1937 ipsum
860 1863 1057 1918 vinum
1077 1864 1448 1936 vinctumque
1471 1866 1542 1920 ad
1564 1883 1658 1920 me
1681 1867 2142 1937 perducere.»llli

524 1952 750 2024 regiam
804 1950 1056 2006 Coloniae
1111 1951 1471 2022 introgressi,
1518 1954 1916 2009 Theodeberto
1950 1955 2143 2009 taliter

523 2040 702 2094 locuti
731 2042 866 2093 sunt
888 2057 901 2092 :
925 2037 1036 2104 Sic,
1059 2038 1349 2110 inquiunt,
1370 2041 1610 2095 mandat
1627 2041 2010 2096 Theodoricus
2025 2043 2140 2098 fra-

521 2129 612 2182 ter
644 2128 772 2179 tuus
813 2143 826 2181 :
861 2125 941 2192 Si,
977 2126 1076 2189 ait,
1109 2127 1366 2200 recipere
1399 2145 1687 2194 meruero,
1721 2129 2018 2184 thesauros
2048 2145 2144 2199 pa-

522 2217 742 2283 ternos,
775 2232 918 2288 quos
962 2217 1394 2274 Theodebertus
1444 2220 1630 2274 adhuc
1679 2221 1891 2290 injuste
1931 2220 2144 2274 retinet

525 2305 1087 2376 pervasos,proprias
1103 2306 1342 2360 festinus
1370 2309 1664 2378 repedabo
1688 2309 1910 2364 domos.
1937 2309 2070 2362 Ideo
2088 2311 2144 2362 te

524 2391 853 2457 hortamur,
885 2390 1122 2446 domine
1141 2409 1260 2460 rex,
1289 2396 1352 2447 ut
1376 2393 1643 2465 portione
1668 2410 1796 2465 qua:
1828 2394 1878 2448 ei
1903 2394 2144 2448 debetur

525 2479 772 2545 reddita,
801 2481 999 2534 nostra
1027 2495 1161 2534 eum
1184 2496 1306 2534 non
1338 2480 1490 2535 sinas
1512 2481 1785 2536 infestare
1830 2482 2140 2538 domicilia.

525 2565 620 2621 His
646 2566 1078 2621 Theodebertus
1114 2567 1277 2622 dictis
1303 2568 1587 2635 credulus,
1617 2585 1681 2623 ac
1705 2585 1811 2640 pro
1844 2585 1978 2624 vero
2008 2587 2142 2640 pro-

527 2657 648 2711 lata
667 2655 1196 2721 arbitratus,locum
1218 2673 1330 2728 quo
1353 2657 1560 2728 regalis
1578 2657 1986 2713 continebatur
2005 2676 2146 2730 gaza

525 2744 746 2816 pariter
778 2759 910 2798 cum
941 2743 1076 2815 ipsis
1105 2748 1192 2798 est
1213 2745 1521 2815 ingressus.
1555 2747 1633 2800 Eo
1670 2746 1844 2817 igitur
1891 2764 2148 2818 perscru-

529 2833 690 2886 tante
721 2831 861 2904 quid
887 2830 1053 2885 fratri
1076 2833 1476 2904 opportunius,
1508 2833 1628 2888 sine
1656 2834 1740 2889 sui
1759 2835 1997 2900 damno,
2022 2850 2149 2905 pos-

530 2922 615 2973 set
645 2918 966 2986 restituere,
1001 2937 1149 2974 unus
1182 2937 1213 2975 e
1244 2921 2145 2993 circumstantibus,evaginatum

531 3006 789 3079 gladium
812 3007 1014 3062 cervici
1051 3009 1174 3078 ejus
1206 3009 1456 3075 illidens,
1483 3013 1656 3082 caput
1683 3011 1917 3064 abstulit
1942 3027 2006 3064 ac
2045 3025 2149 3081 per

2234 566 2354 604 mus
2398 567 2444 603 c.
2476 551 2561 610 38]
2594 549 2943 620 scripserunt
2995 548 3440 603 Theodebertum
3483 554 3595 622 post
3633 552 3761 606 illam

2235 638 2574 692 Theodorici
2600 637 3200 707 victoriam,suamque
3216 641 3762 703 aarumnarnthenum

2234 725 2527 790 transisse,
2543 723 3231 792 etTheodoricum,capta
3249 724 3765 789 Colonia,Bertarium

2234 813 2642 867 cubicularium
2671 829 2836 867 suum
2861 813 2932 866 ad
2958 813 3550 882 comprehendendum
3565 830 3680 866 eum
3707 816 3772 869 mi

2233 901 2390 955 sisse.
2424 902 2598 970 Aquo
2627 899 3095 970 comprehensus,
3119 903 3288 969 atque
3317 899 3386 952 ad
3410 900 3772 956 Theodericum

2234 988 2560 1060 perductus,
2589 988 3056 1058 indumentisque
3094 986 3266 1057 regiis
3296 990 3504 1052 exutus,
3525 987 3772 1042 Cabillono

2236 1077 2445 1132 dicitur
2473 1076 2531 1130 in
2559 1076 2816 1131 exsilium
2847 1076 3016 1130 fuisse
3043 1077 3346 1145 relegatus.
3375 1076 3453 1130 0b
3483 1091 3771 1146 recompen-

2236 1165 2519 1218 sationem
2551 1181 2780 1235 quoque
2828 1167 2950 1217 tam
2993 1163 3254 1234 prenclari
3285 1162 3485 1233 operis,
3535 1162 3778 1217 Bertarius

2238 1270 2451 1325 equum
2475 1253 2523 1322 ej
2533 1269 2594 1306 us
2624 1269 2756 1306 cum
2780 1255 3030 1306 stratura
3052 1251 3211 1324 regia
3225 1251 3403 1305 fertur
3426 1267 3459 1304 a
3483 1251 3779 1306 Theodorico

2238 1339 2583 1412 percepisse.

2813 1445 3038 1499 CAPUT
3099 1444 3271 1501 XCIX.

2314 1532 2397 1585 De
2422 1531 2660 1586 Clotario
2689 1532 2938 1585 ducatum
2985 1532 3262 1586 Dentelim'
3287 1533 3566 1603 recipiente,
3595 1538 3636 1584 et
3661 1548 3730 1584 ira

2770 1604 2820 1655 Τ
2818 1603 3084 1656 lzeodorici
3101 1605 3158 1656 in
3181 1620 3321 1656 eum.

2315 1690 2586 1755 Clotario,
2610 1690 2776 1759 juxta
2806 1695 3039 1760 pactum
3060 1691 3214 1761 quod
3234 1705 3366 1743 cum
3391 1687 3784 1758 Theodorico(eo

2243 1795 2355 1850 quo
2383 1795 2555 1849 supra
2580 1778 3030 1832 memoravimus
3047 1778 3246 1843 modo)
3269 1777 3575 1849 pepigerat,
3596 1776 3788 1828 ducatus

2241 1867 2542 1920 Denteleni
2567 1882 2668 1919 suo
2689 1865 3012 1919 restituitur
3042 1865 3302 1919 domino.
3343 1865 3498 1919 Unde
3525 1862 3787 1917 Theodori-

2242 1970 2358 2021 cus,
2391 1969 2632 2008 cernens
2662 1952 3093 2006 Austrasiorum
3125 1951 3231 2005 sibi
3256 1968 3457 2022 parere
3485 1949 3793 2020 regnum,in-

2243 2041 2581 2111 dignatione
2612 2039 2793 2093 nimia
2835 2041 3152 2108 permotus,
3187 2039 3439 2093 Clotario
3470 2053 3567 2108 per
3617 2037 3794 2108 legatos

2243 2129 2486 2182 mandat
2513 2144 2526 2180 :
2558 2147 2588 2178 «
2621 2128 2691 2180 Ut
2719 2143 2778 2180 se
2810 2127 2880 2180 de
2907 2130 3234 2180 memorato
3273 2126 3480 2180 ducatu
3517 2128 3790 2178 removeat.

2244 2216 2409 2280 Quod
2437 2214 2546 2269 nisi
2579 2214 2810 2279 efficiat,
2834 2229 2891 2266 se
2919 2215 2990 2268 ad
3021 2213 3605 2268 vindicandamillataa
3627 2214 3792 2265 contu-

2243 2305 2432 2360 melia:
2463 2303 2738 2373 injuriam
2770 2301 2976 2373 quibus
2992 2305 3182 2371 posset
3213 2319 3336 2357 non
3367 2301 3678 2357 defuturum
3704 2315 3799 2353 mo-

2244 2393 2358 2452 dis.
2395 2413 2424 2441 »

2876 2516 3097 2572 CAPUT
3151 2515 3212 2570 C.

2243 2609 2324 2663 De
2347 2607 2676 2685 Tlieodorico
2703 2607 2895 2685 fratris
2907 2605 3083 2685 ﬁliam
3103 2610 3385 2685 precante,
3412 2607 3460 2658 ct
3480 2603 3541 2685 οξ
3631 2620 3662 2683 ᾳ
3682 2599 3800 2681 Bru-

2314 2678 2548 2732 nechilde
2578 2673 2854 2746 increpito,
2884 2677 3046 2746 deque
3069 2673 3181 2745 ejus
3212 2677 3270 2728 in
3311 2673 3686 2746 Brunecﬁildim
3721 2674 3802 2734 ira,

2315 2756 2365 2802 et
2396 2744 2789 2813 Brunechildis,
2817 2744 3096 2818 qum—eum
3123 2761 3331 2800 veneno
3356 2744 3578 2810 sustulit,
3609 2745 3659 2797 in
3681 2758 3802 2796 eum-

2315 2819 2435 2874 dem
2453 2819 2784 2873 crudelitate.

2319 2925 2710 2991 Interea,dum
2721 2923 2880 2977 Metis
2893 2917 3800 2978 morareturTheodoricus,amore

2247 3012 2381 3066 ﬁliae
2396 3010 2970 3066 fratrisTheodeherti
2980 3008 3434 3080 ,quamColoniae
3447 3005 3805 3077 captivaverat.

531 3111 732 3150 muros
749 3095 1003 3150 Coloniae
1023 3095 1566 3161 circumtulit.Quod
1579 3113 1821 3151 cernens
1839 3097 2150 3151 Theodori-
2180 3129 2226 3185 α
2250 3101 2514 3171 deperire
2545 3099 2732 3170 coepit.
2769 3098 2954 3161 Quam
2985 3098 3124 3151 dum
3157 3096 3266 3150 sibi
3297 3096 3565 3185 copulare
3575 3089 3809 3185 velletab

531 3199 649 3251 cus,
663 3183 788 3255 ipsa
809 3182 1116 3238 confestim
1149 3183 1291 3238 urbe
1315 3185 1742 3256 potitus,regias
1768 3184 1972 3238 invasit
1991 3200 2146 3254 opes.

532 3271 599 3326 Et
629 3271 908 3343 primates
938 3269 1185 3325 civitatis
1216 3271 1276 3324 in
1298 3288 1400 3325 sua
1428 3271 1534 3326 sibi
1564 3273 1738 3326 verba
1755 3272 1953 3343 jurare
1997 3288 2151 3326 com-

535 3360 777 3432 pellens,
801 3357 941 3412 dum
959 3357 1020 3412 in
1036 3358 1272 3412 basilica
1293 3358 1486 3413 Sancti
1499 3359 1773 3414 Gereonis
1789 3364 2153 3414 sacramenta

540 3446 814 3516 exigeret,
845 3443 1028 3498 visum
1063 3444 1143 3498 illi
1174 3445 1281 3498 fuit
1299 3446 1614 3516 quemdam
1646 3463 1842 3518 pugno
1872 3463 1973 3501 suo
2005 3448 2152 3502 latus

540 3531 876 3604 percussise.
934 3532 1002 3585 Et
1046 3547 1350 3587 conversus
1398 3533 1471 3586 ad
1527 3550 1658 3588 suos
1692 3553 1710 3588 :
1756 3554 1788 3587 «
1819 3535 2148 3603 Observate,

541 3618 644 3686 ait,
669 3619 743 3673 ad
768 3616 932 3685 ostia,
969 3634 1041 3672 ne
1069 3619 1193 3691 quis
1219 3619 1574 3690 egrediatur,
1596 3638 1662 3676 eo
1692 3622 2148 3694 quodignorem,

542 3705 669 3778 quis
692 3707 901 3761 horum
921 3703 1323 3762 Riboariorum
1343 3707 1509 3780 [GalL
1533 3710 1872 3776 Ribaroles],
1900 3711 2151 3781 perjurio

544 3792 922 3850 obnoxiorum
933 3835 950 3863 ,
966 3810 1060 3850 me
1075 3797 1374 3850 vulnerare
1401 3801 1639 3852 conatus
1650 3798 1776 3853 sit.»
1793 3799 2128 3854 Observanti
2140 3827 2153 3839 -

540 3883 646 3938 bus
672 3884 868 3938 autem
885 3883 1028 3951 eis,a
1038 3884 1396 3940 cubiculariis
1413 3889 1566 3940 veste
1592 3889 1820 3941 remota
1841 3888 1990 3942 latus
2001 3886 2152 3958 regis

536 3969 884 4044 inspectum,
914 3973 1253 4044 nullumque
1273 3973 1474 4028 vulnus
1497 3978 1580 4028 est
1596 3973 2151 4030 inventum.Solum-

535 4059 713 4119 modo
739 4059 970 4132 signum
1002 4061 1299 4132 quoddam
1329 4061 1597 4134 apparuit
1615 4064 2150 4134 purpureum,quod

536 4164 644 4220 ego
671 4165 805 4204 reor
824 4149 952 4204 citae
982 4149 1187 4205 mortis
1208 4149 1380 4204 fuisse
1397 4150 1700 4204 indicium.
1725 4151 2068 4223 Compositis
2085 4168 2153 4206 ex

535 4237 826 4297 sententia
855 4237 1048 4303 rebus,
1073 4237 1210 4293 inde
1226 4255 1357 4292 cum
1377 4238 1575 4292 multis
1591 4237 1783 4309 spoliis
1796 4255 2149 4310 progressus,

537 4338 729 4377 secum
761 4323 997 4378 abduxit
1017 4324 1163 4380 ﬁlios
1189 4325 1385 4380 fratris
1405 4326 1512 4393 sui,
1532 4342 1664 4380 cum
1681 4326 1799 4381 filia
1818 4343 1946 4397 quas
1963 4326 2151 4398 specie

2250 3189 2375 3243 avia
2405 3205 2479 3242 ne
2523 3189 2632 3242 hoc
2661 3187 2898 3253 faceret,
2931 3185 3369 3257 prohibebatur.
3404 3183 3502 3237 Cui
3532 3182 3622 3236 ille
3655 3197 3667 3234 :
3709 3200 3733 3226 «
3760 3177 3811 3228 Et

2252 3276 2412 3346 quid,
2443 3275 2853 3341 ait,incurram
2874 3272 3225 3338 offensionis,
3242 3271 3288 3325 si
3316 3272 3475 3326 illam
3501 3283 3719 3323 uxorem
3731 3265 3811 3319 du-

2250 3364 2430 3418 xero?
2464 3385 2490 3413 »
2521 3364 2608 3417 Ad
2629 3364 2751 3416 haec
2773 3360 3199 3415 Brunechildis:
3235 3379 3265 3412 α
3293 3360 3441 3425 Non,
3460 3352 3812 3428 inquit,estfas

2251 3452 2429 3506 fratre
2458 3449 2826 3523 progenitam
2861 3453 2919 3502 te
2949 3449 3165 3502 habere
3196 3447 3529 3518 conjugem.
3565 3465 3590 3492 ››
3619 3442 3695 3496 Ad
3718 3441 3814 3494 haec

2248 3538 2658 3600 Theodoricus,
2688 3541 2751 3591 ut
2780 3536 3017 3603 audivit,
3044 3535 3176 3590 felle
3196 3538 3530 3600 commotus,
3559 3529 3655 3586 tali
3677 3529 3721 3582 ei
3743 3544 3815 3580 re-

2252 3626 2486 3700 spondit
2515 3626 2688 3680 medo
2714 3641 2726 3679 :
2763 3647 2790 3674 ‹‹
2808 3624 3238 3689 Nonnetu,Deo
3254 3621 3504 3687 odibilis,
3523 3616 3810 3686 cunctisque

2251 3714 2432 3768 invisa
2459 3713 2646 3778 bonis,
2677 3710 2819 3766 mihi
2849 3710 3094 3777 dixeras,
3126 3726 3260 3764 eum
3288 3710 3527 3764 fratrem
3560 3723 3668 3760 non
3718 3717 3813 3756 esse

2252 3818 2450 3856 meum
2467 3801 2493 3855 ?
2512 3802 2583 3855 Ut
2602 3800 2739 3872 quid
2759 3799 3081 3869 imposuisti
3101 3797 3240 3851 mihi
3257 3800 3382 3851 tam
3399 3810 3567 3867 grave
3585 3809 3713 3848 onus
3731 3789 3818 3842 fra-

2252 3889 2462 3945 tricidii
2484 3890 2511 3944 ?
2527 3909 2555 3938 »
2586 3890 2652 3942 Et
2681 3887 2984 3957 evaginato
3004 3903 3163 3951 ense,
3180 3885 3363 3939 voluit
3380 3899 3510 3938 eam
3529 3882 3808 3954 percutere.

2253 3978 2390 4042 Qum
2413 3994 2445 4031 a
2465 3975 2923 4031 circunstandius
2951 3977 3153 4045 erepta
3181 3989 3247 4027 ac
3285 3972 3347 4026 in
3381 3970 3642 4026 manibus
3673 3967 3815 4020 domo

2253 4067 2423 4131 elata,
2457 4063 2658 4119 mortis
2687 4063 2925 4135 quidem
2956 4062 3134 4116 evasit
3161 4060 3498 4126 discrimen,
3529 4057 3623 4112 sed
3656 4049 3817 4123 nepoti

2254 4155 2414 4209 dolos
2435 4152 2660 4222 paravit
2675 4151 3004 4205 temeritate
3023 4149 3304 4204 feminea.
3323 4148 3468 4202 Nam
3488 4139 3775 4217 egredienti
3793 4153 3817 4188 e

2250 4240 2479 4305 balneo,
2508 4254 2610 4309 per
2640 4255 2847 4292 manus
2863 4237 3275 4292 'ministrorum
3301 4232 3818 4308 pecuniafcorrupto'

2252 4344 2381 4382 rum
2396 4327 2603 4382 veneni
2632 4326 2887 4398 porrexit
2904 4328 3196 4397 poculum.
3221 4326 3346 4389 Quo
3364 4326 3586 4388 hausto,
3608 4314 3816 4390 utpaani-

535 4409 759 4464 nitebat
772 4410 1159 4466 decora.Dum
1179 4412 1335 4466 Metis
1360 4413 1704 4481 advenisset,
1734 4414 1950 4484 reperit
1965 4413 2152 4469 aviam
2171 4386 2224 4444 D
2251 4419 2380 4470 tens
2394 4416 2672 4469 scelerum
2697 4431 2824 4485 quas
2844 4417 3119 4485 gesserat,
3149 4413 3280 4467 vita
3306 4412 3540 4467 sortitus
3562 4412 3640 4464 est
3661 4401 3818 4461 termi-

534 4513 699 4552 suam
732 4497 1175 4553 Brunechildem
1209 4499 1350 4553 inibi
1381 4501 1607 4555 obviam
1627 4501 1735 4556 sibi
1765 4501 2151 4566 venisse.Quze

536 4583 783 4656 arreptis
809 4585 1193 4641 Theodeberti
1221 4587 1372 4654 ﬁliis,
1404 4605 1502 4643 eos
1524 4588 1647 4643 sine
1678 4606 1845 4644 mora
1876 4591 2001 4644 neci
2032 4594 2153 4645 tra-

538 4671 1069 4740 didit,etminorem
1090 4673 1329 4746 quidem
1348 4678 1509 4741 natu,
1535 4676 1774 4730 nomine
1800 4677 2148 4745 Meroveum,

537 4759 596 4814 in
627 4760 769 4816 albis
797 4761 983 4816 adhuc
1012 4762 1287 4832 positum,
1327 4762 1506 4833 lapidi
1537 4762 1748 4818 illisum
1780 4763 2150 4820 innocentem

535 4847 722 4920 coegit
747 4849 1012 4905 exhalare
1041 4850 1618 4922 spiritum.Regnavit
1652 4851 1847 4924 itaque
1877 4853 2152 4908 Theode-

2252 4520 2416 4565 num,
2445 4519 2621 4573 quam
2669 4501 3006 4557 criminibus
3061 4502 3398 4556 fcedaverat.
3442 4498 3684 4554 Tradunt
3708 4505 3816 4546 vero

2252 4589 2562 4644 memorati
2587 4589 2894 4662 scriptores
2911 4590 3171 4661 (Faunae.
3192 4607 3238 4642 c.
3266 4589 3379 4660 39),
3402 4603 3530 4642 cum
3552 4583 3691 4657 apud
3704 4594 3818 4651 pra:-

2251 4678 2429 4732 fatam
2446 4679 2963 4733 urbemMetensem
2975 4679 3134 4744 ,dum
3152 4679 3358 4732 contra
3375 4673 3672 4732 Clotarium
3685 4681 3818 4737 expe-

2253 4766 2532 4820 ditionem
2555 4783 2726 4837 agere
2749 4767 3148 4828 meditaretur,
3178 4764 3519 4837 dysenteria}
3545 4758 3728 4816 morbo
3755 4755 3817 4806 in-

2256 4853 2500 4921 teriisse,
2529 4871 2659 4909 xvm
2689 4854 2853 4925 regni
2885 4855 2967 4908 sui
2996 4871 3170 4909 anno.

1854 4949 2120 5021 Explicat
2153 4949 2290 5006 liber
2323 4952 2546 5007 tertius.

1503 5048 1930 5138 INCIPIT
1968 5049 2317 5137 LIBER
2355 5049 2887 5150 QUARTUS

1054 5201 1286 5256 CAPUT
1335 5202 1620 5258 PRIMUM.

528 5305 612 5359 De
633 5304 866 5391 Ctotarii
895 5323 1018 5361 cum
1065 5307 1260 5389 not/iis.
1283 5307 1595 5391 Theoderici
1636 5307 2151 5391 instinctuﬂanee

607 5378 792 5450 childis
839 5396 994 5449 super
1021 5380 1356 5450 successione
1404 5383 1459 5435 in
1489 5397 1711 5450 regnum
1743 5382 2050 5448 certatione,
2102 5390 2150 5437 et

606 5447 670 5501 de
707 5447 1077 5506 Brunee/aildis
1099 5450 1273 5504 exilio.

2241 5221 2445 5260 corum
2470 5203 2722 5276 regibus,
2757 5220 2791 5258 a
2808 5203 3016 5276 quibus
3037 5220 3140 5274 per
3163 5201 3581 5275 quinquaginta
3600 5190 3816 5251 fermeel

2227 5308 2429 5348 sunum
2459 5295 2769 5363 regnatum
2800 5295 2887 5346 est
2911 5308 3116 5358 annos,
3149 5292 3300 5346 solus
3329 5289 3596 5360 legitima:
3630 5291 3816 5334 succes-

2244 5381 2420 5436 sionis
2472 5382 2653 5435 haeres
2683 5379 2962 5434 Clotarius
2997 5378 3315 5449 Chilperico
3366 5383 3522 5447 patre
3566 5369 3814 5449 genituse

2247 5470 2408 5541 regia
2437 5469 2611 5539 stirpe
2643 5467 2940 5521 videbatur
2982 5466 3228 5532 relictus,
3253 5465 3312 5518 in
3355 5479 3524 5535 quem
3565 5449 3815 5541 regnandi

606 5555 926 5625 Exstinctis,
959 5557 1046 5613 vel
1076 5556 1232 5612 varia
1274 5560 1428 5613 sorte
1461 5557 1829 5625 obeuntibus,
1860 5560 1945 5612 tot
1978 5559 2151 5613 Fran-
2244 5534 2342 5628 jus
2368 5534 2734 5629 potissimum
2769 5554 3093 5610 transfundi
3126 5534 3436 5625 oporteret.
3467 5534 3815 5604 Brunechildis
