3934 6176
264 380 347 438 765
1275 373 1599 430 HISTORIA
1622 367 2072 429 FRANCORUM.
2099 400 2168 413 -—
2207 371 2336 430 LIB.
2368 373 2454 428 IV.

3412 376 3522 433 786

253 505 420 558 tamen
443 497 796 568 moliebatur,
812 496 1054 570 siposset
1071 496 1432 570 Sigebertum
1457 494 1795 552 Tbeodorici
1819 493 1876 556 Α
1906 493 2115 564 quibus
2136 510 2240 566 par
2263 494 2451 551 inerat
2490 495 2788 568 pugnandi
2823 493 3365 552 affectus.Clotarius
3393 510 3526 568 post

249 591 394 647 filium
437 606 621 660 regum
663 605 1006 659 praeponere
1047 587 1488 642 Austrasiorum.
1542 586 1796 650 Quatuor

249 695 460 750 namque
485 677 863 732 Theodoricus
884 694 948 731 ex
969 677 1260 746 pellicibus
1281 679 1605 745 susceperat
1625 675 1794 741 ﬁlios,

247 784 449 842 quorum
496 765 598 819 ista
645 769 778 819 sunt
825 765 1091 818 nomina:
1145 764 1494 835 Sigebcrtus,
1554 763 1795 828 Corbus,

245 857 592 913 Childebertus
629 858 802 924 atque
833 854 1138 907 Meroveus.
1173 853 1284 907 Sed
1314 853 1449 924 quia
1474 854 1643 906 erunt
1674 867 1796 904 ma-

242 951 376 1000 terno
396 947 562 998 latere
583 942 772 996 minus
818 941 1056 1008 nobiles,
1080 942 1151 995 ad
1175 941 1334 1011 regni
1349 957 1576 1011 quoque
1595 941 1800 1010 guber-

242 1034 412 1088 nacula
448 1031 882 1086 aestimabantur
912 1029 1034 1084 fore
1066 1029 1337 1100 impares.
1367 1028 1548 1082 Simul
1580 1026 1713 1097 quia
1743 1030 1801 1080 et

241 1119 584 1176 Brunechildis
614 1119 795 1172 electo
825 1134 939 1170 uno
965 1118 1038 1171 ad
1071 1117 1320 1187 speciem
1352 1114 1658 1187 regnandi,
1680 1131 1798 1168 non

237 1209 560 1281 potestatem,
616 1222 859 1259 summae
915 1205 996 1258 rei
1026 1204 1448 1258 sollicitudinem
1481 1202 1587 1257 sibi
1614 1218 1796 1256 reser-

235 1312 341 1350 vare
387 1294 518 1348 velle
571 1293 1025 1363 intelligebatur:
1087 1295 1144 1347 et
1200 1292 1473 1363 primates
1546 1290 1796 1344 Francia:

231 1385 364 1436 tanto
393 1386 647 1452 tempore
683 1381 938 1434 femineo
970 1379 1293 1433 dominatui
1335 1378 1799 1449 dedignabantur

231 1467 413 1540 subjici.
445 1469 626 1535 Unde,
662 1468 1055 1522 adnitentibus
1083 1467 1322 1521 Arnulfo
1357 1471 1526 1537 atque
1555 1466 1795 1535 Pippino

227 1556 485 1612 Austrasia:
564 1555 928 1626 primoribus,
1005 1554 1282 1609 Clotarius
1356 1555 1792 1624 Captonnacum

228 1661 373 1716 usque
392 1643 640 1699 accessit.
667 1641 1062 1697 Brunechildis
1095 1642 1154 1695 in
1178 1641 1490 1696 Warmatia
1518 1643 1793 1709 residens,

226 1734 322 1803 ejus
344 1732 526 1786 audito
573 1731 842 1796 adventu,
886 1730 957 1784 ad
1008 1747 1140 1783 eum
1172 1729 1387 1799 dirigit,
1415 1730 1705 1784 obtestans
1736 1734 1798 1783 ut

1903 603 2000 640 eos
2030 585 2309 655 paulatim
2361 584 2470 638 iter
2506 585 2740 655 faciens,
2773 588 2970 658 utpote
3002 586 3099 657 qui
3148 587 3369 641 nullum
3425 603 3520 643 eo-

1900 692 2029 729 rum
2065 675 2306 746 perdere
2342 674 2644 745 gestiebat,
2674 692 2816 747 quos
2855 692 2985 730 suos
3013 675 3138 730 fore
3168 676 3516 744 conﬁdebat,

1899 762 2126 816 Ararim
2168 779 2344 833 usque
2394 763 2652 829 ﬂuvium,
2679 763 2778 834 qui
2833 780 2984 818 nunc
3031 764 3261 835 Sagona
3289 763 3516 833 dicitur,

1901 852 2182 922 pervenit,
2213 850 2508 922 captisque
2549 851 2733 905 tribus
2778 850 3116 906 Tbeodorici
3172 851 3322 918 ﬁliis,
3355 851 3516 922 Sige-

1900 941 2088 1005 berto,
2123 939 2308 993 Corbo
2336 941 2507 1009 atque
2545 939 2804 994 Meroveo
2839 939 2996 1009 (nam
3022 940 3517 1011 quartus,nomine

1903 1029 2322 1094 Childebertus,
2352 1026 2602 1099 pernicis
2644 1028 2777 1097 equi
2832 1027 3082 1082 subsidio
3135 1045 3266 1082 usus
3318 1028 3516 1098 praelia

1902 1119 2144 1187 elapsus,
2177 1131 2460 1186 nusquam
2511 1116 2884 1184 postmodum
2916 1119 3002 1170 est
3030 1115 3414 1187 repertus),ad
3443 1116 3520 1170 vi-

1905 1221 2036 1260 cum
2072 1204 2255 1259 Riona
2286 1219 2456 1274 super
2480 1203 2836 1257 Vincennam
2868 1204 3087 1258 ﬂumen
3118 1204 3291 1258 situm
3321 1203 3512 1258 rediit.

1903 1293 2100 1364 Ibique
2131 1290 2412 1346 instantia
2436 1290 2718 1344 Warnarii
2737 1292 2824 1345 vel
2840 1294 3182 1347 ceterorum
3205 1307 3514 1362 procerum

1899 1381 1951 1435 ei
1973 1379 2313 1446 faventium,
2348 1378 2743 1433 Brunechildis
2786 1395 2915 1433 cum
2945 1379 3313 1434 Theudelana
3329 1379 3512 1434 Theo-

1900 1468 2077 1524 dorici
2112 1468 2489 1539 germana,de
2518 1483 2667 1538 pago
2693 1467 2866 1536 Ultraj
2879 1482 3081 1532 urano,
3113 1466 3245 1520 villa
3260 1467 3512 1534 Urbana,

1899 1559 1971 1613 ab
2004 1557 2232 1626 Erpone
2260 1554 2544 1626 regalium
2576 1554 2882 1626 praeposito
2903 1570 3182 1626 equorum
3201 1556 3512 1626 protracta,

1900 1645 2150 1700 Clotario
2185 1645 2588 1716 praesentatur.
2619 1644 2681 1695 In
2711 1643 2873 1712 cujus
2899 1645 3207 1714 conspectu
3235 1640 3517 1696 Clotarius

1899 1734 2264 1804 Sigebertum
2297 1748 2360 1785 ac
2407 1730 2656 1785 Corbum
2712 1731 2834 1799 ejus
2872 1734 3131 1800 nepotes,
3160 1728 3516 1785 Theodorico

225 1821 281 1874 de
308 1837 472 1892 regno
502 1817 842 1873 Tbeodorici
875 1817 1029 1889 quod
1072 1817 1201 1871 ﬁliis
1223 1818 1536 1888 reliquerat
1574 1819 1798 1872 secede-
1822 1803 1874 1863 Β
1896 1803 2518 1895 progenitos,jugulari
2539 1817 2723 1888 jussit.
2749 1819 3071 1873 Meroveum
3089 1829 3248 1880 vero,
3273 1816 3362 1872 cui
3391 1817 3514 1889 ipse

221 1912 309 1963 ret.
368 1907 644 1962 Clotarius
669 1905 989 1977 ‘respondit
1044 1928 1070 1954 u
1123 1908 1470 1958 conventum
1514 1905 1796 1960 nobilium

223 1996 402 2050 debere
453 2012 586 2050 eam
641 2009 960 2066 aggregare
999 1994 1350 2047 Francorum
1395 1997 1451 2048 et
1498 1995 1794 2048 communi

220 2085 429 2137 tractatu
459 2083 530 2137 de
559 2082 969 2136 communibus
999 2083 1300 2136 consulere
1346 2082 1547 2149 rebus;
1571 2098 1630 2135 se
1659 2098 1794 2136 vero

213 2172 396 2239 judicxo
439 2172 675 2227 illorum
717 2170 776 2224 in
827 2170 1093 2225 omnibus
1128 2171 1473 2243 periturum,
1506 2188 1611 2225 nec
1647 2187 1794 2241 pra:-

218 2260 366 2330 ceptis
411 2259 682 2330 promisit
712 2258 1078 2312 obstiturum.
1120 2278 1151 2310 »
1183 2258 1572 2312 Brunechildis
1611 2259 1796 2312 verbis

215 2363 263 2401 se
289 2347 459 2419 decipi
486 2346 981 2412 animadvertens,
1005 2345 1178 2400 misso
1225 2347 1284 2400 in
1338 2347 1689 2417 Thoringam
1720 2346 1799 2401 Si.

216 2434 422 2504 geberto
441 2435 522 2490 Th
533 2434 790 2488 eodorici
814 2433 1225 2504 primogenita,
1249 2439 1450 2504 gentes
1478 2434 1648 2488 etiam
1667 2451 1794 2506 quae

213 2526 347 2576 trans
376 2523 646 2577 Rhenum
673 2521 936 2576 habitant
955 2521 1028 2575 ad
1041 2522 1172 2576 belli
1193 2523 1527 2577 societatem
1555 2522 1796 2576 invitare

213 2613 462 2666 tentabat.
490 2611 642 2664 Cum
673 2626 785 2681 quo
810 2613 867 2663 et
894 2610 1256 2664 Warnarium
1287 2611 1571 2680 majorem
1593 2611 1798 2664 domus

209 2714 264 2753 ac
287 2699 602 2754 Alboinum
632 2714 663 2751 e
687 2697 1022 2769 proceribus
1051 2698 1289 2752 Austriaa
1341 2699 1798 2770 prmeminentis-

210 2786 418 2853 simum,
447 2787 793 2858 dirigendos
819 2787 1053 2840 curavit.
1077 2787 1287 2841 Verum
1313 2788 1676 2841 Warnarium
1707 2805 1796 2840 su~

209 2879 441 2945 spectum
473 2875 724 2940 habens,
753 2874 905 2945 quod
937 2875 1009 2928 ad
1033 2874 1345 2928 Clotarium
1361 2875 1665 2929 transitum
1684 2890 1802 2928 me-

209 2961 490 3029 ditaretur,
520 2961 759 3017 directis
801 2965 930 3032 post
959 2966 1188 3032 tergum
1217 2979 1417 3016 eorum
1448 2961 1672 3029 litteris,
1705 2964 1800 3016 Al-

1898 1914 2062 1984 pater
2092 1907 2401 1979 spiritualis
2427 1906 2484 1960 in
2517 1906 2806 1975 baptismo
2828 1907 3017 1960 fuerat
3039 1903 3512 1976 datus,lngobodi

1899 1995 2208 2069 graphioni
2258 1993 2676 2050 commendans
2740 1992 2800 2047 in
2857 1993 3190 2064 Neptricum
3250 1992 3508 2063 perduci,

1899 2090 2072 2157 atque
2121 2084 2200 2138 ibi
2253 2082 2460 2136 nutriri
2505 2081 2951 2136 clementissime
2980 2079 3298 2134 mandavit.
3331 2081 3510 2134 Porro

1901 2171 2340 2228 Brunechildem
2392 2169 2726 2242 praesentari
2757 2167 2863 2224 sibi
2894 2167 3257 2239 praecipiens,
3289 2169 3513 2222 astante

1898 2259 2268 2315 multitudine
2304 2257 2608 2324 exercitus,
2649 2256 2748 2328 qui
2775 2273 2893 2311 non
2924 2257 3106 2310 solum
3135 2272 3202 2310 ex
3229 2255 3510 2323 Neustria,

1895 2366 2099 2405 verum
2132 2348 2305 2402 etiam
2339 2363 2406 2400 ex
2433 2345 2661 2400 Austria
2689 2345 2802 2400 sive
2857 2343 3189 2415 Burgundia
3236 2360 3514 2400 convene-

1897 2442 2050 2501 rant,
2083 2441 2318 2508 accepta
2347 2435 2710 2503 auctoritate,
2744 2451 2856 2505 quo
2875 2433 3066 2488 minus
3093 2432 3225 2486 odia
3249 2435 3517 2505 tegerent

1900 2543 2029 2598 qum
2058 2526 2326 2580 adversus
2357 2540 2484 2578 eam
2500 2523 2727 2593 jamdiu
2759 2522 2954 2576 animo
2980 2524 3387 2592 conceperant,
3410 2536 3515 2592 per

1900 2615 2158 2669 triduum
2191 2611 2426 2667 diversis
2459 2626 2588 2665 eam
2624 2609 2791 2681 jussit
2832 2609 3142 2665 tormentis
3194 2608 3365 2676 afﬁci,
3419 2625 3514 2664 ca-

1902 2705 2174 2774 meloque
2202 2700 2532 2771 impositam
2569 2715 2673 2769 per
2699 2701 2888 2752 totum
2945 2697 3296 2752 circumduci
3361 2713 3519 2753 exer-

1899 2791 2098 2845 citum.

1971 2878 2059 2932 Ad
2085 2881 2444 2948 postremum
2488 2876 2762 2945 reputans
2791 2872 2843 2928 ei
2874 2873 3029 2945 quod
3055 2891 3087 2928 x
3131 2889 3299 2944 reges
3342 2873 3516 2928 Fran-

1903 2982 2126 3033 corum,
2185 2965 2306 3035 ejus
2355 2963 2564 3034 partim
2617 2961 2876 3022 consilio,
2907 2961 3122 3033 partim
3171 2978 3370 3028 manu,
3420 2963 3518 3032 ‘vel

207 3049 359 3105 hoino
389 3051 760 3122 puniendum
781 3051 1097 3138 mandavit.
1121 3051 1396 3104 Alboinus
1424 3052 1601 3105 lectos
1615 3051 1803 3120 apices
1827 3079 1875 3138 α
1904 3055 2078 3112 etiam
2093 3051 2376 3108 maleﬁcio
2395 3049 2655 3104 exstincti
2679 3053 2888 3116 essent,
2907 3050 2986 3104 sic
3011 3065 3140 3104 eam
3164 3049 3477 3120 alloquitur
3501 3065 3515 3105 :

207 3139 449 3194 scindens
479 3141 559 3194 ad
596 3143 810 3194 terram
838 3137 1096 3209 projecit.
1141 3138 1246 3201 Qui
1280 3142 1471 3192 tamen
1491 3156 1523 3192 a
1549 3139 1802 3210 quodam

207 3226 562 3283 familiarium
613 3226 889 3281 Warnarii
936 3226 1178 3293 inventi,
1234 3243 1297 3280 ac
1348 3227 1405 3281 in
1450 3228 1646 3281 tabula
1674 3243 1805 3282 cera

203 3313 290 3368 lita
313 3316 670 3386 transcripti,
688 3315 874 3370 eidem
897 3318 1029 3369 sunt
1053 3315 1283 3371 ostensi.
1302 3315 1515 3378 Quibus
1535 3316 1628 3370 ille
1651 3316 1802 3384 visis,

205 3402 505 3472 periculum
537 3403 651 3458 sibi
677 3403 985 3457 imminere
1007 3404 1372 3474 perpendens
1386 3405 1606 3470 mortis,
1651 3405 1806 3459 colli-

204 3506 321 3560 gere
369 3508 492 3546 sese
539 3509 613 3548 ac
665 3507 992 3564 praeparare
1039 3491 1235 3546 animo
1261 3492 1432 3561 coepit
1478 3508 1590 3563 quo
1636 3497 1802 3564 pacto

203 3578 528 3636 Tbeodorici
564 3581 696 3635 filiis
740 3580 960 3646 deletis,
1010 3596 1256 3652 regnum
1290 3580 1538 3635 Clotario
1572 3598 1689 3636 una
1717 3598 1802 3636 se-

203 3683 314 3722 cum
337 3669 740 3724 contraderet.
762 3668 958 3723 Primo
977 3668 1170 3740 itaque
1184 3668 1470 3735 nationes,
1484 3670 1556 3723 ad
1577 3687 1717 3741 quas
1731 3670 1804 3724 ad

203 3757 669 3826 supplementum
701 3757 833 3811 belli
854 3756 1247 3812 accersiendas
1274 3755 1718 3813 directusfuerat
1733 3760 1804 3813 ab

199 3841 266 3895 eis
295 3845 602 3899 alienavit.
1089 3910 1104 3919 _

257 3932 472 3987 Deinde
507 3949 652 3988 cum
681 3932 1062 3988 Brunechilde
1092 3950 1158 3987 ac
1211 3933 1510 4004 Sigeberto
1541 3936 1801 4005 Burgun-

195 4016 334 4074 diam
393 4021 721 4092 ingressus,
768 4021 1061 4076 universos
1116 4022 1412 4093 primates,
1463 4024 1633 4077 simul
1670 4040 1802 4078 cum

196 4108 556 4173 pontiﬁcibus
592 4107 766 4180 ipsius
794 4109 1002 4179 gentis,
1029 4109 1086 4163 in
1119 4126 1283 4164 suam
1312 4111 1544 4165 deduxit
1569 4114 1800 4166 senten-

199 4193 345 4263 tiam,
378 4201 618 4252 secreto
651 4197 804 4268 apud
848 4213 947 4251 eos
998 4198 1167 4267 hujus
1195 4199 1280 4253 rei
1319 4216 1448 4253 usus
1488 4201 1682 4254 verbo.
1735 4203 1802 4255 Et

1908 3167 1935 3197 «
1966 3146 2038 3199 Ut
2059 3143 2197 3214 quid
2226 3142 2378 3195 inter
2403 3138 2672 3194 mulieres
2702 3138 3117 3205 maledicta,'ac
3135 3137 3518 3210 pessimarum

1905 3231 2229 3305 exquisitrix
2254 3229 2489 3294 artium,
2509 3227 2569 3282 in
2599 3230 2822 3282 tantam
2857 3226 3094 3299 erupisti
3115 3226 3518 3297 pervicaciam,

1904 3325 1967 3378 ut
1998 3337 2114 3375 non
2149 3319 2513 3373 erubesceres
2539 3319 2659 3371 tam
2679 3315 3056 3387 multiplicem
3071 3316 3360 3386 praeclarae
3391 3314 3517 3370 stir-

1903 3410 1991 3482 pis
2021 3409 2350 3464 subvertere
2382 3404 2822 3477 generationem
2853 3403 2882 3458 ?
2913 3405 3119 3458 Pereas
3165 3402 3340 3474 igitur
3378 3397 3515 3458 cru-

1905 3498 2017 3554 deli
2070 3510 2372 3568 poenarum
2419 3494 2704 3564 exemplo,
2757 3508 2884 3564 quae
2928 3508 3047 3546 non
3081 3490 3348 3564 expavisti
3393 3493 3516 3546 tam

1905 3585 2128 3658 ingenti
2156 3587 2213 3638 te
2243 3583 2533 3638 maculare
2561 3580 2890 3652 parricidio.
2916 3581 3080 3648 Nam,
3108 3582 3171 3633 ut
3199 3580 3270 3634 de
3294 3578 3518 3634 ceteris

1904 3674 2128 3739 sileam,
2176 3671 2542 3742 Sigebertum
2593 3685 2791 3724 meum
2846 3672 3140 3741 patruum,
3165 3671 3329 3723 tuum
3382 3683 3518 3723 vero

1904 3763 2110 3826 virum,
2142 3759 2409 3814 novimus
2429 3761 2528 3813 tuo
2558 3757 2794 3811 consilio
2821 3773 2987 3811 usum
3028 3758 3232 3812 contra
3274 3755 3517 3810 fratrem

1901 3847 2276 3905 insurrexisse
2308 3863 2478 3900 suum
2511 3863 2523 3900 :
2559 3848 2798 3917 propter
2836 3845 2993 3916 quod
3035 3845 3094 3899 in
3140 3842 3518 3915 improvisum

1904 3936 2144 3992 incurrit
2173 3934 2494 3989 interitum.
2522 3933 2810 3987 Meroveus
2840 3947 3072 4004 quoque
3100 3931 3280 3984 frater
3319 3947 3386 3985 ex
3415 3947 3520 4001 pa-
3557 3917 3564 3924 ’

1904 4030 1992 4081 tre
2022 4041 2204 4092 meus,
2233 4023 2315 4078 tui
2372 4038 2544 4077 causa
2573 4038 2607 4075 a
2658 4019 2922 4091 genitore
2956 4017 3088 4073 odio
3131 4018 3380 4086 habitus,
3416 4035 3518 4073 ne-

1901 4113 2240 4170 fandissimo
2273 4109 2626 4166 crudelitatis
2641 4123 2856 4179 genere
2882 4109 2968 4162 est
2992 4106 3348 4161 interfectus.
3372 4105 3519 4170 Quid

1903 4207 2098 4259 autem
2126 4216 2456 4255 memorem
2485 4196 2871 4268 Chilpericum
2903 4212 3050 4252 mea:
3072 4193 3382 4249 nativitatis
3415 4209 3516 4266 pa-

195 4285 312 4352 quia
337 4303 557 4341 omnes
612 4285 941 4356 superbiam
973 4288 1362 4342 Brunechildis
1388 4289 1556 4343 simul
1589 4293 1645 4344 et
1675 4307 1800 4344 cru-
1829 4328 1880 4387 D
1902 4295 2152 4356 rentem,
2189 4305 2384 4361 quem,
2417 4292 2480 4343 ut
2507 4289 2708 4353 fertur,
2743 4303 2847 4358 per
2888 4286 3135 4340 directos
3165 4283 3521 4357 apparitores

194 4369 476 4430 delitatem
503 4391 746 4429 exosam
766 4375 1081 4441 habebant,
1105 4393 1164 4430 se
1198 4377 1475 4432 voluntati
1497 4381 1618 4449 ejus
1645 4380 1805 4448 polli-

194 4459 275 4514 citi
300 4468 435 4517 sunt
472 4480 603 4517 non
634 4463 952 4518 defuturos.
977 4464 1071 4518 His
1089 4467 1280 4537 itaque
1309 4467 1806 4537 patratis,nuntios

192 4547 255 4601 ad
286 4550 616 4606 Clotarium
644 4551 821 4617 misit,
856 4555 912 4606 et
940 4556 1001 4606 ut
1030 4569 1161 4607 cum
1192 4555 1442 4608 exercitu
1473 4557 1809 4613 adventaret

191 4638 478 4693 mandavit
503 4657 516 4693 :
549 4640 849 4709 spondens
871 4657 952 4706 se,
981 4640 1023 4694 si
1059 4640 1110 4694 ei
1145 4641 1372 4711 integra
1392 4643 1505 4696 ﬁde
1535 4645 1808 4700 securitas

191 4721 304 4779 vita:
336 4742 402 4779 ac
434 4726 688 4781 honoris
719 4727 1154 4794 concederetur,
1173 4745 1421 4799 regnum
1453 4733 1810 4802 Burgundio-

190 4826 312 4866 num
347 4816 579 4884 pariter
638 4831 770 4868 cum
817 4816 1238 4870 Austrasiorum
1292 4819 1555 4874 universa
1604 4821 1810 4877 militia

190 4899 570 4956 traditurum.
608 4903 874 4957 Venienti
908 4903 1100 4976 itaque
1133 4904 1432 4977 Sigeberto
1488 4925 1620 4964 cum
1666 4912 1805 4964 Bur-

187 4991 604 5056 gundionibus,
633 4991 692 5046 in
725 4993 1031 5063 campania
1062 4993 1459 5051 Catalaunensi
1505 5015 1677 5069 super
1705 5000 1803 5056 ﬂu-

188 5081 327 5133 vium
367 5083 648 5135 Axonam
682 5081 929 5136 occurrit
961 5082 1242 5137 Clotarius
1281 5101 1411 5138 cum
1441 5087 1798 5154 Neustrasiis,

186 5165 392 5222 habens
446 5185 654 5223 secum
705 5171 1033 5241 complures
1085 5173 1427 5242 Austrasios,
1477 5175 1628 5230 inter
1664 5195 1808 5250 quos

186 5254 448 5313 Aletheus
483 5258 794 5330 patricius,
818 5259 1026 5323 Rocco,
1078 5259 1399 5330 Sigoaldus,
1435 5280 1661 5320 necnon
1694 5268 1806 5322 Eu-

185 5342 425 5415 dilanus,
459 5348 663 5400 duces.
697 5347 878 5417 Igitur
919 5348 1057 5401 dum
1113 5350 1380 5420 utrinque
1441 5358 1803 5410 armatorum

185 5435 340 5487 cunei
374 5436 451 5488 ad
487 5435 760 5504 praelium
786 5437 969 5507 parati
1009 5439 1425 5508 constitissent,
1470 5443 1799 5499 Warnarius

182 5537 300 5576 cum
341 5523 464 5577 suis
499 5523 689 5592 juxta,
744 5526 900 5596 quod
952 5526 1324 5582 constituerat
1395 5529 1561 5599 signo
1607 5532 1741 5588 dato
1770 5553 1800 5590 e

183 5625 394 5683 pugna,
423 5617 573 5669 ante
605 5631 1000 5688 congressum,
1034 5616 1305 5672 discessit.
1340 5619 1553 5674 Eadem
1583 5623 1791 5692 fecere,

1906 4383 2093 4435 morte
2127 4377 2382 4444 aﬁ'ecisti,
2443 4377 2522 4431 nil
2580 4376 2694 4430 tale
2742 4373 3344 4445 verentem?Nequeo
3397 4371 3523 4428 sine

1905 4467 2175 4539 lacrymis
2205 4466 2423 4521 exitum
2453 4464 2599 4518 tanti
2627 4462 2846 4518 referre
2885 4462 3083 4534 patris,
3118 4477 3521 4533 mrumnasque

1909 4573 2055 4610 meae
2086 4555 2370 4626 explicare
2393 4552 2671 4608 orbitatis.
2690 4553 2993 4606 Fraternas
3009 4549 3159 4606 acies
3184 4551 3522 4621 alternaque

1908 4646 2078 4711 bella,
2112 4660 2238 4715 quae
2270 4641 2528 4714 profanis
2559 4641 2852 4695 decertata
2879 4642 3013 4694 sunt
3037 4638 3201 4705 odiis,
3231 4638 3521 4693 revolvere

1909 4735 2128 4806 pudet;
2159 4748 2288 4803 qua:
2318 4734 2400 4799 tu,
2429 4730 2607 4785 totius
2655 4731 2798 4784 aulae
2842 4728 3113 4800 procella,
3157 4726 3427 4793 excitans,
3462 4725 3522 4780 in

1910 4825 2174 4878 mutuam
2207 4837 2408 4875 necem
2435 4822 2675 4890 nepotes
2732 4817 3000 4872 animasti
3052 4819 3179 4871 tuos
3229 4817 3293 4869 ut
3343 4815 3524 4870 frater

1907 4912 2148 4966 fratrem
2181 4908 2566 4975 interimeret,
2597 4923 2700 4961 nec
2712 4905 2861 4978 jusia
2879 4907 3343 4960 commoveretur
3363 4920 3525 4958 men-

1907 5001 1977 5055 tis
2005 4998 2422 5070 compassione.
2448 4995 2836 5052 Theudoricus
2877 4993 3145 5065 denique,
3179 4993 3290 5048 tuis
3321 4993 3522 5048 credu-

1905 5091 1992 5144 lus
2012 5086 2495 5159 persuasionibus,
2538 5085 2694 5156 quod
2737 5082 3167 5138 Tbeodebertus
3226 5082 3348 5154 ejus
3404 5097 3523 5136 non

1908 5183 2055 5233 esset
2083 5193 2418 5248 germanus,
2452 5173 2662 5229 efi‘usor
2691 5171 2904 5228 exstitit
2930 5170 3172 5227 fraterni
3203 5169 3519 5241 sanguinis,

1907 5283 2038 5321 cum
2063 5267 2180 5337 jam
2214 5263 2438 5336 pridem
2459 5261 2782 5317 Meroveiex
2812 5277 2870 5315 se
2897 5259 3075 5332 geniti
3107 5274 3308 5314 cruore
3338 5257 3522 5329 pollu-

1905 5360 1993 5411 tas
2014 5357 2244 5426 gereret
2269 5367 2493 5407 manus.
2515 5349 2897 5405 Tlieodeberti
2915 5347 3183 5414 ﬁlium,in
3201 5344 3343 5400 albis
3361 5361 3520 5400 novae

1907 5442 2369 5515 regenerationis
2397 5441 2583 5494 adhuc
2619 5439 3016 5503 constitutum,
3047 5454 3080 5490 a
3109 5439 3164 5489 te
3190 5435 3262 5489 ad
3292 5438 3520 5506 petram

1910 5533 2157 5600 allisum,
2189 5533 2392 5585 notum
2443 5532 2527 5584 est
2557 5545 2687 5582 cum
2720 5528 2897 5582 fratre
2933 5525 3306 5578 innocentem
3348 5523 3517 5577 exha-

1909 5625 2054 5679 lasse
2076 5620 2355 5694 spiritum.
2387 5618 2531 5674 lllud
2558 5635 2676 5674 non
2721 5613 3110 5672 omittendum
3141 5628 3342 5668 recens
3396 5609 3516 5682 pia-
