3998 6166
487 391 595 449 707

1551 387 1821 446 AIMOINI
1870 387 2181 446 MONACHI
2208 387 2734 448 FLORIACENSIS.

3664 395 3754 453 708

483 512 702 581 culum,
733 507 995 566 videlicet
1019 507 1438 564 Theodericum
1452 509 1735 564 malellcio
1757 512 1854 565 tuo
1869 525 2091 564 veneno
2113 511 2170 572 Α
2192 508 2331 564 dum
2361 526 2493 565 cum
2515 527 2652 581 rege
2683 510 2755 565 ad
2786 510 2974 566 locum
2988 510 3318 566 certaminis
3331 515 3663 583 properaret,
3676 529 3756 568 oc-

483 603 774 665 necatum,
808 601 979 669 atque
1008 597 1130 668 ejus
1161 596 1328 664 filios,
1365 600 1426 651 ut
1469 597 1770 652 adversum
1804 613 1899 652 me
1943 598 2093 652 bella

484 689 804 753 moverent,
838 700 1156 755 persuasos,
1189 688 1306 740 tres
1337 703 1403 740 ex
1431 685 1584 756 ipsis,
1618 702 1681 739 ac
1712 685 1756 739 si
1783 702 1930 752 reos,
1965 685 2092 739 neci

483 791 608 830 esse
655 772 915 828 traditos.
963 774 1144 828 Silere
1184 775 1339 828 malo
1397 773 1853 827 innumerabiles
1878 773 2092 827 ducum

480 866 720 934 strages,
749 880 877 935 quae
917 866 1114 917 utrum
1137 863 1290 934 juste
1316 880 1389 917 an
1423 861 1630 932 injuste
1661 861 1877 916 fuerint
1893 878 2094 932 perpe-

479 953 667 1016 tratae,
705 967 824 1006 non
847 953 932 1005 est
955 950 1113 1005 istius
1143 949 1422 1021 temporis
1449 949 1754 1020 explicare,
1773 949 2090 1003 dummodo

480 1053 600 1105 vos,
657 1037 969 1094 dulcissimi
1038 1037 1484 1103 commilitones,
1541 1040 1598 1090 et
1647 1037 2092 1107 praeminentes

483 1126 734 1181 Franciaa
755 1125 1062 1198 primores,
1091 1125 1414 1180 decernatis
1443 1124 1532 1178 cui
1563 1125 1855 1195 subjaceat
1875 1125 2089 1195 suppli-

480 1213 568 1267 cio
599 1213 742 1268 tanti
770 1213 1018 1269 obnoxia
1046 1213 1298 1268 sceleris.
1330 1234 1358 1259 ››
1380 1212 1848 1266 Acclamantibus
1873 1212 2091 1266 cunctis

479 1299 754 1356 inauditis
774 1318 903 1357 eam
919 1303 1129 1356 debere
1141 1299 1343 1370 subjici
1357 1301 1579 1370 pmnisj
1591 1301 1724 1353 ubet
1739 1299 2090 1354 indomitum

479 1389 735 1444 exhiberi
764 1406 1000 1462 equum,
1025 1390 1322 1460 crinesque
1355 1388 1694 1442 miserrimae
1716 1388 1933 1458 reginae
1958 1403 2091 1440 cum

480 1476 728 1531 brachiis
757 1478 954 1532 eandm
973 1478 1094 1548 ejus
1124 1476 1473 1548 colligari,ac
1497 1477 1736 1530 demum
1760 1476 1832 1530 ad
1861 1491 2091 1529 cursum

481 1563 777 1619 concitari.
821 1565 1029 1636 Sicque
1068 1565 1126 1620 in
1150 1565 1340 1636 primo
1372 1563 1594 1634 impetu
1624 1563 1907 1618 currentis
1959 1564 2092 1634 equi

479 1651 726 1707 calcibus
740 1654 1043 1708 cerebrum
1059 1652 1647 1724 dispersum.Reliqua
1657 1667 1790 1706 vero
1805 1652 2093 1718 membra,

484 1757 591 1814 per
616 1758 820 1812 aspera
868 1759 1112 1814 quaeque
1158 1743 1415 1797 sentibus
1458 1742 1766 1812 rupibusvc
1805 1746 2096 1812 protracta

2195 598 2372 652 currit
2401 598 2480 652 eis
2511 616 2629 652 nun
2641 599 2749 652 tius
2775 599 2999 654 dicens:
3022 599 3465 653 «Adversarium
3495 599 3623 669 ejus,
3641 601 3758 656 dum

2193 686 2264 739 ad
2284 686 2649 757 designatum
2666 703 2966 740 occurrere
2982 687 3278 741 festinaret
3291 688 3494 751 locum,
3509 703 3640 758 equo
3657 704 3764 742 cor-

2192 773 2390 840 ruisse,
2413 774 2656 846 vitmque
2706 775 3029 829 terminum
3052 774 3344 840 ineurisse,
3376 775 3559 828 n'l‘unc
3593 792 3680 828 rex
3703 775 3764 830 ad

2193 862 2430 916 beatum
2464 877 2771 916 conversus
2799 863 3014 917 virum:
3049 886 3074 911 ι
3109 863 3344 928 Laetare,
3375 862 3574 932 inquit,
3593 880 3767 916 amau-

2193 949 2409 1003 tissime
2423 949 2668 1020 juvenis,
2691 950 2825 1021 quia
2853 950 3127 1004 Dominus
3162 951 3429 1004 defensor
3446 953 3565 1003 tuus
3584 954 3677 1015 est,
3704 967 3765 1005 ne

2193 1037 2296 1092 tibi
2325 1055 2536 1093 nocere
2561 1039 2737 1109 possit
2768 1038 3058 1094 inimicus.
3093 1058 3123 1090 »
3155 1040 3287 1094 Post
3317 1040 3438 1093 haec
3467 1039 3765 1093 cathedram

2193 1127 2575 1198 episcopalem
2608 1128 2860 1195 sortitus,
2916 1128 3273 1184 admirandis
3295 1128 3355 1184 in
3390 1128 3598 1184 mundo
3619 1129 3769 1185 virtu-

2193 1217 2317 1269 tum
2349 1215 2556 1269 enituit
2590 1216 2776 1274 bonis.

2825 1323 3048 1377 CAPUT
3082 1325 3171 1380 Ill.

2190 1409 2272 1462 De
2290 1407 2564 1480 iMauricii
2592 1412 2923 1480 imperatoris
2964 1428 3084 1464 cum
3131 1411 3260 1477 ﬁliis
3289 1411 3446 1477 corde,
3475 1413 3632 1480 deque
3657 1413 3775 1480 ejus-

2263 1479 2381 1533 dem
2400 1481 2630 1533 moribus
2636 1479 2828 1549 pravis
2844 1487 2894 1536 et
2908 1484 3216 1550 pandentia
3231 1482 3461 1534 salutari
3469 1479 3650 1535 caelitus
3661 1479 3779 1537 reve-

2265 1550 2375 1602 lata
2389 1567 2490 1620 per
2507 1552 2853 1604 anachoretas
2879 1552 3144 1623 Egypti,
3164 1558 3214 1605 et
3232 1552 3296 1606 de
3318 1552 3609 1622 Philippici
3619 1553 3777 1620 gestis.

2267 1657 2414 1710 Dum
2441 1657 2564 1710 haec
2592 1657 2905 1712 Galliarum
2959 1658 3018 1712 in
3052 1657 3307 1728 partibus
3329 1659 3624 1728 geruntur,
3648 1658 3778 1712 Mau-

2194 1742 2357 1798 ritius
2387 1745 2675 1814 Augustus
2702 1749 3012 1816 postquam
3039 1761 3153 1800 uno
3181 1762 3247 1800 ac
3268 1745 3473 1816 viginti
3493 1745 3783 1800 annisrexit

479 1801 918 1902 loca,dissipata
947 1801 1098 1885 sunt.
1141 1832 1301 1885 Hunc
1324 1801 1718 1884 Brunechildis
1751 1801 1966 1884 exitum
2004 1833 2094 1884 tu-
2118 1801 2172 1872 Β
2195 1801 2528 1902 ἰῐῐιρθισίυιίί,
2557 1801 2873 1886 οιιῐηιῆιὶἰει
2886 1833 3228 1901 Theodosio,
3277 1801 3541 1904 T§berio,
3574 1836 3628 1886 ct
3653 1833 3780 1886 Con-

477 1916 562 1984 lit,
590 1918 799 1974 mulier
823 1918 883 1972 in
905 1918 1047 1972 caedi
1061 1921 1166 1973 bus
1187 1919 1651 1990 prepinquorum
1669 1918 1920 1972 maxime
1939 1934 2096 1972 exer-

481 2005 686 2070 citata;
713 2006 917 2077 quibus
929 2007 1248 2071 exstinctis,
1272 2005 1691 2078 possessionem
1709 2023 1912 2061 eorum
1933 2007 2094 2077 quasi

479 2094 730 2166 spolium
751 2095 870 2150 suis
888 2096 1182 2168 junxerat.
1217 2096 1318 2150 Cui
1356 2097 1622 2151 secundae
1652 2112 1743 2150 res
1765 2096 2092 2166 superbiam

469 2183 860 2254 "augebant,ut
872 2185 1167 2239 muliebris
1178 2184 1524 2256 impotentia
1533 2200 1707 2256 supra
1721 2184 1960 2238 modum
1972 2201 2093 2239 sese

479 2270 798 2327 extolleret.
821 2271 934 2325 Nec
953 2274 1149 2326 tamen
1167 2289 1230 2326 ex
1251 2274 1371 2326 toto
1387 2273 1468 2326 ita
1480 2288 1672 2326 vecors
1699 2271 1930 2333 exstitit,
1953 2271 2092 2342 quin

477 2357 580 2412 Dei
603 2374 667 2412 ac
680 2361 1017 2413 sanctorum
1032 2360 1154 2430 ejus
1169 2358 1502 2424 memorias,
1525 2375 1558 2412 a
1576 2358 2094 2428 prmdecessoribus

477 2447 741 2512 structas,
795 2447 1205 2502 venerabiliter
1282 2449 1586 2513 excoleret,
1646 2447 1880 2518 ipsaque
1919 2463 2092 2501 novas

477 2531 819 2588 fabricando
837 2534 1041 2590 devote
1069 2534 1497 2606 multiplicaret.
1515 2535 1657 2588 Nam
1681 2535 1738 2588 in
1761 2535 2090 2590 suburbano

480 2621 844 2676 Laudunensi
871 2622 1168 2678 basilicam
1204 2623 1261 2677 in
1292 2623 1516 2677 honore
1545 2622 1725 2676 sancti
1773 2623 2093 2677 construxit

479 2708 766 2763 Vincentii
801 2712 896 2777 ;et
941 2711 1097 2781 apud
1142 2711 1625 2782 Augustodunum
1658 2710 1834 2765 aliam
1893 2714 2090 2765 sancto

478 2796 736 2851 denicari
752 2796 1197 2867 jussitMartino,
1218 2815 1320 2852 usa
1348 2797 1678 2853 necessariis
1703 2798 1775 2852 ad
1807 2799 1914 2851 hoc
1949 2815 2092 2869 opus

477 2883 817 2939 ministeriis
846 2885 1194 2940 venerabilis
1224 2885 1327 2940 viri
1359 2885 1590 2956 Siagrii,
1620 2885 1908 2957 prmdictaa
1937 2886 2090 2940 urbis

475 2971 748 3043 episcopi.
783 2972 966 3028 Multis
988 2973 1222 3045 quidem
1255 2977 1314 3029 et
1362 2973 1486 3028 aliis
1538 2974 1596 3028 in
1641 2973 1777 3028 locis
1825 2974 1929 3028 sub
1985 2991 2085 3028 no-

476 3060 637 3115 mine
667 3060 849 3116 sancti
875 3061 1100 3116 Martini
1126 3061 1465 3132 magniﬁcas
1494 3061 1754 3115 fundavit
1782 3061 2046 3116 ecclesias
2071 3079 2085 3130 ;

471 3146 636 3203 illum
662 3148 769 3204 sibi
795 3164 914 3220 prae
971 3149 1194 3204 caeteris
1224 3149 1551 3219 adjutorem
1572 3149 1695 3203 fore
1713 3149 2010 3203 confidens
2032 3152 2090 3205 et

471 3235 822 3292 conﬁdendo
848 3253 1182 3308 exposcens.
1217 3236 1496 3302 1Edificia,
1537 3252 1674 3291 sane
1704 3237 1775 3290 ab
1803 3237 1925 3308 ipsa
1949 3253 2088 3292 con~

471 3325 689 3378 structa
713 3340 892 3395 usque
915 3323 974 3378 in
997 3325 1105 3378 hoc
1127 3328 1360 3394 tempus
1389 3323 1674 3390 durantia,
1704 3324 2089 3378 ostenduntur

473 3412 595 3465 tam
622 3411 936 3466 innumera
965 3414 1028 3464 ut
1056 3411 1395 3466 incredibile
1428 3411 1686 3466 videatur
1710 3412 1780 3466 ab
1816 3429 1930 3466 una
1956 3430 2084 3467 mu-

471 3497 637 3561 liere,
673 3501 734 3553 et
785 3498 845 3553 in
883 3498 1126 3554 ‘Austria
1180 3499 1586 3554 tantummodo
1641 3501 1701 3553 et
1757 3500 2088 3571 Burgundia

471 3588 780 3657 regnante,
813 3589 976 3641 tanta
1007 3586 1065 3640 in
1119 3589 1237 3640 tam
1269 3587 1500 3642 diversis
1539 3585 1792 3642 Francia:
1828 3588 2085 3659 partibus

471 3673 597 3728 fieri
618 3673 892 3744 potuisse.
926 3675 1005 3728 Ea
1027 3678 1224 3730 autem
1250 3691 1380 3729 cum
1414 3675 1530 3730 filio
1557 3679 1616 3730 et
1645 3675 1949 3746 nepotibus
1978 3693 2082 3746 gu-

472 3760 756 3816 bernante
806 3777 1075 3833 regnum,
1121 3763 1274 3834 apud
1318 3763 1543 3830 Gallias,
1599 3762 1807 3818 divinae
1862 3763 2084 3818 virtutis

472 3847 660 3919 gratia
695 3848 976 3917 irradiati,
1007 3849 1290 3906 fulserunt
1320 3851 1490 3905 veluti
1537 3851 1866 3920 luminaria,
1914 3852 2082 3906 Ethe-

468 3935 587 3990 rius
605 3937 1002 4008 Lugdunensis
1020 3938 1505 4010 archicpiscopus,
1533 3937 1788 4009 Siagrius
1805 3940 2084 4010 Augusto-

468 4025 764 4094 dunensis,
814 4026 1144 4082 Desiderius
1183 4027 1540 4093 Viennensis,
1580 4027 1864 4081 Annarius
1890 4027 2080 4082 Antis-

467 4110 845 4177 sirodorensis,
874 4130 1006 4169 cum
1044 4115 1223 4170 fratre
1260 4117 1542 4170 Austreno
1588 4115 1984 4170 Aurelianensi
2023 4119 2081 4170 et

469 4200 861 4257 Columbanus
887 4204 1056 4259 abba.

1127 4309 1352 4364 CAPUT
1387 4309 1452 4367 ll.

2195 1920 2472 1988 stantino,
2496 1922 2713 1987 aFoca,
2733 1921 2828 1992 qui
2859 1921 2964 1974 fuit
2997 1924 3208 1976 strator
3251 1921 3680 1990 Priscipatricii,
3710 1935 3785 1973 oc-

2197 2006 2424 2061 ciditur.
2476 2009 2601 2063 Fuit
2659 2012 2855 2063 autem
2925 2009 3078 2064 utilis
3147 2009 3501 2080 reipublicae.
3557 2009 3783 2080 Denique

2195 2099 2397 2150 contra
2458 2098 2648 2152 hostes
2719 2097 3020 2164 dimicans,
3087 2114 3238 2168 saepe
3297 2097 3598 2152 victoriam
3653 2096 3784 2150 obti-

2195 2183 2340 2240 nuit.
2375 2185 2521 2240 liuni
2553 2203 2805 2256 quoque,
2836 2186 2931 2257 qui
2958 2190 3016 2240 et
3040 2188 3247 2240 Avares
3279 2187 3660 2257 appellantur,
3681 2185 3785 2255 ejus

2194 2271 2400 2326 virtute
2432 2273 2634 2327 devicti
2652 2278 2806 2327 sunt.
2833 2274 2930 2327 llic
2956 2273 3146 2328 medio
3170 2273 3403 2344 imperii
3425 2273 3510 2328 sui
3528 2277 3781 2344 tempore,

2195 2359 2333 2413 dum
2365 2359 2571 2414 divinae
2597 2361 2708 2432 legi
2733 2361 3050 2415 contrarias
3068 2361 3382 2433 prmceptio
3393 2379 3495 2416 nes
3513 2362 3715 2426 ederet,
3735 2363 3782 2414 et

2194 2447 2406 2502 abeato
2419 2448 2691 2519 Gregorio
2705 2449 3038 2520 frequenter
3051 2449 3512 2516 admonitus,eas
3524 2448 3784 2518 corrigere

2193 2535 2392 2601 nollet,
2424 2535 2543 2589 imo
2578 2535 2769 2590 eidem
2798 2536 2914 2590 viro
2943 2536 3056 2602 Dei,
3075 2537 3206 2607 quia
3232 2536 3400 2591 factis
3423 2554 3541 2591 non
3566 2539 3784 2606 poterat,

2193 2622 2377 2676 verbis
2403 2623 2644 2693 injurias
2666 2623 2922 2693 irrogare
2938 2640 3053 2678 non
3075 2623 3396 2692 desisteret,
3417 2625 3520 2678 tali
3550 2623 3740 2678 meruit
3758 2639 3785 2675 a

2192 2709 2439 2764 Domino
2472 2711 2884 2781 redargutione
2912 2711 3182 2766 coerceri.
3201 2711 3454 2775 Quidam
3471 2711 3784 2768 monachico

2193 2798 2485 2852 schemate
2517 2801 2828 2870 adopertus
2843 2800 3343 2870 Constantinopoli
3373 2802 3610 2872 degens,
3625 2815 3787 2853 exem-

2190 2890 2353 2956 ptam
2376 2887 2582 2957 vagina
2604 2889 2868 2957 spatham
2896 2905 2929 2942 a
2957 2892 3124 2958 porta
3145 2887 3392 2943 civitatis
3411 2906 3588 2960 usque
3609 2888 3678 2942 ad
3695 2890 3789 2941 sta-

2190 2969 2349 3019 tuam
2369 2967 2726 3036 gladiatoris,
2748 2985 2873 3038 quee
2890 2967 2946 3021 in
2964 2967 3154 3023 medio
3175 2969 3302 3022 Feri
3319 2973 3448 3024 erat
3469 2969 3785 3038 posito,per~

2190 3052 2402 3116 ferens,
2441 3055 2830 3126 pronuntiavit
2871 3055 3286 3126 imperatorem
3331 3057 3530 3128 gladio
3576 3055 3786 3128 punien-

2115 3114 2162 3174 Ο
2192 3142 2350 3196 dum.
2377 3114 2541 3207 Quod
2564 3146 2850 3213 Augustus
2867 3114 3125 3210 audiens,
3144 3145 3307 3199 valde
3331 3114 3785 3216 pertinuit,voca-

2189 3233 2430 3302 tumque
2463 3231 2774 3301 quemdam
2807 3231 3151 3302 praefectorii
3208 3233 3436 3286 ordinis
3482 3233 3663 3286 virum
3693 3228 3782 3283 sibi

2188 3317 2726 3386 familiarissimum,
2759 3319 2833 3372 ad
2860 3322 3086 3372 sanctos
3127 3319 3184 3372 in
3229 3320 3553 3391 superioris
3578 3316 3783 3390 Egypti

2188 3421 2387 3460 eremo
2421 3411 2725 3460 manentes
2751 3423 2883 3460 cum
2910 3407 3120 3460 exeniis
3145 3423 3545 3478 cereorum.ac
3559 3407 3782 3479 thymia-

2188 3496 2310 3548 tum
2339 3494 2496 3548 misit
2525 3494 2685 3548 omni
2727 3511 2858 3548 cum
2889 3495 3212 3561 devotione,
3245 3495 3573 3567 deposcens
3605 3498 3662 3549 ut
3689 3509 3778 3564 pro

2186 3598 2246 3636 se
2279 3582 2508 3637 Domini
2540 3586 2845 3637 exorarent
2863 3583 3250 3637 clementiam.
3285 3585 3414 3654 Ipse
3436 3599 3664 3655 quoque
3679 3582 3782 3652 pias

2187 3668 2512 3724 Conditoris
2541 3671 2625 3724 sui
2657 3687 2820 3724 aures
2851 3671 2941 3725 die
2973 3674 3259 3742 noctuque
3285 3688 3408 3725 non
3433 3672 3603 3726 desiit
3624 3669 3783 3743 preci-

2185 3757 2289 3811 bus
2313 3760 2560 3829 pulsare,
2599 3774 2664 3813 ac
2695 3761 2754 3811 ut
2784 3775 2885 3812 sua
2927 3758 2983 3812 in
3038 3759 3303 3828 praisenti
3348 3759 3548 3829 potius
3573 3760 3678 3812 vita
3702 3773 3781 3828 pu-

2187 3845 2336 3899 niret
2367 3846 2720 3917 peccamina,
2753 3863 2855 3899 nec
2879 3848 3130 3900 servaret
3155 3863 3223 3898 ea
3244 3847 3316 3899 ad
3351 3847 3652 3901 subeunda
3674 3860 3780 3916 pcr-

2187 3934 2342 4003 petui
2357 3933 2804 4005 ignisincendia,
2827 3950 2943 3987 non
2959 3933 3176 3988 destitit
3198 3933 3542 4004 implorare.
3563 3933 3779 3988 Rediens

2184 4037 2358 4091 porro
2394 4022 2738 4092 praefectusa
2759 4022 2968 4076 sanctis
2992 4021 3278 4089 solitariis,
3302 4021 3643 4093 imperatori
3663 4036 3780 4074 nun-

2181 4111 2350 4166 ciavit
2383 4111 2604 4165 dicens:
2637 4134 2662 4160 «
2692 4110 2895 4165 lncolm
2925 4110 3248 4165 solitudinis
3277 4110 3469 4163 sancti
3511 4110 3614 4162 viri
3644 4108 3774 4162 dixe-

2179 4203 2315 4254 runt
2342 4198 2483 4254 mihi
2523 4199 2678 4270 quod
2708 4198 3045 4254 humilitatis
3093 4201 3206 4253 tum
3255 4215 3464 4269 preces
3498 4195 3778 4252 exaudiens

2177 4287 2347 4355 Deus,
2385 4287 2742 4359 sempiterna
2773 4287 3004 4358 quidem
3040 4303 3156 4340 non
3202 4289 3260 4340 te
3297 4287 3558 4357 privaret
3587 4283 3773 4357 gloria;

467 4395 552 4451 De
579 4396 932 4466 Austregisilo
948 4397 1177 4468 praesule
1207 4403 1408 4468 sancto,
1451 4397 1590 4467 falso
1636 4402 1878 4451 accusata
1904 4403 1952 4450 et
1980 4399 2075 4451 mi-
2095 4356 2150 4416 D
2175 4379 2576 4468 Ῡθτυφίθιῖηοη
2630 4375 2822 4468 Pullis
2885 4374 3218 4446 temporalis
3252 4465 3259 4468 _
3292 4376 3610 4468 h01‘9r°m_-
3636 4460 3646 4468 _
3673 4384 3768 4441 ‘1“0

683 4468 923 4523 raculose
942 4467 1198 4539 purgato,
1231 4467 1392 4538 deque
1420 4468 1534 4536 eius
1561 4469 1855 4522 sanctitate.

535 4555 940 4626 Austregisilus
983 4571 1212 4627 quoque
1262 4555 1624 4611 Bituricensis
1681 4555 2070 4627 archiprmsul,

464 4642 562 4714 qui
591 4641 700 4698 sibi
720 4659 856 4714 rege
877 4644 1213 4698 Guntranno
1236 4643 1334 4697 diu
1352 4643 1410 4697 in
1439 4643 1655 4715 palatio
1685 4649 2070 4712 conversatus,

458 4746 729 4805 mappam
789 4732 841 4786 ei
915 4731 989 4786 ad
1066 4731 1450 4801 extergendas
1522 4734 1781 4804 praebere
1838 4749 2075 4788 consue«

459 4823 622 4875 verat
649 4837 875 4875 manus.
933 4820 1029 4874 Hic
1089 4819 1346 4893 quadam
1405 4820 1589 4875 vicea
1645 4821 1899 4892 quodam
1945 4836 2071 4890 pes-

458 4907 622 4963 sima:
680 4908 892 4964 mentis
944 4909 1185 4964 homine
1236 4909 1380 4964 falso
1434 4912 1749 4976 accusatus,
1807 4910 2072 4981 quaedam

453 4996 670 5068 absque
695 4996 952 5068 jussione
980 4996 1256 5069 principis
1306 4997 1518 5070 scripta
1567 4997 1900 5065 confecisse,
1935 4997 2073 5051 dum

456 5082 514 5139 id
569 5085 768 5142 sedulo
829 5087 1168 5158 denegaret,
1191 5085 1432 5157 jubetur
1489 5104 1524 5142 a
1577 5101 1716 5159 rege
1756 5085 1931 5141 armis
1977 5086 2075 5141 ob-

446 5172 604 5245 jecta
622 5177 924 5248 repel-lere.
945 5174 1052 5240 Qui
1081 5175 1332 5231 diluculo
1356 5192 1619 5247 surgens,
1647 5176 1783 5230 dum
1808 5191 1912 5245 per
1936 5191 2072 5247 pue-

452 5281 584 5319 rum
611 5282 850 5320 omnem
877 5281 1115 5320 suorum
1145 5268 1492 5336 apparatum
1525 5280 1825 5319 armorum
1857 5262 2070 5319 deferri

456 5353 682 5407 fecisset
723 5354 779 5407 in
813 5371 1110 5424 campum,
1145 5357 1204 5407 et
1227 5354 1300 5408 ad
1345 5354 1701 5408 exorandum
1756 5353 2068 5406 Dominum

455 5441 757 5497 ecclesiam
784 5443 936 5507 beati
958 5441 1202 5497 Marcelli
1227 5445 1539 5513 expeteret,
1565 5439 1812 5495 obvianti
1831 5440 2066 5512 pauperi

455 5534 514 5586 et
542 5531 970 5603 eleemosynam
1006 5532 1256 5603 roganti,
1287 5530 1560 5584 trientem
1607 5529 1827 5588 tribuit.
1873 5530 2065 5600 sicque

457 5617 709 5680 orationi
733 5617 1016 5678 incubuit.
1047 5617 1158 5676 Nec
1191 5617 1373 5678 defuit
1398 5617 1646 5676 orationi
1671 5616 2073 5674 etfectus.Nam

2174 4463 2402 4528 frueris,
2435 4463 2688 4535 imperii,
2731 4479 2862 4517 cum
2908 4479 3125 4532 magna
3159 4480 3192 4516 a
3246 4465 3304 4516 te
3347 4464 3607 4518 auferret
3635 4460 3772 4529 igno-

2178 4553 2384 4606 minia.
2420 4570 2445 4604 ›
2492 4553 2722 4606 Gavisus
2771 4555 2855 4605 est
2904 4551 3224 4622 imperator
3264 4552 3427 4623 quia,
3477 4551 3584 4606 etsi
3616 4554 3770 4604 trans-

2177 4640 2350 4694 itoria
2385 4656 2501 4694 non
2554 4640 2835 4710 effugeret
2886 4640 3059 4705 mala,
3100 4655 3217 4693 non
3271 4640 3548 4711 perderet
3599 4642 3768 4692 tamen

2177 4731 2504 4800 praeparata
2519 4727 2688 4798 justis
2709 4727 2968 4798 praemia.
2992 4730 3070 4781 Ac
3089 4727 3277 4798 ipsum
3297 4729 3480 4782 etiam
3503 4727 3599 4781 tali
3621 4722 3768 4779 voluit

2179 4833 2430 4887 superna
2454 4815 2669 4870 visione
2699 4815 2982 4870 consolari
3005 4815 3286 4887 dignatio.
3303 4816 3574 4880 Quadam
3600 4815 3761 4873 nocte,

2178 4907 2292 4959 alto
2340 4903 2641 4976 depressus
2693 4920 2920 4975 sopore,
2974 4903 3114 4958 vidit
3159 4920 3217 4958 se
3271 4920 3454 4958 amem
3489 4899 3766 4958 Salvatoris

2178 4991 2442 5065 imagini,
2460 5009 2586 5064 qua:
2601 4995 2736 5046 ante
2759 4992 2912 5047 fores
2925 4992 3119 5065 palatii
3143 4991 3328 5064 posita
3344 4996 3494 5059 erat,
3511 4990 3764 5048 assistere,

2179 5085 2238 5136 et
2269 5098 2368 5136 vox
2405 5098 2472 5136 ex
2515 5081 2636 5152 ipso
2673 5080 2956 5136 incarnati
3008 5081 3176 5136 Verbi
3217 5081 3555 5135 charactere
3599 5075 3765 5131 audita

2175 5175 2282 5238 est,
2316 5172 2544 5226 dicens:
2568 5190 2598 5222 «
2618 5171 2756 5224 Date
2780 5169 3132 5226 Mauricium.
3153 5189 3183 5223 ›>
3204 5171 3268 5224 Et
3287 5166 3765 5242 apprehendentes

2173 5276 2306 5314 eum
2339 5259 2576 5332 quidam
2610 5258 2829 5329 ignota:
2872 5259 3076 5313 forma:
3129 5262 3185 5312 et
3215 5259 3490 5314 claritatis
3519 5249 3756 5312 ministri,

2169 5351 2498 5403 statuerunt
2523 5351 2658 5401 ante
2686 5347 3055 5418 praesentiam
3089 5347 3401 5417 loquentis.
3425 5348 3647 5416 Voxquc
3675 5341 3756 5392 ilc-

2170 5453 2298 5491 rum
2324 5437 2535 5501 sonuit,
2558 5436 3101 5506 interrogansillum
3125 5453 3136 5489 :
3168 5459 3192 5484 ‹‹
3215 5435 3364 5498 Quid
3394 5434 3577 5504 magis
3603 5430 3754 5498 elige-

2171 5527 2280 5590 ret,
2315 5528 2508 5578 utrum
2533 5524 2592 5577 in
2625 5524 2732 5578 isto
2755 5525 2960 5578 sarculo
2989 5541 3115 5596 qua:
3144 5523 3410 5595 nequiter
3426 5513 3755 5593 egeratreci-

2177 5629 2335 5685 pere,
2373 5630 2446 5670 an
2475 5613 2669 5669 futuro
2701 5629 2770 5670 ca
2810 5629 3034 5671 servare
3084 5613 3355 5669 examini.
3393 5635 3420 5661 υ
3456 5611 3553 5665 Cui
3575 5604 3750 5664 Mauri-
