3934 6176
266 390 351 447 769

1267 381 1592 444 HISTORIA
1619 381 2074 443 FRANCQRUM.
2103 413 2173 429 --
2201 382 2330 442 LIB.
2371 382 2462 442 IV.

3425 394 3535 451 τω

265 509 361 563 cius
382 524 437 560 :<<
462 505 666 571 OJesu,
699 504 905 577 inquit,
941 505 1121 569 bone,
1152 505 1245 578 qui
1279 506 1602 562 humanum
1639 523 1822 578 genus
1841 511 1895 569 Α
1921 505 2151 560 Domini
2195 503 2503 576 Gregorius
2531 504 2602 560 de
2633 503 2932 576 praesentis
2960 505 3094 566 vitae
3119 505 3422 570 laboribus
3459 513 3536 569 ad

267 602 345 652 tuo
371 593 649 650 redemisti
700 593 999 665 sanguine,
1016 595 1157 664 jube
1180 611 1274 649 me
1287 613 1438 649 nunc
1461 595 1648 666 potius
1671 597 1822 649 male

263 683 522 740 commissa
545 685 724 748 luere,
756 686 814 736 et
843 683 1276 753 venturijudicii
1297 684 1448 738 diem
1475 701 1593 738 non
1619 683 1820 738 formi-

263 772 391 839 dare,
420 771 527 824 imo
549 771 1108 825 electorumtuorum
1127 771 1467 843 participem
1498 772 1588 826 fac
1618 788 1758 826 esse.
1791 791 1818 819 ››

259 861 386 934 Tunc
413 859 499 928 qui
529 859 870 928 loquebatur
909 875 922 913 :
953 883 981 908 ‹‹
1037 860 1340 927 Tradatur,
1381 862 1481 924 ait,
1528 859 1824 914 Mauricius

260 949 391 1004 Ἐοοω
419 947 596 1015 militi,
623 963 752 1001 cum
771 963 943 1002 uxore
971 951 1028 1002 et
1048 948 1268 1003 duobus
1294 948 1443 1002 ﬁliis.
1480 970 1506 998 ››
1542 948 1823 1020 Evigilans

259 1035 537 1106 imperator
559 1052 592 1089 a
625 1052 874 1101 sommo,
908 1035 1258 1090 etvisionum
1275 1052 1467 1090 secum
1495 1036 1616 1108 ipse
1646 1037 1824 1091 revol-

258 1141 370 1178 vens
403 1122 671 1178 advocare
690 1123 859 1193 jussit
901 1123 1282 1195 Phllippicum
1314 1141 1596 1195 generum
1632 1141 1820 1191 suum,

259 1227 402 1282 quem
423 1211 725 1280 aliquando
749 1211 1092 1282 arripiendae
1112 1212 1430 1282 tyrannidis
1452 1211 1827 1266 insimulatio-

259 1315 316 1352 ne
338 1304 644 1369 suspectum
674 1300 972 1354 habuerat.
991 1301 1088 1353 Ille
1114 1304 1578 1354 consummatam
1601 1317 1738 1372 erga
1767 1318 1826 1354 se

257 1388 458 1441 Cmsaris
488 1387 635 1441 iram
667 1404 788 1442 esse
819 1387 1254 1458 pertimescens,
1313 1388 1636 1442 valedicens
1690 1404 1825 1442 con-

252 1474 375 1544 jugi,
398 1478 670 1546 tanquam
703 1475 946 1545 amplius
985 1491 1114 1530 eam
1142 1492 1260 1530 non
1317 1475 1554 1542 visurus,
1609 1475 1681 1530 ad
1734 1491 1832 1528 au-

254 1562 350 1616 lam
376 1566 666 1633 properat.
703 1562 802 1618 Cui
846 1563 1155 1618 mauricius
1203 1578 1505 1618 occurrens
1535 1563 1609 1617 ad
1638 1579 1829 1634 genua

253 1649 352 1719 ejus
364 1650 726 1720 provolvitur,
743 1651 1048 1705 obsecrans
1075 1653 1136 1705 ut
1158 1667 1284 1722 qua:
1297 1653 1498 1706 contra
1519 1667 1672 1716 eum,
1687 1650 1829 1704 falsa

251 1741 464 1808 cogente
500 1738 845 1809 suspicione,
894 1739 1130 1810 indigne
1191 1740 1610 1806 commisserat,
1640 1756 1707 1793 ea
1733 1739 1826 1792 ille

1924 597 2204 648 aeternam
2233 593 2564 663 demigrans
2582 592 2865 664 requiem,
2895 595 3417 656 Sabinianosedem
3443 617 3538 656 re-

1925 681 2093 752 liquit
2118 681 2532 753 pontiﬁcalem.
2564 681 2736 751 Cujus
2788 698 3076 738 successor
3123 686 3448 744 Bonifacius
3505 706 3540 745 a

1924 768 2198 838 praefecto
2228 770 2483 839 Augusto
2509 769 2676 840 petiit
2701 773 2757 824 et
2787 768 3117 840 impetravit
3148 788 3162 828 :
3195 775 3318 831 «Ut
3342 775 3540 832 sedem

1913 855 2196 912 Romane
2223 860 2280 910 et
2304 857 2633 929 apostolicae
2658 858 2921 913 Ecclesiae
2947 864 3118 931 caput
3133 877 3256 916 esse
3274 863 3540 921 omnium

1927 944 2307 999 Ecclesiarum
2339 946 2633 1011 statueret,
2667 944 2802 1015 quia
2841 947 3086 1003 Ecclesia
3139 949 3542 1008 Constantino-

1925 1032 2186 1103 politana
2213 1032 2467 1103 primam
2495 1049 2554 1086 se
2608 1033 2873 1087 omnium
2900 1035 3282 1093 Ecclesiarum
3333 1039 3541 1097 scribe-

1926 1120 2044 1173 bat.
2093 1140 2120 1168 ››
2148 1121 2274 1190 Ipse
2324 1135 2554 1191 quoque
2582 1119 2874 1191 princeps,
2914 1122 3026 1178 alio
3057 1140 3211 1196 papa
3247 1126 3538 1183 Bonifacio

1932 1209 2192 1276 rogante,
2219 1207 2388 1277 jussit
2409 1207 2466 1261 in
2493 1207 2673 1262 veteri
2701 1208 3030 1282 fano,quod
3061 1214 3360 1270 Pantheon
3379 1231 3541 1270 voca-

1928 1293 2090 1360 bant,
2119 1295 2348 1350 abolitis
2373 1295 2661 1350 idolorum
2688 1297 2970 1365 sordibus,
3010 1299 3316 1356 basilicam
3354 1303 3539 1358 beatae

1930 1397 1995 1434 ac
2020 1386 2313 1453 perpetua:
2343 1383 2589 1454 Virginis
2611 1384 2820 1453 Mariae,
2843 1389 2901 1440 et
2926 1387 3192 1443 omnium
3217 1375 3539 1461 martyrum

1930 1469 2082 1523 ﬁerit
2112 1473 2192 1538 ut,
2227 1470 2325 1525 ubi
2355 1472 2649 1542 quondam
2682 1473 2967 1541 omnium,
2996 1491 3115 1530 non
3147 1475 3340 1531 dicam
3393 1476 3540 1532 deo-

1931 1572 2082 1624 rum,
2114 1558 2214 1612 sed
2241 1559 2574 1614 daemonum
2624 1561 2805 1615 cultus
2837 1562 3139 1634 agebatur,
3168 1563 3248 1619 ibi
3268 1563 3540 1635 deinceps

1932 1643 2194 1698 omnium
2222 1645 2387 1700 heret
2415 1647 2700 1701 memoria
2719 1653 3075 1709 sanctorum.

2577 1734 2800 1790 CAPUT
2831 1736 2894 1791 V.

249 1829 458 1895 propter
476 1826 789 1880 Dominum
823 1827 1076 1898 benigne
1098 1827 1442 1882 remitteret.
1468 1826 1830 1898 Stupefactus
1848 1814 1898 1874 B
1927 1816 2010 1870 De
2038 1815 2246 1873 Cacani
2261 1819 2469 1875 Avaris
2488 1838 2576 1875 seu
2597 1820 2798 1878 Hunni
2815 1840 2937 1877 cum
2954 1823 3167 1895 Gisulfo
3193 1825 3540 1899 Langobardo

248 1911 591 1983 Philippicas,
648 1918 706 1968 et
749 1914 886 1985 quid
932 1914 1038 1970 sibi
1102 1916 1252 1970 ultra
1312 1931 1472 1985 spem
1537 1914 1830 1970 accidisset

245 1999 527 2068 admirans,
561 2004 888 2072 Augustum
922 2002 992 2057 de
1023 2005 1180 2057 terra
1209 2003 1440 2070 levavit,
1493 2006 1551 2057 et
1599 2007 1661 2057 ut
1708 2004 1828 2075 ipse

244 2086 284 2139 ei
317 2089 488 2158 magis
521 2089 869 2156 remitteret,
904 2089 948 2144 si
981 2107 1155 2161 quam
1205 2091 1474 2146 adversus
1533 2108 1666 2145 eum
1704 2107 1828 2144 ma-

240 2173 398 2229 litiam
444 2176 746 2242 retineret,
773 2177 976 2235 oravit.
1023 2178 1122 2232 Cui
1175 2177 1473 2233 Mauricius
1505 2195 1516 2232 :
1552 2200 1579 2229 «
1601 2178 1680 2232 Tu
1707 2195 1830 2232 ma-

241 2261 332 2332 gis,
373 2263 588 2335 inquit,
629 2264 886 2335 indulge,
920 2269 978 2320 et
1007 2265 1051 2320 si
1074 2265 1356 2337 quispiam
1389 2265 1447 2320 in
1479 2267 1729 2322 exercitu
1757 2267 1831 2321 sit

237 2349 532 2406 honoribus
562 2352 816 2420 functus,
852 2353 950 2424 qui
993 2358 1225 2408 vocetur
1283 2355 1476 2421 Focas,
1537 2355 1764 2410 edicito.
1795 2375 1827 2406 >>

238 2436 593 2512 Narravitque
625 2439 675 2494 ei
705 2457 944 2495 omnem
973 2458 1040 2496 ex
1067 2441 1271 2496 ordine
1293 2441 1594 2497 visionem.
1619 2443 1829 2514 Philip-

231 2525 372 2595 picus
395 2544 529 2581 vero
558 2529 860 2598 respondit
890 2529 1113 2583 nullum
1144 2546 1203 2583 se
1229 2530 1481 2584 militum
1510 2547 1696 2597 nosse,
1731 2531 1826 2601 qui

234 2612 385 2667 Focas
420 2615 713 2670 diceretur
740 2616 977 2671 nomine
1010 2635 1023 2683 ;
1051 2633 1171 2671 esse
1200 2634 1334 2672 vero
1362 2617 1516 2671 inter
1530 2619 1828 2688 gregarios

232 2702 517 2756 stratorem
564 2702 739 2757 Prisci
801 2704 1022 2774 patricii
1063 2705 1334 2761 vocabulo
1377 2707 1604 2772 Focam,
1656 2710 1828 2776 atque

232 2786 400 2842 eidem
443 2791 572 2844 viro
618 2789 1055 2846 formidolosam
1077 2792 1260 2847 inesse
1300 2793 1709 2848 temeritatem.
1742 2793 1828 2847 Ad

230 2873 334 2929 haec
363 2877 556 2932 Caesar
592 2895 604 2932 :
643 2900 668 2926 α
694 2877 750 2932 Si
779 2879 1014 2950 quidem
1045 2883 1130 2934 est
1149 2881 1556 2935 formidolosus
1588 2885 1645 2935 et
1695 2897 1827 2935 san-

229 2962 526 3031 guinarius.
566 2986 598 3014 ››
633 2966 829 3020 Paucis
862 2965 1096 3021 interim
1128 2966 1444 3037 interjectis
1495 2967 1714 3033 diebus,
1748 2968 1828 3020 ir-

227 3064 373 3105 ruere
405 3052 462 3105 in
495 3069 604 3107 eos
625 3053 744 3124 qui,
770 3053 1100 3123 pactionem
1145 3057 1420 3109 statutam
1459 3055 1821 3125 transgressi,

2111 1905 2266 1974 bello,
2285 1908 2454 1979 deque
2470 1907 2728 1964 Romildre
2758 1912 3023 1967 amoribus
3037 1913 3362 1983 infelicibus.

2001 1992 2081 2046 Ea
2107 1997 2452 2065 tempestate
2483 2012 2582 2050 rex
2611 1998 2882 2065 Avarum,
2907 2015 3084 2071 quem
3109 2002 3423 2075 sualingua
3445 2020 3542 2076 ap-

1931 2080 2152 2149 pellant
2181 2081 2493 2154 Cacanum,
2535 2100 2668 2138 cum
2717 2085 3094 2156 Forojulianis
3145 2090 3544 2160 Longobardis

1932 2167 2082 2223 bello
2115 2170 2450 2242 conﬂigens,
2471 2172 2676 2227 ducem
2699 2173 2954 2242 ipsorum
2969 2175 3208 2231 nomine
3237 2177 3541 2244 Gisulfum,

1930 2271 2061 2308 cum
2093 2257 2356 2326 plurimis
2380 2275 2616 2314 suorum
2642 2260 2950 2317 interfecit.
2981 2262 3150 2332 Cujus
3177 2264 3336 2318 ducis
3376 2283 3540 2333 uxor,

1932 2345 2208 2400 vocabulo
2233 2346 2522 2415 Romilda,
2542 2347 2856 2403 obsidentis
2884 2366 2941 2403 se
2959 2349 3017 2403 in
3039 2356 3368 2408 memorata
3393 2354 3537 2408 urbe

1932 2431 2141 2487 Cacani
2168 2434 2319 2505 regis
2333 2434 2820 2504 pulchritudinem
2843 2437 3147 2506 admirata,
3166 2439 3219 2493 ei
3247 2440 3539 2496 civitatem

1929 2521 2168 2575 tradidit
2196 2523 2378 2593 stupri
2427 2525 2696 2579 mercede
2720 2524 2824 2579 sibi
2852 2526 3125 2597 pollicita.
3161 2526 3349 2590 Quam
3379 2528 3538 2584 idem

1927 2624 2048 2675 rex,
2075 2613 2241 2680 capta
2267 2611 2405 2666 urbe
2426 2614 2755 2683 populoque
2788 2613 2909 2683 ejus
2934 2614 3242 2684 captivato,
3275 2633 3392 2672 una
3407 2633 3543 2688 pro-

1931 2701 2060 2766 pter
2073 2698 2483 2768 jusjurandum
2509 2701 2660 2771 quod
2694 2701 2933 2755 dederat
2963 2705 3236 2769 nocte,ac
3265 2704 3311 2758 si
3344 2705 3402 2758 in
3421 2722 3542 2760 mu-

1931 2784 2272 2839 trimonium
2304 2787 2543 2858 accepit.
2577 2789 2712 2841 Post
2733 2789 2856 2842 haec
2907 2789 3234 2849 duodecim.
3265 2792 3541 2850 Avaribus

1930 2889 2059 2926 eam
2091 2872 2330 2928 tradidit
2359 2873 2477 2945 qui,
2504 2874 2750 2928 vicissim
2782 2874 2891 2930 sibi
2931 2877 3302 2932 succedentes
3332 2894 3422 2946 ea,
3453 2880 3538 2934 uti

1928 2959 2041 3013 vidi
2070 2963 2279 3028 scorto,
2330 2961 2489 3016 abusi
2518 2963 2670 3018 sunt.
2697 2961 2786 3015 Ad
2817 2965 3202 3033 postremum,
3234 2967 3433 3036 palum
3475 2966 3534 3022 in

1927 3047 2123 3101 medio
2166 3063 2372 3118 campo
2405 3047 2617 3119 conﬁgi
2645 3047 3004 3121 praecipiens,
3034 3066 3164 3105 eam
3184 3050 3243 3105 in
3271 3052 3538 3108 acumine

230 3135 498 3193 Romanas
528 3139 642 3193 sibi
675 3139 974 3196 attributas
1007 3141 1368 3196 incessebant
1399 3142 1700 3209 custodias,
1733 3159 1825 3196 vo-

1928 3135 2048 3205 ejus
2061 3134 2233 3188 inseri
2246 3135 2565 3202 mandavit,
2579 3152 2710 3190 cum
2729 3136 2826 3206 huj
2835 3137 3061 3192 usmodi
3074 3139 3537 3210 exprobrationis

227 3223 334 3281 lens
354 3227 460 3282 iter
477 3245 619 3282 cum
644 3227 892 3283 exercitu
913 3229 1171 3300 arripuit.
1195 3232 1370 3284 Porro
1387 3231 1445 3283 in
1469 3234 1621 3284 terra
1635 3230 1826 3286 hostili

228 3315 583 3382 constitutus,
617 3332 747 3370 cum
775 3315 985 3372 milites
1006 3317 1157 3371 furto
1186 3334 1249 3372 ac
1289 3318 1507 3388 rapinis
1538 3318 1824 3373 abstinere

227 3406 612 3475 compelleret,
646 3421 751 3460 nec
773 3408 971 3459 tamen
988 3406 1294 3477 largiretur
1313 3411 1586 3462 consueta
1606 3407 1822 3478 stipen-

226 3489 325 3556 dia,
349 3493 447 3547 sed
476 3493 721 3564 insuper
744 3493 804 3546 in
835 3493 1073 3548 desertis
1112 3494 1433 3564 transigere
1458 3493 1702 3548 hiberna
1728 3510 1822 3547 co-

225 3584 370 3648 geret
397 3584 695 3654 tempora,
724 3598 840 3636 non
864 3581 1172 3636 minimum
1196 3584 1253 3637 in
1286 3600 1344 3637 se
1390 3583 1652 3638 excitavit
1675 3583 1824 3637 sedi-

224 3665 397 3724 tionis.
429 3671 551 3724 Hac
577 3669 792 3723 etenim
807 3669 1007 3724 offensi
1027 3671 1341 3726 acerbitate
1363 3672 1570 3725 veteris
1598 3671 1700 3725 viri
1721 3671 1828 3725 mi-

222 3752 359 3823 litiae,
393 3759 669 3812 conferre
697 3773 892 3812 secum
907 3775 1130 3830 cmpere
1167 3762 1224 3812 et
1254 3759 1492 3830 indigne
1521 3759 1610 3813 fer
1623 3775 1684 3814 re
1715 3759 1824 3813 im-

218 3848 562 3913 peratorem,
597 3845 694 3916 qui
724 3846 880 3899 nullo
909 3846 1187 3900 Romanae
1200 3846 1268 3900 sti
1281 3847 1395 3916 rpis
1418 3846 1828 3902 nobilitaretur

217 3935 461 4000 parente,
490 3937 624 3987 tam
655 3933 920 4005 nequiter
949 3933 1101 4005 ipsos
1131 3934 1466 4004 opprimere
1505 3935 1669 3989 velle.
1712 3934 1825 3988 Nec

217 4019 490 4076 sediutius
516 4023 749 4093 perpeti
771 4039 934 4092 posse
967 4025 1270 4077 externum
1301 4027 1641 4094 tyrannum,
1692 4040 1825 4078 cum

217 4105 488 4165 haberent
500 4109 568 4164 in
583 4111 831 4165 exercitu
845 4111 1172 4182 dignumRo
1181 4111 1335 4166 mani
1351 4111 1580 4183 generis
1596 4111 1826 4184 imperii

217 4193 686 4263 gubernatorem.
696 4198 788 4252 His
799 4215 994 4253 secum
1008 4199 1218 4254 milites
1228 4200 1606 4254 vociferantes
1620 4200 1825 4268 verbis,

217 4281 550 4340 adoriuntur
587 4286 798 4340 Focam
846 4290 985 4341 tunc
1038 4287 1716 4359 centurionem;rogant
1766 4291 1830 4343 ut

218 4367 446 4428 Romani
467 4373 702 4446 imperii
726 4375 992 4445 suscipiat
1007 4377 1827 4446 gubernaculum.Qui,eorum

217 4462 505 4533 praeceptis
524 4462 864 4530 obaudiens,
892 4479 1210 4534 purpuram
1230 4465 1450 4519 induit.
1470 4465 1593 4529 Quo
1615 4482 1830 4536 praeco-

217 4545 384 4614 gnita,
452 4549 762 4604 Mauricius
803 4550 982 4604 animi
1043 4552 1449 4622 desperatione
1520 4554 1824 4616 resolutus,

217 4635 367 4688 cessit
385 4638 568 4692 rebus
583 4636 884 4692 adversum
906 4655 966 4692 se
996 4639 1324 4705 ﬂuentibus,
1341 4644 1398 4694 et
1421 4641 1479 4695 in
1510 4641 1826 4712 quamdam

218 4717 450 4779 insulam
473 4726 629 4780 mari
644 4725 1019 4797 continguam
1045 4729 1287 4798 aufugit.
1321 4732 1381 4782 [n
1415 4745 1530 4800 qua
1553 4729 1623 4783 ab
1647 4745 1821 4801 appa-

217 4807 475 4867 ritoribus
509 4830 658 4884 quos
705 4813 876 4868 Focas
909 4813 981 4868 ad
1031 4831 1167 4869 eum
1212 4817 1680 4886 persequendum
1737 4817 1822 4871 di-

217 4904 451 4969 rexerat,
478 4901 678 4972 gladio
713 4918 844 4957 cum
875 4918 1050 4958 uxore
1083 4919 1148 4957 ac
1192 4904 1414 4958 duobus
1447 4904 1574 4957 ﬁliis
1595 4920 1824 4975 percus-

218 4989 504 5055 sus,etiam
519 4992 711 5044 morte
724 4991 1027 5062 temporali
1044 4991 1305 5063 implevit
1321 4993 1616 5048 somnium
1631 5009 1822 5049 suum.

857 5096 1080 5152 CAPUT
1101 5098 1189 5152 IV.

279 5183 359 5238 De
373 5185 700 5255 pontiﬁcum
719 5185 1084 5260 Romanorum
1098 5191 1438 5260 successione,
1455 5196 1504 5246 et
1525 5189 1752 5248 ecclesia.u

747 5258 1010 5316 Romanae
1028 5262 1290 5331 primatu.

261 5342 495 5400 Beatissi
505 5363 634 5400 mus
646 5351 838 5402 autem
852 5364 1004 5420 papa
1016 5349 1646 5423 Gregorius,comperto
1665 5352 1820 5424 quod

217 5426 379 5487 Focas
395 5435 689 5505 potiretur
730 5436 998 5507 imperio,
1014 5437 1088 5492 ad
1108 5454 1244 5492 eum
1263 5439 1378 5494 sive
1399 5441 1472 5495 ad
1492 5440 1614 5510 ejus
1631 5442 1821 5512 Augu-

219 5518 330 5572 tam
347 5520 658 5576 Leontiam
671 5522 1402 5596 direxitepistolam,verbis
1415 5527 1820 5598 gratulationis

220 5605 518 5668 refertam.
537 5609 712 5683 Ipsius
743 5611 1018 5686 principis
1052 5615 1336 5689 tempore,
1359 5615 1516 5673 idem
1574 5615 1816 5674 dilectus

1925 3222 2099 3276 verbo
2134 3239 2148 3276 :
2180 3241 2212 3274 <<
2233 3223 2452 3290 Talem,
2475 3222 2685 3294 inquit,
2716 3224 2926 3279 merita
2946 3227 3032 3279 est
3055 3224 3240 3280 virum
3258 3226 3533 3282 habere.»

1925 3310 2176 3380 Dignum
2207 3309 2463 3381 profecto
2493 3314 2858 3380 posterorum
2906 3313 3212 3380 memoria,
3240 3312 3398 3369 idem
3440 3331 3539 3370 rex

1927 3399 2268 3471 proditionis
2285 3398 2331 3468 ej
2343 3416 2405 3456 us
2426 3400 2754 3469 exemplum
2771 3399 3023 3471 reliquit.
3049 3399 3178 3467 Qui,
3211 3401 3317 3455 esti
3343 3401 3537 3472 prodi-

1927 3485 2146 3540 tionem
2162 3486 2457 3557 amplexus
2487 3489 2591 3553 est,
2623 3485 2966 3557 proditionis
3014 3490 3213 3542 tamen
3244 3491 3540 3544 auctorem

1926 3573 2031 3628 sibi
2065 3573 2413 3643 displicuisse
2463 3574 2824 3630 monstravit.
2877 3575 3021 3629 Illud
3061 3575 3210 3631 forte
3261 3576 3539 3647 pertime-

1928 3677 2091 3716 scens
2123 3679 2216 3729 ne,
2247 3678 2373 3732 quae
2399 3661 2803 3732 proximisnon
2834 3665 3194 3733 pepercerat,
3213 3663 3406 3735 ipsi,si
3421 3665 3542 3736 ejus

1927 3750 2211 3821 potiretur
2223 3749 2599 3818 amplexibus,
2623 3748 2865 3804 minime
2891 3754 3171 3820 parceret.
3203 3751 3384 3821 Igitur
3416 3752 3542 3808 dira

1928 3836 2207 3906 proditrix
2237 3836 2437 3906 patriae
2462 3836 2562 3891 tali
2585 3837 2754 3890 exitio
2769 3836 2987 3907 peritit,
3021 3853 3148 3908 quae
3161 3838 3409 3909 amplius
3422 3855 3540 3895 suae

1926 3924 2151 3979 libidini
2183 3939 2357 3995 quam
2384 3922 2593 3978 civium
2639 3926 2698 3976 et
2748 3925 3317 3995 consanguineorum
3371 3926 3541 3981 saluti

1928 4012 2238 4086 prospexit.
2283 4012 2453 4083 Cujus
2491 4011 2622 4065 ﬁliae
2664 4026 2782 4064 non
2831 4011 3036 4066 matris
3067 4012 3374 4079 luxuriam,
3437 4013 3540 4068 sed

1929 4101 2202 4158 castitatis
2232 4115 2496 4155 amorem
2545 4100 2774 4165 secutas,
2815 4114 2888 4151 ne
2916 4099 2987 4152 ab
3011 4098 3211 4154 Avaris
3257 4099 3542 4155 contami-

1931 4193 2230 4257 narentur,
2263 4188 2466 4243 crudas
2495 4187 2787 4258 pullorum
2819 4201 3022 4242 carnes
3053 4186 3160 4242 sibi
3181 4185 3335 4242 inter
3357 4204 3543 4244 mam-

1928 4295 2055 4332 mas
2089 4278 2191 4332 sub
2221 4275 2396 4330 fascia
2423 4275 2762 4347 posuerunt,
2793 4276 2856 4327 ut
2878 4289 3076 4328 carum
3107 4290 3174 4330 ex
3197 4276 3390 4331 calore
3411 4292 3540 4333 cor«

1928 4367 2082 4438 poris
2133 4364 2587 4438 putrefactarum
2619 4362 2802 4417 fetore
2831 4363 3044 4417 Avares
3090 4379 3125 4418 a
3172 4362 3258 4418 sui
3298 4366 3543 4422 commi-

1928 4455 2113 4510 stione
2138 4455 2507 4508 removerent
2539 4467 2552 4505 :
2582 4450 2739 4522 quod
2768 4453 2826 4504 et
2856 4451 3072 4506 factum
3095 4454 3199 4508 est.
3248 4453 3393 4509 Nam
3423 4454 3545 4527 qui-

1928 4559 2174 4614 cumque
2187 4558 2282 4596 eas
2295 4541 2542 4595 obsceno
2558 4539 2788 4594 volebat
2804 4541 3017 4594 attactu
3036 4540 3518 4612 contingere,feto
3529 4569 3547 4586 ι·

1926 4630 2276 4701 risrepulsus
2324 4627 2720 4691 immanitate,
2773 4628 2976 4698 procul
3027 4629 3357 4697 recedebat,
3409 4647 3543 4687 cum

1929 4717 2238 4774 exsecratio
2247 4733 2316 4772 ne
2330 4716 2523 4771 dicens
2535 4731 2738 4770 omnes
2754 4715 3165 4785 Longobardas
3179 4716 3386 4772 fetidas
3398 4733 3543 4776 esse.

1929 4809 2185 4873 Quarum
2201 4822 2315 4859 una
2337 4806 2798 4858 Alemannorum
2823 4802 2970 4874 regi,
2992 4803 3104 4858 alia
3117 4803 3324 4859 dicitur
3339 4805 3541 4876 Bajoa-

1925 4897 2146 4952 riorum
2167 4893 2408 4968 principi
2435 4889 2937 4962 posteanupsisse;
2965 4890 3172 4961 dignas
3185 4908 3290 4962 pro
3315 4896 3541 4948 servata

1926 4984 2201 5058 pudicitia
2241 4981 2468 5053 nuptias
2497 4979 2734 5035 sortitas.
2765 4977 2886 5032 Filii
2918 4994 3050 5032 vero
3100 4979 3148 5049 ej
3161 4995 3244 5048 us,
3277 4997 3420 5052 quos
3473 4997 3542 5036 ex

1923 5073 2262 5147 praescripto
2320 5069 2529 5124 Gisulfo
2587 5067 2709 5122 viro
2759 5082 2860 5121 suo
2914 5072 3265 5138 susceperat,
3321 5071 3542 5123 vastata

1927 5164 2090 5230 urbe,
2123 5158 2364 5215 ascensis
2391 5156 2552 5228 equis
2573 5155 2712 5210 dum
2737 5154 2889 5225 fugae
2920 5171 2978 5208 se
3010 5155 3404 5221 committunt,
3430 5153 3538 5208 mi-

1923 5251 2117 5307 nimus
2143 5249 2377 5302 illorum
2398 5246 2469 5299 ab
2500 5259 2614 5298 uno
2647 5260 2713 5298 ex
2742 5242 3043 5297 hostilibus
3074 5241 3288 5308 cuneis,
3321 5240 3418 5312 qui
3442 5257 3540 5295 ve-

1920 5340 2098 5402 locius
2163 5334 2383 5391 cznteris
2438 5334 2799 5399 cucurrerat,
2855 5329 3100 5400 capitur.
3158 5327 3342 5393 Quem
3380 5328 3541 5396 dum,

1921 5430 2159 5502 propter
2188 5423 2558 5497 pusillitatem
2599 5419 2854 5491 corporis
2904 5417 2950 5472 is
2976 5417 3073 5488 qui
3131 5433 3266 5471 eum
3311 5419 3543 5504 ceperat

1920 5516 2254 5576 interimere
2282 5511 2573 5579 noluisset,
2610 5507 2909 5581 magisque
2938 5505 3012 5560 ad
3033 5503 3541 5561 serviendumsibi

1915 5609 2155 5686 propter
2181 5601 2478 5677 egregiam
2522 5599 2776 5654 formam
2819 5609 3046 5651 servare
3091 5593 3358 5668 elegisset
3387 5588 3541 5662 (erat
