3998 6166
449 402 551 464 771

1515 402 1781 464 ΛῙΜΟΙΝΙ
1823 401 2138 464 MONACHI
2183 403 2697 465 FLORIACENSIS.

3625 413 3716 469 779.

452 525 614 583 enim
647 524 767 598 ipse
793 539 936 596 puer
966 522 1308 579 micantibus
1333 524 1532 588 oculis,
1564 527 1864 599 lacteoquc
1897 526 2056 581 crine
2082 532 2134 590 Α
2159 529 2246 581 est
2275 529 2594 598 Augustam
2632 531 2690 582 et
2721 527 3006 598 Seusium,
3042 527 3415 582 dominationi
3464 533 3724 584 cesserunt

453 613 782 670 exornatrix
811 629 944 667 eum
966 615 1176 667 natura
1200 612 1536 680 donaverat,
1554 614 1764 669 ducere
1783 615 1854 669 ad
1874 618 2062 668 castra

453 701 642 773 capit.
666 703 739 756 At
766 716 929 771 puer,
957 700 1221 771 ingentes
1242 701 1468 756 animos
1483 706 1726 773 augusto
1748 703 1804 756 in
1830 707 2061 773 pectore

452 806 680 844 versans
700 793 758 842 et
782 805 841 842 se
873 789 1161 859 captivum
1191 790 1340 844 trahi
1380 789 1787 861 ingemiscens,
1820 807 2062 860 parvum

452 892 564 949 quo
567 877 736 948 juxta
763 893 928 931 suam
953 879 1187 932 astatem
1217 877 1504 931 accinctus
1552 882 1676 932 erat
1699 878 1980 949 gladium,
2004 880 2067 931 ut

449 966 574 1036 ejus
600 966 950 1019 assuesceret
979 980 1168 1033 usum,
1203 964 1409 1035 vagina
1426 968 1784 1036 exemptum,
1808 965 1933 1019 nisu
1952 981 2065 1036 quo

449 1052 629 1108 valuit
656 1053 860 1108 cervici
894 1070 952 1109 se
996 1052 1279 1108 trahentis
1310 1052 1487 1107 illisit.
1529 1053 1651 1118 Quo
1707 1057 1876 1108 terrae
1929 1070 2066 1124 pro-

445 1145 648 1209 strato,
691 1158 966 1198 converso
997 1157 1168 1213 equo,
1199 1141 1545 1212 retrogrado
1577 1143 1720 1196 calle
1753 1142 1827 1195 ad
1854 1141 2061 1195 fratres

447 1245 763 1300 regressus,
815 1246 934 1284 non
963 1229 1191 1284 medico
1247 1229 1556 1284 lastiﬁcavit
1610 1229 1844 1300 gaudio.
1908 1229 2068 1282 Nunc

445 1317 572 1388 jam
601 1317 675 1372 ad
705 1318 916 1371 nostras
938 1319 1304 1370 revertamur
1329 1316 1598 1370 ordinem
1628 1316 1906 1370 historiae.

1094 1403 1316 1457 CAPUT
1345 1403 1434 1457 VI.

593 1492 678 1546 De
707 1490 937 1546 Clotarii
962 1492 1074 1560 regi
1097 1498 1144 1544 et
1174 1491 1473 1544 manare/1.2
1503 1489 1799 1545 inFrancz'a
1856 1492 2036 1561 gestis.

453 1579 636 1652 Igitur
677 1596 776 1633 rex
823 1579 1172 1633 Francorum
1244 1577 1526 1633 Clotarius
1590 1593 1696 1632 xxx
1767 1578 1934 1649 regni
1991 1576 2076 1632 sui

457 1684 612 1722 anno
649 1670 957 1738 postquam
995 1681 1244 1736 regnare
1299 1667 1552 1736 cceperat
1592 1669 1758 1736 patre
1799 1667 2075 1720 defuncto

455 1754 860 1810 monarchiam
885 1753 1053 1824 regni
1084 1752 1346 1822 adeptus,
1379 1752 1744 1806 Warnarium
1775 1753 1935 1822 cujus
1987 1752 2076 1805 in-

2161 614 2532 670 Francorum.
2560 616 2929 682 Defuncto,ut
2954 631 3126 686 supra
3157 618 3440 670 ostensum
3467 617 3722 687 est,Cleph

2165 718 2301 772 rege
2334 703 2708 769 nobilissimo,
2739 704 2909 757 duces
2935 719 3106 773 super
3136 703 3526 772 Longobardos
3551 705 3724 771 creati,

2167 788 2486 858 irruptione
2514 790 2569 843 in
2599 791 2785 845 Gallos
2810 791 3202 861 facta,greges
3230 790 3569 860 captivorum
3587 792 3731 846 simul

2169 892 2302 930 cum
2330 879 2524 948 praeda
2553 879 2891 950 abegerunt.
2921 879 3004 933 0b
3023 879 3182 948 cujus
3210 879 3740 950 prmsumptioniste-

2171 965 2452 1019 merarios
2471 982 2657 1029 ausus,
2686 966 2988 1036 prmdictas
3004 967 3172 1020 urbes
3186 965 3438 1036 partibus
3453 967 3741 1020 Guntranni

2172 1054 2325 1124 regis
2357 1053 2737 1119 tradiderunt.
2791 1055 2867 1108 Ex
2921 1055 3215 1108 communi
3264 1057 3456 1108 autem
3502 1057 3739 1119 tractatu,

2175 1140 2480 1194 duodecim
2511 1142 2728 1212 legatos
2757 1142 2827 1195 ad
2859 1141 3270 1212 imperatorem
3298 1141 3612 1196 Mauricium
3646 1141 3738 1195 mi-

2175 1230 2380 1295 tentes,
2405 1245 2605 1299 pacem
2627 1245 2761 1282 cum
2792 1245 2860 1284 eo
2887 1230 3168 1283 fecerunt.
3191 1229 3346 1282 Alios
3377 1245 3591 1299 quoque
3617 1229 3742 1298 ejus-

2177 1315 2310 1370 dem
2339 1317 2566 1370 numeri
2597 1317 2816 1387 legatos
2843 1317 2915 1370 ad
2945 1317 3348 1371 Guntrannum
3377 1318 3433 1369 et
3458 1315 3750 1370 Childeber-

2179 1407 2303 1457 tum
2326 1403 2682 1458 destinavere
2711 1404 2806 1474 qui
2828 1404 3140 1458 amicitiam
3159 1407 3215 1457 et
3233 1402 3559 1457 societatem
3574 1418 3744 1456 eorum

2179 1490 2586 1562 efflagitantes,
2618 1490 2923 1545 duodecim
2957 1491 3138 1544 millia
3166 1490 3478 1544 solidorum
3492 1488 3607 1543 seei
3621 1490 3748 1543 solu-

2180 1580 2341 1632 turos
2370 1578 2494 1631 fore
2521 1577 2638 1632 vice
2669 1595 2772 1632 sua
2801 1579 3174 1650 sponderent.
3206 1579 3322 1632 Hoc
3348 1576 3618 1648 praecipue
3639 1577 3752 1646 ipsis

2183 1665 2370 1719 missis
2399 1665 2512 1718 suis
2543 1665 2600 1718 in
2632 1665 2922 1719 mandatis
2949 1665 3242 1719 tradentes
3274 1668 3357 1731 ut,
3387 1679 3622 1735 quorum
3639 1679 3752 1734 pro-

2184 1753 2513 1824 pensiorem
2546 1754 2603 1808 in
2636 1753 2854 1809 foedera
2884 1753 3271 1808 amicitiarum
3305 1753 3654 1807 adverterent
3671 1751 3753 1804 be-

457 1842 671 1898 stantia
693 1857 940 1913 regnum
959 1840 1304 1911 Burgundiae
1317 1840 2076 1911 fueratadeptus,rnajorem
2109 1839 2161 1898 B
2184 1842 2595 1908 nevolentiam,
2623 1858 2827 1896 eorum
2859 1857 3034 1913 quam
3064 1841 3316 1896 maxime
3337 1840 3502 1894 unire
3532 1839 3633 1892 sibi
3656 1842 3754 1893 stu-

458 1929 666 1985 domus
690 1928 751 1982 in
781 1929 900 1999 ipso
920 1927 1221 1982 constituit
1235 1942 1439 1998 regno,
1455 1926 1589 1981 dato
1613 1925 1665 1981 ei
1685 1929 2074 1993 sacramento,

456 2033 530 2072 ne
555 2019 762 2072 cuncto
793 2032 906 2088 quo
920 2015 1210 2070 adviveret
1235 2017 1501 2084 tempore
1517 2029 1904 2069 successorem
1929 2014 2075 2068 acci-

456 2106 638 2176 peret.
671 2102 975 2157 Austrasiis
999 2118 1134 2157 vero
1169 2101 1476 2156 Radonem
1499 2101 1842 2173 quemdam,
1865 2101 2076 2172 proba-

458 2191 585 2247 bilis
639 2190 771 2245 vita:
795 2190 1004 2257 virum,
1036 2189 1245 2244 eodem
1276 2188 1519 2244 honoris
1556 2189 1741 2260 gradu
1794 2188 2078 2243 donatum

455 2279 733 2352 praefecit.
792 2277 1170 2348 Ultrajuranis
1211 2292 1442 2347 quoque
1479 2276 1798 2347 Erponem,
1853 2291 2071 2346 genere

459 2370 745 2424 Francum
792 2366 1099 2438 particium
1131 2365 1396 2419 instituit.
1429 2365 1534 2428 Qui
1567 2365 1706 2418 dum
1741 2381 1870 2436 quas
1921 2364 2076 2434 pacis

459 2459 593 2512 sunt
614 2453 1199 2525 diligeret,malorum
1215 2453 1548 2524 deprimens
1570 2452 1986 2522 nugacitatem,
2003 2451 2075 2505 ab

459 2545 594 2618 ipsis
621 2541 988 2614 pagensibus,
1011 2541 1287 2595 instinctu
1316 2539 1541 2594 Alethei
1571 2539 1815 2609 patricii,
1847 2542 1905 2593 et
1931 2540 2073 2593 Leu-

461 2631 739 2688 demundi
765 2629 1110 2685 Sedunensis
1142 2627 1912 2699 episcopi,perimitur.Tunc
1931 2631 2076 2681 tem-

460 2721 618 2794 poris
643 2717 921 2775 Clotarius
951 2718 1024 2772 ad
1054 2716 1271 2782 villam,
1303 2717 1394 2770 cui
1423 2715 1804 2786 Maurolegico
1833 2715 2075 2784 [Mauro-

462 2808 705 2880 legium,
745 2811 801 2859 in
831 2805 1044 2860 Alsatia
1075 2803 1198 2871 had,
1243 2804 1472 2874 Marley)
1526 2819 1744 2858 nomen
1785 2806 1896 2870 est,
1942 2818 2075 2856 cum

463 2895 800 2952 Bertetrude
821 2894 1024 2966 regina
1044 2891 1578 2962 accedensjustitize
1599 2892 1842 2946 obtentu
1863 2892 2076 2946 multos

461 2986 658 3058 inique
679 2986 918 3056 agentes
949 2981 1138 3053 gladio
1165 2981 1356 3052 puniri
1396 2980 1582 3051 jussit.
1633 2979 2076 3033 Leudemundus

2183 1930 2388 1984 derent
2415 1929 3067 1984 concordiam.Tandem
3082 1929 3278 1984 audita
3295 1928 3582 1998 utriusque
3606 1926 3758 1997 partis

2181 2019 2489 2083 sententia,
2507 2018 2828 2088 patrocinio
2859 2034 2918 2072 se
2934 2017 3278 2072 commisere
3301 2016 3760 2078 Francorum,tra-

2182 2105 2301 2160 dita
2328 2105 2560 2175 insuper
2587 2105 2927 2159 Guntranno
2959 2103 3081 2174 regi
3112 2104 3258 2158 valle
3279 2102 3568 2174 Amctegis
3581 2117 3762 2172 cogno-

2180 2193 2339 2247 mine
2375 2210 2390 2260 ;
2423 2192 2613 2264 sicque
2637 2209 2814 2263 usque
2846 2192 2920 2245 ad
2948 2196 3216 2262 tempora
3245 2191 3478 2260 Agilulﬁ
3525 2191 3665 2260 regis
3689 2189 3758 2242 sui

2183 2283 2509 2334 memorata
2540 2282 2754 2334 solvere
2787 2280 3021 2334 tributa.
3056 2279 3160 2342 Qui
3193 2280 3408 2333 electos
3438 2278 3619 2350 gentis
3665 2292 3761 2330 sua:

2181 2371 2402 2440 legatos
2455 2370 2541 2423 his
2574 2369 2927 2435 nominibus,
2950 2367 3288 2438 Agilulfum,
3346 2367 3671 2437 Pompeium
3711 2379 3764 2417 ac

2181 2457 2522 2522 Gautonem,
2557 2457 2629 2511 ad
2663 2456 2980 2511 Clotarium
3014 2455 3217 2509 direxit
3249 2455 3597 2510 Francorum
3627 2452 3765 2524 prin-

2181 2545 2390 2614 cipem,
2408 2560 2646 2614 poscens
2665 2547 2727 2597 ut
2756 2544 3019 2614 vectigal,
3051 2543 3203 2614 quod
3231 2543 3284 2597 ei
3316 2543 3554 2613 singulis
3576 2542 3766 2610 depen-

2182 2631 2356 2686 debat
2384 2631 2568 2698 annis,
2601 2631 2941 2685 remitteret.
2975 2631 3061 2697 Hi,
3100 2631 3513 2684 circumventis
3544 2626 3765 2701 pecunia

2180 2719 2288 2785 his,
2317 2736 2460 2790 quos
2490 2718 2726 2772 intimos
2756 2718 2994 2773 consilio
3025 2718 3176 2789 regis
3204 2719 3331 2772 fore
3375 2719 3765 2788 cognoverant,

2181 2807 2328 2862 datis
2355 2806 2617 2860 videlicet
2647 2806 2952 2877 unicuique
2971 2806 3123 2860 mille
3152 2806 3552 2876 solidis,usque
3581 2804 3648 2858 ad
3675 2803 3768 2856 tria

2181 2893 2364 2948 millia
2416 2893 2732 2947 solidorum
2764 2893 3118 2960 obtulerunt,
3143 2893 3248 2963 ipsi
3289 2893 3415 2964 regi
3440 2893 3665 2964 triginta
3689 2908 3767 2944 sex

2180 2981 2363 3034 millia
2395 2982 2610 3035 solidos
2652 2981 2817 3034 simul
2881 2997 3009 3034 cum
3042 2981 3329 3052 precibus,
3361 2985 3421 3034 et
3455 2982 3534 3034 ita
3553 2979 3766 3034 remisso

463 3079 659 3129 autem
709 3069 1057 3126 Sedunensis
1105 3068 1380 3140 pontifex,
1448 3066 1676 3120 monitu
1723 3065 1966 3133 Alethei,
2001 3065 2072 3120 ad
2097 3103 2146 3164 α
2179 3068 2356 3123 solitae
2387 3069 2679 3138 pensionis
2708 3084 2905 3136 onere,
2935 3068 3234 3122 redierunt
3266 3069 3341 3122 ad
3375 3068 3629 3140 propria.

461 3157 861 3216 Bertetrudem
879 3156 1114 3211 veniens
1126 3157 1390 3226 reginam
1403 3159 1460 3207 et
1476 3170 1605 3208 eam
1622 3153 1892 3207 secretius
1906 3154 2073 3207 advo-

463 3250 690 3317 cans,ut
717 3247 1013 3300 thesauros
1039 3260 1169 3297 suos
1200 3241 1497 3296 Sedunum
1513 3242 1852 3294 transferret
1879 3241 2075 3294 horta-

461 3341 639 3403 tatur,
673 3335 869 3390 dicens
901 3332 1116 3404 optime
1147 3347 1206 3384 se
1235 3347 1400 3384 nosse
1431 3329 1742 3384 Clotarium
1796 3345 1864 3383 eo
1919 3344 2072 3383 anno

465 3427 536 3482 de
557 3424 762 3480 szeculo
795 3420 1204 3491 migraturum,
1226 3419 1644 3489 Aletheumque
1668 3435 1788 3473 esse
1807 3423 2074 3490 paratum

463 3529 627 3568 suam
653 3523 893 3564 uxorem
910 3507 1238 3578 relinquere
1257 3509 1315 3559 et
1343 3505 1608 3575 reginam
1631 3521 1762 3560 cum
1783 3522 1966 3577 regno
1984 3523 2072 3561 as-

463 3615 712 3666 sumere,
735 3613 803 3652 eo
834 3595 990 3666 quod
1020 3597 1167 3648 esset
1203 3593 1322 3664 ipse
1353 3593 1619 3647 Aletheus
1645 3610 1675 3647 e
1704 3593 1884 3648 nobili
1934 3595 2071 3648 Bur-

463 3687 827 3760 gundionum
853 3681 1140 3754 prosapia.
1165 3681 1404 3758 Regina,
1438 3681 1560 3736 haec
1606 3682 1846 3737 audiens
1898 3686 1956 3736 et
2013 3699 2071 3736 se

462 3777 664 3842 talem,
690 3773 779 3828 cui
804 3771 941 3826 talia
970 3771 1370 3837 suaderentur,
1403 3770 1748 3826 aestimatam
1801 3787 1921 3826 esse
1948 3787 2074 3842 gra-

460 3865 605 3921 viter
625 3865 835 3930 ferens,
852 3861 1056 3933 rapido
1074 3877 1132 3914 se
1157 3859 1218 3914 in
1241 3858 1565 3914 cubiculum
1583 3860 2066 3931 proripuitcursu.

461 3950 904 4009 Leudemundus
933 3947 1259 4019 intelligens
1279 3948 1589 4002 verborum
1604 3964 1839 4002 suorum
1859 3949 2071 4002 calum-

462 4043 623 4098 niam
634 4058 692 4096 se
705 4039 1049 4104 subiturum,
1057 4051 1160 4108 per
1178 4036 1382 4090 urbem
1399 4036 1694 4090 Sedunum
1711 4037 1782 4090 ad
1798 4037 2068 4090 abbatem

458 4129 815 4186 Austrasium
859 4126 1116 4181 Loxoveo
1161 4127 1454 4196 properat,
1486 4128 1548 4178 ut
1578 4140 1683 4194 per
1714 4125 1837 4194 ejus
1869 4141 2068 4195 preces

457 4215 882 4291 indulgentiam
907 4214 1056 4285 regis
1080 4216 1419 4269 mereretur.
1445 4213 1610 4277 Quod
1636 4218 1693 4268 et
1712 4214 1929 4268 factum
1959 4219 2065 4282 est,

456 4305 626 4372 Nam,
655 4303 939 4377 promissa
958 4302 1326 4374 impunitate,
1358 4302 1431 4356 ad
1456 4302 1656 4356 sedem
1682 4319 1848 4357 suam
1875 4303 2065 4358 redire

456 4396 769 4469 permissus
798 4396 900 4449 est.
927 4393 1220 4456 Aletheus,
1263 4391 1424 4462 jussu
1469 4391 1702 4446 Clotarii
1757 4393 2064 4447 Massolaco

456 4486 570 4541 vila
597 4483 851 4550 veniens,
879 4481 939 4536 in
967 4482 1276 4552 conspectu
1294 4495 1601 4550 procerum
1626 4495 1856 4534 causam
1877 4479 2065 4534 dicere

449 4571 659 4646 jussus,
692 4573 832 4627 dum
865 4585 922 4624 se
945 4568 1182 4639 objectis
1230 4582 1480 4638 purgare
1508 4568 1776 4638 nequiret
1805 4568 2068 4624 crimini-

457 4659 584 4725 bus,
615 4657 844 4731 capitali
874 4655 1161 4711 sententia
1191 4658 1277 4708 est
1307 4654 1636 4708 damnatus.

459 4758 469 4766 '
526 4752 693 4803 Anno
723 4759 884 4800 xxxiv
912 4742 1078 4814 regni
1108 4741 1215 4810 sui,
1250 4739 1530 4795 Clotarius
1556 4742 1938 4812 Warnarium,
1968 4761 2065 4816 pa-

456 4836 578 4893 latii
603 4834 898 4898 comitem,
930 4832 1001 4886 de
1028 4846 1207 4901 regno
1237 4830 1602 4901 Burgundiaz,
1637 4847 1768 4890 cum
1787 4832 2066 4886 universis

456 4924 824 4999 pontificibus
843 4939 942 4976 seu
961 4919 1307 4993 primatibus
1329 4919 1402 4974 ad
1419 4937 1478 4973 se
1502 4920 1847 4991 Bonogilum
1871 4920 2064 4976 villam

457 5029 721 5078 evocans,
746 5010 959 5078 dando,
992 5008 1105 5062 sive
1122 5007 1493 5080 petitionibus
1505 5025 1708 5065 eorum
1726 5011 2064 5074 annuendo,

459 5105 693 5158 cunctos
730 5098 836 5156 sibi
866 5097 1227 5154 fidelissimos
1256 5097 1462 5152 effecit.

1090 5185 1312 5241 CAPUT
1339 5185 1452 5241 VII.

528 5284 612 5340 De
646 5279 837 5336 tributo
881 5274 1023 5348 quod
1050 5272 1391 5344 Langobardi
1416 5271 1644 5329 Francis
1677 5274 2061 5346 pependerunt.

530 5369 717 5440 Exigit
742 5383 895 5422 nunc
914 5367 1069 5420 locus
1095 5362 1296 5418 referri
1315 5363 1814 5432 quemadmodum
1836 5363 2062 5435 Longo-

458 5460 625 5522 bardi
656 5455 960 5514 duodecim
991 5452 1174 5507 millia
1201 5451 1540 5518 solidorum,
1574 5452 1773 5506 tributi
1801 5453 2062 5521 nomine,

429 5532 432 5534 ’
459 5551 695 5626 regibus
741 5545 1092 5601 Francorum
1133 5557 1237 5614 per
1266 5541 1447 5595 multa
1472 5540 1745 5595 solverint
1773 5558 2063 5596 annorum

463 5637 764 5702 curricula.
792 5632 891 5690 Vel
915 5631 1091 5688 etiam
1123 5647 1235 5706 que
1266 5630 1338 5687 de
1363 5645 1532 5687 causa
1552 5627 1980 5702 duascivitates,
2005 5631 2064 5688 id

2784 3157 3007 3212 CAPUT
3038 3158 3172 3212 Vill.

2175 3229 2258 3283 De
2275 3227 2612 3283 Bertetrudis
2641 3230 2834 3296 regina?
2864 3230 3030 3295 obitu,
3056 3236 3104 3281 et
3134 3229 3392 3284 Sz'clu'ldis
3419 3228 3766 3289 matrimonio,

2249 3317 2310 3352 ac
2327 3300 2438 3368 [ilio
2491 3299 2762 3352 Ariberto.
2812 3299 2887 3352 Et
2917 3299 2980 3353 de
3035 3299 3334 3368 Dagoberli
3395 3303 3452 3353 in
3494 3301 3770 3353 societatem

2249 3372 2400 3440 regni
2416 3373 2788 3439 assumptione.

2246 3461 2415 3513 Anno
2437 3475 2595 3513 xxxvn
2619 3459 2876 3528 ejusdem
2911 3459 3184 3531 principis
3211 3458 3566 3514 Bertetrudis
3589 3455 3771 3528 regina

2177 3546 2442 3612 moritur,
2476 3561 2649 3618 quam
2679 3546 2846 3600 unico
2871 3562 3071 3601 amore
3111 3547 3400 3602 Clotarius
3432 3545 3774 3608 dilexerat,et

2178 3650 2380 3689 omnes
2406 3635 2559 3689 leudi
2583 3635 2905 3688 bonitatem
2934 3635 3055 3704 ejus
3079 3639 3385 3690 cernentes
3416 3636 3774 3690 vehementer

2176 3725 2528 3776 amaverant.
2563 3724 2698 3776 Post
2719 3722 2878 3792 cujus
2918 3722 3142 3776 obitum
3165 3722 3456 3778 Clotarius
3487 3740 3584 3777 rex
3616 3719 3768 3775 aliam

2175 3809 2392 3881 accepti
2429 3810 2758 3881 conjugem,
2790 3810 3028 3864 nomine
3061 3810 3400 3878 Sichildem,
3437 3811 3509 3865 de
3542 3825 3653 3882 qua
3679 3809 3772 3862 ha-

2172 3899 2298 3953 buit
2346 3898 2529 3954 tilium
2587 3899 2824 3954 nomine
2853 3899 3208 3956 Aribertum.
3235 3902 3410 3954 Anno
3446 3915 3608 3954 χχιιι
3624 3893 3770 3965 regni

2173 3986 2279 4055 sui,
2313 3987 2594 4042 Clotarius
2627 3986 3021 4057 Dagobertum
3066 3987 3248 4040 ﬁlium
3281 4004 3482 4054 suum,
3508 4003 3576 4041 ex
3604 3986 3774 4039 Berte-

2172 4076 2339 4130 trude
2397 4075 2597 4147 regina
2647 4078 2996 4144 susceptum,
3055 4077 3394 4129 consortem
3443 4074 3609 4146 regni
3650 4069 3772 4126 fecit

2171 4180 2421 4235 eumque
2451 4180 2622 4234 super
2648 4163 2969 4216 Austrasios
2997 4179 3198 4232 regem
3231 4161 3509 4229 instituit,
3533 4160 3770 4215 retinens

2171 4251 2275 4306 sibi
2307 4251 2462 4322 quod
2483 4251 2756 4306 Ardenna
2786 4255 2844 4305 et
2869 4251 3119 4322 Vosagus
3139 4267 3334 4304 versus
3361 4249 3684 4306 Neustriam
3714 4262 3769 4300 ac

2089 4371 2144 4431 D
2171 4339 2561 4410 Burgundiam
2586 4337 2986 4393 excludebant.

2839 4427 3061 4480 CAPUT
3088 4427 3169 4480 IX.

2167 4499 2251 4554 .Dc
2272 4497 2504 4554 Samone
2533 4499 2667 4550 inter
2702 4495 2919 4551 Sclavos
2950 4515 3068 4565 rege
3097 4498 3377 4550 constituto
3414 4497 3628 4568 ejusque
3663 4506 3765 4546 suc-

2772 4584 2872 4621 cess
2881 4585 2911 4620 ιι
2939 4574 2986 4619 et
3005 4568 3176 4637 prole.

2236 4659 2402 4710 Anno
2437 4672 2488 4709 x1
2519 4655 2870 4726 principatus
2916 4654 3168 4720 Clotarii,
3198 4655 3376 4709 homo
3414 4653 3649 4726 quidam
3683 4666 3770 4704 no-

2167 4744 2324 4800 mine
2354 4745 2550 4807 Samo,
2597 4743 2832 4796 natione
2865 4743 3130 4806 Francus,
3183 4742 3254 4796 de
3302 4759 3456 4813 pago
3495 4738 3764 4796 Senonico

2167 4834 2378 4886 multos
2403 4830 2830 4902 negotiatorum
2857 4830 3150 4884 mercandi
3173 4846 3341 4884 causa
3365 4831 3425 4884 in
3448 4830 3766 4884 Sclavorum

2165 4921 2434 4988 patriam,
2458 4920 2555 4991 qui
2578 4920 2751 4973 etiam
2778 4919 2986 4973 Winidi
3010 4919 3506 4984 dicuntur,secum
3527 4913 3766 4970 deduxit.

2169 5008 2713 5079 Sclavijamdudum
2741 5006 2979 5074 Hunnis,
3013 5007 3109 5078 qui
3143 5009 3198 5060 et
3249 5022 3451 5059 avares
3491 5004 3766 5064 dicuntur,

2166 5095 2847 5167 subjecti,dominationis
2865 5111 3070 5149 eorum
3077 5095 3099 5164 j
3113 5111 3186 5164 ug
3196 5109 3293 5148 um
3311 5093 3634 5146 detrectare
3652 5093 3767 5142 ten-

2160 5187 2382 5241 tabant.
2417 5184 2712 5255 Siquidem
2747 5200 2880 5238 cum
2922 5182 3176 5254 primum
3207 5181 3515 5251 vectigalia
3550 5178 3653 5243 eis,
3689 5174 3761 5230 uti

2166 5274 2435 5341 dominis,
2463 5273 2879 5345 dependerent,
2912 5271 3296 5342 praeliantium
3320 5273 3507 5324 castra
3524 5271 3766 5321 tutaren—

2165 5369 2280 5430 tur,
2307 5362 2658 5433 fugientibus
2671 5361 2877 5415 auxilia
2891 5361 2960 5414 ad
2977 5358 3359 5414 resistendum
3379 5354 3765 5412 subministra-

2165 5457 2316 5519 rent,
2351 5455 2538 5508 tantas
2563 5453 2632 5506 ab
2665 5451 2798 5523 ipsis
2825 5450 2929 5505 sibi
2979 5449 3162 5503 illatas
3196 5448 3522 5502 tolerabant
3568 5445 3760 5497 contu-

2165 5541 2364 5599 melias
2390 5545 2452 5596 ut
2473 5557 2591 5595 non
2621 5537 3252 5605 homineshominibus,
3273 5537 3372 5590 sed
3395 5535 3548 5588 feras
3579 5528 3765 5586 crede-

2163 5647 2255 5688 res
2285 5628 2632 5702 quibuslibet
2659 5626 2861 5683 vilibus
2912 5625 3246 5700 imperitare
3287 5621 3587 5697 jumentis.
3620 5619 3757 5674 Nam
