3998 6166
223 387 305 451 πθ

1278 379 1602 443 msromA
1637 371 2110 443 FRANCOR‘UM.
2153 417 2227 430 -
2254 381 2387 448 LIB.
2432 381 2522 452 Iv.

3483 411 3596 478 νη

222 515 354 608 inter
369 512 591 608 cratera
610 523 746 581 quze
776 507 1102 608 crudeliter,
1139 506 1544 608 dictuquoque
1561 504 1901 608 “horren-A
1927 505 2301 564 Francorum
2347 511 2711 583 existentem,
2753 516 2885 575 sine
2917 518 3365 586 examinatione
3399 534 3570 608 legali

3579 582 3597 605 J

223 603 365 666 dum,
399 598 462 653 in
494 614 602 653 eos
656 598 1024 662 exercebant,
1061 611 1247 650 unum
1297 593 1439 648 illud
1482 591 1821 657 nefandum,

221 689 503 758 cuntisque
560 689 740 740 antea
805 685 1020 739 saeculis
1070 682 1392 737 inauditum
1441 683 1565 735 erat
1618 680 1820 745 scelus,

221 776 351 848 quod
379 774 551 845 quasi
576 771 920 838 hiematuri,
949 787 1151 825 eorum
1185 770 1461 823 adeuntes
1509 765 1818 831 domicilia,

219 881 400 920 uxores
428 864 702 935 ipsorum
730 859 846 915 suis
875 857 1432 913 assumebantsocias
1477 855 1684 909 stratis.
1711 855 1820 907 Ve-

216 971 323 1010 rum
355 952 463 1018 illi,
499 949 603 1022 qui
635 950 708 1003 de
742 947 1085 1018 conjugibus
1123 946 1455 1001 Sclavorum
1488 947 1545 998 et
1602 942 1822 996 Hunnis

215 1044 361 1096 erant
392 1037 609 1110 geniti,
643 1038 758 1091 hoc
791 1035 1033 1100 malum,
1066 1033 1222 1105 quod
1253 1032 1432 1086 vitrici
1461 1048 1663 1087 eorum
1721 1030 1819 1084 diu

213 1130 429 1184 fuerant
459 1125 752 1200 perpessi,
783 1124 1046 1178 nolentes
1069 1120 1314 1193 perpeti,
1333 1121 1588 1174 immane
1615 1122 1819 1174 contra

212 1217 466 1272 dominos
493 1217 557 1268 et
579 1215 780 1284 patres
809 1228 940 1264 suos
952 1210 1268 1264 excitavere
1297 1209 1534 1263 bellum.
1553 1207 1636 1260 Ad
1663 1206 1818 1276 quod

209 1297 365 1351 Samo
388 1309 530 1348 cum
564 1292 758 1357 sociis,
788 1289 1129 1359 adjumento
1156 1288 1393 1342 Winidis
1413 1287 1636 1341 futurus
1657 1285 1807 1340 forte

207 1385 488 1457 profectus
519 1384 631 1435 est.
668 1380 954 1449 Factaque
987 1375 1633 1446 congressione,Winidi
1662 1375 1819 1428 Hun-

206 1489 300 1528 nos
327 1471 640 1542 superant.
675 1469 740 1520 In
777 1467 886 1520 hoc
926 1463 1243 1518 certamine
1294 1463 1466 1517 Samo
1514 1477 1646 1516 cum
1705 1462 1818 1516 suis

205 1561 545 1632 praeclarum
579 1553 810 1609 militiae
840 1553 1257 1607 documentum
1307 1550 1483 1606 dedit.
1515 1553 1816 1622 Praerupta

202 1662 454 1718 namque
485 1659 615 1698 sese
646 1640 903 1713 periculo
951 1638 1406 1709 dans,plurimos
1434 1637 1687 1692 hostium
1717 1638 1815 1691 de-

202 1733 548 1788 struxit.Hoc
581 1744 845 1784 successu
858 1726 1034 1782 Samo
1054 1743 1087 1780 a
1106 1725 1316 1780 Sclavis
1345 1726 1418 1779 ad
1448 1725 1816 1796 regnandum

201 1825 578 1892 expetitus,eo
609 1815 771 1887 quod
788 1813 1023 1886 egregia
1052 1813 1175 1882 ejus
1207 1813 1630 1866 delectarentur
1651 1811 1816 1867 forti-
1841 1817 1893 1876 Β
1921 1826 2297 1898 dignitatem.

199 1908 414 1974 tudine,
442 1907 517 1961 de
567 1901 939 1974 negotiatore
972 1916 1074 1954 rex
1103 1898 1466 1965 constitutus,
1500 1915 1605 1968 per
1653 1915 1814 1953 xxxvn

197 2012 374 2051 annos
390 1998 636 2048 strenue
668 2004 918 2060 regnum
955 1985 1813 2058 gubernavit,adversuminnu-

198 2100 380 2138 meros
412 2082 712 2136 bellorum
726 2077 1161 2146 tumultumque;
1177 2089 1308 2127 cum
1328 2073 1524 2127 Avaris
1554 2073 1814 2144 gessit.ln

197 2172 396 2242 quibus
426 2165 968 2240 semper,prudenti
990 2162 1199 2218 astutia
1234 2179 1386 2228 usus,
1417 2162 1596 2217 victor
1645 2163 1814 2217 exsti-

197 2260 281 2313 tit.
311 2257 522 2312 Habuit
543 2269 783 2326 quoque
826 2251 1132 2306 duodecim
1165 2266 1233 2304 ex
1287 2265 1503 2320 genere
1561 2248 1813 2303 Winido-

196 2364 322 2401 rum
354 2361 588 2411 uxores,
611 2359 681 2398 ex
693 2340 899 2412 quibus
919 2356 1032 2394 χχιι
1051 2338 1204 2393 filios
1227 2354 1290 2391 ac
1311 2354 1378 2392 xv
1408 2337 1610 2409 genuit
1646 2337 1812 2405 ﬁlias,

841 2444 1065 2500 CAPUT
1113 2443 1175 2496 X.

194 2539 275 2594 De
293 2536 604 2594 Adaloalda
633 2532 1113 2602 Langobardorum
1134 2537 1329 2599 regc,et
1358 2530 1473 2599 ejus
1500 2547 1814 2598 successore,-

615 2606 782 2676 deque
814 2603 1164 2671 Gundeberga
1197 2603 1408 2670 regina.

266 2696 620 2753 Adaloaldus
646 2697 842 2749 autem
872 2691 1124 2762 Agilulﬁ,
1157 2690 1257 2760 qui
1290 2694 1347 2744 et
1375 2691 1499 2760 Ago
1535 2690 1720 2744 dictus
1737 2693 1822 2744 est

201 2787 725 2860 Longobardorum
753 2778 1241 2854 regisﬁlius,patri
1262 2779 1321 2833 in
1350 2795 1598 2850 regnum
1631 2795 1820 2834 succe-

200 2876 506 2942 dens,dum
539 2875 744 2928 decem
775 2869 938 2924 annis
956 2885 1088 2923 cum
1120 2867 1710 2922 matreTheudelinda
1730 2883 1821 2922 re-

201 2968 451 3034 gnasset,
479 2979 514 3015 a
543 2957 1068 3032 quodam,Eusebio
1103 2954 1366 3023 nomine,
1403 2955 1498 3026 qui
1529 2955 1599 3008 ab
1630 2955 1817 3025 impe-

203 3055 395 3106 ratore
428 3045 1072 3115 Constantinopolitano
1088 3045 1162 3098 ad
1189 3061 1321 3097 eum
1339 3043 1820 3113 directuslegatus

201 3138 550 3209 fuerat,post
577 3137 862 3190 balneum
887 3133 1123 3203 potione
1137 3135 1393 3203 accepta,
1411 3132 1470 3186 in
1500 3131 1818 3188 amentiam

197 3230 455 3282 vertitur.
477 3228 743 3295 Cumque
765 3223 938 3292 ipsius
967 3222 1145 3293 legati
1166 3221 1652 3292 persuasionibus,
1681 3223 1817 3277 duo-

198 3316 386 3370 decim
403 3317 600 3384 Longo
609 3311 920 3366 bardorum
947 3310 1258 3382 optimates
1277 3309 1530 3380 iussisset
1543 3310 1748 3380 perimi
1761 3329 1816 3378 ,a

199 3404 423 3458 ueteris
451 3417 639 3473 regno
673 3398 925 3470 pellitur.
957 3400 1018 3451 In
1045 3398 1206 3469 cujus
1235 3399 1447 3465 locum,
1474 3399 1812 3454 Arioaldum

193 3491 594 3545 Taurinatium
615 3487 844 3553 ducem,
876 3486 963 3540 cui
988 3487 1371 3556 Gundeberga
1394 3487 1690 3542 Adaloaldi
1721 3503 1814 3542 re-

198 3578 290 3648 gis
319 3593 604 3651 germana
625 3576 688 3630 in
719 3575 1054 3646 conjugium
1109 3580 1476 3641 convenerat,
1508 3576 1812 3630 substitue-

205 3670 357 3720 runt.
391 3667 529 3730 Qum
559 3662 1215 3734 videlicetregina,cum
1245 3666 1302 3716 et
1331 3663 1516 3733 specie
1533 3663 1740 3718 decora
1753 3668 1810 3719 et

198 3754 451 3810 bonitate
475 3754 722 3826 polleret
736 3751 941 3804 mentis
956 3751 1379 3822 praecipuamec
1410 3752 1684 3806 castitatis
1716 3769 1808 3809 ca-

198 3847 351 3897 reret
390 3841 600 3915 gratia,
635 3839 888 3911 quadam
944 3838 1036 3893 die
1090 3838 1425 3910 quemdam,
1477 3841 1810 3898 Adalull‘um

199 3932 490 3996 vocabulo,
526 3945 647 3983 non
669 3926 870 3980 inﬁmo
903 3926 1053 3981 inter
1075 3927 1483 3997 Longobardos
1511 3933 1703 3984 ortum
1725 3931 1807 3986 lo-

203 4031 286 4086 co,
317 4020 421 4074 sibi
443 4018 886 4088 obsequentem,
919 4014 1075 4085 quod
1105 4016 1342 4085 optimae
1371 4021 1517 4071 esset
1577 4018 1803 4089 formae,

206 4111 447 4178 coeperat
480 4104 748 4160 laudare.
788 4104 884 4156 llle
935 4102 1199 4172 reginam
1248 4103 1308 4157 in
1365 4105 1450 4159 sui
1498 4109 1803 4161 autumans

207 4196 465 4248 exarsisse
525 4206 812 4252 amorem,
853 4189 926 4244 ad
954 4206 1153 4244 aurem
1179 4190 1230 4244 ei
1286 4191 1414 4246 inﬁt
1440 4211 1502 4246 :«
1540 4194 1684 4257 Quia
1717 4195 1804 4248 di-

208 4299 350 4348 cens,
379 4287 494 4337 tuae
509 4280 722 4353 placuit
752 4279 1164 4333 benevolentiae
1186 4295 1382 4334 meum
1399 4285 1612 4336 statum
1631 4283 1798 4338 laude

1935 594 2470 692 deho‘nestamento
2499 600 2739 672 dignam
2786 608 3203 669 aestimavisset
3233 594 3597 690 hujusmuodi:

1933 681 2213 778 Quidum
2225 685 2449 778 justam
2474 705 2533 743 se
2547 691 2763 748 habere
2787 711 3038 753 causam
3062 681 3430 766 vinculorum
3453 681 3598 771 uxo:

1924 769 2347 872 risofateretur,
2382 791 2537 830 unus
2568 778 2938 853 legatorum,
2974 789 3301 851 Ansoaldus
3330 769 3595 872 nomine,

1923 856 2251 959 taliregem
2275 859 2615 959 interpellat
2646 856 3598 959 sermone:«Facile,inquit,exa:
3708 868 3713 873 l

1919 961 2062 1043 men
2084 946 2256 1016 hujus
2308 949 2396 1043 rei
2426 950 2532 1043 tibi
2563 957 2943 1030 probabitur,
2963 964 3012 1019 si
3038 946 3279 1026 facultas
3310 946 3479 1034 alicui

1923 1033 2224 1126 miliarum
2245 1036 2474 1126 reginae
2493 1039 2680 1111 detur,
2701 1045 2856 1104 bello
2871 1067 3018 1107 cum
3047 1033 3599 1126 criminatorecon-

1920 1116 2190 1229 tendere:
2202 1145 2229 1171 »
2240 1123 2576 1229 AQ‘uod‘dnum
2596 1132 2688 1188 ille
2702 1139 3074 1229 concecisset
3090 1146 3375 1223 simulque
3388 1172 3598 1229 appro-

1916 1208 2712 1305 basset,et-Adalult‘um,quo
2733 1224 2938 1282 minus
2960 1208 3570 1305 propositaabn—iie‘ret

1919 1296 2255 1395 desperatio
2290 1301 2496 1400 salutis
2526 1312 2937 1400 compelleret,
2960 1296 3290 1381 ‘Aribertus

1917 1385 2139 1483 reginm
2161 1389 2574 1483 consobrinus,
2598 1396 2940 1472 hominem,
2960 1410 3241 1466 vocabulo
3269 1374 3586 1483 Piitdneiii:

1919 1473 2039 1529 vice
2065 1492 2168 1577 sua
2197 1477 2606 1577 praeliaturum
2631 1485 2906 1577 adversus
2926 1463 3591 1577 'Adal

1921 1565 2604 1666 quoddemﬁcrimipator
2624 1573 2747 1629 sine
2771 1594 2949 1637 mora
2974 1584 3155 1641 victus
3170 1565 3589 1666 gladioque'est

1919 1649 2176 1749 punitus,
2209 1654 2605 1729 Gundeberga
2636 1662 2842 1732 regina
2873 1674 3014 1738 post
3036 1676 3154 1728 tres
3170 1649 3366 1734 ierme
3386 1649 3586 1738 redii-—

1919 1747 2102 1840 sronis
2127 1757 2245 1840 suae
2279 1758 2471 1799 annos
2503 1747 2576 1801 ad
2623 1749 2942 1818 pristinam
2975 1761 3148 1831 regni
3195 1768 3279 1820 est
3317 1783 3584 1840 regressa

1916 2039 2000 2094 De
2026 2039 2320 2114 Dagobertz
2365 2048 2511 2130 regis
2541 2048 2966 2130 Affatrasz'orum
3001 2061 3313 2130 prudentia,
3367 2075 3419 2123 et
3457 2070 3572 2128 Ro.

2474 2120 2657 2173 doaldz'
2691 2107 3055 2182 {molere-ar
3077 2107 3313 2134 ””””““’

1987 2225 2173 2298 Regni
2200 2224 2436 2282 Clotarii
2467 2243 2623 2281 anno
2638 2243 2749 2294 XLI,
2768 2244 2907 2286 cum
2921 2235 3289 2306 Dagobertus
3305 2244 3390 2300 rei
3402 2263 3570 2305 sum-

1917 2331 2078 2368 mam
2107 2313 2166 2368 in
2193 2314 2424 2370 Austria
2449 2316 2684 2368 strenue
2716 2317 3104 2394 gubernaret,
3149 2331 3208 2382 et
3238 2335 3561 2402 quemdam

1918 2403 2278 2458 Rodoaldum
2343 2401 2663 2472 majoribus
2710 2405 2869 2474 apud
2919 2401 3273 2472 Austrasiosi
3302 2421 3526 2480 clarum

1921 2490 2267 2579 adhortante
2298 2465 2635 2579 beatissimo
2662 2465 2914 2550 Arnulfo
2945 2465 3553 2579 mathesi-5&3;

1920 2579 2141 2648 majore
2165 2578 2391 2666 domus,
2409 2577 2727 2632 honoribus
2748 2582 3065 2654 extulisset,
3081 2590 3253 2661 coepit
3269 2577 3429 2650 idem
3445 2596 3554 2666 vir,

1923 2669 2145 2720 mutata
2160 2665 2456 2720 insaniens
2470 2668 2688 2732 mente,
2703 2665 3068 2728 iracundiam
3090 2675 3148 2730 in
3171 2694 3231 2732 se
3251 2680 3408 2750 regis
3418 2665 3555 2752 pro;

1921 2770 2143 2808 vocare.
2177 2753 2322 2807 Nam
2353 2752 2666 2822 direptioni
2692 2770 2892 2810 rerum
2923 2761 3164 2817 studens
3194 2765 3548 2841 alienarum,

1921 2841 2200 2912 superbia:
2216 2841 2462 2907 deditus,
2481 2838 2748 2894 elationis
2762 2844 2987 2913 plenus,
3011 2848 3206 2904 locum
3233 2838 3549 2913 detrahen;

1922 2929 1978 2982 di
1995 2928 2378 2983 invidentibus
2407 2926 2513 2981 sibi
2537 2927 2712 2982 dedit.
2735 2927 2858 2991 Qua
2875 2931 2946 2986 de
2975 2949 3148 2989 causa
3166 2944 3542 3008 exasperatus

1921 3017 2279 3086 Dagobertus
2300 3014 2625 3068 interficere
2642 3030 2775 3068 eum
2797 3018 3171 3078 moliebatur.
3192 3024 3356 3078 Unde
3372 3029 3545 3084 terri-

1847 3091 1892 3150 C
1919 3107 2008 3158 tus
2030 3103 2356 3158 Bodoaldus
2387 3101 2459 3156 ad
2491 3102 2805 3157 Clotarium
2834 3120 2894 3158 se
2933 3109 3196 3177 contulit,
3225 3111 3540 3174 obsecrans

1918 3195 1980 3246 ut
2017 3208 2179 3246 suam
2212 3191 2365 3262 apud
2406 3189 2590 3244 filium
2638 3189 2817 3244 vitam
2866 3193 3130 3251 obtinere
3171 3197 3536 3272 dignaretur,

1918 3280 2216 3345 Clotarius,
2231 3278 2348 3332 viso
2371 3278 2510 3344 ﬁlio,
2533 3277 2685 3332 inter
2704 3279 2836 3347 alia,
2853 3297 2927 3335 ne
2951 3283 3314 3340 Rodoaldum
3336 3287 3536 3344 interi-

1914 3370 2100 3422 meret
2127 3369 2412 3438 precatur.
2447 3366 2806 3436 Dagobertus
2829 3371 3122 3438 promittit
3148 3389 3306 3441 eum,
3338 3374 3382 3428 si
3398 3391 3529 3448 quae

1912 3456 2063 3511 male
2092 3456 2347 3526 gesserat
2371 3453 2709 3524 corrigeret,
2733 3471 2897 3526 spem
2928 3457 3055 3514 vita;
3081 3459 3301 3515 habere
3340 3476 3530 3531 posse.

1912 3545 2024 3600 Sed
2057 3560 2187 3598 cum
2217 3542 2472 3597 Treveris
2504 3558 2619 3596 una
2648 3558 2782 3597 cum
2824 3546 3150 3617 Dagoberto
3201 3548 3534 3608 Rodoaldus

1911 3633 2254 3699 accessisset,
2283 3631 2455 3697 nulla}
2479 3633 2737 3687 exstante
2769 3649 2958 3702 mora,
2984 3635 3146 3706 jussu
3173 3636 3325 3708 regis
3349 3637 3528 3711 ipsius

1911 3723 2044 3776 ante
2066 3719 2276 3774 ostium
2299 3718 2544 3773 cubiculi
2564 3720 2820 3791 regalisa
2839 3723 3103 3779 Bertario
3136 3725 3524 3796 Scarponensi

1910 3807 2096 3880 capite
2125 3808 2448 3862 truncatur.

2523 3948 2747 4003 CAPUT
2785 3951 2894 4005 XII.

1903 4037 2310 4120 Denpagoeerti
2325 4053 2458 4120 'cum
2480 4037 2810 4120 Gognatrude
2836 4039 3112 4111 conjugz'o,
3141 4048 3191 4098 et
3219 4060 3340 4120 cum
3359 4058 3516 4120 patre

1977 4107 2214 4163 Clotario
2301 4107 2697 4190 disceptatione,
2777 4127 2838 4165 ac
2893 4107 3072 4166 eorum
3099 4107 3106 4111 ⁷
3138 4107 3516 4187 pacz'ﬁcdtz'onc

1971 4198 2127 4251 super
2146 4195 2305 4250 regno
2327 4180 2645 4233 Austrasiaz.

1971 4288 2136 4340 Anno
2163 4301 2272 4339 XLII
2302 4285 2587 4355 regnante
2626 4283 2898 4354 Clotario,
2930 4288 3313 4363 Dagobertus,
3348 4298 3511 4356 omni

211 4374 299 4425 tua
325 4370 549 4435 eﬂ'erre,
611 4368 856 4459 placeat,
911 4382 1131 4459 quaeso,
1157 4383 1268 4459 me
1300 4368 1558 4459 sodalem
1590 4372 1800 4425 stratus
1823 4371 1876 4429 D
1899 4378 2107 4431 ornatu
2130 4376 2399 4444 cultuque
2431 4372 2591 4443 regio
2622 4372 2818 4443 fultus,
2862 4375 3023 4446 jussu
3048 4382 3228 4450 patris
3262 4385 3516 4459 Clippia-

213 4475 503 4513 assumere.
533 4478 562 4506 ››
589 4458 703 4510 Hoc
723 4456 960 4509 verbum
992 4455 1274 4520 illa,haud
1299 4457 1689 4527 perfunctorie
1714 4461 1797 4514 fe-

214 4565 304 4602 ren
325 4549 460 4602 dum
491 4543 855 4611 arbitrata,in
885 4542 1094 4597 faciem
1112 4545 1232 4614 ejus
1259 4545 1635 4616 exspuit.Qui,
1660 4549 1802 4603 veri-

216 4637 366 4705 tus,si
397 4639 514 4708 ipse
545 4650 674 4688 rem
699 4649 815 4688 non
835 4632 1129 4704 proderet,
1153 4633 1419 4704 reginam
1433 4641 1640 4705 cuncta
1661 4654 1801 4710 pro-

214 4727 538 4796 palaturam,
573 4739 772 4795 regem
788 4722 948 4789 adiit,
969 4739 1225 4777 asserens
1239 4740 1320 4785 se,
1354 4723 1397 4777 si
1413 4728 1564 4779 tutus
1608 4727 1796 4782 adna-

213 4816 440 4869 randum
469 4812 879 4868 concederetur
917 4811 1090 4877 locus,
1148 4828 1271 4866 rem
1329 4813 1712 4870 necessariam
1745 4818 1796 4871 ei

208 4906 602 4959 reseraturum.
665 4902 731 4954 Et
759 4899 1058 4954 secedente
1088 4915 1226 4969 rege
1256 4915 1516 4956 seorsum
1562 4919 1693 4958 cum
1726 4921 1793 4960 eo

208 5009 332 5047 vera
347 4992 497 5047 falsis
527 4992 635 5046 hoc
657 4989 824 5061 ccepit
849 4988 1186 5043 obnubilare
1219 4989 1418 5048 modo.
1446 5012 1475 5041 ‹‹
1494 4991 1657 5060 Taso,
1692 4995 1793 5062 ait,

202 5081 500 5136 Thuscana:
528 5083 717 5134 rector
745 5076 1180 5150 provincize,per
1225 5077 1482 5133 triduum
1511 5080 1638 5150 jam
1661 5099 1794 5138 cum

209 5169 396 5241 regina
415 5183 745 5224 sermonem
788 5169 898 5220 tua:
924 5166 1061 5220 serit
1107 5165 1468 5236 perditionis,
1501 5171 1561 5221 ut
1591 5168 1687 5224 illa
1738 5175 1795 5225 te

208 5273 414 5313 veneno
435 5255 637 5329 perdat
658 5259 712 5310 et
730 5254 917 5326 ipsum
937 5253 1044 5309 sibi
1065 5254 1340 5308 maritum
1359 5261 1632 5312 assumat.
1663 5261 1795 5314 »Ηὶε

206 5363 296 5402 rex
324 5347 583 5401 credulus
599 5345 902 5416 conjugem
931 5343 988 5397 in
1019 5345 1202 5398 castro
1228 5343 1404 5399 Italiae
1426 5347 1675 5415 reclusit,
1701 5351 1791 5404 cui

207 5453 411 5491 nomen
442 5433 806 5497 Amelio.Quo
840 5432 1442 5502 comperto,Clotarius
1477 5450 1579 5506 per
1610 5436 1788 5493 inter-

1899 4479 2053 4530 cum,
2070 4462 2226 4516 haud
2242 4462 2441 4533 procul
2457 4460 2913 4530 Parisius,venit.
2940 4465 3139 4540 Ibique
3166 4487 3512 4542 germanam

1900 4551 2161 4607 Sichildis
2199 4549 2440 4620 reginae,
2473 4549 2889 4606 Gomatrudem
2921 4556 3183 4626 nomine,
3213 4560 3272 4615 in
3312 4565 3515 4636 conju-

1899 4639 2059 4711 gium
2074 4638 2124 4692 ei
2138 4641 2303 4708 pater
2313 4636 2679 4692 tradidit.Die
2690 4655 2825 4694 vero
2839 4641 3010 4697 tertio
3025 4646 3380 4718 nuptiarum,
3387 4668 3519 4722 gra.

1897 4727 2142 4782 visinter
2153 4729 2382 4798 patrem
2395 4742 2461 4780 ac
2483 4725 2667 4780 ﬁlium
2694 4730 2824 4783 orta
2850 4732 2934 4782 est
2964 4729 3516 4797 dissensio.Petebat

1898 4815 2057 4869 enim
2077 4815 2436 4886 Dagobertus
2453 4814 2618 4869 reddi
2643 4815 2752 4869 sibi
2779 4803 3091 4875 solidatuin
3123 4825 3278 4894 quod
3302 4826 3374 4881 ad
3395 4829 3516 4884 Au-

1895 4904 2129 4959 strasios
2144 4903 3065 4975 pertinebat,regnum.Clotarius
3077 4914 3272 4967 autem
3288 4920 3516 4975 contra-

1897 4992 2142 5060 dicebat,
2171 4993 2251 5047 nil
2278 4993 2331 5047 ei
2363 4993 2559 5048 volens
2599 5009 2665 5048 ex
2714 4993 2824 5048 hoc
2868 4998 3206 5054 concedere.
3255 5002 3513 5062 Tandem

1895 5082 2186 5154 eliguntur
2213 5080 2525 5135 duodecim
2555 5081 2777 5149 Franci,
2813 5099 2843 5137 e
2876 5084 3086 5154 quibus
3112 5104 3258 5144 unus
3279 5093 3508 5163 exstitit,

1893 5171 1978 5225 vir
2037 5173 2154 5225 Deo
2227 5169 2488 5242 placitus,
2540 5170 2812 5225 Arnulfus
2859 5173 3197 5231 Metensium
3254 5178 3508 5249 antistes,

1894 5275 2142 5332 quorum
2169 5257 2382 5312 salubri
2433 5258 2670 5313 consilio
2726 5261 2913 5330 pater,
2945 5267 3179 5333 pacatus
3211 5282 3342 5321 cum
3367 5267 3507 5338 ﬁlio,

1892 5347 2143 5404 reddidit
2197 5346 2249 5401 ei
2292 5363 2421 5418 qum
2474 5348 2825 5417 postulabat.
2867 5350 2984 5404 Hoc
3029 5353 3254 5407 tantum
3302 5354 3508 5412 exinde

1891 5437 2048 5509 quod
2107 5435 2251 5489 citra
2291 5434 2564 5508 Ligerim,
2607 5437 2694 5491 vel
2737 5437 2796 5490 in
2837 5438 3098 5509 regione,
3141 5458 3315 5512 quam
3364 5446 3508 5501 Pro-

209 5526 428 5582 nuntios
447 5523 776 5578 Arioaldum
802 5538 1040 5594 arguere
1067 5522 1255 5594 cmpit,
1288 5538 1406 5578 non
1437 5527 1594 5580 recte
1622 5525 1786 5584 illum
1888 5526 2136 5581 vinciam
2181 5525 2622 5598 cognominant,
2665 5526 2841 5582 situm
2874 5529 2961 5582 est
2997 5543 3114 5585 sua
3164 5529 3369 5589 ditioni
3409 5550 3502 5590 re-

207 5616 378 5690 egisse
406 5614 616 5686 dicens,
667 5611 820 5688 quod
855 5612 1122 5686 reginam
1175 5615 1233 5670 et
1262 5629 1331 5670 ex
1382 5613 1538 5686 tegio
1571 5632 1787 5689 genere

1896 5614 2088 5674 tinuit.
