3934 6176
226 393 304 449 777

1258 376 1582 442 HISTORIA
1621 375 2065 444 FBANCORUM.
2117 381 2246 444 LIB.
2279 387 2366 444 IV.

3369 393 3481 454 '778

224 509 300 582 gni
320 522 440 573 ων,
471 503 743 560 Clotarius
778 519 876 560 rex
908 504 1176 568 moritur,
1213 508 1383 577 atque
1430 505 1762 560 suburbano
1783 511 1840 571 Α,
1865 506 2025 561 nium
2040 524 2268 562 summa
2282 507 2478 579 nepoti
2499 524 2601 564 suo
2637 509 3120 568 committeretur.
3147 511 3359 570 Verum
3376 514 3482 585 ilii,

223 595 439 660 Parisius,
463 593 516 646 in
550 591 780 647 basilica
808 593 986 647 sancti
1028 593 1307 648 Vincentii
1339 594 1631 664 sepelitur.
1668 594 1766 647 Hic

225 681 659 739 ClotariusJunior
681 685 768 735 est
789 683 1126 753 appellatus,
1161 686 1396 752 propter
1418 699 1586 737 avum
1600 699 1765 735 suum

221 772 357 826 simili
403 769 650 837 nomine,
707 786 840 824 cum
894 771 1218 840 adjectione
1265 776 1459 825 tamen
1517 770 1769 826 Senioris

221 862 420 924 dictum;
449 859 542 928 qui
562 859 781 929 primus
797 859 971 913 etiam
997 859 1105 914 dici
1137 863 1346 931 potest,
1369 861 1474 915 isto
1492 861 1770 915 existente

218 948 441 1013 secundo,
485 963 712 1002 necnon
761 949 1146 1019 subsequente
1187 950 1390 1016 altero,
1443 949 1513 1004 de
1567 964 1680 1020 quo
1712 948 1770 1002 in

217 1036 578 1109 posterioribus
609 1036 1020 1091 declarabitur.

273 1126 403 1179 Hunc
430 1140 560 1177 vero
595 1123 909 1178 Clotarium
939 1125 1140 1179 beatus
1163 1124 1430 1196 sulpicius
1453 1125 1606 1196 (tunc
1645 1124 1770 1196 qui-

217 1216 319 1269 dem
338 1212 779 1280 archidiaconus,
820 1215 1193 1283 postmodum
1238 1217 1432 1268 autem
1465 1213 1774 1267 Bituricen-

211 1304 325 1356 sium
345 1301 647 1372 episcopus)
673 1301 946 1355 anteriori
970 1305 1234 1373 tempore
1257 1319 1288 1355 a
1309 1301 1468 1372 gravi
1494 1301 1772 1356 liberave-

211 1395 278 1444 rat
295 1389 520 1444 febrium
553 1389 952 1457 incommodo,
974 1393 1196 1461 septem
1216 1390 1371 1462 prius
1392 1390 1616 1444 dierum
1643 1405 1774 1444 con-

211 1482 452 1532 summato
475 1477 724 1548 jejunio.
775 1477 900 1531 Fuit
929 1482 1124 1532 autem
1153 1479 1399 1550 patiens,
1433 1478 1635 1532 litteris
1652 1493 1775 1532 eru-

211 1565 348 1631 ditus,
375 1565 595 1619 timoris
627 1565 726 1621 Dei
786 1567 1008 1635 plenus,
1059 1565 1406 1638 pauperibus
1454 1565 1775 1620 necessaria

211 1654 446 1721 tribuens,
461 1653 836 1708 ecclesiarum
855 1654 1086 1709 Domini
1102 1659 1274 1726 atque
1286 1655 1652 1709 sacerdotum
1670 1653 1776 1707 uti-

205 1741 321 1795 litati
333 1744 628 1796 consulens
647 1743 1053 1797 Verumtamen
1069 1743 1310 1798 subdola
1324 1741 1772 1813 malignantium

1867 596 2139 666 parandae
2156 595 2263 650 sibi
2286 597 2561 666 potentizn
2584 598 2769 668 magis
2799 598 3086 656 intentum
3113 618 3291 674 quam
3321 620 3485 660 eom-

1870 685 2030 738 muni
2063 685 2205 750 usui,
2252 684 2534 753 arbitrati,
2566 689 2625 741 et
2653 687 2807 758 quod
2839 691 2987 743 esset
3015 689 3251 762 ingenio
3284 693 3488 748 remis-

1871 771 2006 834 sior,
2039 772 2448 827 declinandum
2466 775 2843 830 aestimavere.
2870 777 3231 848 Dagobertus
3255 782 3482 850 tamen,

1873 861 2084 932 optatis
2123 861 2355 930 potitus,
2387 862 2659 917 Brunulfo
2681 863 2923 934 dignam
2943 865 3108 920 factis
3138 865 3482 923 vicissitudi-

1873 965 2010 1002 nem
2030 949 2400 1019 postmodum
2419 951 2717 1005 restituere
2732 951 2967 1007 curavit.
2987 953 3336 1026 Compositis
3348 971 3484 1011 vero

1875 1051 2013 1106 erga
2028 1053 2086 1090 se
2098 1037 2290 1103 rebus,
2314 1041 2372 1091 et
2387 1037 2587 1091 studiis
2609 1039 2876 1094 omnium
2897 1039 2994 1110 qui
3020 1057 3146 1096 rem
3168 1041 3484 1098 militarem

1874 1125 1961 1177 vel
1992 1124 2497 1191 administrabant,
2527 1127 2614 1180 vel
2641 1126 2792 1181 circa
2824 1144 2992 1182 suum
3013 1128 3328 1200 imperium
3351 1147 3488 1187 con-

1872 1212 2190 1282 spirabant,
2241 1215 2425 1267 tactus
2468 1214 2642 1268 corde
2694 1217 2868 1286 atque
2915 1219 3179 1288 respectu
3213 1217 3486 1273 fraterna:

1873 1299 2288 1372 compassionis
2314 1301 2386 1355 ad
2409 1300 2842 1358 miserationem
2868 1303 3131 1369 inﬂexus,
3161 1305 3486 1361 amicorum

1875 1389 2112 1443 consilio
2145 1390 2382 1444 fratrem
2416 1406 2482 1444 ex
2528 1393 2694 1461 parte
2742 1395 3069 1447 consortem
3120 1393 3287 1465 regni
3328 1393 3484 1450 fecit.

1876 1477 2209 1549 Collataque
2230 1477 2282 1532 ei
2303 1479 2618 1550 provincia,
2642 1495 2770 1550 quae
2795 1496 2829 1535 a
2856 1479 2984 1551 ripa
3013 1480 3229 1552 Ligeris
3260 1481 3485 1538 Wasco-

1877 1563 2034 1619 niam
2053 1582 2246 1620 versus
2260 1567 2586 1622 extenditur
2599 1585 2781 1640 usque
2797 1568 2871 1624 ad
2884 1569 3144 1640 Pyrenaei
3148 1569 3172 1640 j
3182 1585 3295 1641 uga
3316 1585 3490 1625 mon-

1874 1653 1966 1718 tis,
2007 1654 2105 1725 qui
2135 1654 2372 1709 Galliam
2399 1655 2470 1710 ab
2517 1657 2787 1728 Hispania
2839 1657 3224 1724 disterminat,
3250 1661 3487 1729 pactum

1875 1741 2050 1795 etiam
2079 1759 2212 1796 cum
2231 1760 2299 1798 eo
2315 1743 2526 1814 scripto
2547 1744 2800 1816 pepigit:
2833 1764 2866 1797 ς
2897 1746 2988 1813 Ut,
3016 1745 3236 1818 privato
3252 1750 3490 1802 conten-

205 1831 412 1885 versutia
430 1832 772 1902 subreptum
801 1835 885 1886 est
915 1831 964 1886 ei
989 1837 1050 1886 ut
1079 1832 1314 1886 beatum
1358 1833 1580 1902 Lupum
1627 1847 1775 1901 praa-
1800 1825 1850 1884 Β
1875 1831 1964 1882 tus
1982 1830 2204 1898 habitu,
2228 1831 2308 1885 nil
2331 1832 2576 1902 amplius
2596 1831 2666 1886 de
2687 1836 2931 1903 paterno
2976 1849 3208 1905 sperare
3249 1833 3490 1889 deberet

202 1919 350 1972 sulem
380 1919 676 1974 Senonum
707 1937 740 1974 a
770 1921 902 1974 sede
947 1920 1182 1992 propria
1216 1921 1502 1991 explsum,
1537 1919 1596 1972 in
1632 1919 1774 1972 exsi-

203 2007 315 2062 lium
333 2009 671 2063 retruderet.
697 2009 802 2072 Qui
828 2009 915 2062 vir
933 2011 1106 2063 tanta:
1129 2008 1448 2062 sanctitatis
1481 2007 1656 2060 fuisse
1677 2023 1776 2078 pa-

201 2095 292 2149 lam
342 2113 401 2150 ex
441 2101 743 2166 gestorum
790 2095 1010 2166 scriptis
1049 2112 1284 2150 suorum
1341 2093 1664 2149 ostenditur
1717 2095 1781 2146 ut

200 2185 412 2253 quadam
443 2185 550 2238 Die
573 2184 886 2238 celebranti
906 2183 1132 2238 eisacra
1152 2183 1457 2236 missarum
1472 2181 1776 2247 solemnia,

201 2271 383 2326 cwlitus
401 2289 642 2342 gemma
661 2273 716 2326 in
742 2275 1004 2326 sanctum
1021 2273 1287 2343 prolapsa
1303 2272 1374 2325 sit
1393 2270 1652 2325 calicem.
1675 2270 1781 2323 De-

200 2359 342 2429 nique
360 2377 452 2415 rex
474 2361 766 2432 paenitens
782 2359 938 2426 facti,
983 2360 1055 2414 ab
1089 2359 1283 2413 exsilio
1326 2375 1458 2413 eum
1486 2359 1658 2429 jussit
1695 2373 1783 2411 re-

199 2447 302 2500 duci
323 2453 499 2504 etase
526 2449 784 2520 perduci.
817 2451 861 2502 Α
887 2465 1004 2520 quo
1032 2447 1472 2503 commissorum
1493 2449 1781 2518 postulata

193 2535 590 2610 impetrataque
605 2539 788 2604 venia,
799 2541 1165 2592 muneratum
1183 2553 1317 2590 eum
1335 2537 1558 2591 remisit
1571 2537 1642 2592 ad
1657 2553 1778 2591 sua.

191 2623 362 2679 Beatus
385 2643 621 2698 quoque
670 2626 880 2696 Eligius
928 2625 1144 2680 aurifex
1198 2625 1656 2696 probatissimus,
1688 2641 1778 2678 re-

189 2711 300 2767 licto
325 2715 506 2784 patrio
541 2713 886 2769 Lemovicini
917 2713 1194 2768 territorii
1224 2714 1368 2779 solo,
1395 2713 1468 2766 ad
1501 2713 1775 2767 eumdem

194 2814 362 2870 regem
408 2803 721 2868 transiens,
763 2803 964 2856 sellam
1007 2817 1245 2855 auream
1290 2800 1466 2870 regiae
1508 2800 1779 2871 dignitati

189 2900 474 2958 congruam
501 2889 830 2944 fabricandi
873 2890 946 2942 ab
991 2905 1060 2942 eo
1093 2878 1446 2959 praeceptum
1479 2887 1696 2958 pariter
1721 2891 1780 2942 et

191 2970 703 3047 impensasaccepit.
726 2977 792 3030 Et
823 2993 992 3048 puras
1023 2977 1092 3031 ab
1117 2977 1276 3031 omni
1304 2975 1631 3047 cupiditatis
1661 2993 1780 3030 ma—

186 3062 291 3116 cula
315 3081 522 3134 gerens
546 3082 769 3132 manus,
786 3081 913 3136 qua:
937 3065 1009 3119 ad
1029 3066 1195 3119 unius
1219 3065 1428 3136 opiﬁcii
1446 3068 1780 3135 susceperat

188 3154 419 3220 usum,in
448 3155 571 3210 duo
590 3154 797 3220 divisit,
823 3158 882 3206 et
905 3171 1080 3208 unam
1107 3153 1343 3225 quidem
1367 3170 1484 3208 non
1516 3153 1779 3208 miinoris

186 3241 582 3308 magnitudinis
603 3258 776 3312 quam
793 3242 982 3311 jussus
1011 3241 1218 3308 fuerat,
1245 3241 1562 3310 perfectam
1592 3240 1779 3295 reddi-

185 3323 438 3389 dit.Quod
459 3346 602 3383 vero
626 3345 692 3383 ex
713 3329 1003 3384 attributis
1036 3329 1143 3383 sibi
1179 3329 1301 3384 auri
1343 3329 1664 3399 sumptibus
1692 3346 1778 3382 su-

183 3415 384 3484 perfuit,
399 3435 471 3473 ne
493 3419 806 3489 negligens
823 3418 1111 3490 perderet,
1127 3421 1214 3473 vel
1231 3435 1341 3474 sua:
1364 3419 1778 3490 concupiscen-

183 3501 260 3554 tiae
287 3506 696 3561 satisfaciendo
727 3506 976 3562 retinere
1006 3506 1318 3573 videretur,
1369 3507 1430 3560 in
1483 3507 1777 3562 minorem

184 3594 444 3652 conflavit.
487 3595 621 3659 Qua
673 3612 735 3650 re
782 3595 1049 3666 princeps
1102 3599 1422 3667 perspecta,
1475 3596 1776 3650 laudatum

181 3679 330 3735 allum
359 3700 422 3738 ac
434 3687 906 3748 remuneratum,
921 3684 1116 3755 palatii
1122 3685 1288 3756 jubet
1304 3683 1554 3740 incolere
1584 3685 1776 3740 domi-

182 3767 307 3824 cilia.
340 3771 453 3827 Sed
491 3774 572 3829 de
596 3773 684 3828 his
715 3773 822 3828 ista
847 3773 1152 3828 sufficiant.

767 3898 989 3952 CAPUT
1027 3898 1179 3952 XVII.

179 3999 247 4056 De
267 4001 564 4075 Dagoberti
578 4011 695 4075 post
725 4008 1102 4059 annuntiatam
1149 4005 1252 4058 sibi
1280 4004 1512 4059 Clolarii
1547 4010 1770 4060 mortem

236 4076 438 4143 studiis,
459 4085 511 4130 et
544 4077 791 4130 Ariberti
813 4093 874 4128 ac
904 4075 1157 4144 Brunulﬁ
1171 4083 1355 4130 contra
1376 4094 1495 4130 eum
1513 4077 1769 4144 factione,

240 4146 390 4218 deque
437 4164 727 4218 corporum
776 4146 1027 4217 Dionysii
1079 4155 1127 4200 et
1170 4150 1430 4201 sociorum
1472 4149 1772 4202 inventione

235 4219 580 4340 Truc-uiam,
615 4234 813 4273 necnon
843 4226 892 4272 et
918 4218 1241 4288 Sadregzsilo
1273 4218 1446 4272 locum
1478 4225 1683 4272 tenente
1715 4220 1769 4271 in

288 4293 532 4340 ouitania
546 4331 559 4340 .

288 4293 532 4359 quitania
546 4331 559 4342 .

1801 3107 1849 3167 C

1876 1934 2079 1990 regno.
2116 1937 2146 1970 ››
2179 1919 2284 1982 Qui
2312 1920 2405 1973 ubi
2445 1923 2821 1990 protestatem
2879 1921 3120 1992 adeptus
3151 1925 3257 1989 est,
3287 1923 3487 1977 sed-em

1878 2005 2042 2076 regni
2072 2005 2336 2060 Tolosam
2365 2007 2603 2078 eligens,
2657 2024 2825 2062 sensu
2878 2024 3018 2075 non,
3043 2011 3121 2076 jut
3146 2009 3486 2080 putabatur,

1877 2093 2095 2159 tardus,
2113 2110 2309 2148 verum
2334 2098 2541 2150 natura
2555 2095 2700 2149 acris
2721 2095 2794 2150 ad
2809 2095 3079 2150 obeunda
3101 2095 3355 2167 negotia,
3378 2099 3487 2152 sta-

1857 2180 1982 2254 “tim
2014 2181 2248 2252 ingenio
2299 2199 2400 2236 suo
2433 2183 2741 2238 materiam
2783 2183 3020 2238 invenit.
3057 2183 3396 2256 (Sequentia
3420 2200 3486 2238 ex

1879 2269 2050 2338 gestis
2083 2270 2391 2341 Dagoberti
2415 2271 2742 2342 desumpta,
2765 2288 2893 2344 qua:
2920 2275 3081 2326 tomo
3105 2274 3125 2325 Ι
3153 2273 3487 2344 habentur.)

1878 2360 2046 2412 Anno
2081 2357 2239 2412 enim
2270 2375 2331 2413 ιιι
2359 2362 2668 2430 postquam
2723 2375 2969 2432 regnare
2999 2363 3271 2431 cceperat,
3302 2362 3488 2414 totam

1879 2445 2194 2500 Wasconiaa
2206 2449 2423 2501 terram
2437 2447 2666 2519 subegit
2683 2450 2854 2519 atque
2871 2464 3119 2520 regnum
3131 2463 3298 2503 suum
3320 2448 3491 2504 latius

1879 2535 2086 2590 effecit.
2123 2535 2395 2590 Universa
2435 2539 2630 2590 autem
2680 2536 2910 2592 Austria
2953 2552 3085 2592 cum
3138 2536 3490 2608 Burgundia,

1879 2624 2139 2678 Neustria
2165 2640 2416 2695 quoque,
2443 2625 2704 2681 dominio
2727 2625 3011 2696 parebant
3032 2624 3365 2696 Dagoberti.
3389 2623 3496 2679 Cu-

1871 2712 1966 2783 jus
1988 2712 2291 2767 actuslicet
2307 2729 2342 2766 a
2363 2713 2655 2768 nonnullis
2677 2714 2985 2784 separatim
3007 2712 3214 2784 digesti
3232 2712 3488 2768 habean-

1879 2803 1991 2867 tur,
2011 2804 2208 2854 tamen
2233 2818 2303 2856 ne
2317 2817 2415 2855 eos
2437 2802 2590 2855 facta
2607 2801 2658 2872 ej
2667 2819 2732 2855 us
2747 2802 2990 2868 lateant,
3011 2801 3164 2873 apud
3183 2817 3326 2873 quos
3342 2816 3492 2871 prae-

1877 2887 1996 2941 fata
2016 2905 2131 2942 non
2153 2888 2442 2943 invenitur
2461 2888 2762 2960 scriptura,
2791 2905 2860 2944 ea
2884 2906 2990 2944 nos
3015 2888 3179 2943 libuit
3218 2887 3494 2960 perstrin-

1877 2991 2035 3046 gere.
2093 2976 2450 3046 Dagobertus
2503 2976 2715 3048 quippe
2795 2993 2828 3031 a
2907 2975 3158 3032 Clotario
3221 2976 3486 3046 genitore

1879 3063 2191 3118 venerabili
2237 3064 2356 3118 viro
2403 3065 2650 3120 Arnulfo
2694 3064 2928 3119 Metensi
2969 3062 3231 3136 pontifici
3263 3062 3336 3116 ad
3366 3077 3494 3117 eru-

1879 3151 2156 3205 diendum
2182 3152 2445 3219 traditus,
2483 3151 2745 3224 pueritia:
2789 3167 2974 3206 annos
3022 3151 3081 3204 in
3111 3149 3312 3206 studiis
3339 3166 3496 3205 exer-

1877 3240 1993 3294 cuit
2016 3243 2360 3296 litterarum.
2379 3240 2843 3296 Adolescentiam
2861 3256 2994 3295 vero
3011 3255 3173 3294 suam
3192 3239 3490 3294 venatibus

1878 3329 2073 3401 (quem
2099 3346 2326 3384 morem
2365 3331 2711 3384 Francorum
2735 3328 3252 3400 principibussaape
3269 3327 3371 3382 fati
3393 3344 3489 3383 su-

1876 3434 2004 3473 mus
2039 3419 2210 3474 fuisse
2229 3418 3032 3489 familiarum)assuefaciens,
3057 3433 3229 3489 agere
3257 3432 3490 3472 cervum

1876 3506 2127 3577 quadam
2161 3505 2251 3560 die
2281 3505 2551 3560 instituit.
2587 3503 2694 3569 Qui
2725 3505 2889 3560 facile
2923 3505 3208 3560 industria
3234 3504 3496 3577 equitum

1878 3611 1942 3649 ac
1954 3595 2262 3666 sagacitate
2285 3594 2554 3648 inventus
2571 3611 2804 3662 canum,
2826 3611 2895 3648 ea
2907 3594 3208 3650 velocitate
3226 3594 3496 3666 quaillud

1875 3683 2092 3738 animal
2122 3683 2202 3736 uti
2232 3682 2546 3748 consuevit,
2590 3681 2783 3737 silvas"
2808 3686 2866 3736 et
2898 3686 3150 3750 montes,
3195 3685 3253 3738 et
3302 3683 3349 3737 si
3381 3699 3497 3755 qua

1875 3770 2054 3824 etiam
2088 3785 2386 3824 occurrere
2415 3769 2660 3823 ﬂumina
2692 3769 3000 3836 transiens,
3050 3769 3111 3824 in
3161 3770 3372 3837 vicum,
3403 3771 3494 3825 cui

1876 3858 2194 3912 Catuliacus
2208 3858 2552 3912 vocabulum
2570 3861 2674 3923 est,
2694 3873 2863 3911 cursu
2880 3857 3228 3912 defertur.ln
3242 3857 3349 3912 hoc
3371 3857 3492 3912 vico

1874 3945 2114 4000 aedicula
2126 3948 2269 4011 erat,
2295 3961 2420 4016 quae
2434 3960 2681 4014 corpora
2698 3947 3024 4016 martyrum
3043 3943 3300 4015 Dionysii
3318 3960 3384 3999 ac
3399 3961 3494 3998 so-

1872 4033 2094 4088 ciorum
2125 4034 2172 4104 ej
2185 4051 2246 4088 us
2265 4034 2516 4105 tegebat,
2546 4033 2605 4087 in
2633 4049 2808 4104 quam
2822 4049 2880 4086 se
2898 4048 3096 4087 cervus
3117 4035 3239 4086 tuto
3257 4035 3488 4104 reperto

1873 4124 2135 4195 perfugio
2158 4124 2402 4178 confert.
2437 4123 2620 4178 Canes
2649 4138 2680 4176 e
2710 4120 2950 4193 vestigio
2975 4137 3109 4174 eum
3151 4119 3352 4188 secuti,
3381 4135 3490 4176 nec

1872 4211 1930 4265 in
1938 4212 2100 4283 gredi
2114 4211 2326 4282 apertis
2333 4212 2356 4282 j
2367 4211 2529 4266 anuis
2543 4209 3080 4276 valentes,ostiatim
3094 4208 3486 4265 oblatrabant.

1872 4300 2197 4354 Adveniens
2208 4301 2715 4370 Dagobertus,rem
2735 4297 3059 4370 spectaculo
3077 4295 3492 4353 admiraturdi-

239 4393 402 4451 Fama
450 4397 656 4468 itaque
704 4396 956 4451 defuncti
1000 4396 1231 4451 Clotarii
1265 4395 1338 4449 ad
1379 4389 2072 4466 Dagobertungnam.
2114 4388 2414 4443 Finitimos
2457 4388 2666 4443 deinde
2707 4403 2911 4442 rumor
2929 4385 3089 4440 istius
3113 4384 3399 4454 miraculi,
3434 4389 3492 4441 et

181 4490 523 4554 pervenerat,
555 4501 716 4540 more
748 4485 964 4556 ingenii
996 4483 1363 4551 humani,cui
1385 4484 1522 4538 satis
1542 4486 1646 4552 est,
1678 4483 1775 4538 ubi

177 4571 344 4640 capita
374 4574 690 4647 acceperit,
719 4577 928 4628 caetera
949 4591 1066 4627 non
1081 4572 1394 4644 requirere.
1413 4572 1776 4644 Quapropter

182 4657 522 4728 Dagobertus
543 4665 718 4718 lectos
735 4679 765 4716 e
789 4679 970 4734 regno
989 4661 1416 4716 Austrasiorum
1429 4677 1572 4732 quos
1590 4662 1773 4716 ﬁden-

181 4745 330 4805 tiores
349 4753 597 4823 reperit,
623 4752 680 4806 in
714 4752 1035 4807 Neustriam
1062 4755 1119 4806 et
1143 4749 1534 4822 Burgundiam
1557 4749 1774 4821 dirigit,

180 4837 446 4895 utducum
461 4841 582 4895 sive
604 4841 946 4912 pontificum
963 4840 1216 4910 ipsarum
1238 4838 1499 4910 gentium
1515 4838 1622 4892 sibi
1644 4855 1776 4909 gra-

178 4922 300 4982 tiam
313 4929 630 4985 sociarent.
654 4931 713 4985 ld
728 4931 800 4985 ab
814 4931 1082 4984 omnibus
1095 4946 1224 4983 cum
1239 4928 1437 4983 laetitia
1451 4931 1776 4998 susceptum

179 5029 236 5068 eo
264 5020 416 5089 quod
447 5024 873 5091 cognoscerent
893 5037 1140 5091 regnum
1160 5020 1211 5073 ei
1231 5017 1449 5074 deberi.
1469 5019 1776 5072 Remenses

178 5102 561 5177 Dagobertum
584 5109 1012 5175 advenientem,
1053 5107 1227 5179 primi
1263 5107 1596 5177 suscipiunt,
1634 5106 1775 5161 inibi

176 5194 522 5268 principibus
553 5201 1009 5253 memoratarum
1044 5197 1351 5251 nationum
1385 5212 1515 5249 cum
1547 5211 1774 5249 summo

177 5285 370 5350 gaudio
388 5288 839 5343 conﬂuentibus.
864 5286 1116 5340 Ardebat
1130 5286 1445 5354 Aribertus,
1459 5286 1639 5339 frater
1656 5284 1703 5354 ej
1715 5301 1776 5337 us

175 5371 376 5443 aliquid
407 5376 522 5429 sibi
555 5377 910 5446 publicorum
954 5375 1238 5429 committi
1269 5391 1598 5428 munerum.
1648 5372 1775 5427 Pari

179 5462 336 5517 modo
367 5464 678 5519 Brunulqu
714 5466 891 5519 frater
919 5464 1183 5518 Sichildis
1234 5465 1472 5534 reginae,
1531 5463 1780 5518 Ariberti

177 5555 783 5626 avunculus,paulatim
797 5553 1109 5608 ambiendo
1124 5569 1379 5625 quosque
1395 5553 1770 5623 potentiores,

177 5636 393 5696 efficere
411 5641 780 5712 moliebatur,
797 5645 1061 5713 utspreto
1079 5643 1632 5716 Dagoberto,rerum
1650 5658 1778 5698 om-

601 5743 833 5799 Ριιτιιοι..
860 5740 1119 5806 CXXXIX.

1873 4477 2160 4549 praecipue
2188 4477 2602 4548 Dagobertum.
2655 4475 2728 4531 ad
2786 4475 3176 4530 reverentiam
3221 4473 3490 4529 sollicitat

1873 4569 2224 4620 sanctorum.
2259 4567 2544 4620 Praeterea
2572 4564 2853 4620 Clotarius
2869 4563 3187 4636 quemdam
3219 4561 3491 4634 Sadregi-

1875 4654 2043 4708 silum
2075 4653 2333 4721 nomine,
2365 4654 2537 4709 rebus
2559 4653 2664 4708 sub
2678 4669 2738 4707 se
2769 4651 3089 4706 tractandis
3123 4651 3485 4722 praefecerat,

1874 4743 2195 4814 Aquitania:
2213 4743 2419 4798 ducatu
2435 4743 2732 4814 specialius
2746 4741 2798 4796 ei
2816 4740 3149 4796 commisso.
3174 4739 3272 4794 llic
3291 4740 3486 4812 itaque

1875 4833 2029 4905 regis
2041 4833 2223 4887 filium
2235 4833 2504 4904 superbia
2515 4849 2628 4904 qua
2643 4831 2922 4897 tumebat,
2940 4829 3233 4900 despicere
3246 4831 3485 4884 conten-

1877 4923 2039 4989 dens,
2059 4938 2332 4993 prospere
2354 4938 2489 4975 eum
2511 4937 2682 4992 agere
2703 4937 2818 4974 non
2835 4935 3002 4991 aequo
3024 4917 3250 4973 ferebat
3265 4916 3484 4974 animo.

1878 5011 2169 5066 Excusatio
2188 5028 2323 5065 sane
2346 5013 2471 5064 erat
2478 5008 2745 5081 juvenilis
2759 5007 2966 5075 retatis,
3003 5024 3078 5062 ne
3096 5010 3389 5062 tumorem
3419 5021 3486 5060 ex

1874 5100 2228 5170 subjectione
2247 5099 2571 5171 principum
2589 5097 2976 5153 contraheret.
3005 5097 3173 5151 Forte
3205 5093 3486 5150 Clotarius

1875 5193 2146 5244 venatum
2178 5189 2378 5255 ivit,ac
2410 5204 2527 5242 non
2557 5203 2732 5258 parvo
2767 5189 3054 5240 terrarum
3089 5184 3272 5255 spatio
3305 5199 3340 5237 a
3365 5180 3484 5234 lilio

1875 5278 1950 5348 sej
1961 5275 2682 5348 unctus,opportunitatem
2700 5275 2946 5346 praebuit
2961 5277 3020 5328 ut
3033 5270 3341 5337 ducem,ad
3353 5285 3487 5325 con-

1874 5367 2083 5420 vivium
2105 5367 2442 5420 accersitum
2465 5370 2521 5418 et
2553 5364 2932 5420 contumacia
2953 5362 3352 5432 redargutum,
3376 5360 3486 5413 Da-

1879 5457 2152 5527 gobertus
2182 5455 2425 5526 flagellis
2455 5453 2940 5522 caedi,barbzeque
2969 5449 3371 5521 amputatione
3392 5447 3486 5502 de-

1880 5543 2097 5615 turpari
2115 5542 2719 5617 prmciperet.Audacis
2743 5541 2935 5610 itaque
2951 5538 3088 5593 facti
3111 5537 3486 5602 conscius,la-

1882 5634 2047 5692 tebra
2068 5652 2200 5709 qua,
2221 5633 2650 5708 seinsequente,
2664 5644 2897 5688 cervum
2917 5627 3243 5701 confugisse
3262 5624 3486 5686 viderat

3170 5727 3238 5782 235
