3998 6166
510 372 618 445 779

1587 368 1855 430 AIMOINI
1905 351 2217 427 nomen!
2252 356 2749 427 FLORIACENSIS

3667 370 3757 435 780

513 509 635 582 ipse
663 518 890 580 quoque
914 518 975 558 se
1000 499 1217 573 recipit.
1250 498 1385 554 Post
1411 497 1536 552 hinc
1565 495 1847 552 Clotarius
1868 494 2119 557 rediens,
2146 501 2200 560 Α
2221 493 2359 548 dum
2378 493 2515 548 talia
2527 486 3460 566 superbeprofantem,audiret,nil
3478 495 3762 572 dicens,quo

517 597 675 653 ducis
690 594 992 665 comperta
1013 586 1382 652 contumelia,
1398 603 1466 641 ex
1486 602 1545 639 se
1561 584 1759 656 genito
1778 585 1960 638 multa
1976 582 2120 637 furi-

517 685 740 742 bundus
761 679 1171 743 interminans,
1196 674 1375 730 mittit
1396 673 1495 746 qui
1515 689 1648 727 eum
1669 670 2123 735 accersirent,di-

515 790 657 847 gnas
684 786 789 843 pro
807 766 1127 824 commissis
1155 768 1219 819 ut
1243 765 1427 818 lueret
1442 777 1659 834 poenas.
1690 761 1915 813 Interea
1929 759 2117 829 Dago-

513 863 700 926 berto,
732 872 927 913 coram
978 850 1327 925 martyribus
1374 849 1579 903 humili
1631 848 1804 901 corde
1860 848 2117 919 prostato

513 962 835 1019 somnoque
865 958 1160 1015 oppresso,
1193 938 1460 994 assistens
1503 935 1740 1007 quidam
1784 932 2115 988 venerando

509 1035 796 1110 jucundus
821 1034 1003 1098 vultu,
1029 1046 1101 1084 ne
1132 1028 1335 1082 timeat
1362 1025 1562 1091 edicit;
1594 1038 1845 1093 eumque
1874 1038 2005 1110 non
2024 1037 2114 1074 so-

516 1108 636 1181 lum
667 1120 935 1195 prmsenti
964 1117 1240 1191 periculo,
1272 1130 1471 1168 verum
1501 1115 1720 1166 interno
1747 1108 2116 1164 liberandum

515 1212 792 1287 supplicio
808 1212 867 1264 et
881 1208 1114 1277 insuper
1128 1203 1269 1258 solio
1302 1201 1465 1271 regni
1488 1198 1826 1287 donandum
1847 1195 2114 1287 spondet,

516 1303 563 1358 si
585 1285 993 1356 tantummodo
1017 1289 1328 1346 memorias
1349 1285 1690 1341 eorumdem
1705 1286 2037 1337 sanctorum
2056 1296 2116 1334 se

517 1391 789 1448 ornatum
813 1384 880 1438 iri
913 1378 1235 1453 promittat.
1268 1377 1380 1429 Nec
1410 1374 1549 1428 fides
1578 1370 1878 1443 promissis
1912 1368 2113 1423 defuit.

515 1480 735 1546 Nempe
754 1479 817 1529 ut
836 1488 953 1526 non
970 1483 1117 1522 vana
1136 1464 1365 1536 (quibus
1384 1477 1535 1532 saepe
1556 1457 1941 1527 ludiﬁcamur)
1959 1472 2115 1510 som-

515 1567 616 1622 nia
640 1563 808 1618 fuisse
834 1558 1202 1627 intelligeret,
1230 1552 1289 1606 hi
1319 1551 1416 1622 qui
1447 1549 1599 1603 missi
1629 1548 1702 1602 ad
1737 1563 1870 1601 eum
1892 1563 1927 1599 a
1956 1561 2117 1598 sacra

516 1654 641 1710 aede
668 1647 1068 1706 abducendum
1083 1645 1331 1706 fuerant,
1349 1656 1476 1693 cum
1494 1655 1610 1692 non
1632 1638 1757 1707 plus
1779 1651 1893 1689 uno
1917 1633 2120 1687 millia-

514 1741 605 1797 rio
620 1757 655 1795 a
669 1735 990 1793 sanctuario
1009 1733 1291 1794 abessent,
1311 1725 1582 1799 progredi
1605 1724 1797 1778 divina
1819 1724 1969 1776 ultra
1989 1736 2118 1791 pro-

2221 583 2410 653 major
2428 582 2818 637 taciturnitate
2843 599 2943 637 sua
2962 582 3218 638 hostibus
3245 583 3574 640 incuteretur
3598 586 3760 653 timor,

2220 671 2519 726 celerrime
2547 673 2713 742 galea
2728 671 2966 725 nudavit
2981 675 3169 742 caput.
3196 672 3327 725 Erat
3349 673 3545 744 quippe
3565 675 3669 745 ejus
3685 694 3769 731 ca:-

2220 759 2393 813 saries
2412 760 2649 829 pulchra
2659 759 2869 813 canitie
2883 760 3117 827 variata,
3136 759 3193 814 in
3213 761 3367 830 cujus
3385 766 3595 833 aspectu
3608 765 3669 818 ab
3685 765 3769 819 ad-

2216 846 2480 900 versariis
2496 846 2748 901 maxime
2778 846 3246 918 dignoscebatur.
3274 848 3527 919 Denique
3553 850 3718 904 statim
3746 867 3774 904 a

2214 935 2519 989 Bertoaldo
2534 934 3119 1006 agnitus,incongrua
3164 936 3416 1007 percepit
3443 952 3701 1007 responsa,
3728 938 3775 991 in

2213 1022 2368 1076 hunc
2380 1022 2619 1077 modum
2636 1023 2924 1095 aprazfato
2956 1024 3262 1078 contrarias
3292 1024 3468 1095 partis
3493 1024 3781 1095 duceprola—

2215 1112 2293 1165 ta.
2312 1111 2527 1177 «Tunc,
2545 1111 2705 1177 dixit,
2738 1111 2830 1165 hic
2861 1115 3024 1165 muta
3054 1112 3257 1166 aderas
3284 1109 3497 1167 bestia?
3516 1111 3779 1165 nTuncrex

2215 1197 2546 1268 hujusmodi
2582 1201 2908 1252 commotus
2948 1198 3226 1265 convicio,
3258 1202 3315 1252 et
3358 1198 3502 1251 ultra
3526 1197 3763 1269 quamdic

2216 1285 2396 1354 possit
2411 1286 2784 1341 exardescens
2800 1286 2905 1353 ira,
2933 1284 3107 1357 capiti
3125 1286 3379 1357 reposita
3397 1285 3624 1351 casside,
3647 1286 3791 1339 calca-

2214 1372 2597 1443 ribusequum
2619 1389 2813 1427 versus
2828 1390 2960 1428 eum
2981 1373 3230 1444 impulit,
3259 1378 3323 1427 ut
3346 1376 3691 1429 transmeato
3709 1372 3793 1427 ﬂu-

2216 1461 2375 1515 mine
2393 1478 2452 1516 se
2470 1461 2540 1516 de
2559 1461 2808 1516 inimicis
2828 1462 2941 1515 suis
2975 1462 3359 1517 ulcisceretur.
3391 1461 3580 1516 Franci
3598 1461 3788 1527 itidem,

2215 1548 2426 1619 injuria
2438 1548 2592 1604 ducis
2606 1550 2854 1619 permoti
2868 1553 3040 1621 atque
3056 1550 3106 1620 ej
3117 1567 3180 1603 us
3193 1567 3355 1605 exem
3369 1551 3465 1621 plo
3487 1550 3703 1604 animati
3715 1550 3796 1603 flu-

2217 1653 2353 1691 men
2398 1640 2661 1692 natantes
2708 1639 3056 1705 transibant,
3112 1643 3418 1710 sequentes
3468 1656 3682 1709 regem;
3717 1637 3795 1709 qui

2218 1725 2461 1796 fugienti
2485 1726 2786 1779 Bertoaldo
2826 1725 3070 1780 infestus
3126 1727 3456 1781 insistebat.
3495 1726 3799 1781 Gravabatur

515 1830 789 1885 bibentur
806 1825 1033 1879 virtute.
1059 1818 1323 1873 Redeunt
1342 1814 1583 1879 confusi,
1611 1812 1799 1883 eique,
1826 1827 1860 1864 a
1884 1825 1997 1880 quo
2030 1808 2117 1862 di-
2144 1820 2195 1878 Β
2217 1829 2353 1867 sane
2372 1813 2875 1884 adinsequendum
2890 1817 2948 1868 et
2958 1815 3215 1884 pondere
3230 1830 3549 1879 armorum,
3567 1817 3624 1869 et
3652 1813 3796 1885 quod,

514 1916 655 1973 recti
669 1918 855 1980 erant,
876 1927 1004 1984 quas
1030 1908 1317 1980 pertulere
1333 1904 1623 1958 nuntiant.
1649 1902 1747 1954 llle
1771 1916 1868 1954 eos
1893 1898 2119 1952 inertia;
2220 1901 2359 1955 dum
2385 1903 2797 1956 trausnataret
2822 1902 3083 1969 ﬂuvium,
3104 1919 3252 1973 aqua
3278 1903 3467 1957 sinum
3489 1903 3794 1973 ejusnecnon

514 2004 684 2061 simul
704 1997 1129 2057 etinﬂdelitatis
1149 2009 1417 2065 arguens,
1453 1990 1648 2061 dirigit
1670 1989 1812 2043 alios
1832 1986 1932 2058 qui
1963 1984 2120 2055 quod
2221 2006 2418 2044 ocreas
2436 1991 2778 2061 repleverat.
2803 1992 3144 2045 Bertoaldus
3194 1995 3398 2047 tamen
3426 1992 3802 2046 recedendocla

510 2091 595 2147 illi
613 2085 1326 2161 neglexerantimplerent.
1346 2076 1720 2144 Quossimilia
1740 2071 2122 2147 passos,quasi
2224 2080 2423 2133 mabat
2465 2082 2525 2133 at
2567 2095 2799 2149 regem;
2839 2101 2866 2130 α
2901 2080 3028 2134 Non
3065 2096 3232 2151 mquo
3265 2083 3325 2135 et
3352 2081 3504 2135 bono
3532 2080 3681 2134 illum
3702 2095 3797 2133 esse

513 2179 635 2236 nati
664 2179 918 2233 fautores
948 2172 1290 2244 despiciens,
1322 2185 1425 2240 per
1468 2164 1846 2236 semetipsum
1874 2161 2057 2216 ﬁlium
2088 2177 2114 2214 a

2224 2167 2535 2235 intentum,
2560 2168 2715 2238 quod
2748 2185 2806 2222 se
2829 2173 3276 2241 persequeretur
3295 2186 3309 2235 ;
3328 2169 3428 2223 sed
3447 2169 3562 2223 sola
3579 2168 3678 2221 hoc
3697 2183 3801 2237 age-

512 2265 785 2340 sepulcris
803 2265 1127 2332 martyrum
1144 2258 1387 2313 avellere
1418 2255 1655 2324 cupiens
1676 2252 1817 2306 ibat.
1838 2248 2122 2340 Sed,quia
2222 2259 2312 2309 ret
2341 2256 2526 2310 laudis
2541 2255 2820 2325 cupidine
2847 2256 3069 2323 ductus,
3096 2258 3192 2329 qui
3212 2256 3357 2312 tanti
3382 2256 3738 2311 aestimaretur
3751 2256 3801 2308 ut

513 2338 631 2410 non
646 2353 839 2408 minus
855 2353 914 2406 in
934 2364 1104 2419 reges
1124 2362 1299 2418 quam
1320 2345 1381 2398 in
1401 2343 1542 2398 alios
1557 2341 1823 2395 homines
1838 2338 1941 2392 Dei
1971 2354 2120 2409 prze-
2222 2346 2609 2413 sequestratus
2653 2360 2687 2396 a
2716 2342 2853 2411 suis,
2873 2344 3099 2398 hostem
3114 2346 3282 2415 terga
3304 2345 3441 2399 dare
3472 2342 3800 2412 sibicompel-

510 2444 662 2497 valet
706 2438 987 2511 potentia,
1033 2436 1130 2507 qui
1178 2433 1322 2488 alios
1351 2432 1624 2501 arguerat
1654 2429 1867 2481 inertes
1900 2425 1965 2479 fit
2000 2424 2121 2496 ipse
2222 2431 2385 2483 leret.
2404 2430 2731 2484 Verendum
2746 2446 2880 2485 vero
2895 2431 3799 2499 nehtecres,incontrariumversa

509 2529 685 2585 iners.
712 2527 970 2583 Tandem
1002 2538 1321 2595 agnoscens
1344 2518 1551 2573 Christi
1570 2533 1636 2571 ac
1676 2531 1969 2570 servorum
2002 2515 2122 2585 ejus
2222 2517 2412 2587 ipsum
2426 2518 2616 2589 potius
2659 2519 3797 2589 pessundaret.»lstaaudemdumdiceret,

508 2619 880 2690 potestatem,
905 2613 1168 2683 indulget
1179 2607 1668 2676 veniam,filioque
1681 2602 1903 2657 reditin
1919 2618 2122 2671 pacem

509 2705 738 2777 Sicque,
756 2701 1005 2758 abeundi
1021 2701 1257 2769 accepta
1278 2695 1530 2760 licentia,
1564 2693 1673 2748 asdi
1714 2694 1898 2746 beata:
1935 2706 2124 2745 succe-

509 2793 614 2861 dit,
645 2808 712 2847 ac
737 2790 999 2863 precibus
1021 2786 1241 2842 devotis
1276 2784 1556 2855 gloriosos
1589 2784 1872 2851 martyres
1922 2778 1998 2833 ad
2036 2777 2121 2833 sui

505 2880 845 2953 suffragium
884 2876 1107 2932 invitat.
1152 2875 1481 2945 Dagoborto
1547 2874 1745 2925 tamen
1795 2870 1885 2938 (ut
1921 2872 2121 2939 postea

505 2969 728 3041 claruit)
754 2968 942 3023 nullus
966 2966 1123 3021 locus
1141 2962 1457 3036 jucundior
1482 2960 1614 3015 fuit.
2222 2957 2433 3012 Verum
2462 2958 2760 3024 Clotarius,
2780 2960 2983 3014 callide
3006 2961 3126 3015 haec
3166 2978 3299 3015 eum
3330 2961 3595 3034 prosequi
3623 2960 3797 3023 sciens,

1096 3070 1315 3125 CAPUT
1352 3068 1531 3122 xvm,
2156 3121 2189 3125 μ
2223 3062 2329 3099 nec
2351 3063 2418 3100 ea
2450 3064 2576 3118 quae
2614 3047 2955 3102 dicebantur
2985 3065 3210 3114 curans,
3235 3050 3477 3104 tandem
3495 3046 3800 3121 pernicitate

503 3164 587 3220 De
610 3162 901 3222 Daqobertz'
922 3177 1043 3217 eum
1068 3156 1354 3213 Bertoaldo
1369 3155 1649 3210 Saxonum
1683 3153 1813 3207 duce
1828 3150 2114 3222 permutaso

2223 3135 2495 3205 equi,quo
2509 3135 2842 3201 vehebatur,
2857 3150 2991 3190 eum
3008 3140 3298 3191 assecutus
3310 3134 3801 3192 interemit.Subla-

567 3220 861 3308 praetimet
894 3231 1141 3308 ΔΟιοιανιξὶ
1172 3228 1516 3283 subventz'onc
1557 3220 2121 3292 sn.iriﬁca,'zpsiusquc
2222 3224 2396 3292 toque
2416 3222 2537 3291 ejus
2552 3223 2839 3292 capite,ad
2867 3223 3047 3278 ﬁlium
3083 3227 3140 3278 et
3170 3229 3412 3280 caeteros
3443 3226 3677 3279 Francos
3703 3220 3801 3294 (qui

2223 2607 2425 2677 fugere
2447 2623 2565 2660 non
2587 2608 2864 2674 cessabat,
2890 2611 2948 2661 et
2965 2624 3117 2679 saepe
3143 2629 3169 2658 «
3186 2625 3245 2663 se
3263 2610 3315 2680 ej
3326 2626 3390 2663 us
3412 2624 3650 2674 servum,
3665 2607 3799 2660 illum

2224 2710 2359 2749 vero
2376 2711 2542 2749 suum
2562 2695 2855 2749 fatebatur
2876 2695 3004 2751 fore
3019 2696 3326 2752 dominum
3338 2697 3643 2767 ,viderique
3659 2695 3804 2765 injus-

2222 2785 2348 2835 tum
2370 2785 2452 2848 ut,
2476 2784 2561 2836 vel
2581 2799 2774 2837 servus
2797 2800 2832 2837 a
2864 2785 3320 2840 clementissimo
3338 2786 3594 2853 domino,
3618 2783 3696 2837 vel
3714 2781 3798 2836 do-

2223 2870 2466 2924 minusa
2491 2887 2672 2936 servo,
2706 2871 2840 2925 licet
2874 2871 3052 2927 invito
3087 2889 3151 2927 ac
3185 2878 3409 2940 coacto,
3433 2873 3796 2945 perimatur.»

576 3304 852 3362 Βεντοαιάι
872 3304 1131 3372 fugientis
1160 3315 1304 3354 nece.

575 3408 880 3465 Austrasiis
910 3423 1042 3460 vero
1069 3402 1298 3459 Francis
1328 3418 1424 3456 rex
1452 3400 1747 3456 institutus
1773 3416 1807 3453 a
1825 3400 2117 3471 patre,ad-

503 3514 699 3554 versus
728 3495 981 3549 Saxones
995 3492 1091 3558 qui
1110 3491 1393 3545 rebellare
1414 3490 1973 3553 tentaverant,arma
1991 3504 2115 3543 mo-

504 3586 603 3651 vit,
620 3589 1120 3652 transgressusque
1140 3580 1425 3643 Rhenum,
1448 3592 1581 3630 cum
1608 3575 1911 3629 Bertoaldo
1936 3575 2113 3630 Saxo-

507 3689 648 3728 num
676 3671 818 3725 duce
850 3684 1048 3739 pugna
1074 3666 1402 3732 commissa,
1435 3681 1571 3719 ense
1620 3679 1917 3735 percussus
1943 3664 2001 3717 in
2028 3680 2117 3718 ca-

506 3763 630 3833 put,
662 3758 883 3814 decisos
910 3773 1043 3810 cum
1074 3758 1236 3826 parte
1287 3755 1468 3825 galea:
1500 3753 1686 3806 crines
1715 3751 1865 3822 patri
1892 3768 1995 3821 per
2021 3769 2115 3807 ar-

505 3848 796 3920 migerum
811 3844 1077 3906 mittit,et
1089 3846 1151 3897 ut
1169 3841 1615 3912 sibi,antequam
1632 3843 1868 3894 cunctus
1884 3843 2115 3895 corruat

505 3935 807 4001 exercitus,
836 3933 894 3987 in
922 3932 1195 3987 auxilium
1210 3932 1504 4003 properet,
1524 3930 1782 3983 mandat.
1816 3930 1979 3984 Forte
1993 3930 2114 3984 for-

505 4030 646 4079 tuna
658 4023 860 4079 adfuit.
878 4019 1332 4076 Clotariusenim
1346 4018 1667 4073 venationis
1685 4017 1872 4089 gratia
1886 4018 2109 4087 Longo-

505 4114 709 4169 lariam
739 4112 958 4166 silviam
983 4110 1249 4180 petierat.
1294 4107 1397 4162 Ubi
1444 4109 1677 4177 accepto
1724 4105 2112 4177 periculorum

506 4202 607 4257 filii
634 4198 1040 4269 nuntio,gravi
1087 4196 1404 4267 exagitatus
1428 4195 1648 4260 dolore,
1679 4194 1859 4264 raptis
1882 4212 2024 4265 quos
2052 4196 2106 4249 in

508 4285 1463 4363 promptubabebatjuvenibus,ad
1488 4284 1630 4338 alios
1649 4283 1823 4337 etiam
1857 4288 1987 4337 utse
2022 4301 2113 4338 se-

510 4378 826 4449 querentur
836 4373 1063 4428 directis
1076 4372 1459 4443 legatis,brevi
1473 4375 1587 4425 tem
1596 4387 1733 4441 pore
1747 4372 1987 4441 longum
2002 4372 2113 4426 iter
2135 4368 2188 4426 D

510 4479 779 4520 emensus
801 4462 961 4532 (nam
984 4464 1040 4514 et
1065 4459 1330 4514 noctibus
1342 4460 1499 4514 viam
1511 4459 1800 4529 carpebat)
1835 4459 1907 4512 ad
1930 4459 2112 4513 filium

510 4567 690 4623 usque
716 4548 994 4621 pervenit.
1026 4549 1094 4602 Et
1143 4564 1213 4601 ea
1269 4547 1501 4617 quidem
1555 4551 1744 4613 nocte,
1790 4547 1914 4600 ﬁxis
1943 4562 2115 4617 super

510 4638 788 4694 Wiseram
811 4633 1344 4699 fluviumtentoriis,
1367 4634 1727 4705 quieverunt.
1743 4635 1904 4689 Mane
1919 4639 2112 4688 autem

509 4728 683 4794 facto,
715 4726 853 4781 dum
878 4724 1077 4779 Franci
1106 4724 1336 4795 plausus
1359 4738 1424 4776 ac
1444 4738 1609 4777 voces
1633 4722 1845 4777 laetitiae
1874 4738 1979 4792 pro
2006 4723 2116 4777 ad-

510 4821 683 4873 ventu
713 4815 865 4885 regis
908 4812 1143 4869 Clotarii
1194 4811 1454 4880 ederent,
1488 4812 1820 4867 Bertoaldus
1852 4812 2113 4867 Saxoniae

511 4905 623 4959 dux
650 4918 821 4975 super
840 4901 1028 4974 ripam
1060 4898 1315 4954 fluminis
1344 4899 1609 4970 prmlium
1641 4901 2116 4970 priestolans,au-

509 4991 627 5046 dito
654 4991 924 5056 tumultu,
948 4988 1273 5059 interrogat
1299 4990 1361 5041 ut
1380 4987 1517 5058 quid
1553 4990 1744 5041 tantus
1772 4988 1828 5041 in
1865 4988 2113 5043 Franco-

505 5096 638 5134 rum
668 5078 867 5132 castris
891 5077 1142 5131 oriretur
1167 5077 1464 5130 tumultus.
1490 5074 1715 5129 Dictum
1740 5079 1824 5129 est
1847 5075 1898 5128 ei
1927 5076 2113 5132 Clota-

502 5168 658 5223 rium
675 5166 978 5241 advenisse
1003 5181 1224 5235 regem,
1271 5168 1442 5236 atque
1496 5164 1569 5219 ob
1601 5164 1657 5217 id
1711 5164 1865 5217 diem
1895 5164 2106 5220 festum

503 5272 675 5328 agere
696 5256 1051 5310 Francos.At
1076 5254 1170 5308 ille
1190 5254 1264 5308 ad
1289 5253 1441 5307 haec:
1468 5273 1498 5305 α
1524 5254 1703 5319 Falsa,
1736 5252 1835 5317 ait,
1868 5270 1967 5323 spe
2001 5254 2107 5308 de-

499 5344 650 5415 cepti
679 5361 797 5415 pra:
827 5343 1039 5398 timore
1066 5342 1350 5397 desideria
1369 5341 1667 5396 somniant
1697 5359 1816 5395 sua.
1853 5342 1994 5396 Nam
2022 5360 2108 5396 rc-

498 5450 836 5506 gem,qucm
850 5450 1045 5489 secum
1059 5433 1426 5503 gratulantur
1439 5447 1697 5497 manere,
1714 5434 1869 5485 certa
1884 5432 2104 5486 ferente

493 5524 673 5591 fama,
708 5539 814 5577 nos
843 5525 1207 5593 compertum
1252 5521 1535 5575 habemus
1577 5520 1692 5574 vita
1722 5520 1840 5590 jam
1866 5519 2102 5575 defunc-

489 5614 643 5673 tum,
663 5631 693 5662 »
719 5609 1001 5667 Clotarius
1019 5608 1272 5667 citeriori
1285 5611 1542 5666 armatus
1553 5608 2099 5680 superstanslittori,

2222 3310 2431 3375 tristes,
2449 3326 2516 3363 eo
2536 3310 2834 3380 quodeum
2867 3312 3139 3382 consequi
3175 3314 3632 3384 nequirent,ejus
3660 3308 3801 3365 saluti

2219 3397 2511 3463 timentes,
2539 3402 2667 3467 post
2688 3414 2821 3452 eum
2850 3399 2960 3453 iter
2975 3415 3078 3469 pro
3099 3416 3261 3471 posse
3283 3399 3697 3471 accelerabant)
3726 3413 3800 3452 re-

2219 3486 2501 3556 greditur.
2530 3486 2781 3557 lndeque
2803 3487 3068 3541 relevatis
3091 3489 3366 3544 maestitia
3383 3506 3584 3544 eorum
3600 3485 3800 3553 animis,

2219 3591 2337 3629 una
2364 3591 2492 3629 cum
2523 3576 2603 3629 eis
2639 3575 2949 3630 Saxoniam
2991 3576 3301 3647 ingressus,
3346 3578 3428 3633 ita
3456 3576 3801 3649 depopulatus

2218 3668 2303 3717 est
2335 3680 2465 3717 eam
2496 3667 2560 3718 ut
2588 3664 2812 3717 nullum
2842 3663 2902 3718 in
2925 3681 2994 3719 ea
3016 3665 3319 3721 hominem
3353 3667 3636 3721 viventem
3652 3662 3801 3718 relin-

2217 3752 2543 3823 querec,qui
2557 3751 2981 3819 longitudinem
2997 3754 3213 3823 spatha:
3228 3771 3407 3826 quam
3422 3758 3558 3809 tunc
3570 3755 3707 3808 forte
3725 3765 3800 3820 ge

2214 3842 2379 3895 rebat
2391 3841 2810 3896 excessisset.Et
2824 3841 3101 3896 Clotarius
3114 3843 3351 3913 quidem
3366 3845 3475 3899 hoc
3489 3843 3671 3898 taliter
3682 3839 3797 3911 egit.

2821 3964 3043 4019 CAPUT
3071 3965 3198 4019 XIX.

2210 4069 2292 4123 De
2318 4068 2611 4136 Dagoberti
2635 4074 2757 4137 post
2795 4076 3016 4122 mortem
3034 4072 3212 4139 patris
3255 4073 3311 4123 in
3344 4070 3729 4141 Burgundioni,
3748 4074 3799 4120 ut

2286 4156 2552 4213 impressas
2582 4141 2821 4213 erigeret,
2842 4141 3174 4213 profectione
3194 4147 3243 4193 ct
3286 4142 3492 4213 reliqua
3514 4142 3797 4213 peregrina-

2286 4213 2445 4282 tione,
2468 4209 2633 4279 dequo
2652 4209 2886 4282 ejusdem
2912 4211 3183 4280 repudiata
3215 4209 3464 4282 conjuge,
3491 4209 3609 4265 cum
3646 4211 3801 4282 Vesto-

2289 4280 2328 4332 lz'
2354 4283 2715 4351 matrimonio,
2747 4288 2796 4333 et
2826 4281 2889 4333 de
2917 4282 3230 4351 consiliariis
3259 4280 3381 4351 ejus
3410 4280 3798 4348 bonis,Arnul/o

2275 4352 2533 4421 episwpo,
2564 4350 2819 4421 Pippino,
2849 4358 2898 4405 et
2930 4350 3253 4406 Chum‘berlo
3280 4350 3541 4424 episcopo.

2284 4457 2643 4527 Dagobor‘tus
2673 4460 2891 4524 autem,
2923 4474 2992 4513 eo
3028 4458 3322 4525 defuncto,
3355 4460 3535 4514 totius
3563 4458 3797 4529 regimen

2215 4550 2416 4599 nactus
2435 4544 2645 4613 gentis,
2677 4544 2734 4598 in
2760 4546 3155 4615 Burgundiam
3207 4562 3276 4601 ea
3324 4546 3605 4618 propositi
3634 4545 3800 4598 inten-

2215 4633 2373 4686 tione
2395 4632 2797 4703 proficisscitur
2816 4637 2878 4687 ut
2903 4634 3189 4704 oppressis
3208 4638 3263 4689 et
3284 4636 3636 4689 calumniam
3654 4630 3798 4687 susti-

2217 4720 2485 4774 nentibus
2507 4720 2792 4789 justitiam
2826 4722 3148 4776 exercendo
3179 4722 3534 4777 subveniret.
3566 4724 3640 4776 Ex
3663 4719 3800 4789 cujus

2216 4809 2461 4863 adventu
2493 4808 2901 4871 ﬁduciabonis.
2917 4809 3283 4881 maximeque
3306 4810 3796 4882 pauperibusorta;

2215 4897 2513 4952 seditiosos
2530 4913 2662 4951 vero
2677 4899 2849 4967 atque
2862 4898 3080 4970 rapinae
3094 4898 3367 4962 intentos,
3378 4898 3623 4953 formido
3636 4890 3799 4965 gravis

2214 4985 2544 5049 inccssarat,
2568 5001 2633 5038 ac
2659 4986 2925 5055 qumdam
2958 4987 3244 5041 mentium
3270 4983 3678 5042 consternatio.
3707 4975 3800 5044 Qui

2213 5074 2310 5127 ubi
2340 5073 2625 5142 Lingonas
2669 5073 2879 5143 attigit,
2910 5075 3258 5146 pauperibus
3293 5092 3358 5129 ac
3399 5074 3580 5129 viduis
3627 5085 3682 5124 se
3711 5066 3799 5121 ad-

2213 5161 2388 5215 eundi
2419 5160 2686 5214 facultate
2717 5163 3370 5233 concessa,‘unicuique,
3405 5163 3616 5233 absque
3647 5155 3797 5213 ullius

2208 5248 2541 5318 acceptione
2570 5264 2853 5318 personae,
2888 5251 3042 5321 quod
3073 5268 3239 5305 suum
3263 5255 3408 5317 erat,
3443 5250 3657 5320 legibus
3675 5239 3796 5298 solvi

2206 5337 2367 5401 fecit;
2398 5336 2670 5405 aequitate
2725 5341 2969 5403 servata,
3017 5356 3192 5409 quam
3241 5338 3431 5408 diligit
3475 5333 3793 5389 Altissimus.

2205 5427 2340 5480 Post
2367 5425 2487 5479 base
2519 5424 2758 5478 Diviona
2789 5429 3043 5479 castrum
3090 5427 3251 5491 adiit,
3285 5425 3450 5496 paria
3476 5424 3683 5478 ibidem
3713 5432 3793 5473 ae-

2204 5517 2385 5569 turus.
2414 5512 2668 5584 Indeque
2689 5511 3003 5568 Cabillonis
3016 5515 3393 5585 profecturus,
3411 5513 3679 5568 balneum
3692 5520 3795 5561 ma-

2200 5604 2426 5663 tutinus
2451 5601 2795 5675 ingreditur,
2820 5603 3164 5677 praecipiens
3190 5603 3523 5675 Amalgario
3545 5604 3600 5657 et
3626 5601 3794 5655 Arne-
