3998 6166
492 444 499 451 ’
524 426 631 493 783
1602 419 1869 489 AIMOINI
1903 424 2071 484 ΜΟΝέ

2180 423 2213 484 II
2250 424 2334 484 FL
2346 412 2754 484 OCRIACENSIS
3672 426 3759 487 ’πςςι

502 550 693 627 dum)
710 556 881 610 vellet
898 553 1139 611 adorare
1164 554 1406 629 ;illeque
1424 550 2150 627 responderetnullatenus
2172 555 2224 613 Α
2248 547 2348 603 Cui
2373 546 2639 602 successit
2668 546 2989 602 Heraclena
3019 544 3165 602 [ilius
3196 560 3323 602 cum
3366 549 3539 604 matre
3562 548 3781 612 Martius.

528 645 588 701 id
604 661 662 699 se
686 644 998 710 facturum,
1027 644 1318 699 Heraclius
1342 661 1473 699 eum
1494 642 1645 697 illico
1670 640 1977 696 interfecit.
2012 641 2145 694 Per-
2248 636 2345 691 Hic
2376 636 2579 707 etiam,
2622 636 2844 691 duobus
2874 634 3041 690 annis
3092 651 3285 690 rerum
3341 652 3554 692 summa
3593 640 3784 710 potitus,

532 736 886 803 vagatusque
916 732 1243 787 universam
1292 732 1614 798 Persidem,
1648 730 1831 785 ﬁlium
1857 728 2147 783 Chosdroe
2245 725 2407 782 fratri
2438 725 2817 781 Constantino
2843 724 2977 794 jura
3008 725 3241 796 reliquit
3267 724 3506 797 imperii.

530 820 835 893 parvulum
862 819 1065 892 (quem
1103 838 1234 875 cum
1261 838 1330 877 eo
1357 819 1677 891 invenerat)
1699 816 1975 890 baptizari
1998 832 2144 887 praa-
2259 882 2298 893 ἢ
2584 885 2595 893 ⁸
2662 884 2693 893 η
2777 886 2807 893 Α.
2831 812 3054 893 CAPUT:
3085 812 3260 893 XXIII.

528 882 767 979 cipiens,
796 882 986 963 eidem
1011 911 1397 982 praeponitEt
1443 882 1751 981 argentum
1776 882 2017 979 quidem
2032 908 2107 958 tui

2244 882 2328 937 De
2352 885 2606 982 inerteJA
2620 884 2807 938 ribcrti
2840 886 2976 982 regis
3014 883 3343 982 Akquitgniav,
3369 891 3415 965 et
3438 884 3539 982 eju's
3563 886 3656 982 ﬁli;
3667 884 3791 982 Chii-

2307 957 2493 1025 perici
2520 956 2690 1027 deque
2718 953 3145 1027 negociatoribus
3176 953 3401 1027 Francis
3419 954 3787 1027 mleqarSclavi:

636 996 932 1095 exercitus
952 1013 1315 1096 ευτιιπιῙξετο
1340 996 2040 1096 ξοειδωεεειίοιιίάερριειηε
2060 1009 2146 1096 εδο-
2307 995 2685 1096 ’ἇὲὶὲᾧὶι-ἔξῒῖ
2712 995 3792 1095 anguem;asumma};

528 1084 857 1153 etesiarum,
890 1101 1023 1140 cum
1057 1086 1409 1142 multimoda
1438 1085 1636 1157 praeda
1662 1100 1728 1138 ac
1762 1086 1984 1153 septem
2025 1082 2107 1135 ele

2315 1082 2509 1168 regem,
2551 1082 2609 1150 'et
2647 1096 2844 1168 ρξ’κίίο
2870 1082 2998 1152 cum
3026 1098 3097 1149 eis
3148 1098 3415 1151 commisto
3450 1099 3644 1168 ejusque
3670 1099 3791 1152 exitu

529 1174 784 1247 phantis,
804 1177 1103 1245 assumpta
1113 1176 1289 1230 etiam
1309 1173 1615 1230 Salvatoris
1633 1170 2143 1241 cruce,Hierosoly—
2312 1165 2546 1223 Francis
2575 1165 2801 1237 infelici.

528 1278 714 1326 mam,
741 1261 991 1333 indeque
1011 1261 1577 1334 Constantinopolim
1594 1260 1896 1316 remeavit.
2311 1259 2480 1312 Anno
2508 1273 2564 1311 ιχ
2602 1256 2917 1327 Dagoberti
2944 1255 3119 1327 regis,
3163 1255 3460 1310 Aribertus
3504 1255 3664 1310 frater
3699 1256 3797 1325 ejus

1137 1351 1361 1405 CAPUT
1373 1350 1528 1405 XXII.
2239 1342 2566 1414 Aquitaniae
2583 1360 2681 1397 rex
2697 1342 2964 1409 moritur,
2978 1342 3313 1414 relinquens
3331 1342 3615 1415 parvulum
3628 1341 3798 1409 filium,

474 1471 478 1474 ~
527 1418 611 1475 De
638 1419 885 1503 Ῑῇεναςῖίί
911 1422 1190 1503 [οζζηανθί
1224 1423 1481 1503 Prasang
1516 1437 1619 1493 (Ιῖιο
1636 1436 1776 1503 ,³⁸,α
1802 1418 2129 1503 σίνεατηςίείε
2242 1430 2482 1486 nomine
2514 1430 2924 1503 Chilpericum.
2960 1430 3068 1495 Qui
3100 1446 3216 1485 non
3247 1430 3350 1485 diu
3378 1430 3543 1485 rebus
3578 1429 3800 1484 humanis

593 1491 1138 1590 ,ἶίξίενξίί
1174 1490 1834 1590 gﬁiirf5ﬁfmm'ﬂi‘fiis
1861 1496 2138 1590 ξ
2241 1519 2545 1590 superfuit.
2572 1490 2786 1590 opinio
2805 1490 3013 1573 mortis
3038 1519 3159 1589 ejus
3177 1518 3503 1589 Dagoberto
3522 1517 3796 1573 ascribeba-

590 1560 1026 1634 persequebatur,
1078 1580 1104 1616 e
1159 1562 1501 1634 Franciaque
1544 1560 1813 1634 pellemfos
1874 1560 2082 1614 curavit
2120 1585 2137 1623 ,-

601 1604 1142 1688 ἵξιλξζξξὲἇξῖἀέωξιχς
1828 1604 2143 1685 eo“,;,',;,';ga:
2239 1611 2352 1662 tur.
2372 1607 2479 1671 Qui
2507 1608 2555 1678 ej
2568 1626 2629 1661 us
2650 1611 2954 1679 comperta
2976 1610 3187 1673 morte,
3205 1607 3522 1661 Barontum
3535 1606 3719 1660 ducem
3739 1604 3797 1658 ad

600 1718 700 1773 qm:
728 1704 915 1773 agitur
938 1705 1122 1774 praelia
1148 1691 1197 1758 et
1235 1691 1480 1757 Hei-aelii
1512 1708 1697 1756 morte.
2239 1696 2678 1766 pervadendum
2734 1697 2856 1767 ejus
2882 1712 3152 1767 regnum,
3195 1695 3283 1749 vel
3314 1695 3389 1749 ad
3421 1695 3692 1749 thesauros
3716 1691 3802 1747 sibi

600 1789 731 1844 Fuit
759 1794 954 1861 autem
986 1793 1144 1846 vultu
1160 1791 1560 1859 decorus,visu
1575 1790 1792 1857 hilaris,
1829 1787 2139 1843 mediocris
2242 1782 2638 1851 adducendas,
2666 1784 2892 1841 direxit.
2925 1784 3207 1838 Barontus
3236 1799 3373 1837 vero
3406 1799 3573 1853 grave
3611 1780 3805 1851 dispen-

526 1879 767 1942 statura,
783 1880 1147 1952 egregiasque
1163 1880 1540 1950 fortitudinis;
1558 1878 1655 1951 qui
1682 1883 1741 1933 et
1760 1879 1956 1932 leones
1985 1892 2136 1947 saepe
2162 1864 2214 1924 Β
2243 1870 2402 1925 dium
2433 1871 2638 1925 exinde
2667 1872 2865 1926 fecisse
2892 1874 3272 1926 memoratur.
3292 1871 3371 1925 Eo
3387 1874 3803 1941 tempore,com-

523 1965 584 2021 in
615 1982 814 2035 arena,
849 1972 907 2022 et
921 1969 1137 2040 plures,
1158 1966 1966 2037 solusinterfecerit.Cumque
1984 1965 2135 2019 litte-
2237 1962 2557 2014 mutatores
2588 1960 2870 2015 mercium
2894 1976 2963 2013 ex
2990 1959 3227 2014 Francia
3254 1958 3582 2013 Sclavorum
3602 1953 3807 2028 ingressi

519 2052 600 2109 ris
628 2054 860 2110 abunde
889 2059 1037 2111 esset
1057 2055 1389 2125 instructus,
1422 2056 1494 2111 ad
1522 2055 1792 2110 ultimum
1811 2054 2134 2123 astrologus
2244 2047 2517 2118 patriam,
2542 2064 2576 2101 a
2602 2047 2815 2102 Sclavis
2842 2047 3014 2102 rebus
3062 2047 3361 2119 exspoliati
3393 2046 3525 2113 suis,
3546 2048 3601 2100 et
3627 2044 3714 2117 qui
3736 2060 3804 2097 re-

520 2141 790 2197 efﬂcitur.
816 2146 1147 2215 Agnoscens
1167 2144 1434 2217 itaquein
1461 2143 1637 2215 signis
1663 2140 2130 2211 siderum,impe-
2232 2136 2433 2191 sistere
2457 2138 2823 2191 tentaverant
2842 2136 3129 2191 interfecti
3155 2138 3312 2190 sunt.
3339 2135 3688 2208 Quapropter
3706 2133 3808 2205 qui-

527 2229 683 2286 rium
706 2247 872 2286 suum
908 2248 941 2285 a
964 2231 1300 2287 circumcisa
1320 2234 1494 2303 gente
1512 2229 1940 2297 vastandum,et
1964 2231 2127 2281 autu-
2231 2223 2392 2291 dam,
2425 2224 2714 2279 Sicharius
2742 2225 3040 2291 vocabulo,
3079 2224 3286 2278 missus
3331 2240 3366 2278 a
3419 2223 3722 2295 Dagoberto
3748 2220 3805 2274 ad

480 2352 487 2357 -
517 2333 688 2373 mans
723 2318 781 2373 id
807 2318 880 2373 de
904 2318 1114 2373 Judaais
1140 2319 1310 2374 fuisse
1357 2321 1900 2391 praemonstratum,
1920 2331 2026 2387 per
2047 2315 2129 2369 in-
2229 2311 2539 2368 Samonem
2554 2311 3807 2385 memorataegentisprincipem,postulaturus

512 2406 842 2460 ternnntios
874 2406 1269 2475 Dagobertum
1285 2407 1510 2477 rogavit
1526 2422 1725 2476 regem
1751 2404 2123 2470 Francorum,
2233 2399 2304 2454 de
2333 2402 2651 2456 commissis
2697 2402 3004 2473 justitiam,
3034 2402 3172 2456 dum
3204 2400 3397 2469 sciret,
3446 2417 3504 2453 se
3535 2416 3568 2454 a
3591 2400 3808 2454 Samone

510 2494 577 2545 ut
593 2495 832 2547 cunctos
847 2493 1098 2548 Iudaicae
1122 2493 1335 2564 stirpis,
1364 2494 1462 2565 qui
1493 2493 1552 2547 in
1578 2491 1881 2565 provinciis
1898 2490 2121 2544 illisub-
2232 2489 2387 2543 nolle
2417 2489 2621 2558 videri,
2655 2491 2905 2545 vestibus
2934 2489 3141 2561 quibus
3193 2488 3380 2544 Sclavi
3410 2488 3724 2555 utebantur,
3750 2501 3807 2539 ne

504 2578 671 2650 jectis
697 2581 1035 2648 manebant,
1060 2581 1413 2636 Christianos
1441 2580 1567 2635 fieri
1598 2579 1944 2651 praeciperet
1977 2596 1991 2647 ;
2026 2594 2123 2633 eos
2227 2582 2646 2649 agnosceretur
2676 2579 2929 2646 indutus,
2958 2577 3364 2648 conspectibus
3413 2595 3469 2632 se
3504 2576 3662 2632 offert
3688 2575 3812 2645 regis

507 2684 643 2723 vero
699 2668 799 2741 qui
831 2670 1054 2724 nollent
1083 2673 1182 2725 aut
1208 2669 1403 2725 exsilio
1453 2672 1553 2724 aut
1608 2671 1796 2723 morte
1832 2667 2118 2721 damnari.
2231 2666 2609 2734 praesentiam
2639 2684 2802 2722 suam
2819 2667 3176 2738 refugientis.
3210 2667 3280 2720 Et
3311 2683 3443 2738 quae
3482 2665 3587 2720 sibi
3608 2666 3661 2718 in
3680 2679 3815 2717 man-

507 2756 675 2821 Quod
707 2758 1067 2829 Dagobertus
1096 2759 1292 2813 volens
1320 2758 1530 2825 effecit,
1570 2774 1773 2812 omnes
1801 2756 1897 2829 qui
1920 2756 2123 2810 nolue-
2224 2752 2372 2808 datis
2388 2756 2601 2811 tradita
2627 2757 2859 2811 fuerant
2884 2755 3324 2828 prolocutus,ait
3346 2771 3466 2809 non
3481 2753 3680 2808 debere
3700 2766 3809 2806 eum

510 2847 651 2899 runt
675 2845 966 2917 baptisma
990 2846 1277 2919 suscipere
1302 2848 1555 2918 procula
1575 2846 1787 2900 finibus
1813 2844 2121 2900 eliminans
2223 2845 2586 2914 contemptui
2606 2845 2821 2899 habere
2836 2845 3527 2916 gentemFrancorum,eo
3546 2840 3689 2913 quod
3702 2839 3801 2910 ipse

508 2933 788 2989 Francius.
820 2936 1001 2989 Porro
1033 2936 1290 2991 Heraclio
1343 2952 1461 2990 non
1519 2935 1589 2989 de
1631 2932 1859 2999 Judmis,
1906 2932 2006 2986 sed
2047 2931 2118 2986 de
2224 2946 2291 2985 ac
2315 2931 2624 3003 populusei
2641 2932 2930 3003 subjectus
2948 2931 3179 2987 obnoxii
3199 2932 3401 2985 forent
3422 2928 3695 2984 servitutis
3710 2928 3804 2980 Da-

512 3020 847 3078 Sarracenis
877 3023 1069 3078 fuerat
1088 3027 1525 3097 praeostensum.
1552 3021 1805 3094 Agareni
1831 3019 2119 3092 siquidem
2225 3020 2468 3089 goberto
2496 3037 2699 3076 eorum
2728 3020 2870 3093 regi.
2905 3020 2999 3075 llis
3022 3020 3207 3076 verbis
3255 3019 3458 3087 Samo,
3500 3018 3805 3090 provocatus

505 3110 631 3183 (qui
661 3113 721 3165 et
742 3111 1066 3183 Sarraceni)
1098 3129 1240 3183 gens
1284 3112 1528 3184 perfida,
1560 3111 1633 3165 ab
1662 3110 1955 3164 Abraham
1987 3125 2118 3163 cum
2144 3141 2193 3203 α
2227 3108 2301 3161 ad
2332 3109 2502 3176 iram,
2556 3109 2874 3181 respondit,
2905 3127 2964 3165 se
2995 3126 3127 3164 cum
3158 3110 3375 3180 populo
3404 3124 3529 3175 suo,
3573 3104 3803 3203 simﬂullet

509 3197 738 3270 origine
785 3198 963 3253 ritum
1019 3200 1257 3255 trahens
1311 3198 1781 3264 circumcisionis,
1833 3213 1868 3252 a
1926 3196 2119 3251 radice
2150 3193 2193 3203 “”
2223 3199 2400 3264 terra,
2430 3198 2759 3269 Dagoberto
2786 3198 3161 3253 libentissime
3190 3197 3542 3269 parituram,
3588 3218 3615 3244 «
3660 3193 3713 3247 Si
3741 3193 3808 3244 ta-

507 3286 745 3342 Caucasi
777 3286 993 3341 montis
1015 3302 1344 3358 progressa,
1375 3290 1560 3341 terras
1584 3285 1830 3339 Heraclii
1877 3286 2117 3356 popula-
2224 3286 2598 3359 men,inquit,
2623 3286 2968 3359 disposuerit
2987 3286 3288 3342 nobiseum
3313 3284 3595 3339 amicitias
3609 3295 3807 3337 conser-

505 3377 633 3429 tum
664 3377 964 3429 venerunt.
997 3374 1215 3429 Contra
1238 3390 1383 3444 quos
1412 3376 1561 3428 lecta
1586 3374 1837 3427 militum
1851 3388 2119 3442 manus,a
2220 3390 2376 3430 vare.
2410 3396 2438 3423 »
2469 3375 2557 3429 Ad
2577 3376 2699 3430 haec
2719 3374 3006 3430 Sicharius
3039 3390 3052 3428 :
3092 3396 3120 3425 «
3142 3374 3266 3428 Non
3284 3376 3394 3440 est,
3416 3372 3517 3440 ait,
3542 3368 3805 3443 possibile,

505 3462 731 3519 (lassare
760 3461 999 3528 directa,
1022 3460 1277 3533 graviter
1298 3464 1384 3515 est
1398 3462 1471 3515 ab
1490 3461 1750 3515 hostibus
1772 3476 1938 3515 cassa.
1970 3460 2115 3515 Nam
2220 3465 2283 3517 ut
2308 3463 2456 3517 servi
2488 3463 2693 3518 Christi
2724 3479 2856 3517 cum
2883 3462 3123 3518 canibus
3164 3461 3389 3517 foedera
3402 3462 3672 3532 jungant.
3703 3478 3727 3506 »ι
3752 3455 3805 3510 Et

501 3551 739 3604 centum
761 3547 1186 3620 quinquaginta
1211 3548 1395 3603 millia
1426 3565 1494 3603 ex
1524 3548 1807 3602 militibus
1828 3547 2114 3603 interiisse
2217 3551 2605 3621 respondente
2637 3551 2890 3607 Samone
2917 3569 2930 3607 :
2962 3574 2991 3602 «
3018 3550 3506 3622 Quandoquidem
3533 3564 3627 3603 vos
3641 3559 3805 3601 servos

503 3636 1061 3709 referuntur.Spolia
1083 3653 1363 3692 caesorum
1385 3637 1628 3693 victores
1643 3640 1811 3709 rapta
1831 3638 2111 3708 Augusto,
2216 3639 2573 3711 profitemini
2596 3657 2716 3695 esse
2738 3639 2859 3708 Dei,
2884 3643 2944 3694 et
2968 3657 3073 3695 nos
3089 3639 3211 3711 ejus
3237 3655 3444 3693 sumus
3478 3652 3667 3704 canes,
3693 3632 3803 3688 ideo

501 3740 611 3797 per
632 3725 853 3797 legatos
876 3725 1233 3797 recipienda,
1266 3725 1650 3781 miserunt.At
1674 3725 1769 3779 ille
1808 3724 1907 3797 qui
1940 3725 2110 3780 ultio-
2216 3744 2424 3800 eaquae
2438 3745 2537 3785 vos
2558 3728 2823 3800 nequiter
2849 3732 3051 3785 contra
3072 3729 3195 3800 ejus
3223 3727 3429 3799 geritis
3453 3726 3805 3783 voluntatem,

502 3828 642 3868 nem
672 3813 865 3884 potius
880 3814 1283 3881 meditaretur,
1313 3830 1433 3870 non
1454 3814 1639 3870 solum
1660 3814 1854 3869 oblata
1871 3814 2110 3886 respuit,
2213 3820 2279 3872 ut
2300 3816 2530 3873 inutiles
2551 3817 2772 3885 famuli,
2788 3816 2953 3872 nobis
2974 3817 3312 3889 frequenter
3332 3813 3669 3871 conceditur
3680 3824 3809 3866 mor-

501 3917 705 3957 verum
724 3902 849 3973 ipsa
867 3903 1160 3975 legatione
1177 3904 1391 3958 Alanos
1406 3903 1466 3958 in
1484 3902 1836 3975 adjutorium
1852 3902 2115 3971 sui,rese-
2214 3906 2373 3961 sibus
2394 3906 2518 3976 ipsa
2548 3905 2763 3960 ulcisci.
2783 3925 2815 3957 ›>
2838 3905 3048 3960 Statim
3071 3905 3286 3976 ejectus
3319 3908 3411 3959 est
3441 3901 3721 3959 Sicharius
3746 3897 3804 3951 de

501 3990 646 4046 ratis
668 3990 854 4062 portis
879 4007 1020 4063 quas
1042 3992 1369 4047 Alexander
1409 3993 1647 4064 Magnus
1693 3990 1894 4062 Caspio
1922 3992 2113 4045 monti
2214 3996 2525 4067 conspectu
2547 3993 2875 4064 ipsius.Qua
2900 3996 3267 4065 exasperatus
3297 3992 3662 4064 Dagobertus
3688 4002 3805 4042 con-

504 4077 882 4151 imposuerat,
914 4080 987 4134 ad
1017 4083 1253 4135 centum
1280 4080 1703 4152 quinquaginta
1718 4080 1902 4135 ferme
1918 4096 2112 4134 arma-
2214 4083 2475 4149 tumelia,
2491 4083 2667 4137 lectas
2697 4099 2761 4136 ex
2788 4082 3017 4136 Austria
3042 4081 3242 4152 dirigit
3286 4081 3577 4135 militares
3621 4076 3806 4150 copias.

499 4170 695 4224 torum
730 4168 915 4224 millia
942 4170 1129 4241 pretio
1161 4169 1377 4225 eduxit.
1408 4170 1866 4224 Sarracenorum
1885 4168 1998 4223 duo
2014 4169 2116 4224 du-
2215 4169 2290 4224 ad
2315 4169 2721 4225 debellandam
2749 4169 3109 4225 Winidorum
3143 4171 3409 4241 gentem.
3439 4168 3650 4233 Quibus
3670 4164 3808 4219 fuere

498 4271 594 4311 ees
614 4259 802 4325 erant,
835 4257 934 4328 qui
986 4257 1235 4313 ducenta
1286 4257 1471 4313 millia
1514 4258 1692 4313 armis
1718 4258 1996 4312 instructa
2053 4257 2111 4311 in
2215 4257 2425 4312 auxilio
2452 4258 2761 4313 Alemanni
2793 4275 2924 4314 cum
2957 4258 3233 4313 Rotberto
3280 4257 3454 4325 duce,
3507 4270 3724 4311 necnon
3763 4253 3811 4305 et

498 4343 652 4398 bella
667 4343 1246 4417 ducebant.Cumque
1264 4349 1507 4418 uterque
1544 4346 1829 4401 exercitus
1848 4347 2047 4416 procul
2080 4362 2114 4400 a
2217 4345 2602 4417 Len-gobardi.
2634 4346 2740 4411 Qui
2781 4347 2841 4401 in
2868 4363 2937 4401 ea
2976 4363 3089 4418 qua
3142 4346 3441 4417 congressi
3473 4347 3633 4417 parte
3661 4340 3809 4395 victo-

501 4447 562 4485 se
600 4429 855 4485 invicem
885 4436 1071 4487 castra
1092 4432 1395 4505 posuisset,
1422 4437 1613 4501 nocte,
1646 4452 1775 4506 qua:
1800 4434 1958 4489 diem
1976 4432 2114 4489 belli
2138 4419 2192 4480 D
2215 4434 2365 4489 riam
2378 4434 2593 4506 adepti,
2622 4436 2939 4506 plurimum
2968 4434 3330 4506 captivorum
3366 4434 3442 4489 ad
3474 4431 3705 4506 propria
3730 4444 3805 4483 re-

501 4517 1082 4589 praecedebat,subita
1100 4520 1157 4574 in
1180 4521 1708 4578 castrisCrtecorum
1722 4523 2111 4594 quinquagin-
2215 4522 2455 4577 deuntes
2477 4524 2840 4578 abduxerunt
2855 4523 3471 4579 numerum.Austrasii
3494 4514 3806 4577 veroFranci

499 4604 693 4661 taduo
711 4605 897 4661 millia
925 4611 1321 4679 pugnatorum
1354 4610 1685 4665 exanimata
1716 4611 1775 4665 in
1809 4612 2001 4665 stratis
2025 4627 2112 4665 re-
2213 4611 2495 4675 Winidos,
2517 4612 2615 4684 qui
2644 4613 2701 4667 in
2732 4614 3081 4684 Vogastense
3113 4610 3513 4683 confugerant
3551 4611 3805 4665 castrum.

498 4698 669 4765 perta
682 4694 966 4758 sunt.Qua
983 4695 1054 4749 de
1066 4712 1130 4751 re
1152 4696 1547 4767 reliqui,metu
1564 4698 1835 4770 percussi,
1856 4699 1913 4753 in
1928 4699 2112 4753 diver-
2211 4700 2510 4756 obsidione
2541 4704 2887 4758 clauserunt.
2924 4701 3107 4765 Quam
3130 4701 3280 4756 dum
3307 4701 3568 4773 segniter
3580 4694 3803 4754 admini-

502 4782 876 4855 safugerunt,
896 4799 1146 4855 regnum
1163 4800 1331 4839 suum
1350 4785 1823 4857 depopulandum
1847 4787 2108 4842 adversa-
2212 4792 2484 4858 strarent,
2516 4790 2862 4847 irruentibus
2894 4807 3066 4863 super
3097 4808 3155 4846 se
3178 4790 3443 4845 hostibus
3464 4788 3708 4861 graviter
3733 4782 3806 4837 at".

500 4868 600 4924 riis
622 4871 1037 4943 relinquentes.
1067 4872 1197 4939 Qui,
1245 4873 1429 4944 quasi,
1459 4878 1693 4946 accepta
1715 4875 1929 4946 injuria
1953 4876 2109 4948 quod
2210 4877 2373 4945 ﬂicti,
2399 4880 2586 4932 castra
2606 4894 2737 4933 cum
2763 4878 3028 4933 tentoriis
3073 4878 3407 4932 deserentes
3456 4872 3799 4947 aufugerunt.

500 4958 732 5015 obviare
748 4959 870 5014 ausi
893 4960 1086 5015 hostes
1109 4959 1369 5028 fuissent,
1391 4962 1786 5018 vehementius
1806 4965 2110 5021 vastationi
2210 4966 2324 5021 Hac
2348 4968 2585 5022 victoria
2601 4966 2809 5021 Winidi
2841 4966 3220 5022 animosiores
3258 4965 3561 5033 redditi,in
3581 4959 3800 5018 Thoriu-

501 5045 853 5103 institerunt.
873 5049 1070 5103 Tantas
1095 5048 1274 5103 cladis
1291 5050 1493 5104 nuntio
1526 5051 1818 5106 Heraclius
1847 5058 2106 5124 accepto,
2210 5071 2346 5126 gam
2368 5057 2425 5110 et
2442 5055 2917 5127 circumjaeentes
2934 5057 3284 5111 Francorum
3301 5058 3487 5109 terras
3507 5069 3626 5108 sese
3645 5050 3804 5105 effun-

498 5133 768 5191 diffldens
796 5153 855 5191 se
885 5152 1051 5207 posse
1080 5137 1368 5204 resistere,
1397 5154 1529 5193 cum
1559 5139 1688 5209 jam
1737 5139 1817 5195 illi
1861 5142 2077 5213 majore

2221 5143 2375 5210 iunt,
2406 5143 2485 5198 ito
2517 5147 2579 5198 ut
2615 5146 2907 5199 Dervanus
2960 5145 3092 5211 dux,
3143 5144 3241 5216 qui
3295 5144 3534 5198 urbibus
3576 5137 3800 5213 praeerat

496 5238 681 5298 prope
709 5225 856 5279 Asia:
872 5229 1038 5297 porte
1056 5241 1315 5297 pervasa,
1342 5225 1800 5299 Hierosolymam
1833 5228 2105 5285 infestare
2208 5231 2563 5299 Sclavorum,
2589 5250 2717 5304 qua:
2762 5249 2940 5304 usque
2971 5233 3044 5288 ad
3090 5232 3151 5287 id
3191 5236 3423 5304 tempus
3454 5228 3679 5285 Francis
3708 5239 3798 5297 pa-

497 5313 894 5385 disponerent,
922 5314 980 5368 in
1016 5314 1287 5369 morbum
1320 5314 1543 5384 incidit,
1574 5320 1631 5370 et
1658 5318 2010 5387 procedente
2044 5320 2101 5374 in
2202 5324 2464 5388 ruerant,
2494 5321 2811 5393 desperatis
2841 5322 3014 5377 rebus
3034 5337 3092 5376 sc
3116 5322 3187 5376 ad
3213 5324 3455 5376 caeteros
3474 5314 3798 5373 transferret

495 5400 749 5458 deterius
774 5401 1034 5472 corporis
1066 5403 1623 5477 mgritudine,usque
1656 5405 1726 5459 ad
1760 5405 2102 5477 languorem
2204 5408 2783 5475 Sclavos.Enimvero,
2802 5426 2918 5464 non
2936 5413 3058 5464 tam
3081 5409 3294 5464 virtute
3318 5402 3796 5462 Winidorumhaac

492 5490 727 5557 animus,
757 5489 1023 5545 videlicet
1052 5490 1111 5545 in
1134 5492 1399 5563 Eutychis
1428 5493 1692 5565 delapsus
1744 5497 1830 5547 est
1859 5500 2096 5551 sectam.
2200 5498 2393 5552 clades
2407 5498 2842 5553 acciditFrancis
2855 5494 3795 5570 quantumignaviaAustrasiorum

491 5579 722 5636 Sociata
748 5595 977 5651 quoque
997 5580 1130 5650 jure
1158 5580 1435 5635 connubii
1465 5582 1805 5637 sororissum
1832 5582 2095 5654 sibiﬁlia,
2200 5586 2439 5658 Alioqui
2465 5585 2802 5656 vindictam,
2826 5602 3003 5659 quam
3033 5586 3140 5640 sub
3158 5585 3405 5640 Clotario
3434 5583 3494 5637 in
3540 5582 3794 5640 Saxones,

488 5669 912 5742 xxvrsuscepta:
924 5669 1388 5742 potestatisanno
1409 5668 1781 5727 diemclausit
1793 5671 2087 5733 ultimum.
2177 5675 2330 5732 hanc
2356 5674 2545 5747 ipsam
2585 5675 2696 5732 sub
2725 5675 3055 5750 Dagoberto
3082 5674 3143 5733 in
3168 5674 3394 5731 Sclavos
3419 5668 3791 5728 exercuissent
