3998 6166
237 330 337 387 789

1314 308 1645 371 HISTORIA
1714 307 2172 372 FBANCORUM.
2225 306 2360 372 LIB.
2416 311 2508 372 IV.

3514 323 3629 389 790

238 450 433 514 vitam,
461 461 524 502 ac
548 444 612 500 in
642 443 840 500 futuro
864 440 1226 505 manentem,
1264 435 1529 491 salutaris
1582 435 1854 491 omnibus
1873 445 1930 503 Α
1953 452 2059 507 per
2084 451 2168 491 xu
2195 437 2510 493 continuos
2528 437 2661 493 dies
2678 439 2897 511 quibus
2919 443 3000 500 ibi
3018 446 3255 515 resedit,
3281 448 3626 525 omniaqum

236 540 437 597 coelum
468 535 711 602 dimisit,
743 537 806 588 ut
835 531 1051 586 rediret
1080 525 1472 597 unusquisque
1493 525 1568 579 ad
1597 541 1720 578 sua.

807 619 1030 675 CAPUT
1068 616 1235 670 XXXI.

442 696 528 749 De
555 694 662 763 ﬁde
680 693 925 763 praestita
952 688 1184 742 Francis
1213 703 1247 741 α
1276 684 1621 740 Vasconz'bus.

1954 525 2191 579 fuerant
2210 525 2546 597 antiquitus
2576 527 2641 581 in
2684 538 3115 589 ornamentum
3138 536 3381 592 civitatis
3415 557 3484 595 ex
3508 558 3624 597 aere

1953 613 2463 684 instituta,deponi
2486 615 2759 685 jussitJn
2785 622 3019 676 tantum
3052 623 3307 678 utetiam
3325 625 3624 684 basilicam

1959 703 2151 755 Beatae
2180 701 2372 756 Mariae
2399 702 2731 773 (Pantheon
2764 708 3085 780 antiquitus
3120 716 3405 778 vocatam)
3437 714 3623 771 disco-

302 787 519 852 Quinto
541 782 769 838 decimo
792 797 923 835 vero
945 777 1107 872 regni
1138 776 1223 830 sui
1253 790 1428 872 anno,
1479 787 1683 872 omnes
1723 770 1851 825 fere
1959 789 2239 860 operiret,
2271 793 2629 863 tegulasque
2678 811 2747 849 ex
2777 770 3104 852 ΕΒΓΘ]πᾶοω
3124 800 3329 855 exinde
3345 770 3623 872 ahfenet,

235 876 495 932 seniores
553 869 1022 934 Vasconia,cum
1071 863 1337 918 Amando
1376 862 1541 926 duce,
1574 859 1649 913 ad
1710 874 1849 913 eum

242 963 533 1036 Clippiaco
558 959 881 1024 venerunt;
916 955 1150 1026 ejusque
1185 950 1568 1007 formidantes
1594 962 1852 1018 praesen-

238 1054 399 1119 tiam,
436 1052 497 1105 in
532 1046 854 1104 oratorium
886 1042 1081 1099 Sancti
1136 1038 1392 1111 Dionysii
1442 1036 1858 1106 confugerunt.

239 1142 387 1206 Quos
443 1137 554 1192 etsi
612 1135 820 1205 dignos
902 1133 1091 1185 morte
1142 1127 1525 1199 judicaverat,
1595 1123 1869 1191 respectu

238 1234 439 1285 tamen
458 1227 816 1290 sanctorum,
842 1234 1088 1292 quorum
1106 1216 1469 1293 expetierant
1488 1208 1868 1273 memoriam,

242 1320 318 1375 eis
344 1313 593 1372 indulsit
632 1314 831 1368 vitam.
870 1309 977 1374 Qui
1013 1308 1377 1362 sacramento
1434 1302 1613 1356 ﬁdem
1660 1298 1875 1354 dantes

242 1426 295 1464 se
323 1408 395 1462 de
428 1407 642 1459 caetero
699 1400 904 1455 ﬁdeles
956 1396 1309 1469 Dagoberto,
1344 1410 1410 1448 ac
1447 1388 1681 1462 reliquis
1736 1391 1878 1458 post

239 1495 479 1567 regibus
512 1493 632 1547 fore
698 1491 1076 1554 Francorum,
1118 1485 1192 1540 ad
1240 1482 1495 1557 patriam
1523 1477 1711 1534 redire
1742 1491 1877 1549 per-

244 1584 396 1641 missi
426 1584 568 1637 sunt
595 1596 783 1637 suam.

833 1666 1057 1724 CAPUT
1092 1664 1290 1720 XXXII.

1962 894 2177 948 easque
2191 893 2324 931 cum
2339 879 2468 933 aliis
2482 885 3428 959 ornamentisConstantinopolim
3446 895 3626 947 trans-

1967 965 2250 1020 mitteret.
2285 965 2391 1029 Qui
2418 971 2656 1037 tamen,
2694 972 2793 1025 ubi
2833 973 3087 1028 Siciliam
3111 975 3321 1046 attigit,
3348 978 3624 1036 meritum

1972 1057 2270 1109 tantarum
2298 1054 2687 1126 iniquitatum
2709 1061 3023 1131 praemium
3045 1062 3169 1116 luit.
3187 1064 3332 1118 Nam
3359 1066 3624 1136 ejusdem

1976 1142 2179 1196 insulae
2213 1141 2455 1210 incolas,
2491 1144 2907 1219 Calabriaeque
2968 1165 3031 1202 ac
3082 1148 3387 1221 Sardiniae,
3448 1157 3624 1226 atque

1977 1230 2205 1296 Africae,
2254 1230 2675 1289 afﬂictionibus
2720 1239 2844 1290 tam
2903 1236 3250 1307 gravissimis
3295 1240 3510 1295 attrivit
3563 1245 3627 1296 ut

1982 1334 2191 1374 uxores
2221 1335 2254 1372 a
2284 1320 2517 1376 maritis
2558 1327 2618 1377 et
2645 1324 2749 1377 ﬁlii
2781 1341 2818 1378 a
2845 1324 3182 1393 parentibus
3210 1328 3459 1397 separati
3524 1329 3626 1383 du-

1978 1423 2109 1462 ram
2123 1410 2480 1478 cogerentur
2512 1412 2738 1481 perpeti
2765 1411 3124 1465 servitutem.
3158 1414 3623 1485 ltaqueimpera-

1978 1501 2096 1562 tor,
2128 1495 2243 1549 suis
2270 1512 2453 1567 quam
2484 1499 2747 1555 hostibus
2779 1499 3066 1567 infestior,
3100 1517 3134 1554 a
3170 1501 3448 1556 militibus
3500 1503 3624 1573 ejus

1977 1584 2259 1639 saevitiam
2286 1588 2726 1641 exsecrantibus
2764 1588 2826 1641 in
2859 1588 3070 1641 balneo
3092 1588 3456 1642 interﬁcitur.
3488 1591 3625 1644 Post

1980 1690 2160 1745 quem
2190 1673 2506 1729 Mezentius
2535 1675 2596 1729 in
2612 1675 2805 1729 Sicilia
2821 1674 3194 1745 tyrannidem
3216 1676 3480 1746 arripuit.
3496 1676 3621 1741 Quo

254 1767 334 1821 De
365 1761 701 1834 Grz'moaldz'_
718 1760 854 1828 regis
870 1754 1345 1834 liongobardorum
1364 1750 1548 1834 gestis,
1572 1755 1620 1802 et
1640 1749 1881 1834 [fatrum‘

2004 1762 2111 1815 )ari
2142 1761 2318 1815 modo
2353 1762 2483 1815 sine
2532 1779 2700 1817 mora
2730 1762 2958 1834 punito,
2994 1763 3298 1834 capitequo
3330 1764 3452 1834 ejus
3479 1763 3627 1819 Con-

319 1819 440 1901 ejus
474 1834 635 1898 cede,
666 1819 832 1901 deque
881 1819 1228 1901 Confgantz'no
1287 1825 1625 1901 impera-tore!
1657 1819 1777 1901 (qui
1830 1824 1882 1901 et

373 1888 826 1961 ohstans'dic‘tus
854 1897 949 1967 est)
988 1888 1778 1967 Beneventum-obsidentef‘et
1811 1888 1884 1967 _de

319 1958 645 2034 crudelitate
668 1973 783 2042 eius
809 1978 857 2024 et
885 1958 1059 2035 emilio,
1095 1975 1144 2022 et
1197 1964 1474 2021 Mezanm'
1501 1962 1745 2030 tyranni,
1789 1958 1884 2012 de-

315 2066 421 2121 que
458 2045 771 2102 Constanti:
816 2042 1044 2111 imperio.

316 2120 664 2209 bagoberto
696 2131 867 2201 igitur
896 2129 1122 2199 pacifice
1144 2124 1302 2199 apud
1333 2120 1544 2178 Gallias
1574 2120 1886 2209 regnante,

251 2206 669 2298 Longbbardis
684 2217 1038 2274 Grimoaldus
1055 2215 1325 2287 praeerat,
1353 2209 1455 2283 qui
1474 2208 1752 2298 exstincto
1783 2206 1889 2298 Go-

254 2294 489 2388 diperto
521 2307 783 2380 Ariperti
812 2305 958 2378 regis
986 2305 1122 2372 filio,
1146 2306 1204 2358 et
1234 2302 1364 2373 ejus
1394 2294 1889 2388 fratreBertbarit

247 2383 411 2457 Italia
425 2400 628 2470 pulso,
659 2410 866 2466 regum
896 2393 1233 2465 arripuerat.
1269 2389 1372 2443 Hic
1392 2389 1482 2442 est
1507 2383 1891 2451 Grimoaldus,

250 2493 319 2547 de
347 2507 472 2563 qua
502 2483 742 2560 praefati
772 2500 981 2550 sumus,
1015 2482 1169 2554 quod
1186 2477 1475 2551 praedicta
1498 2490 1696 2529 eversa
1725 2473 1892 2563 urbe,

248 2560 532 2643 Avarem,
569 2593 606 2630 a
637 2589 756 2644 quo
788 2572 1033 2642 captivus
1063 2571 1249 2624 adhuc
1283 2581 1437 2639 puer
1464 2563 1785 2618 ducebatur
1811 2560 1898 2629 (ut

255 2670 481 2725 dictum
520 2664 639 2732 est)
670 2660 974 2717 occiderat.
1009 2659 1180 2729 Cujus
1224 2657 1440 2711 fratres
1491 2652 1776 2705 Tasonem
1832 2666 1899 2704 ac

258 2761 584 2822 Caconem,
618 2750 924 2823 Gregorius
948 2750 1350 2803 Romanorum
1365 2738 1737 2815 patricius,in
1769 2738 1901 2792 civi-

256 2852 371 2903 tate
397 2840 781 2917 Opitergium
808 2838 999 2893 dolosa
1029 2835 1231 2891 fraude
1263 2829 1540 2904 peremit.
1573 2828 1718 2917 Nam
1750 2842 1899 2917 pro-

259 2914 507 2992 mittens
544 2927 764 2985 Tasoni
793 2927 943 2999 quod
992 2925 1238 2979 barbam
1302 2921 1430 2990 ejus
1486 2914 1898 2988 praescindens,

1983 1849 2434 1919 stantinopolim
2486 1852 2731 1921 perlato,
2757 1850 3189 1917 Constantinus,
3239 1851 3625 1906 Constantinii

1986 1939 2080 2007 (de
2112 1954 2226 2010 quo
2239 1938 2653 2010 praemisimus)
2676 1939 2965 2005 ﬁlius,xvn
2988 1938 3154 1992 annis
3171 1938 3418 1992 Romani
3433 1937 3627 1993 tenuit

1986 2026 2380 2100 gubernacula
2409 2026 2663 2098 imperii.
2696 2027 2847 2081 Sane
2877 2026 3057 2097 patris
3083 2026 3206 2096 ejus
3234 2025 3618 2097 temporibus,

1989 2117 2304 2170 Vitalianus
2351 2131 2506 2186 papa
2583 2116 2954 2170 Theodorum
3010 2112 3512 2185 archiepiscopum
3559 2116 3624 2169 et

1988 2204 2309 2259 Adrianum
2343 2203 2622 2257 abbatem
2649 2203 2708 2258 in
2741 2202 3102 2259 Britanniam
3134 2202 3362 2270 direxit,
3387 2201 3461 2256 ad
3492 2217 3623 2257 cor-

1990 2292 2411 2359 roborandam,
2440 2309 2621 2364 quam
2652 2294 2856 2348 beatus
2887 2291 3199 2363 Gregorius
3218 2290 3278 2345 in
3298 2292 3625 2364 Anglorum

1995 2385 2168 2455 gente
2185 2384 2461 2449 servarat,
2491 2381 2629 2436 ﬁdei
2662 2380 3000 2437 Christianae
3021 2383 3305 2452 segetem.

2571 2487 2800 2542 CAPUT
2823 2486 3045 2541 XXXIII.

1998 2577 2081 2631 De
2110 2574 2406 2645 Dagobertz‘
2439 2574 2711 2629 laudabili
2761 2576 2907 2629 obitu
2954 2581 3005 2628 et
3054 2573 3349 2645 sepultura,
3386 2590 3454 2629 ac
3497 2574 3629 2631 aedis

2263 2646 2377 2699 divi
2402 2645 2667 2716 Dionysii
2691 2647 3045 2715 (veliﬁcatione
3068 2652 3118 2700 et
3147 2652 3363 2699 ornatu.

2075 2738 2253 2790 Porro
2287 2733 2533 2803 inclytus
2550 2746 2656 2788 rex
2676 2734 3029 2789 Francorum
3059 2732 3632 2803 Dagobertus,annis

2002 2841 2091 2879 xv:
2123 2822 2372 2895 gloriosa
2388 2822 2624 2876 functus
2653 2822 2820 2893 regni
2850 2821 3378 2889 administratione,
3411 2820 3629 2893 Spino-

2004 2913 2121 2984 gilo
2148 2911 2280 2965 villa
2296 2926 2467 2980 super
2482 2909 2709 2965 flumen
2739 2912 3022 2982 Sequana;
3038 2910 3165 2977 sita,
3183 2909 3338 2964 haud
3369 2911 3570 2981 procul
3591 2927 3629 2966 a

255 3028 421 3099 juxta
459 3034 700 3077 morem
735 2996 1120 3086 antiquorum,
1154 3028 1289 3066 eum
1326 3007 1437 3062 sibi
1480 3005 1787 3077 adoptaret
1840 3003 1899 3057 in
1929 3027 1976 3087 ρ
2006 2998 2252 3054 Parisius
2297 2996 2665 3064 constitutus,
2741 2998 3025 3071 proﬂuvio
3091 2997 3306 3051 ventris
3356 2996 3628 3053 laborare

261 3091 474 3179 filium,
509 3123 652 3164 cum
687 3104 864 3159 fratre
890 3119 953 3157 ac
980 3101 1170 3174 paucis
1200 3098 1463 3153 fidelium
1502 3093 1574 3147 ad
1601 3109 1659 3145 se
1705 3091 1902 3146 venire

262 3201 465 3258 suasit.
502 3192 983 3267 Ingredientique
1027 3190 1230 3244 urbem
1283 3187 1483 3258 portas
1517 3182 1645 3254 post
1675 3181 1904 3251 tergum

262 3289 460 3347 claudi
483 3281 857 3361 praecipiens,
884 3278 1091 3333 milites
1116 3278 1374 3331 armatos
1405 3270 1504 3343 qui
1528 3284 1663 3324 eum
1683 3267 1902 3361 interfi-

261 3355 733 3436 cerentdirexit.
762 3367 925 3432 Quod
946 3366 1040 3421 ubi
1062 3364 1159 3438 qui
1180 3359 1427 3435 ingressi
1449 3360 1617 3413 erant
1647 3355 1906 3411 animad-

262 3465 601 3529 verterunt,
642 3458 913 3513 ultimum
943 3454 1049 3509 sibi
1078 3455 1200 3509 vale
1232 3451 1512 3513 dicentes,
1560 3461 1664 3517 per
1689 3445 1905 3516 plateas

266 3554 522 3614 civitatis
546 3547 794 3621 dispersi
827 3544 1021 3600 obvios
1034 3558 1289 3615 quosque
1304 3536 1692 3593 trucidabant.
1736 3535 1904 3590 Maxi-

271 3661 494 3718 maque
530 3639 695 3695 edita
737 3633 1193 3706 strage,tandem
1226 3628 1394 3704 pauci
1419 3644 1459 3718 ar
1484 3623 1741 3718 pluribus
1798 3625 1904 3679 cir-

270 3712 583 3791 cumventi
624 3725 1063 3780 obtruncantur.
1090 3719 1396 3791 Gregorius
1426 3714 1623 3784 itaque
1649 3712 1746 3785 qui
1775 3730 1906 3785 spo~

273 3821 581 3899 ponderat
605 3832 669 3871 se
701 3813 946 3870 barbam
966 3810 1172 3866 Tasoni
1216 3806 1623 3869 abscissurum,
1657 3819 1776 3856 non
1824 3819 1911 3857 so-

273 3892 400 3970 lum
425 3907 705 3971 barbam,
722 3917 921 3957 verum
948 3904 1006 3955 et
1034 3896 1354 3970 amputavit
1372 3894 1493 3965 ejus
1514 3893 1653 3963 aput
1668 3892 1907 3945 Verum-

276 4009 489 4059 tamen
508 4013 586 4053 ne
611 3993 877 4066 parjurus
898 3985 1404 4054 diceretur,barbte
1425 3998 1653 4054 quoque
1670 3997 1793 4034 sum
1803 3980 1909 4034 mi-

278 4098 491 4148 tamen
528 4082 783 4140 inaniter
821 4077 1098 4150 praecidit.
1157 4075 1522 4146 Quapropter
1552 4069 1913 4124 Grimoaldus

280 4194 477 4253 regno
501 4165 1111 4247 potitus.0pitergium
1139 4162 1397 4253 funditus
1428 4159 1631 4253 evertit
1666 4158 1722 4213 in
1744 4158 1911 4253 ultio-

282 4248 429 4327 nem
449 4266 705 4320 fratrum
723 4257 1331 4328 inibiperemptorum.
1366 4250 1537 4320 Cujus
1556 4248 1915 4320 temporibus

2007 3087 2194 3159 coepit.
2216 3085 2470 3157 Indeque
2486 3086 2934 3159 obsequentium
2959 3085 3227 3141 manibus
3239 3084 3312 3139 ad
3327 3083 3629 3141 basilicam

2007 3176 2200 3232 Sancti
2224 3174 2477 3247 Dyonisii
2506 3175 2751 3243 delatus,
2767 3177 2905 3231 dum
2933 3193 2993 3231 se
3015 3174 3390 3231 incommodo
3404 3173 3629 3231 ultimae

2007 3264 2366 3337 aegritudinis
2413 3263 2487 3317 ad
2512 3268 2766 3319 mortem
2800 3264 2995 3337 urgeri
3016 3263 3410 3319 intellexisset.
3444 3263 3629 3334 Egam

2007 3352 2397 3409 consiliarium
2414 3368 2585 3407 suum
2612 3369 2845 3408 summa
2875 3370 3007 3407 cum
3034 3352 3329 3407 celeritate
3357 3351 3433 3405 ad
3448 3368 3507 3406 se
3529 3367 3627 3407 ve-

2008 3443 2135 3497 nire
2163 3440 2478 3509 mandavit,
2510 3457 2684 3513 seque
2721 3442 3106 3497 discessurum
3135 3458 3166 3495 e
3218 3438 3492 3512 praesenti
3522 3456 3630 3496 saa-

2010 3534 2138 3587 culo
2169 3530 2465 3598 intimans,
2502 3547 2741 3585 uxorem
2772 3547 2939 3586 suam
2967 3529 3300 3585 Nantildem
3331 3544 3398 3582 ac
3441 3527 3630 3585 filium

2012 3621 2361 3677 Clodoveum
2385 3619 2432 3688 ej
2445 3637 2508 3673 us
2521 3618 2747 3674 tuitioni
2778 3619 3091 3682 commisit,
3122 3621 3183 3673 et
3213 3620 3277 3672 ut
3306 3617 3628 3674 secundum

2010 3707 2499 3783 prudentiamsibi
2531 3724 2564 3761 a
2588 3709 2705 3762 Deo
2737 3724 3065 3763 concessam
3107 3706 3291 3761 filium
3322 3706 3625 3776 enutriret,

2013 3798 2221 3870 pieque
2241 3812 2489 3868 regnum
2508 3792 3438 3866 disponeret,admonuit.Czeteris
3451 3794 3629 3850 etiam

2014 3885 2389 3961 Optimatibus
2406 3900 2471 3938 ac
2493 3883 2862 3954 pontificibus
2892 3882 3168 3937 Neustrize
3183 3898 3250 3936 ac
3280 3882 3629 3951 Burgundize

2015 3975 2319 4042 accersitis,
2347 3973 2463 4028 ﬁlio
2496 3991 2595 4028 eos
2620 3972 2815 4045 eisque
2840 3972 3025 4027 tilium
3070 3968 3510 4037 commendans,
3537 3987 3630 4026 xw

2016 4068 2140 4121 Kal.
2156 4062 2457 4119 Februarii
2483 4062 2639 4116 diem
2662 4060 2864 4115 clausit
2888 4057 3631 4131 extremum.Cujuscorpus

2017 4155 2313 4211 conditum
2343 4151 3025 4223 aromatibus,sepultum
3053 4152 3139 4203 est
3165 4147 3222 4201 in
3243 4146 3481 4202 ecclesia
3496 4164 3627 4202 san-

2018 4240 2379 4313 ctiDionysii,
2412 4240 2470 4294 in
2496 4240 2694 4294 dextro
2726 4240 2906 4293 latere
2937 4236 3181 4308 sepulcri
3208 4235 3384 4308 ipsius
3409 4239 3628 4308 marty-

283 4325 711 4414 Gonstantinus
737 4325 1042 4418 Augustus,
1077 4325 1175 4414 qui
1203 4344 1262 4396 et
1289 4341 1572 4395 Constans
1598 4337 1781 4391 dictus
1804 4340 1913 4405 est,
1936 4325 1992 4385 D
2016 4334 2119 4389 ris.
2152 4331 2433 4401 Denique,
2457 4332 2518 4383 ut
2538 4345 2712 4399 supra
2741 4331 3037 4384 ostensum
3057 4330 3163 4393 est,
3189 4341 3321 4380 cum
3359 4342 3420 4380 se
3455 4342 3627 4380 orna-

286 4439 717 4516 Longobardos
765 4435 924 4491 Italia
972 4432 1185 4504 pellere
1243 4428 1498 4501 cupiens,
1556 4428 1911 4516 transmeato

284 4514 592 4591 Adriatico
626 4525 794 4593 mari,
826 4523 1215 4579 Beneventum
1241 4517 1481 4573 obsedit.
1511 4515 1673 4570 Unde
1727 4514 1914 4569 subito

288 4623 556 4681 adventu
582 4612 898 4671 Grimoaldi
928 4609 1178 4675 territus,
1223 4605 1499 4671 discessit,
1532 4603 1732 4658 relicto
1784 4619 1916 4657 cum

289 4710 558 4769 exercitu
583 4704 836 4778 quodam
872 4718 939 4756 ex
972 4696 1349 4771 optimatibus
1372 4693 1609 4749 nomine
1638 4692 1914 4754 Saburro,

291 4801 396 4875 qui
423 4813 562 4854 cum
598 4790 927 4849 Grimoaldo
960 4787 1157 4860 proelio
1189 4783 1464 4841 conﬂixit.
1495 4783 1652 4837 Tunc
1689 4798 1833 4835 unus
1883 4798 1915 4835 e

296 4871 727 4961 Longobardis,
739 4879 1017 4937 vocabulo
1030 4876 1405 4946 Amalongus,
1426 4872 1522 4946 qui
1534 4871 1761 4943 regium
1774 4888 1913 4926 con-

294 4988 428 5037 tum
460 4976 666 5035 solitus
694 4974 819 5027 erat
836 4970 1009 5035 ferre,
1034 4966 1348 5039 quemdam
1366 4963 1688 5018 Grasculum
1705 4961 1913 5017 eodem

296 5072 479 5127 conto
506 5077 861 5138 percussum,
894 5063 953 5113 et
982 5057 1122 5110 sella
1152 5052 1497 5126 equitatoria
1520 5067 1693 5123 super
1743 5054 1916 5121 caput

298 5173 473 5215 suum
506 5156 754 5214 elevans,
786 5149 1037 5220 reliquos
1063 5142 1506 5215 perterrefactos
1534 5141 1736 5211 fugere
1763 5156 1918 5195 com-

301 5247 475 5321 pulit.
491 5241 651 5298 Talia
674 5254 992 5311 agnoscens
1006 5235 1346 5305 imperator,
1369 5229 1729 5285 iracundiam
1743 5229 1917 5284 corde

304 5317 651 5407 conceptam
682 5330 741 5384 in
762 5345 892 5384 suos
944 5325 1075 5398 (hoc
1125 5325 1210 5377 est
1258 5321 1566 5392 Romanos)
1612 5317 1916 5386 convertit,

308 5438 561 5496 moxque
576 5422 818 5475 Romam
851 5412 1159 5489 pertendit,
1192 5413 1250 5465 et
1277 5428 1311 5465 a
1339 5409 1623 5465 Vitaliano
1647 5424 1797 5479 papa
1813 5407 1918 5461 ho-

311 5515 550 5571 noriﬁce
580 5513 892 5582 susceptus,
913 5506 1105 5578 primo
1137 5501 1371 5576 quidem
1403 5500 1495 5555 die
1513 5500 1721 5554 obtulit
1750 5500 1920 5553 beato

319 5608 487 5662 Petro
508 5601 747 5676 pallium
776 5614 914 5653 auro
946 5596 1186 5660 textum,
1228 5591 1288 5647 in
1318 5590 1633 5647 crastinum
1687 5603 1841 5657 vero,
1863 5590 1922 5643 et

2019 4426 2140 4476 tum
2158 4421 2240 4475 ire
2257 4420 2403 4473 illius
2421 4417 2768 4473 memoriam
2786 4417 3190 4488 sociorumque
3207 4414 3330 4485 ejus
3342 4414 3632 4486 pollicitus

2018 4515 2186 4575 esset,
2211 4508 2495 4579 templum
2518 4505 2599 4560 eis
2630 4503 3199 4569 condidituniversis,
3225 4520 3353 4575 qua:
3381 4503 3437 4558 in
3454 4502 3635 4558 Gallia

2021 4602 2154 4653 tunc
2186 4596 2463 4668 temporis
2493 4598 2679 4663 erant,
2703 4593 3068 4651 excellentius
3099 4591 3354 4665 templis.
3377 4592 3634 4647 Nullum-

2019 4684 2965 4760 queimpensisstatuensmodum,
2998 4680 3345 4736 marmoreis
3380 4680 3518 4735 illud
3544 4697 3636 4736 co-

2016 4777 2232 4833 lumnis
2278 4774 2565 4847 similique
2595 4772 2916 4828 venustavit
2962 4770 3317 4845 pavimento,
3347 4769 3635 4826 immenso

2016 4865 2341 4923 mdiﬁcandi
2380 4866 2635 4935 sumptu,
2658 4866 2715 4916 et
2732 4859 3013 4932 exquisito
3033 4858 3380 4913 fabricatum
3407 4858 3633 4914 decore.

2016 4958 2128 5012 Nec
2159 4954 2352 5011 minor
2381 4953 2463 5008 illi
2504 4952 2563 5006 in
2590 4950 2713 5006 aliis
2742 4965 2973 5022 quoque
3020 4946 3320 5003 ornatibus
3367 4947 3635 5002 intentio.

2018 5046 2183 5112 Nam,
2216 5043 2468 5098 vestibus
2496 5056 2637 5096 auro
2670 5038 2839 5093 textis
2868 5040 2926 5091 et
2959 5036 3124 5109 paliis
3164 5034 3517 5099 bolosericis,
3547 5038 3640 5089 to-

2019 5140 2141 5191 tum
2174 5133 2512 5189 interiorem
2533 5126 2912 5184 circumdedit
2935 5124 3138 5195 templi
3154 5120 3641 5179 ambitum.0rdi-

2021 5241 2158 5282 nem
2172 5220 2541 5297 psallentium
2564 5218 2645 5273 uti
2673 5216 2826 5288 apud
2844 5216 3121 5271 Sanctum
3132 5212 3439 5269 Martinum
3465 5208 3640 5262 Turo-

2021 5316 2361 5382 nis,nccnon
2376 5311 2528 5383 apud
2541 5311 2817 5364 Sanctum
2836 5304 3163 5360 Mauritium
3181 5297 3642 5372 Agaunisageba-

2021 5402 2278 5472 tur,inibi
2292 5398 2762 5457 instituit.Praalia
2775 5412 2904 5451 vero
2920 5398 3038 5448 tam
3052 5393 3359 5446 innumera
3370 5385 3641 5472 fratribus

2021 5470 2302 5561 ineodcm
2327 5494 2448 5546 loco
2484 5492 2598 5545 Deo
2625 5483 3056 5546 famulantibus,
3083 5479 3197 5533 sive
3236 5470 3638 5532 matriculariis

2025 5584 2273 5643 ecclesia:
2302 5580 2543 5637 contulit
2566 5581 2627 5632 ut
2665 5576 2890 5630 devotio
2924 5568 3105 5625 animi
3150 5568 3273 5640 ejus
3316 5562 3632 5636 plurimum
