3998 6166
492 343 594 409 νθι

1574 341 1841 409 ΑΙΜΟΙΝῙ
1888 340 2094 401 NONA!

2197 345 2203 399 ἱ
2250 343 2747 409 FLORIACENSIS
3642 366 3726 426 Μ

494 468 852 530 admirabilis
875 472 1042 529 esset.
1060 469 1186 528 Fuit
1202 470 1421 528 etenim
1441 469 1599 528 idem
1624 487 1723 527 rex
1750 471 2107 544 Dagobertus
2132 472 2190 534 Α
2209 475 2438 530 sanctos
2466 473 2573 530 sibi
2628 474 2890 534 auxiliari
2932 478 3216 551 poscebat,
3248 497 3477 555 quorum
3516 485 3731 549 basilicas

494 562 811 619 admodum
836 564 1053 628 cautus,
1086 561 1323 633 ingenio
1345 564 1585 629 astutus,
1618 562 1768 616 circa
1795 561 2107 618 benevolos

493 654 554 707 et
578 650 684 707 sibi
709 650 910 706 ﬁdeles
939 653 1295 719 mansuetus,
1328 650 1637 707 rebellibus
1667 653 1863 706 autem
1886 666 1954 704 ac
1980 668 2106 722 per-

491 737 622 794 ﬁdis
648 737 813 793 valde
842 736 1142 794 terribilis.
1161 739 1435 794 Excertiis
1449 738 1708 811 corporis
1736 738 2105 813 maximeque

490 824 889 882 venationibus
917 825 1163 893 deditus,
1207 830 1380 900 atque
1405 826 1465 882 in
1492 827 1652 882 omni
1675 827 1932 900 agilitate
1976 846 2101 885 cor-

489 929 669 985 porea
685 916 985 981 strenuus;
1012 914 1223 986 peritia
1253 932 1484 989 quoque
1523 932 1589 971 ac
1617 915 1826 973 virtute
1859 916 1917 972 in
1950 919 2101 974 bello

488 1001 851 1074 prmvalidus.

1088 1073 1314 1130 CAPUT
1340 1076 1553 1131 XXXIV.

487 1140 572 1199 De
583 1145 798 1217 visione
823 1146 975 1216 facta
999 1144 1237 1217 solitario
1264 1163 1419 1217 super
1435 1153 1578 1201 statu
1610 1147 1907 1217 Dagoberti
1959 1149 2099 1215 regis

560 1213 831 1285 de/unctt',
851 1222 902 1270 et
922 1216 1050 1288 quid
1076 1218 1249 1288 prosit
1258 1213 1579 1341 ἶῷῖιριονωη
1604 1213 1832 1286 amatio,
1867 1223 1915 1275 et
1966 1213 2100 1274 obsit

1163 1304 1253 1341 suo
1277 1306 1327 1341 ια
1354 1305 1428 1341 eo.

1163 1304 1189 1340 s
1224 1295 1428 1343 oti'atz'o.

559 1356 849 1413 Caeterum
879 1374 948 1413 eo
977 1304 1243 1429 tempofe
1265 1376 1379 1431 quo
1411 1359 1727 1415 terminum
1754 1360 1987 1416 sortitus
2013 1364 2100 1416 est

484 1444 638 1513 vitae,
660 1444 897 1517 quidam
929 1445 1161 1500 illustris
1189 1447 1510 1503 Ansoaldus
1539 1449 1799 1516 nomine,
1828 1449 2100 1504 defensor

486 1532 855 1588 Pictaviensis
868 1533 1153 1602 Ecclesiae,
1182 1537 1377 1605 partes
1392 1537 1743 1609 peragrabat
1754 1537 1979 1593 Siciliae.
1990 1538 2098 1602 Qui

484 1620 625 1676 dum
656 1624 853 1677 evectu
880 1624 1266 1678 reverteretur
1295 1623 1504 1693 navali,
1538 1626 1761 1697 appulit
1787 1627 1861 1681 ad
1891 1644 2096 1699 quam-

481 1709 620 1766 dam
651 1710 888 1766 brevem
922 1710 1193 1779 insulam,
1236 1714 1544 1784 praasentia
1574 1730 1639 1769 ae
1670 1715 1889 1770 meritis
1917 1716 2101 1787 cujus-

2208 564 2332 634 plus
2363 564 2579 620 caeteris
2598 582 2658 621 se
2682 566 2885 638 opibus
2910 567 3118 625 ditasse
3137 572 3481 631 meminerat.

2801 656 3024 712 CAPUT
3052 660 3238 715 XXXV.

2204 740 2285 795 De
2290 739 2560 821 glodovez'
2612 744 2708 821 sub
2757 743 2881 813 Ega
2899 746 3052 821 iusto
3091 750 3411 821 principatu,
3456 758 3499 806 et
3539 755 3739 821 paradisi

2276 812 2512 895 Romani
2526 812 2863 895 pauimento.
2991 819 3055 895 d_c
3089 812 3376 876 Gothorum
3399 812 3476 877 'in
3515 812 3737 895 Hispania

2278 885 2487 952 regibus
2520 885 2689 957 Tolga
2709 893 2758 941 et
2786 887 3104 947 Rtsz'cz'ndo..

2275 975 2348 1027 At
2378 989 2510 1029 vero
2542 974 2868 1046 Dagoberto
2918 977 3209 1046 defuncto,
3231 980 3350 1051 ejus
3390 980 3526 1037 ﬁlius
3573 984 3739 1040 Clodo-

2204 1075 2360 1127 veus,
2385 1077 2556 1133 quem
2592 1062 2770 1119 etiam
2799 1065 3111 1121 Ludovium
3147 1067 3383 1124 diximus
3405 1070 3560 1125 fuisse
3585 1073 3742 1128 nomi-

2204 1152 2428 1218 natum,
2448 1166 2578 1206 cum
2599 1154 2787 1207 matre
2804 1153 3071 1210 Nantilde
3086 1154 3145 1210 in
3162 1160 3351 1227 partes
3370 1158 3524 1231 coepit
3539 1176 3740 1231 regnare

2200 1237 2475 1294 Neustrim
2514 1238 2626 1295 sive
2656 1241 3022 1313 Burgundise,
3051 1244 3169 1315 Ega
3191 1245 3478 1301 consiliaro
3506 1248 3742 1319 palatium

2201 1343 2334 1381 cum
2378 1344 2559 1397 regno
2610 1329 2995 1400 gubernante.
3052 1331 3158 1397 Qui
3211 1334 3491 1406 patientia:
3540 1335 3745 1406 deditus,

2200 1416 2505 1471 abundans
2531 1416 2755 1489 opibus,
2782 1418 3020 1489 justitia:
3049 1425 3174 1476 erat
3233 1422 3410 1477 cultor
3453 1422 3682 1489 eximius,
3706 1426 3752 1478 et

2200 1520 2414 1575 genere
2431 1506 2586 1559 claro
2609 1505 2905 1562 oriundus.
2928 1508 3355 1565 Tantummodo
3377 1510 3751 1582 blasphematur

2202 1592 2361 1661 [Gal].
2390 1594 2516 1646 état‘t
2549 1592 2739 1664 bldmé]
2760 1612 2794 1648 a
2810 1595 3066 1665 pluribus
3079 1597 3233 1668 quod
3256 1601 3400 1653 esset
3417 1599 3642 1654 avaritiae
3670 1600 3749 1657 de-

2200 1678 2693 1744 ditus.Quitamen
2714 1699 2806 1737 res
2831 1699 3175 1756 pauperum,
3193 1675 3321 1757 quae
3350 1686 3449 1741 sub
3478 1688 3753 1758 Dagoberto

481 1798 620 1854 dam
667 1798 909 1855 solitarii
934 1799 1033 1872 qui
1060 1769 1312 1856 Joannes
1342 1802 1641 1857 dicebatur
1663 1769 2029 1859 redimitam“.
2124 1790 2175 1852 Β
2198 1785 2452 1872 ervam:
2481 1772 2541 1824 et
2565 1769 2701 1869 “sfw
2733 1771 3196 1872 f‘P‘FW“?
3212 1774 3751 1872 SPCilitfg’Rtisiessofi‘

478 1902 618 1958 quo,
651 1886 791 1941 dum
825 1887 1095 1943 desaIute
1114 1889 1327 1944 animae
1356 1906 1490 1944 eum
1509 1906 1577 1945 eo
1589 1891 2095 1961 sermocinaretur,

478 1974 870 2047 interrogatus
882 1978 1077 2031 utrum
1090 1993 1294 2049 regem
1307 1979 1700 2050 Dagobertum
1715 1980 2094 2051 cognovisset,

478 2062 691 2137 illeque
719 2081 780 2120 se
801 2081 937 2121 eum
953 2065 1173 2139 optime
1198 2084 1366 2123 nosse
1386 2067 1793 2139 respondisset,
1817 2086 2044 2126 rursum
2061 2089 2097 2127 a

477 2170 617 2208 sene
644 2155 882 2224 rogatus
910 2170 1104 2210 meres
1143 2154 1437 2229 vitamque
1460 2156 1613 2228 regis
1670 2160 1948 2230 exposuit.
1994 2159 2095 2214 Cui

478 2258 654 2297 senex
684 2259 701 2295 :
733 2263 763 2291 «
792 2240 959 2311 Cum,
978 2241 1078 2310 ait,
1100 2243 1617 2316 multavigiliarum
1636 2262 1700 2300 ac
1712 2246 2090 2317 jejuniorum,

476 2329 763 2403 simulque
780 2330 1091 2386 senectutis
1111 2330 1452 2403 fatigatione
1469 2333 2093 2406 depressus,paululum

478 2419 746 2473 membra
762 2418 955 2490 sopori
969 2418 1277 2487 dedissem,
1296 2420 1632 2477 astititmihi
1655 2423 2094 2494 quidam,vene-

478 2507 663 2562 randa
679 2507 923 2562 decorus
934 2507 1417 2574 canitie,monens
1434 2511 1495 2564 ut
1506 2525 1750 2582 propere
1767 2529 2064 2585 surgerem
2075 2555 2091 2583 ,

477 2596 537 2648 et
562 2609 670 2666 pro
686 2595 998 2667 Dagoberti
1018 2596 1171 2667 regis
1197 2596 1549 2670 anima,qua3
1572 2601 1778 2656 eadem
1798 2619 1831 2657 a
1847 2619 2092 2675 corpore

476 2680 697 2737 exierat
719 2683 884 2751 hora,
910 2684 1144 2740 Domini
1174 2682 1478 2743 exorarem
1511 2691 1905 2747 clementiam.
1926 2694 2091 2758 Quod

476 2786 611 2825 eum
636 2770 827 2827 facere
850 2776 1142 2830 maturato
1167 2783 1886 2850 curassem,apparuerunt
1901 2781 2089 2838 subito

460 2857 630 2913 baud
660 2860 859 2930 procul
888 2860 948 2916 in
979 2863 1186 2935 pelago
1217 2863 1514 2920 deformes
1564 2869 1891 2924 truculenta
1943 2870 2089 2925 faeie

476 2946 792 3017 daamones,
826 2948 1080 3005 vinctum
1111 2967 1311 3023 regem
1344 2954 1741 3026 Dagobertum
1772 2972 1878 3027 per
1907 2959 2092 3029 spatia

474 3035 654 3091 maris
678 3037 989 3109 agitantes,
1022 3038 1367 3112 inﬂictisque
1394 3040 1630 3115 insuper
1652 3046 1988 3101 verberibus
2017 3048 2091 3102 ad

472 3124 747 3202 Vulcania
775 3126 903 3182 loca
928 3129 1244 3184 trahentes.
1280 3129 1386 3194 Qui
1414 3131 1694 3188 distentus
1723 3134 2087 3202 cruciatibus,
2112 3118 2160 3177 Ο

471 3211 626 3268 inter
645 3199 991 3286 agitationes
1008 3218 1065 3271 et
1081 3218 1594 3291 verbera,quorum
1603 3221 1739 3277 dam
1758 3226 2090 3280 sanctorum

472 3301 1119 3375 audiebaturpostulare
1144 3305 1436 3379 suffragia.
1461 3307 1604 3363 Cum
1626 3314 1868 3381 repente
1887 3316 2089 3383 aperto

470 3389 797 3456 ccelo,inter
826 3391 1074 3448 fulmina
1102 3393 1162 3447 in
1176 3394 1381 3449 ﬂuctus
1414 3411 1549 3451 cum
1572 3397 1807 3469 fragore
1837 3401 2087 3469 ruentia,

473 3475 576 3530 visi
597 3481 732 3532 sunt
761 3478 1123 3536 descendisse
1152 3481 1258 3536 viri
1287 3482 1494 3539 decore
1525 3486 1778 3541 nitentes
1816 3488 2090 3546 mirabili.

473 3564 791 3636 Requirere
806 3566 951 3639 ccepi
980 3567 1053 3622 ab
1083 3568 1166 3623 eis
1210 3570 1308 3641 qui
1339 3575 1549 3627 essent.
1580 3573 1687 3638 Qui
1712 3574 1980 3631 dixerunt
2031 3595 2090 3634 se

472 3668 598 3708 esse
621 3653 748 3709 illos
777 3669 920 3725 quos
963 3657 1322 3728 Dagobertus
1352 3660 1424 3716 ad
1448 3678 1615 3717 suum
1663 3669 1965 3720 vocaverat
1988 3682 2089 3722 au-

470 3740 695 3811 xilium,
725 3742 1060 3816 Dionysium
1074 3748 1339 3803 Videlicet
1355 3765 1419 3804 ac
1434 3751 1605 3807 Mauri
1614 3752 1757 3808 tium
1783 3758 2087 3827 martyres,

473 3845 700 3887 necnon
723 3831 1030 3888 Martinum
1054 3836 1467 3893 confessorem.
1494 3838 1559 3893 lli
1585 3845 1845 3914 ereptam
1867 3843 2091 3900 daemo-

472 3917 644 3974 nibus
669 3918 928 3976 animam
972 3938 1169 3978 secum
1211 3924 1281 3980 ad
1334 3927 1553 3983 (ethera
1595 3929 1947 3999 levaverunt,
1995 3950 2087 3988 ca-

474 4011 678 4064 nentes
708 4009 862 4065 hunc
892 4012 1220 4082 psalmum:
1257 4012 1461 4070 Beatus
1491 4034 1646 4089 quem
1684 4020 1888 4089 elegistt'
1925 4027 1975 4074 et
2010 4040 2093 4076 as-

469 4100 758 4170 sumpsistt',
816 4100 1085 4166 Domine;
1115 4104 1386 4160 habitavit
1435 4108 1491 4160 in
1548 4110 1701 4162 atriis
1756 4111 1861 4164 tuis
1912 4109 2089 4181 (Psal.

2198 1856 2304 1911 bus
2334 1874 2462 1912 cum
2494 1859 2655 1913 omni
2680 1860 2936 1915 reddidit
2966 1860 3322 1933 integritate.
3353 1862 3444 1917 His
3471 1862 3650 1917 diebus
3672 1862 3752 1917 do-

2198 1944 2390 2000 minus
2411 1963 2562 2018 papa
2581 1947 2857 2003 Romanae
2880 1950 3139 2004 Ecclesia:
3172 1951 3382 2017 locum,
3397 1950 3757 2023 quiParadisus

2196 2035 2401 2105 [vulg..
2431 2035 2475 2089 le
2502 2034 2731 2107 Parvis]
2761 2036 2988 2103 dicitur,
3023 2039 3156 2092 ante
3177 2037 3465 2093 basilicam
3483 2038 3620 2094 Beati
3635 2038 3756 2093 Petri

2198 2122 2462 2194 apostoli,
2497 2123 2756 2178 candidis
2800 2128 2858 2179 et
2891 2126 3120 2197 magnis
3146 2127 3525 2182 marmoribus
3556 2126 3759 2181 miriﬁce

2196 2210 2414 2265 stravit.
2452 2211 2628 2282 Apud
2666 2212 2965 2285 Hispanias
3018 2217 3249 2269 mortuo
3273 2214 3763 2287 Sisenando,Tolga

2196 2298 2346 2354 filius
2377 2301 2500 2371 ejus
2543 2304 2778 2372 petente
2810 2305 2973 2373 patre
3002 2320 3098 2357 rex
3133 2308 3360 2359 creatus
3405 2308 3504 2359 est.
3543 2304 3761 2377 Cumque

2194 2387 2363 2443 Gothi
2397 2389 2709 2459 pueritiam
2738 2389 2892 2461 regis
2921 2392 3209 2462 aucupati,
3245 2409 3406 2448 more
3430 2391 3531 2447 sibi
3569 2395 3758 2447 assueto

2196 2477 2543 2532 multimoda
2617 2478 3057 2533 committerent
3117 2481 3355 2547 scelera,
3437 2479 3755 2535 Cintasindus

2195 2564 2431 2636 quidam
2460 2565 2778 2621 Gothorum
2803 2566 3397 2638 praeminentissimus,
3416 2570 3581 2641 Tolga
3603 2584 3763 2639 regno

2195 2655 2379 2726 pulso,
2411 2654 2683 2710 acclerico
2711 2655 2835 2709 fieri
2879 2660 3097 2723 coacto,
3119 2673 3369 2728 regnum
3396 2656 3641 2730 arripuit.
3668 2656 3756 2721 Qui

2194 2759 2510 2814 agnoscens
2540 2743 3018 2799 consuetudinem
3050 2745 3259 2816 gentis,
3294 2762 3467 2818 quam
3487 2746 3542 2799 in
3570 2743 3757 2799 interti-

2193 2830 2413 2886 ciendis
2439 2831 2553 2887 sive
2586 2832 2940 2903 expellendis
2960 2833 3255 2888 habebant
3272 2832 3763 2905 regibus,plurimos

2193 2936 2260 2973 ex
2291 2920 2373 2974 eis
2402 2936 2546 2991 ques
2574 2920 2706 2974 huic
2739 2920 2876 2975 vitio
2907 2921 3064 2975 scivit
3118 2921 3344 2977 deditos
3397 2922 3516 2976 neci
3564 2918 3769 2975 tradidit

2192 3006 2273 3062 ita
2304 3010 2365 3061 ut
2388 3007 2457 3061 de
2485 3007 2904 3079 potentioribus
2929 3009 3164 3080 quidem
3206 3009 3501 3076 ducentos,
3533 3010 3597 3064 de
3626 3007 3765 3082 plebe

2192 3111 2326 3150 vero
2352 3095 2703 3167 quingentos
2725 3096 2908 3152 ferme
2926 3096 3297 3166 interficeret,
3322 3098 3570 3153 residuos
3597 3094 3763 3151 exsilio

2190 3184 2630 3241 condemnaret.
2656 3187 2777 3256 Ipse
2796 3189 2991 3244 autem
3013 3203 3143 3240 cum
3165 3187 3359 3259 quiete
3379 3204 3553 3258 regno
3580 3185 3765 3257 potitus

2191 3271 2409 3339 fuisset,
2440 3273 2625 3328 filium
2673 3273 3028 3329 Risicindum
3087 3274 3281 3329 vivens
3306 3292 3502 3347 regem
3529 3272 3764 3329 instituit.

2192 3360 2289 3415 llic
2338 3361 2408 3416 de
2454 3362 2622 3417 malis
2674 3379 2803 3434 qua:
2849 3365 3106 3434 gesserat
3157 3364 3552 3437 paenitentiam
3616 3378 3765 3433 agens

2192 3450 2704 3522 eleemosynasque
2763 3453 2973 3506 multas
3028 3452 3265 3521 faciens,
3314 3450 3677 3524 nonagesimo
3703 3450 3773 3520 (ut

2192 3536 2393 3607 fertur)
2434 3537 2562 3594 vita
2593 3556 2747 3595 anno
2779 3538 2935 3594 diem
2968 3540 3192 3596 clausit.

2840 3629 3073 3684 CAPUT
3103 3629 3318 3685 XXXVI.

2189 3695 2272 3751 De
2299 3698 2532 3754 thesauri
2557 3702 2690 3769 regii
2714 3699 3337 3826 divi;ior;e,;ttconst'lz'zs
3366 3701 3581 3773 Pippi'm'
3642 3699 3772 3769 Sige-

2864 3788 2921 3825 er
2945 3788 2975 3825 o
3042 3790 3073 3826 α
3103 3790 3166 3827 is.

2265 3857 2549 3921 Quoniam
2583 3859 2818 3930 quidem
2846 3860 3105 3932 superius
3133 3860 3649 3918 demonstravimus
3677 3872 3771 3930 quo

2192 3946 2395 4001 ordine
2422 3946 2550 4001 vita:
2565 3950 2849 4019 superstes
2880 3948 3237 4020 Dagobertus
3261 3948 3418 4005 inter
3435 3949 3638 4003 liberos
3661 3960 3772 3999 suos

2192 4051 2437 4105 regnum
2459 4034 2730 4102 diviserit,
2751 4036 3456 4110 nuncintimandum,quo
3481 4040 3637 4108 pacto
3665 4033 3774 4105 post

2190 4121 2338 4177 illius
2369 4140 2660 4178 excessum
2680 4123 3007 4195 interipsos
3022 4125 3148 4195 ejus
3162 4126 3274 4179 sint
3307 4126 3500 4197 partiti
3532 4120 3770 4178 thesauri.

472 4193 643 4242 van.
681 4209 708 4235 »
737 4188 865 4243 Haec
895 4189 981 4244 vir
1012 4189 1105 4246 ille
1134 4194 1478 4249 venerabilis
1502 4196 1751 4251 Joannes
1800 4198 2089 4255 Ansoaldo

473 4274 669 4329 retulit
692 4292 751 4329 se
781 4275 1151 4341 vidisse.Quu3
1183 4279 1297 4348 ille,
1328 4280 1385 4335 in
1417 4282 1622 4337 Gallias
1651 4300 1929 4353 reversus,
1961 4305 2089 4342 san-

2197 4300 2395 4370 quibus
2422 4316 2487 4353 ex
2536 4301 2765 4355 Austria
2795 4302 3144 4372 primoribus
3173 4301 3455 4372 palatium
3485 4299 3772 4356 incoluerat

474 4365 567 4461 οξο
599 4363 880 4461 litigo“?
914 4367 1314 4461 "Frriff'ilvflui
1365 4371 1546 4461 334i"
1593 4389 1710 4427 una
1764 4376 2157 4461 conscripta“
2192 4363 2260 4441 eo
2287 4389 2534 4443 obeunte
2579 4389 2652 4443 ad
2680 4363 3053 4457 Sigebertum
3081 4407 3140 4444 se
3173 4363 3431 4457 eonfert,
3482 4389 3771 4461 junctoque

475 4451 735 4549 chartula
751 4452 1313 4549 posterisreliquitin
1352 4458 1620 4549 ordinem
1650 4460 1903 4517 historiae
1932 4447 2090 4536 dige-
2109 4447 2162 4506 D
2190 4494 2322 4531 eum
2354 4476 2703 4547 Chuniberto
2737 4447 3007 4548 pontifice
3037 4482 3121 4541 (ut
3144 4477 3400 4549 pridem)
3414 4447 3768 4533 amicitiarum

476 4539 765 4594 renda-Ex
796 4556 910 4611 qua
940 4557 1002 4596 1⁵⁸
1033 4542 1202 4598 datur
1227 4544 1473 4618 ίηίθιιίέί
1504 4548 1662 4603 “uno
1704 4551 1878 4605 mOdO
1910 4570 2086 4609 asall-
2188 4564 2425 4630 foedere,
2461 4562 2620 4617 utilia
2652 4539 2780 4618 cuni
2800 4581 2869 4620 eo
2890 4565 3055 4637 regni
3082 4570 3411 4620 memorato
3436 4562 3772 4620 ministrabat

474 4627 580 4683 etis
608 4629 881 4683 ornatum
905 4632 1224 4697 contemni,
1253 4650 1427 4704 quem
1460 4636 1532 4690 ad
1547 4653 1748 4692 eorum
1775 4644 2089 4699 memorias
2187 4652 2442 4706 consilia.
2480 4652 2554 4706 Ex
2588 4669 2838 4723 quorum
2865 4654 3154 4709 sententia
3192 4654 3529 4723 Sigebertus
3556 4653 3625 4707 ad
3669 4651 3773 4704 Clo~

476 4715 666 4815 devoti
696 4718 1005 4815 conferunt
1018 4719 1140 4776 viri.
1159 4721 1500 4815 Quanquam
1517 4725 1674 4778 enim
1696 4732 2083 4815 quorumdam
2187 4741 2432 4795 doveum
2460 4715 3034 4814 dirigitfratrem,qui
3061 4715 3317 4798 debitaiii
3342 4743 3445 4798 sibi
3470 4741 3769 4815 portionem

475 4804 987 4903 calumniator-um,
1005 4811 1297 4903 leteuiicta
1311 4809 1579 4903 devotare
1591 4814 1945 4903 cupientium
1963 4821 2082 4876 haec
2190 4844 2257 4882 ex
2291 4829 2543 4901 paternis
2573 4804 2834 4901 posceret
2864 4804 3162 4886 thesauris.
3189 4831 3273 4884 Ad
3295 4804 3771 4903 quamredhihen-

472 4908 580 4946 vox
628 4892 700 4946 sit
731 4909 797 4988 :.«
826 4894 934 4965 Nil,
966 4895 1148 4964 aiunt,
1180 4898 1298 4988 Deo
1328 4898 1425 4988 vel,
1448 4901 1658 4956 sanctis
1687 4903 1809 4974 ejus
1838 4915 2080 4977 prosunt
2194 4892 2328 4971 dam
2366 4921 2551 4972 certus
2573 4892 2711 4972 rum
2735 4919 2858 4974 loco
2888 4920 3224 4988 designatur
3255 4892 3551 4973 terminus.
3572 4916 3770 4971 Statuta

472 4981 825 5080 aurumzsive
839 4989 1147 5080 argentum
1181 4985 1339 5080 ligno
1372 4987 1632 5080 afﬁxum,
1649 5008 1747 5046 seu
1778 4995 2094 5064 parietibus
2193 5022 2331 5077 ergo
2364 5007 2478 5073 die,
2499 5008 2882 5062 Cliunibertus
2902 4981 3035 5062 cuni
3055 5007 3295 5080 Pippino
3320 5025 3497 5079 usque
3516 5006 3770 5074 Compen-

472 5068 867 5139 dependentia
921 5073 1129 5144 pallia;
1165 5092 1283 5129 non
1316 5079 1513 5132 tamen
1535 5079 1657 5134 sine
1679 5096 1848 5138 causa
1872 5085 2089 5144 ultione
2192 5068 2351 5150 dium
2381 5096 2573 5151 villam
2602 5096 2826 5167 regiam
2886 5068 3136 5151 accessit:
3160 5068 3174 5080 .
3201 5096 3420 5168 Ibique,
3452 5094 3766 5167 procurante

471 5158 658 5256 puniti
689 5164 846 5256 .sunt
902 5161 1116 5256 divina,
1154 5166 1238 5218 vel
1285 5166 1579 5222 Batthasar
1608 5186 1739 5225 vasa
1767 5172 1837 5227 de
1866 5176 2084 5244 templo
2190 5185 2308 5255 Ega
2354 5184 2617 5239 Clodovei
2644 5158 2793 5256 regis
2848 5186 3124 5255 palatium
3174 5158 3557 5256 gubernante,
3599 5179 3768 5236 omnis

470 5247 702 5303 Domini
731 5254 897 5322 rapta
917 5251 974 5305 in
999 5255 1193 5323 turpes
1219 5260 1559 5311 convertens
1590 5276 1738 5326 usus,
1772 5262 1858 5315 vel
1892 5264 2086 5321 Ilelio-
2186 5247 2588 5327 thesaurorum
2614 5247 2922 5343 Dagoberti
2952 5275 3225 5345 supellex,
3244 5272 3299 5326 in
3318 5272 3603 5343 speciebus
3622 5265 3766 5322 variis

469 5334 644 5391 dorus
685 5338 953 5393 mrarium
1011 5341 1113 5395 Dei
1172 5342 1421 5413 diripere
1477 5350 1737 5402 conatus.
1767 5351 2083 5409 Antiochus
2185 5361 2632 5433 muneribusque
2660 5366 2830 5416 antea
2860 5362 3070 5417 abditis
3098 5362 3429 5433 prolata,ac
3477 5360 3621 5413 inter
3671 5354 3765 5410 fra-

467 5429 861 5499 quoque,quia
890 5430 1419 5502 Ilierosolymitauas
1438 5435 1591 5488 urbis
1609 5439 1891 5508 templum
1918 5442 2082 5501 Altis_
2185 5454 2297 5504 ιι-υε
2328 5468 2491 5521 animi
2523 5429 2607 5504 est
2634 5452 2794 5504 lance
2836 5451 3036 5517 divisa,
3064 5429 3229 5505 tei'tia
3262 5454 3423 5521 parte
3476 5451 3681 5510 tamen,
3704 5459 3761 5497 ex

464 5521 611 5577 simo
644 5531 1043 5581 consecratum
1072 5530 1426 5601 exspoliavit,
1452 5534 1823 5601 postmodum
1853 5541 2079 5593 scatens
2181 5540 2449 5593 omnibus
2480 5557 2605 5610 quae
2663 5541 3021 5611 Dagobertus
3060 5539 3420 5611 acquisierint,
3474 5539 3754 5608 postquam

459 5613 752 5672 vermibus
764 5616 1126 5690 exspiravit.»
1142 5618 1500 5690 Dagobertus
1515 5637 1648 5676 vero
1666 5638 1765 5678 eos
1778 5626 2077 5697 specialius
2176 5627 2506 5684 Nantildem
2528 5628 2631 5683 sibi
2666 5628 3000 5697 sociaverat,
3016 5629 3121 5700 ipsi
3152 5626 3366 5701 reginae
3395 5626 3625 5683 servata.
3656 5621 3753 5676 Par

2192 4212 2371 4277 Igitur
2392 4211 2683 4283 Pippinus,
2700 4212 2795 4283 qui
2826 4214 2929 4267 sub
2946 4215 3269 4281 Dagoberto
3284 4214 3507 4268 assidue
3536 4228 3658 4266 cum
3686 4208 3771 4262 ali-
