  <div class='ocr_page' id='page_1' title='image "/cluster/home/n/w/nwhite01/storage/ocr_20150623/139/hvd.32044054759998/402.png"; bbox 0 0 3934 6176; ppageno 0'>
   <div class='ocr_carea' id='block_1_1' title="bbox 219 372 2405 447">
    <p class='ocr_par' dir='ltr' id='par_1_1' title="bbox 219 372 2405 447">
     <span class='ocr_line' id='line_1_1' title="bbox 219 372 2405 447; baseline -0.007 -2"><span class='ocrx_word' id='word_1_1' title='bbox 219 387 301 447; x_wconf 72' lang='lat'>793</span> <span class='ocrx_word' id='word_1_2' title='bbox 1302 380 1627 440; x_wconf 82' lang='lat' dir='ltr'>HISTORIA</span> <span class='ocrx_word' id='word_1_3' title='bbox 1653 376 2108 437; x_wconf 78' lang='lat' dir='ltr'>FRANCORUM.</span> <span class='ocrx_word' id='word_1_4' title='bbox 2158 375 2287 433; x_wconf 87' lang='lat' dir='ltr'>LIB.</span> <span class='ocrx_word' id='word_1_5' title='bbox 2316 372 2405 430; x_wconf 80' lang='lat' dir='ltr'>IV.</span> 
     </span>
    </p>
   </div>
   <div class='ocr_carea' id='block_1_2' title="bbox 3396 369 3507 430">
    <p class='ocr_par' dir='ltr' id='par_1_2' title="bbox 3396 369 3507 430">
     <span class='ocr_line' id='line_1_2' title="bbox 3396 369 3507 430; baseline 0 0"><span class='ocrx_word' id='word_1_6' title='bbox 3396 369 3507 430; x_wconf 61' lang='lat'>’79!</span> 
     </span>
    </p>
   </div>
   <div class='ocr_carea' id='block_1_3' title="bbox 217 487 3509 580">
    <p class='ocr_par' dir='ltr' id='par_1_3' title="bbox 217 487 3509 580">
     <span class='ocr_line' id='line_1_3' title="bbox 217 487 3509 580; baseline -0.005 -15"><span class='ocrx_word' id='word_1_7' title='bbox 217 512 311 565; x_wconf 80' lang='lat' dir='ltr'>tam</span> <span class='ocrx_word' id='word_1_8' title='bbox 336 505 625 580; x_wconf 85' lang='lat' dir='ltr'>Sigeberti</span> <span class='ocrx_word' id='word_1_9' title='bbox 659 503 1041 563; x_wconf 86' lang='lat' dir='ltr'>Chunibertus</span> <span class='ocrx_word' id='word_1_10' title='bbox 1075 506 1133 561; x_wconf 92' lang='lat' dir='ltr'>et</span> <span class='ocrx_word' id='word_1_11' title='bbox 1165 503 1439 576; x_wconf 88' lang='lat' dir='ltr'>Pippinus</span> <span class='ocrx_word' id='word_1_12' title='bbox 1483 502 1558 559; x_wconf 89' lang='lat' dir='ltr'>ad</span> <span class='ocrx_word' id='word_1_13' title='bbox 1595 502 1780 576; x_wconf 89' lang='lat' dir='ltr'>ipsum</span> <span class='ocrx_word' id='word_1_14' title='bbox 1813 503 1871 565; x_wconf 71' lang='grc' dir='ltr'><strong>Α</strong></span> <span class='ocrx_word' id='word_1_15' title='bbox 1895 500 2002 555; x_wconf 88' lang='lat' dir='ltr'>bus</span> <span class='ocrx_word' id='word_1_16' title='bbox 2024 498 2324 553; x_wconf 87' lang='lat' dir='ltr'>Flaucatus</span> <span class='ocrx_word' id='word_1_17' title='bbox 2346 496 2406 552; x_wconf 90' lang='lat' dir='ltr'>in</span> <span class='ocrx_word' id='word_1_18' title='bbox 2435 490 2836 567; x_wconf 77' lang='lat' dir='ltr'>Burgundiam</span> <span class='ocrx_word' id='word_1_19' title='bbox 2872 487 3159 550; x_wconf 82' lang='lat' dir='ltr'>transiens</span> <span class='ocrx_word' id='word_1_20' title='bbox 3199 491 3509 557; x_wconf 76' lang='lat' dir='ltr'>commissa</span> 
     </span>
    </p>
   </div>
   <div class='ocr_carea' id='block_1_4' title="bbox 219 598 561 671">
    <p class='ocr_par' dir='ltr' id='par_1_4' title="bbox 219 598 561 671">
     <span class='ocr_line' id='line_1_4' title="bbox 219 598 561 671; baseline -0.012 -18"><span class='ocrx_word' id='word_1_21' title='bbox 219 598 561 671; x_wconf 85' lang='lat' dir='ltr'>pertulerunt.</span> 
     </span>
    </p>
   </div>
   <div class='ocr_carea' id='block_1_5' title="bbox 734 684 1228 741">
    <p class='ocr_par' dir='ltr' id='par_1_5' title="bbox 734 684 1228 741">
     <span class='ocr_line' id='line_1_5' title="bbox 734 684 1228 741; baseline -0.008 0"><span class='ocrx_word' id='word_1_22' title='bbox 734 685 955 741; x_wconf 84' lang='lat' dir='ltr'>CAPUT</span> <span class='ocrx_word' id='word_1_23' title='bbox 990 684 1228 739; x_wconf 82' lang='lat' dir='ltr'>XXXVII.</span> 
     </span>
    </p>
   </div>
   <div class='ocr_carea' id='block_1_6' title="bbox 218 771 1790 845">
    <p class='ocr_par' dir='ltr' id='par_1_6' title="bbox 218 771 1790 845">
     <span class='ocr_line' id='line_1_6' title="bbox 218 771 1790 845; baseline -0.004 -14"><span class='ocrx_word' id='word_1_24' title='bbox 218 774 280 831; x_wconf 81' lang='lat' dir='ltr'>De</span> <span class='ocrx_word' id='word_1_25' title='bbox 339 774 524 845; x_wconf 79' lang='lat' dir='ltr'>Egam&#39;</span> <span class='ocrx_word' id='word_1_26' title='bbox 570 781 760 839; x_wconf 78' lang='lat' dir='ltr'>morte,</span> <span class='ocrx_word' id='word_1_27' title='bbox 819 792 868 829; x_wconf 78' lang='lat' dir='ltr'>ez</span> <span class='ocrx_word' id='word_1_28' title='bbox 920 774 1273 845; x_wconf 74' lang='lat' dir='ltr'>Erclu&#39;noaldz&#39;</span> <span class='ocrx_word' id='word_1_29' title='bbox 1317 773 1662 843; x_wconf 69' lang='lat' dir='ltr'>praefectura,</span> <span class='ocrx_word' id='word_1_30' title='bbox 1737 771 1790 825; x_wconf 86' lang='lat' dir='ltr'>ct</span> 
     </span>
    </p>
   </div>
   <div class='ocr_carea' id='block_1_7' title="bbox 640 844 1304 914">
    <p class='ocr_par' dir='ltr' id='par_1_7' title="bbox 640 844 1304 914">
     <span class='ocr_line' id='line_1_7' title="bbox 640 844 1304 914; baseline -0.003 -15"><span class='ocrx_word' id='word_1_31' title='bbox 640 845 997 914; x_wconf 73' lang='lat' dir='ltr'>Ermen/ridi</span> <span class='ocrx_word' id='word_1_32' title='bbox 1019 844 1304 899; x_wconf 77' lang='lat' dir='ltr'>liomz&#39;cidzo</span> 
     </span>
    </p>
   </div>
   <div class='ocr_carea' id='block_1_8' title="bbox 268 929 1787 1005">
    <p class='ocr_par' dir='ltr' id='par_1_8' title="bbox 268 929 1787 1005">
     <span class='ocr_line' id='line_1_8' title="bbox 268 929 1787 1005; baseline -0.003 -17"><span class='ocrx_word' id='word_1_33' title='bbox 268 937 416 989; x_wconf 78' lang='lat' dir='ltr'>Anno</span> <span class='ocrx_word' id='word_1_34' title='bbox 450 950 509 988; x_wconf 91' lang='grc' dir='ltr'>ιιι</span> <span class='ocrx_word' id='word_1_35' title='bbox 538 932 703 1005; x_wconf 81' lang='lat' dir='ltr'>regni</span> <span class='ocrx_word' id='word_1_36' title='bbox 736 933 1028 1000; x_wconf 88' lang='lat' dir='ltr'>Clodovei,</span> <span class='ocrx_word' id='word_1_37' title='bbox 1063 934 1200 1004; x_wconf 90' lang='lat' dir='ltr'>Ega,</span> <span class='ocrx_word' id='word_1_38' title='bbox 1235 931 1541 1004; x_wconf 63' lang='lat' dir='ltr'>praefectus</span> <span class='ocrx_word' id='word_1_39' title='bbox 1569 929 1787 1003; x_wconf 82' lang='lat' dir='ltr'>palatii,</span> 
     </span>
    </p>
   </div>
   <div class='ocr_carea' id='block_1_9' title="bbox 220 1019 1792 1096">
    <p class='ocr_par' dir='ltr' id='par_1_9' title="bbox 220 1019 1792 1096">
     <span class='ocr_line' id='line_1_9' title="bbox 220 1019 1792 1096; baseline -0.003 -17"><span class='ocrx_word' id='word_1_40' title='bbox 220 1023 470 1096; x_wconf 86' lang='lat' dir='ltr'>Clippiaco</span> <span class='ocrx_word' id='word_1_41' title='bbox 500 1022 633 1077; x_wconf 87' lang='lat' dir='ltr'>villa</span> <span class='ocrx_word' id='word_1_42' title='bbox 666 1021 829 1077; x_wconf 85' lang='lat' dir='ltr'>febre</span> <span class='ocrx_word' id='word_1_43' title='bbox 869 1024 1101 1076; x_wconf 86' lang='lat' dir='ltr'>vexatus</span> <span class='ocrx_word' id='word_1_44' title='bbox 1149 1020 1420 1076; x_wconf 91' lang='lat' dir='ltr'>moritur.</span> <span class='ocrx_word' id='word_1_45' title='bbox 1473 1022 1607 1075; x_wconf 90' lang='lat' dir='ltr'>Post</span> <span class='ocrx_word' id='word_1_46' title='bbox 1631 1019 1792 1090; x_wconf 90' lang='lat' dir='ltr'>cujus</span> 
     </span>
    </p>
   </div>
   <div class='ocr_carea' id='block_1_10' title="bbox 219 1107 1792 1181">
    <p class='ocr_par' dir='ltr' id='par_1_10' title="bbox 219 1107 1792 1181">
     <span class='ocr_line' id='line_1_10' title="bbox 219 1107 1792 1181; baseline -0.003 -14"><span class='ocrx_word' id='word_1_47' title='bbox 219 1113 514 1179; x_wconf 85' lang='lat' dir='ltr'>discessum,</span> <span class='ocrx_word' id='word_1_48' title='bbox 536 1110 973 1177; x_wconf 82' lang='lat' dir='ltr'>Erchinoaldus,</span> <span class='ocrx_word' id='word_1_49' title='bbox 1005 1110 1316 1181; x_wconf 90' lang='lat' dir='ltr'>Dagoberti</span> <span class='ocrx_word' id='word_1_50' title='bbox 1345 1108 1501 1181; x_wconf 88' lang='lat' dir='ltr'>regis</span> <span class='ocrx_word' id='word_1_51' title='bbox 1524 1126 1592 1163; x_wconf 86' lang='lat' dir='ltr'>ex</span> <span class='ocrx_word' id='word_1_52' title='bbox 1634 1107 1792 1180; x_wconf 89' lang='lat' dir='ltr'>geni-</span> 
     </span>
    </p>
   </div>
   <div class='ocr_carea' id='block_1_11' title="bbox 218 1194 1792 1271">
    <p class='ocr_par' dir='ltr' id='par_1_11' title="bbox 218 1194 1792 1271">
     <span class='ocr_line' id='line_1_11' title="bbox 218 1194 1792 1271; baseline -0.003 -16"><span class='ocrx_word' id='word_1_53' title='bbox 218 1201 327 1255; x_wconf 87' lang='lat' dir='ltr'>trice</span> <span class='ocrx_word' id='word_1_54' title='bbox 354 1199 836 1271; x_wconf 88' lang='lat' dir='ltr'>consanguineus,</span> <span class='ocrx_word' id='word_1_55' title='bbox 869 1199 1059 1269; x_wconf 84' lang='lat' dir='ltr'>major</span> <span class='ocrx_word' id='word_1_56' title='bbox 1091 1199 1297 1254; x_wconf 89' lang='lat' dir='ltr'>domus</span> <span class='ocrx_word' id='word_1_57' title='bbox 1326 1199 1385 1254; x_wconf 88' lang='lat' dir='ltr'>in</span> <span class='ocrx_word' id='word_1_58' title='bbox 1416 1194 1678 1253; x_wconf 88' lang='lat' dir='ltr'>Neustria</span> <span class='ocrx_word' id='word_1_59' title='bbox 1708 1198 1792 1252; x_wconf 89' lang='lat' dir='ltr'>est</span> 
     </span>
    </p>
   </div>
   <div class='ocr_carea' id='block_1_12' title="bbox 215 1286 1791 1361">
    <p class='ocr_par' dir='ltr' id='par_1_12' title="bbox 215 1286 1791 1361">
     <span class='ocr_line' id='line_1_12' title="bbox 215 1286 1791 1361; baseline -0.004 -15"><span class='ocrx_word' id='word_1_60' title='bbox 215 1289 491 1346; x_wconf 85' lang='lat' dir='ltr'>institutus.</span> <span class='ocrx_word' id='word_1_61' title='bbox 526 1288 632 1352; x_wconf 87' lang='lat' dir='ltr'>Qui</span> <span class='ocrx_word' id='word_1_62' title='bbox 660 1287 917 1351; x_wconf 86' lang='lat' dir='ltr'>humilis,</span> <span class='ocrx_word' id='word_1_63' title='bbox 940 1287 1229 1358; x_wconf 80' lang='lat' dir='ltr'>paciﬁcus,</span> <span class='ocrx_word' id='word_1_64' title='bbox 1254 1288 1585 1361; x_wconf 82' lang='lat' dir='ltr'>cunctisque</span> <span class='ocrx_word' id='word_1_65' title='bbox 1614 1286 1791 1341; x_wconf 87' lang='lat' dir='ltr'>virtu-</span> 
     </span>
    </p>
   </div>
   <div class='ocr_carea' id='block_1_13' title="bbox 218 1373 1793 1443">
    <p class='ocr_par' dir='ltr' id='par_1_13' title="bbox 218 1373 1793 1443">
     <span class='ocr_line' id='line_1_13' title="bbox 218 1373 1793 1443; baseline -0.004 -9"><span class='ocrx_word' id='word_1_66' title='bbox 218 1384 316 1434; x_wconf 88' lang='lat' dir='ltr'>tum</span> <span class='ocrx_word' id='word_1_67' title='bbox 342 1376 509 1432; x_wconf 91' lang='lat' dir='ltr'>bonis</span> <span class='ocrx_word' id='word_1_68' title='bbox 524 1376 770 1431; x_wconf 77' lang='lat' dir='ltr'>existens</span> <span class='ocrx_word' id='word_1_69' title='bbox 800 1379 1058 1443; x_wconf 89' lang='lat' dir='ltr'>ornatus,</span> <span class='ocrx_word' id='word_1_70' title='bbox 1076 1378 1402 1433; x_wconf 82' lang='lat' dir='ltr'>sacerdotes</span> <span class='ocrx_word' id='word_1_71' title='bbox 1417 1373 1793 1432; x_wconf 89' lang='lat' dir='ltr'>Dominidili-</span> 
     </span>
    </p>
   </div>
   <div class='ocr_carea' id='block_1_14' title="bbox 213 1464 1793 1539">
    <p class='ocr_par' dir='ltr' id='par_1_14' title="bbox 213 1464 1793 1539">
     <span class='ocr_line' id='line_1_14' title="bbox 213 1464 1793 1539; baseline -0.003 -17"><span class='ocrx_word' id='word_1_72' title='bbox 213 1466 373 1539; x_wconf 82' lang='lat' dir='ltr'>geudo</span> <span class='ocrx_word' id='word_1_73' title='bbox 405 1466 734 1531; x_wconf 88' lang='lat' dir='ltr'>verebatur,</span> <span class='ocrx_word' id='word_1_74' title='bbox 768 1468 826 1519; x_wconf 92' lang='lat' dir='ltr'>et</span> <span class='ocrx_word' id='word_1_75' title='bbox 846 1464 965 1536; x_wconf 91' lang='lat' dir='ltr'>ipse</span> <span class='ocrx_word' id='word_1_76' title='bbox 983 1466 1054 1520; x_wconf 91' lang='lat' dir='ltr'>ab</span> <span class='ocrx_word' id='word_1_77' title='bbox 1077 1466 1157 1521; x_wconf 91' lang='lat' dir='ltr'>eis</span> <span class='ocrx_word' id='word_1_78' title='bbox 1183 1470 1240 1521; x_wconf 87' lang='lat' dir='ltr'>et</span> <span class='ocrx_word' id='word_1_79' title='bbox 1256 1467 1328 1522; x_wconf 89' lang='lat' dir='ltr'>ab</span> <span class='ocrx_word' id='word_1_80' title='bbox 1350 1465 1624 1521; x_wconf 85' lang='lat' dir='ltr'>universis</span> <span class='ocrx_word' id='word_1_81' title='bbox 1645 1464 1793 1535; x_wconf 84' lang='lat' dir='ltr'>opti-</span> 
     </span>
    </p>
   </div>
   <div class='ocr_carea' id='block_1_15' title="bbox 215 1553 1797 1625">
    <p class='ocr_par' dir='ltr' id='par_1_15' title="bbox 215 1553 1797 1625">
     <span class='ocr_line' id='line_1_15' title="bbox 215 1553 1797 1625; baseline -0.003 -15"><span class='ocrx_word' id='word_1_82' title='bbox 215 1555 434 1610; x_wconf 86' lang='lat' dir='ltr'>matibus</span> <span class='ocrx_word' id='word_1_83' title='bbox 467 1553 838 1625; x_wconf 83' lang='lat' dir='ltr'>diligebatur.</span> <span class='ocrx_word' id='word_1_84' title='bbox 875 1557 1024 1608; x_wconf 89' lang='lat' dir='ltr'>Ante</span> <span class='ocrx_word' id='word_1_85' title='bbox 1053 1570 1265 1625; x_wconf 90' lang='lat' dir='ltr'>paucos</span> <span class='ocrx_word' id='word_1_86' title='bbox 1293 1572 1432 1610; x_wconf 86' lang='lat' dir='ltr'>sane</span> <span class='ocrx_word' id='word_1_87' title='bbox 1458 1554 1579 1609; x_wconf 90' lang='lat' dir='ltr'>dies</span> <span class='ocrx_word' id='word_1_88' title='bbox 1609 1554 1797 1609; x_wconf 81' lang='lat' dir='ltr'>obitus</span> 
     </span>
    </p>
   </div>
   <div class='ocr_carea' id='block_1_16' title="bbox 214 1641 1793 1715">
    <p class='ocr_par' dir='ltr' id='par_1_16' title="bbox 214 1641 1793 1715">
     <span class='ocr_line' id='line_1_16' title="bbox 214 1641 1793 1715; baseline -0.001 -18"><span class='ocrx_word' id='word_1_89' title='bbox 214 1644 387 1715; x_wconf 82' lang='lat' dir='ltr'>Egani,</span> <span class='ocrx_word' id='word_1_90' title='bbox 407 1641 818 1696; x_wconf 83' lang='lat' dir='ltr'>Ermenfredus</span> <span class='ocrx_word' id='word_1_91' title='bbox 832 1642 1066 1713; x_wconf 90' lang='lat' dir='ltr'>quidam</span> <span class='ocrx_word' id='word_1_92' title='bbox 1077 1643 1193 1714; x_wconf 91' lang='lat' dir='ltr'>,qui</span> <span class='ocrx_word' id='word_1_93' title='bbox 1210 1643 1331 1713; x_wconf 90' lang='lat' dir='ltr'>ejus</span> <span class='ocrx_word' id='word_1_94' title='bbox 1344 1643 1581 1698; x_wconf 87' lang='lat' dir='ltr'>duxerat</span> <span class='ocrx_word' id='word_1_95' title='bbox 1594 1642 1793 1708; x_wconf 85' lang='lat' dir='ltr'>ﬁliam,</span> 
     </span>
    </p>
   </div>
   <div class='ocr_carea' id='block_1_17' title="bbox 213 1731 1794 1803">
    <p class='ocr_par' dir='ltr' id='par_1_17' title="bbox 213 1731 1794 1803">
     <span class='ocr_line' id='line_1_17' title="bbox 213 1731 1794 1803; baseline -0.002 -15"><span class='ocrx_word' id='word_1_96' title='bbox 213 1732 480 1788; x_wconf 81' lang='lat' dir='ltr'>Ainulfum</span> <span class='ocrx_word' id='word_1_97' title='bbox 509 1731 782 1787; x_wconf 89' lang='lat' dir='ltr'>comitem</span> <span class='ocrx_word' id='word_1_98' title='bbox 807 1732 959 1803; x_wconf 88' lang='lat' dir='ltr'>apud</span> <span class='ocrx_word' id='word_1_99' title='bbox 976 1732 1350 1787; x_wconf 82' lang='lat' dir='ltr'>Albioderum</span> <span class='ocrx_word' id='word_1_100' title='bbox 1362 1731 1548 1787; x_wconf 91' lang='lat' dir='ltr'>vicum</span> <span class='ocrx_word' id='word_1_101' title='bbox 1562 1731 1617 1786; x_wconf 93' lang='lat' dir='ltr'>in</span> <span class='ocrx_word' id='word_1_102' title='bbox 1631 1732 1794 1786; x_wconf 83' lang='lat' dir='ltr'>Mallo</span> 
     </span>
    </p>
   </div>
   <div class='ocr_carea' id='block_1_18' title="bbox 1890 580 3508 656">
    <p class='ocr_par' dir='ltr' id='par_1_18' title="bbox 1890 580 3508 656">
     <span class='ocr_line' id='line_1_18' title="bbox 1890 580 3508 656; baseline -0.002 -13"><span class='ocrx_word' id='word_1_103' title='bbox 1890 586 1999 643; x_wconf 89' lang='lat' dir='ltr'>sibi</span> <span class='ocrx_word' id='word_1_104' title='bbox 2026 585 2227 642; x_wconf 90' lang='lat' dir='ltr'>munia</span> <span class='ocrx_word' id='word_1_105' title='bbox 2257 584 2507 656; x_wconf 83' lang='lat' dir='ltr'>impigre</span> <span class='ocrx_word' id='word_1_106' title='bbox 2529 581 2971 653; x_wconf 88' lang='lat' dir='ltr'>curabat.Cujus</span> <span class='ocrx_word' id='word_1_107' title='bbox 2983 580 3194 637; x_wconf 89' lang='lat' dir='ltr'>restitit</span> <span class='ocrx_word' id='word_1_108' title='bbox 3212 580 3508 639; x_wconf 80' lang='lat' dir='ltr'>conatibus</span> 
     </span>
    </p>
   </div>
   <div class='ocr_carea' id='block_1_19' title="bbox 1894 670 3508 744">
    <p class='ocr_par' dir='ltr' id='par_1_19' title="bbox 1894 670 3508 744">
     <span class='ocr_line' id='line_1_19' title="bbox 1894 670 3508 744; baseline -0.001 -16"><span class='ocrx_word' id='word_1_109' title='bbox 1894 675 2230 731; x_wconf 89' lang='lat' dir='ltr'>Willibadus</span> <span class='ocrx_word' id='word_1_110' title='bbox 2258 673 2434 744; x_wconf 88' lang='lat' dir='ltr'>Ultraj</span> <span class='ocrx_word' id='word_1_111' title='bbox 2444 689 2659 727; x_wconf 90' lang='lat' dir='ltr'>uranus</span> <span class='ocrx_word' id='word_1_112' title='bbox 2678 671 3076 744; x_wconf 88' lang='lat' dir='ltr'>patricius,qui</span> <span class='ocrx_word' id='word_1_113' title='bbox 3095 670 3324 743; x_wconf 85' lang='lat' dir='ltr'>generis</span> <span class='ocrx_word' id='word_1_114' title='bbox 3341 670 3508 727; x_wconf 85' lang='lat' dir='ltr'>nebi-</span> 
     </span>
    </p>
   </div>
   <div class='ocr_carea' id='block_1_20' title="bbox 1889 759 3509 834">
    <p class='ocr_par' dir='ltr' id='par_1_20' title="bbox 1889 759 3509 834">
     <span class='ocr_line' id='line_1_20' title="bbox 1889 759 3509 834; baseline -0.002 -14"><span class='ocrx_word' id='word_1_115' title='bbox 1889 765 2056 820; x_wconf 91' lang='lat' dir='ltr'>litate</span> <span class='ocrx_word' id='word_1_116' title='bbox 2074 767 2132 819; x_wconf 91' lang='lat' dir='ltr'>et</span> <span class='ocrx_word' id='word_1_117' title='bbox 2162 779 2339 834; x_wconf 91' lang='lat' dir='ltr'>opum</span> <span class='ocrx_word' id='word_1_118' title='bbox 2371 761 2672 817; x_wconf 84' lang='lat' dir='ltr'>afﬂuentia</span> <span class='ocrx_word' id='word_1_119' title='bbox 2703 777 2825 816; x_wconf 87' lang='lat' dir='ltr'>sese</span> <span class='ocrx_word' id='word_1_120' title='bbox 2858 761 3157 828; x_wconf 84' lang='lat' dir='ltr'>extollens,</span> <span class='ocrx_word' id='word_1_121' title='bbox 3215 759 3509 831; x_wconf 77' lang='lat' dir='ltr'>despectui</span> 
     </span>
    </p>
   </div>
   <div class='ocr_carea' id='block_1_21' title="bbox 1897 847 3506 921">
    <p class='ocr_par' dir='ltr' id='par_1_21' title="bbox 1897 847 3506 921">
     <span class='ocr_line' id='line_1_21' title="bbox 1897 847 3506 921; baseline -0.006 -13"><span class='ocrx_word' id='word_1_122' title='bbox 1897 853 2144 908; x_wconf 84' lang='lat' dir='ltr'>ducebat</span> <span class='ocrx_word' id='word_1_123' title='bbox 2170 851 2251 907; x_wconf 91' lang='lat' dir='ltr'>illi</span> <span class='ocrx_word' id='word_1_124' title='bbox 2276 850 2604 921; x_wconf 89' lang='lat' dir='ltr'>subjici,aut</span> <span class='ocrx_word' id='word_1_125' title='bbox 2626 849 2749 921; x_wconf 88' lang='lat' dir='ltr'>ejus</span> <span class='ocrx_word' id='word_1_126' title='bbox 2771 865 2974 921; x_wconf 90' lang='lat' dir='ltr'>parere</span> <span class='ocrx_word' id='word_1_127' title='bbox 3003 847 3327 921; x_wconf 66' lang='lat' dir='ltr'>praeceptis.</span> <span class='ocrx_word' id='word_1_128' title='bbox 3343 849 3506 905; x_wconf 62' lang='lat' dir='ltr'>Flau.</span> 
     </span>
    </p>
   </div>
   <div class='ocr_carea' id='block_1_22' title="bbox 1892 937 3508 1011">
    <p class='ocr_par' dir='ltr' id='par_1_22' title="bbox 1892 937 3508 1011">
     <span class='ocr_line' id='line_1_22' title="bbox 1892 937 3508 1011; baseline -0.001 -14"><span class='ocrx_word' id='word_1_129' title='bbox 1892 945 2054 997; x_wconf 87' lang='lat' dir='ltr'>catus</span> <span class='ocrx_word' id='word_1_130' title='bbox 2082 945 2281 997; x_wconf 89' lang='lat' dir='ltr'>tamen</span> <span class='ocrx_word' id='word_1_131' title='bbox 2307 940 2367 996; x_wconf 89' lang='lat' dir='ltr'>id</span> <span class='ocrx_word' id='word_1_132' title='bbox 2397 939 2503 995; x_wconf 88' lang='lat' dir='ltr'>sibi</span> <span class='ocrx_word' id='word_1_133' title='bbox 2553 938 2920 995; x_wconf 87' lang='lat' dir='ltr'>dissimulans</span> <span class='ocrx_word' id='word_1_134' title='bbox 2954 937 3276 1011; x_wconf 87' lang='lat' dir='ltr'>cognitum,</span> <span class='ocrx_word' id='word_1_135' title='bbox 3308 954 3508 995; x_wconf 83' lang='lat' dir='ltr'>mense</span> 
     </span>
    </p>
   </div>
   <div class='ocr_carea' id='block_1_23' title="bbox 1890 1026 3506 1102">
    <p class='ocr_par' dir='ltr' id='par_1_23' title="bbox 1890 1026 3506 1102">
     <span class='ocr_line' id='line_1_23' title="bbox 1890 1026 3506 1102; baseline -0.003 -15"><span class='ocrx_word' id='word_1_136' title='bbox 1890 1031 2032 1088; x_wconf 83' lang='lat' dir='ltr'>Maio</span> <span class='ocrx_word' id='word_1_137' title='bbox 2055 1031 2130 1085; x_wconf 86' lang='lat' dir='ltr'>ad</span> <span class='ocrx_word' id='word_1_138' title='bbox 2155 1030 2425 1101; x_wconf 83' lang='lat' dir='ltr'>generale</span> <span class='ocrx_word' id='word_1_139' title='bbox 2438 1028 2714 1102; x_wconf 90' lang='lat' dir='ltr'>placitum</span> <span class='ocrx_word' id='word_1_140' title='bbox 2728 1044 2860 1083; x_wconf 91' lang='lat' dir='ltr'>cum</span> <span class='ocrx_word' id='word_1_141' title='bbox 2880 1026 3168 1083; x_wconf 81' lang='lat' dir='ltr'>Clodoveo</span> <span class='ocrx_word' id='word_1_142' title='bbox 3196 1026 3506 1083; x_wconf 71' lang='lat' dir='ltr'>Cabilloni:</span> 
     </span>
    </p>
   </div>
   <div class='ocr_carea' id='block_1_24' title="bbox 1891 1116 3509 1192">
    <p class='ocr_par' dir='ltr' id='par_1_24' title="bbox 1891 1116 3509 1192">
     <span class='ocr_line' id='line_1_24' title="bbox 1891 1116 3509 1192; baseline -0.002 -17"><span class='ocrx_word' id='word_1_143' title='bbox 1891 1120 1985 1192; x_wconf 89' lang='lat' dir='ltr'>agi</span> <span class='ocrx_word' id='word_1_144' title='bbox 2020 1120 2319 1175; x_wconf 90' lang='lat' dir='ltr'>decretum</span> <span class='ocrx_word' id='word_1_145' title='bbox 2368 1133 2682 1190; x_wconf 88' lang='lat' dir='ltr'>properare</span> <span class='ocrx_word' id='word_1_146' title='bbox 2716 1133 2834 1171; x_wconf 90' lang='lat' dir='ltr'>non</span> <span class='ocrx_word' id='word_1_147' title='bbox 2863 1116 3101 1172; x_wconf 85' lang='lat' dir='ltr'>distulit.</span> <span class='ocrx_word' id='word_1_148' title='bbox 3157 1116 3281 1182; x_wconf 88' lang='lat' dir='ltr'>Quo</span> <span class='ocrx_word' id='word_1_149' title='bbox 3331 1116 3509 1172; x_wconf 87' lang='lat' dir='ltr'>etiam</span> 
     </span>
    </p>
   </div>
   <div class='ocr_carea' id='block_1_25' title="bbox 1890 1204 3505 1277">
    <p class='ocr_par' dir='ltr' id='par_1_25' title="bbox 1890 1204 3505 1277">
     <span class='ocr_line' id='line_1_25' title="bbox 1890 1204 3505 1277; baseline -0.004 -17"><span class='ocrx_word' id='word_1_150' title='bbox 1890 1207 2223 1262; x_wconf 86' lang='lat' dir='ltr'>Willibadus</span> <span class='ocrx_word' id='word_1_151' title='bbox 2251 1223 2382 1262; x_wconf 90' lang='lat' dir='ltr'>cum</span> <span class='ocrx_word' id='word_1_152' title='bbox 2399 1204 2679 1261; x_wconf 87' lang='lat' dir='ltr'>invidioso</span> <span class='ocrx_word' id='word_1_153' title='bbox 2693 1204 2830 1259; x_wconf 86' lang='lat' dir='ltr'>satis</span> <span class='ocrx_word' id='word_1_154' title='bbox 2851 1205 3110 1276; x_wconf 86' lang='lat' dir='ltr'>agmine,</span> <span class='ocrx_word' id='word_1_155' title='bbox 3144 1206 3203 1259; x_wconf 89' lang='lat' dir='ltr'>et</span> <span class='ocrx_word' id='word_1_156' title='bbox 3222 1204 3379 1277; x_wconf 89' lang='lat' dir='ltr'>quod</span> <span class='ocrx_word' id='word_1_157' title='bbox 3396 1204 3505 1259; x_wconf 69' lang='lat' dir='ltr'>mi.</span> 
     </span>
    </p>
   </div>
   <div class='ocr_carea' id='block_1_26' title="bbox 1893 1292 3505 1364">
    <p class='ocr_par' dir='ltr' id='par_1_26' title="bbox 1893 1292 3505 1364">
     <span class='ocr_line' id='line_1_26' title="bbox 1893 1292 3505 1364; baseline 0.001 -13"><span class='ocrx_word' id='word_1_158' title='bbox 1893 1295 2019 1351; x_wconf 89' lang='lat' dir='ltr'>nari</span> <span class='ocrx_word' id='word_1_159' title='bbox 2045 1296 2261 1350; x_wconf 87' lang='lat' dir='ltr'>bellum</span> <span class='ocrx_word' id='word_1_160' title='bbox 2288 1295 2603 1357; x_wconf 86' lang='lat' dir='ltr'>videretur,</span> <span class='ocrx_word' id='word_1_161' title='bbox 2632 1292 2946 1363; x_wconf 84' lang='lat' dir='ltr'>pertendit.</span> <span class='ocrx_word' id='word_1_162' title='bbox 2966 1292 3080 1348; x_wconf 91' lang='lat' dir='ltr'>Nec</span> <span class='ocrx_word' id='word_1_163' title='bbox 3108 1292 3390 1364; x_wconf 85' lang='lat' dir='ltr'>palatium</span> <span class='ocrx_word' id='word_1_164' title='bbox 3415 1292 3505 1353; x_wconf 86' lang='lat' dir='ltr'>iu-</span> 
     </span>
    </p>
   </div>
   <div class='ocr_carea' id='block_1_27' title="bbox 1895 1380 3508 1455">
    <p class='ocr_par' dir='ltr' id='par_1_27' title="bbox 1895 1380 3508 1455">
     <span class='ocr_line' id='line_1_27' title="bbox 1895 1380 3508 1455; baseline -0.001 -17"><span class='ocrx_word' id='word_1_165' title='bbox 1895 1383 2061 1455; x_wconf 86' lang='lat' dir='ltr'>gredi</span> <span class='ocrx_word' id='word_1_166' title='bbox 2090 1380 2287 1450; x_wconf 90' lang='lat' dir='ltr'>voluit,</span> <span class='ocrx_word' id='word_1_167' title='bbox 2303 1384 2568 1437; x_wconf 88' lang='lat' dir='ltr'>metuens</span> <span class='ocrx_word' id='word_1_168' title='bbox 2588 1380 2851 1436; x_wconf 78' lang='lat' dir='ltr'>videlicet</span> <span class='ocrx_word' id='word_1_169' title='bbox 2870 1397 2993 1436; x_wconf 88' lang='lat' dir='ltr'>nea</span> <span class='ocrx_word' id='word_1_170' title='bbox 3020 1380 3287 1437; x_wconf 86' lang='lat' dir='ltr'>Flaucato</span> <span class='ocrx_word' id='word_1_171' title='bbox 3317 1381 3508 1437; x_wconf 84' lang='lat' dir='ltr'>incau-</span> 
     </span>
    </p>
   </div>
   <div class='ocr_carea' id='block_1_28' title="bbox 1894 1467 3505 1543">
    <p class='ocr_par' dir='ltr' id='par_1_28' title="bbox 1894 1467 3505 1543">
     <span class='ocr_line' id='line_1_28' title="bbox 1894 1467 3505 1543; baseline -0.001 -18"><span class='ocrx_word' id='word_1_172' title='bbox 1894 1475 1987 1526; x_wconf 89' lang='lat' dir='ltr'>tus</span> <span class='ocrx_word' id='word_1_173' title='bbox 2003 1468 2628 1543; x_wconf 87' lang='lat' dir='ltr'>opprimeretur.Quod</span> <span class='ocrx_word' id='word_1_174' title='bbox 2651 1467 2746 1523; x_wconf 90' lang='lat' dir='ltr'>ubi</span> <span class='ocrx_word' id='word_1_175' title='bbox 2760 1469 3060 1524; x_wconf 86' lang='lat' dir='ltr'>Flaucatus</span> <span class='ocrx_word' id='word_1_176' title='bbox 3080 1468 3505 1536; x_wconf 81' lang='lat' dir='ltr'>animadvertit,</span> 
     </span>
    </p>
   </div>
   <div class='ocr_carea' id='block_1_29' title="bbox 1896 1556 3505 1631">
    <p class='ocr_par' dir='ltr' id='par_1_29' title="bbox 1896 1556 3505 1631">
     <span class='ocr_line' id='line_1_29' title="bbox 1896 1556 3505 1631; baseline -0.002 -17"><span class='ocrx_word' id='word_1_177' title='bbox 1896 1560 2112 1631; x_wconf 90' lang='lat' dir='ltr'>palatio</span> <span class='ocrx_word' id='word_1_178' title='bbox 2126 1576 2388 1631; x_wconf 84' lang='lat' dir='ltr'>egressus</span> <span class='ocrx_word' id='word_1_179' title='bbox 2415 1557 2892 1613; x_wconf 82' lang='lat' dir='ltr'>euminterﬁcere</span> <span class='ocrx_word' id='word_1_180' title='bbox 2918 1556 3230 1612; x_wconf 88' lang='lat' dir='ltr'>voluit.Cui</span> <span class='ocrx_word' id='word_1_181' title='bbox 3245 1573 3366 1611; x_wconf 89' lang='lat' dir='ltr'>sese</span> <span class='ocrx_word' id='word_1_182' title='bbox 3387 1556 3505 1611; x_wconf 87' lang='lat' dir='ltr'>fra-</span> 
     </span>
    </p>
   </div>
   <div class='ocr_carea' id='block_1_30' title="bbox 1896 1645 3509 1713">
    <p class='ocr_par' dir='ltr' id='par_1_30' title="bbox 1896 1645 3509 1713">
     <span class='ocr_line' id='line_1_30' title="bbox 1896 1645 3509 1713; baseline -0.001 -11"><span class='ocrx_word' id='word_1_183' title='bbox 1896 1653 1985 1703; x_wconf 90' lang='lat' dir='ltr'>ter</span> <span class='ocrx_word' id='word_1_184' title='bbox 2012 1649 2377 1703; x_wconf 83' lang='lat' dir='ltr'>Amalbertus</span> <span class='ocrx_word' id='word_1_185' title='bbox 2404 1646 2637 1702; x_wconf 90' lang='lat' dir='ltr'>obvium</span> <span class='ocrx_word' id='word_1_186' title='bbox 2649 1645 2865 1713; x_wconf 90' lang='lat' dir='ltr'>tulit,et</span> <span class='ocrx_word' id='word_1_187' title='bbox 2891 1645 3265 1701; x_wconf 85' lang='lat' dir='ltr'>Willibadum</span> <span class='ocrx_word' id='word_1_188' title='bbox 3293 1645 3509 1701; x_wconf 77' lang='lat' dir='ltr'>frustra</span> 
     </span>
    </p>
   </div>
   <div class='ocr_carea' id='block_1_31' title="bbox 1896 1733 3509 1809">
    <p class='ocr_par' dir='ltr' id='par_1_31' title="bbox 1896 1733 3509 1809">
     <span class='ocr_line' id='line_1_31' title="bbox 1896 1733 3509 1809; baseline -0.002 -18"><span class='ocrx_word' id='word_1_189' title='bbox 1896 1736 2166 1792; x_wconf 87' lang='lat' dir='ltr'>resistere</span> <span class='ocrx_word' id='word_1_190' title='bbox 2192 1739 2493 1809; x_wconf 85' lang='lat' dir='ltr'>parantem</span> <span class='ocrx_word' id='word_1_191' title='bbox 2547 1734 2676 1789; x_wconf 89' lang='lat' dir='ltr'>neci</span> <span class='ocrx_word' id='word_1_192' title='bbox 2709 1733 2938 1805; x_wconf 89' lang='lat' dir='ltr'>eripuit.</span> <span class='ocrx_word' id='word_1_193' title='bbox 2974 1734 3187 1789; x_wconf 82' lang='lat' dir='ltr'>Exinde</span> <span class='ocrx_word' id='word_1_194' title='bbox 3212 1734 3509 1789; x_wconf 85' lang='lat' dir='ltr'>Flaucatus</span> 
     </span>
    </p>
   </div>
   <div class='ocr_carea' id='block_1_32' title="bbox 216 1813 3503 1897">
    <p class='ocr_par' dir='ltr' id='par_1_32' title="bbox 216 1813 3503 1897">
     <span class='ocr_line' id='line_1_32' title="bbox 216 1813 3503 1897; baseline -0.002 -12"><span class='ocrx_word' id='word_1_195' title='bbox 216 1820 499 1877; x_wconf 70' lang='grc' dir='ltr'>ἱηῐθτίθοὶῐ·</span> <span class='ocrx_word' id='word_1_196' title='bbox 529 1820 1071 1893; x_wconf 78' lang='lat' dir='ltr'>Quaproptergrave</span> <span class='ocrx_word' id='word_1_197' title='bbox 1086 1838 1319 1877; x_wconf 90' lang='lat' dir='ltr'>suarum</span> <span class='ocrx_word' id='word_1_198' title='bbox 1332 1819 1794 1893; x_wconf 85' lang='lat' dir='ltr'>rerum,permit-</span> <span class='ocrx_word' id='word_1_199' title='bbox 1818 1813 1871 1876; x_wconf 91' lang='grc' dir='ltr'>Β</span> <span class='ocrx_word' id='word_1_200' title='bbox 1896 1825 2219 1881; x_wconf 86' lang='lat' dir='ltr'>rimabatur</span> <span class='ocrx_word' id='word_1_201' title='bbox 2229 1828 2476 1897; x_wconf 89' lang='lat' dir='ltr'>opportu</span> <span class='ocrx_word' id='word_1_202' title='bbox 2486 1823 2907 1892; x_wconf 89' lang='lat' dir='ltr'>nitatem,utde</span> <span class='ocrx_word' id='word_1_203' title='bbox 2920 1823 3221 1880; x_wconf 89' lang='lat' dir='ltr'>Willibado</span> <span class='ocrx_word' id='word_1_204' title='bbox 3241 1823 3503 1880; x_wconf 83' lang='lat' dir='ltr'>ultimam</span> 
     </span>
    </p>
   </div>
   <div class='ocr_carea' id='block_1_33' title="bbox 211 1909 1794 1983">
    <p class='ocr_par' dir='ltr' id='par_1_33' title="bbox 211 1909 1794 1983">
     <span class='ocr_line' id='line_1_33' title="bbox 211 1909 1794 1983; baseline -0.003 -17"><span class='ocrx_word' id='word_1_205' title='bbox 211 1916 349 1966; x_wconf 86' lang='lat' dir='ltr'>tente</span> <span class='ocrx_word' id='word_1_206' title='bbox 378 1909 601 1983; x_wconf 85' lang='lat' dir='ltr'>pariter</span> <span class='ocrx_word' id='word_1_207' title='bbox 630 1925 693 1963; x_wconf 91' lang='lat' dir='ltr'>ac</span> <span class='ocrx_word' id='word_1_208' title='bbox 704 1909 948 1980; x_wconf 88' lang='lat' dir='ltr'>jubente</span> <span class='ocrx_word' id='word_1_209' title='bbox 966 1909 1252 1977; x_wconf 86' lang='lat' dir='ltr'>Nantilde,</span> <span class='ocrx_word' id='word_1_210' title='bbox 1282 1926 1316 1964; x_wconf 91' lang='lat' dir='ltr'>a</span> <span class='ocrx_word' id='word_1_211' title='bbox 1339 1909 1680 1982; x_wconf 89' lang='lat' dir='ltr'>propinquis</span> <span class='ocrx_word' id='word_1_212' title='bbox 1703 1909 1794 1963; x_wconf 84' lang='lat' dir='ltr'>Ai-</span> 
     </span>
    </p>
   </div>
   <div class='ocr_carea' id='block_1_34' title="bbox 207 1998 1793 2085">
    <p class='ocr_par' dir='ltr' id='par_1_34' title="bbox 207 1998 1793 2085">
     <span class='ocr_line' id='line_1_34' title="bbox 207 1998 1793 2085; baseline -0.002 -30"><span class='ocrx_word' id='word_1_213' title='bbox 207 1999 385 2071; x_wconf 88' lang='lat' dir='ltr'>nulphi</span> <span class='ocrx_word' id='word_1_214' title='bbox 416 2014 617 2070; x_wconf 85' lang='lat' dir='ltr'>passus</span> <span class='ocrx_word' id='word_1_215' title='bbox 642 2000 728 2052; x_wconf 89' lang='lat' dir='ltr'>est</span> <span class='ocrx_word' id='word_1_216' title='bbox 759 1998 1149 2085; x_wconf 87' lang='lat' dir='ltr'>dispendium.</span> <span class='ocrx_word' id='word_1_217' title='bbox 1184 2001 1308 2071; x_wconf 90' lang='lat' dir='ltr'>Ipse</span> <span class='ocrx_word' id='word_1_218' title='bbox 1335 2014 1564 2070; x_wconf 90' lang='lat' dir='ltr'>quoque</span> <span class='ocrx_word' id='word_1_219' title='bbox 1591 2014 1624 2053; x_wconf 90' lang='lat' dir='ltr'>a</span> <span class='ocrx_word' id='word_1_220' title='bbox 1656 2013 1793 2070; x_wconf 89' lang='lat' dir='ltr'>rege</span> 
     </span>
    </p>
   </div>
   <div class='ocr_carea' id='block_1_35' title="bbox 204 2085 1793 2159">
    <p class='ocr_par' dir='ltr' id='par_1_35' title="bbox 204 2085 1793 2159">
     <span class='ocr_line' id='line_1_35' title="bbox 204 2085 1793 2159; baseline 0.001 -16"><span class='ocrx_word' id='word_1_221' title='bbox 204 2089 292 2145; x_wconf 88' lang='lat' dir='ltr'>sibi</span> <span class='ocrx_word' id='word_1_222' title='bbox 317 2090 604 2154; x_wconf 75' lang='lat' dir='ltr'>metuens,</span> <span class='ocrx_word' id='word_1_223' title='bbox 626 2086 819 2141; x_wconf 86' lang='lat' dir='ltr'>Remis</span> <span class='ocrx_word' id='word_1_224' title='bbox 844 2086 906 2142; x_wconf 88' lang='lat' dir='ltr'>in</span> <span class='ocrx_word' id='word_1_225' title='bbox 932 2086 1168 2143; x_wconf 90' lang='lat' dir='ltr'>basilica</span> <span class='ocrx_word' id='word_1_226' title='bbox 1194 2086 1390 2143; x_wconf 87' lang='lat' dir='ltr'>Sancti</span> <span class='ocrx_word' id='word_1_227' title='bbox 1420 2085 1667 2158; x_wconf 84' lang='lat' dir='ltr'>Remigii</span> <span class='ocrx_word' id='word_1_228' title='bbox 1688 2103 1793 2159; x_wconf 90' lang='lat' dir='ltr'>per</span> 
     </span>
    </p>
   </div>
   <div class='ocr_carea' id='block_1_36' title="bbox 206 2176 812 2234">
    <p class='ocr_par' dir='ltr' id='par_1_36' title="bbox 206 2176 812 2234">
     <span class='ocr_line' id='line_1_36' title="bbox 206 2176 812 2234; baseline -0.007 0"><span class='ocrx_word' id='word_1_229' title='bbox 206 2179 399 2234; x_wconf 86' lang='lat' dir='ltr'>multos</span> <span class='ocrx_word' id='word_1_230' title='bbox 424 2176 643 2233; x_wconf 89' lang='lat' dir='ltr'>resedit</span> <span class='ocrx_word' id='word_1_231' title='bbox 673 2176 812 2231; x_wconf 83' lang='lat' dir='ltr'>dies.</span> 
     </span>
    </p>
   </div>
   <div class='ocr_carea' id='block_1_37' title="bbox 738 2269 1256 2323">
    <p class='ocr_par' dir='ltr' id='par_1_37' title="bbox 738 2269 1256 2323">
     <span class='ocr_line' id='line_1_37' title="bbox 738 2269 1256 2323; baseline -0.006 0"><span class='ocrx_word' id='word_1_232' title='bbox 738 2269 958 2323; x_wconf 85' lang='lat' dir='ltr'><strong>CAPUT</strong></span> <span class='ocrx_word' id='word_1_233' title='bbox 997 2269 1256 2323; x_wconf 79' lang='lat' dir='ltr'><strong>XXXVIII.</strong></span> 
     </span>
    </p>
   </div>
   <div class='ocr_carea' id='block_1_38' title="bbox 199 2359 1793 2430">
    <p class='ocr_par' dir='ltr' id='par_1_38' title="bbox 199 2359 1793 2430">
     <span class='ocr_line' id='line_1_38' title="bbox 199 2359 1793 2430; baseline -0.002 -17"><span class='ocrx_word' id='word_1_234' title='bbox 199 2359 271 2414; x_wconf 81' lang='lat' dir='ltr'>De</span> <span class='ocrx_word' id='word_1_235' title='bbox 292 2359 527 2430; x_wconf 70' lang='lat' dir='ltr'>Pippini</span> <span class='ocrx_word' id='word_1_236' title='bbox 576 2365 740 2412; x_wconf 78' lang='lat' dir='ltr'>morte</span> <span class='ocrx_word' id='word_1_237' title='bbox 793 2376 826 2411; x_wconf 91' lang='lat' dir='ltr'>a</span> <span class='ocrx_word' id='word_1_238' title='bbox 856 2360 1033 2413; x_wconf 75' lang='lat' dir='ltr'>multis</span> <span class='ocrx_word' id='word_1_239' title='bbox 1079 2362 1226 2428; x_wconf 75' lang='lat' dir='ltr'>ﬂeta,</span> <span class='ocrx_word' id='word_1_240' title='bbox 1273 2366 1323 2413; x_wconf 79' lang='lat' dir='ltr'>et</span> <span class='ocrx_word' id='word_1_241' title='bbox 1374 2360 1483 2428; x_wconf 69' lang='lat' dir='ltr'>ﬁlii</span> <span class='ocrx_word' id='word_1_242' title='bbox 1525 2359 1636 2429; x_wconf 83' lang='lat' dir='ltr'>ejus</span> <span class='ocrx_word' id='word_1_243' title='bbox 1674 2363 1793 2429; x_wconf 80' lang='lat' dir='ltr'>post</span> 
     </span>
    </p>
   </div>
   <div class='ocr_carea' id='block_1_39' title="bbox 260 2431 1795 2502">
    <p class='ocr_par' dir='ltr' id='par_1_39' title="bbox 260 2431 1795 2502">
     <span class='ocr_line' id='line_1_39' title="bbox 260 2431 1795 2502; baseline -0.001 -19"><span class='ocrx_word' id='word_1_244' title='bbox 260 2433 473 2487; x_wconf 82' lang='lat' dir='ltr'>multem</span> <span class='ocrx_word' id='word_1_245' title='bbox 517 2432 902 2485; x_wconf 76' lang='lat' dir='ltr'>contentionem</span> <span class='ocrx_word' id='word_1_246' title='bbox 945 2436 996 2487; x_wconf 78' lang='lat' dir='ltr'>et</span> <span class='ocrx_word' id='word_1_247' title='bbox 1032 2432 1321 2502; x_wconf 76' lang='lat' dir='ltr'>factionem</span> <span class='ocrx_word' id='word_1_248' title='bbox 1365 2434 1681 2485; x_wconf 71' lang='lat' dir='ltr'>.successiovc</span> <span class='ocrx_word' id='word_1_249' title='bbox 1738 2431 1795 2482; x_wconf 76' lang='lat' dir='ltr'>in</span> 
     </span>
    </p>
   </div>
   <div class='ocr_carea' id='block_1_40' title="bbox 252 2504 591 2572">
    <p class='ocr_par' dir='ltr' id='par_1_40' title="bbox 252 2504 591 2572">
     <span class='ocr_line' id='line_1_40' title="bbox 252 2504 591 2572; baseline 0.012 -19"><span class='ocrx_word' id='word_1_250' title='bbox 252 2504 591 2572; x_wconf 71' lang='lat' dir='ltr'>praefectura.</span> 
     </span>
    </p>
   </div>
   <div class='ocr_carea' id='block_1_41' title="bbox 257 2589 1792 2663">
    <p class='ocr_par' dir='ltr' id='par_1_41' title="bbox 257 2589 1792 2663">
     <span class='ocr_line' id='line_1_41' title="bbox 257 2589 1792 2663; baseline -0.001 -18"><span class='ocrx_word' id='word_1_251' title='bbox 257 2593 495 2647; x_wconf 84' lang='lat' dir='ltr'>Evoluto</span> <span class='ocrx_word' id='word_1_252' title='bbox 515 2608 670 2646; x_wconf 85' lang='lat' dir='ltr'>anno</span> <span class='ocrx_word' id='word_1_253' title='bbox 686 2590 963 2663; x_wconf 92' lang='lat' dir='ltr'>Pippinus</span> <span class='ocrx_word' id='word_1_254' title='bbox 982 2590 1135 2644; x_wconf 90' lang='lat' dir='ltr'>diem</span> <span class='ocrx_word' id='word_1_255' title='bbox 1156 2589 1318 2656; x_wconf 89' lang='lat' dir='ltr'>obiit,</span> <span class='ocrx_word' id='word_1_256' title='bbox 1344 2589 1661 2644; x_wconf 90' lang='lat' dir='ltr'>maximum</span> <span class='ocrx_word' id='word_1_257' title='bbox 1678 2590 1792 2644; x_wconf 75' lang='lat' dir='ltr'>Au-</span> 
     </span>
    </p>
   </div>
   <div class='ocr_carea' id='block_1_42' title="bbox 204 2679 1791 2753">
    <p class='ocr_par' dir='ltr' id='par_1_42' title="bbox 204 2679 1791 2753">
     <span class='ocr_line' id='line_1_42' title="bbox 204 2679 1791 2753; baseline -0.001 -19"><span class='ocrx_word' id='word_1_258' title='bbox 204 2681 407 2736; x_wconf 86' lang='lat' dir='ltr'>strasiis</span> <span class='ocrx_word' id='word_1_259' title='bbox 422 2680 759 2753; x_wconf 82' lang='lat' dir='ltr'>relinquens</span> <span class='ocrx_word' id='word_1_260' title='bbox 780 2682 997 2735; x_wconf 91' lang='lat' dir='ltr'>luctum</span> <span class='ocrx_word' id='word_1_261' title='bbox 1016 2696 1183 2733; x_wconf 89' lang='lat' dir='ltr'>causa</span> <span class='ocrx_word' id='word_1_262' title='bbox 1205 2679 1407 2733; x_wconf 88' lang='lat' dir='ltr'>mortis</span> <span class='ocrx_word' id='word_1_263' title='bbox 1422 2696 1537 2733; x_wconf 68' lang='lat' dir='ltr'>sua:</span> <span class='ocrx_word' id='word_1_264' title='bbox 1548 2695 1791 2750; x_wconf 87' lang='lat' dir='ltr'>genera-</span> 
     </span>
    </p>
   </div>
   <div class='ocr_carea' id='block_1_43' title="bbox 198 2767 1796 2842">
    <p class='ocr_par' dir='ltr' id='par_1_43' title="bbox 198 2767 1796 2842">
     <span class='ocr_line' id='line_1_43' title="bbox 198 2767 1796 2842; baseline -0.002 -19"><span class='ocrx_word' id='word_1_265' title='bbox 198 2774 334 2837; x_wconf 89' lang='lat' dir='ltr'>tum,</span> <span class='ocrx_word' id='word_1_266' title='bbox 357 2786 428 2825; x_wconf 90' lang='lat' dir='ltr'>eo</span> <span class='ocrx_word' id='word_1_267' title='bbox 443 2770 623 2842; x_wconf 87' lang='lat' dir='ltr'>quod,</span> <span class='ocrx_word' id='word_1_268' title='bbox 641 2772 881 2841; x_wconf 90' lang='lat' dir='ltr'>propter</span> <span class='ocrx_word' id='word_1_269' title='bbox 909 2767 1089 2823; x_wconf 84' lang='lat' dir='ltr'>animi</span> <span class='ocrx_word' id='word_1_270' title='bbox 1114 2767 1617 2822; x_wconf 83' lang='lat' dir='ltr'>mansuetudinem</span> <span class='ocrx_word' id='word_1_271' title='bbox 1641 2770 1698 2821; x_wconf 90' lang='lat' dir='ltr'>et</span> <span class='ocrx_word' id='word_1_272' title='bbox 1706 2767 1796 2838; x_wconf 90' lang='lat' dir='ltr'>ju-</span> 
     </span>
    </p>
   </div>
   <div class='ocr_carea' id='block_1_44' title="bbox 193 2856 1790 2928">
    <p class='ocr_par' dir='ltr' id='par_1_44' title="bbox 193 2856 1790 2928">
     <span class='ocr_line' id='line_1_44' title="bbox 193 2856 1790 2928; baseline 0.001 -19"><span class='ocrx_word' id='word_1_273' title='bbox 193 2858 350 2913; x_wconf 65' lang='lat' dir='ltr'>stitia:</span> <span class='ocrx_word' id='word_1_274' title='bbox 375 2863 663 2912; x_wconf 87' lang='lat' dir='ltr'>servatam</span> <span class='ocrx_word' id='word_1_275' title='bbox 687 2857 1043 2928; x_wconf 68' lang='lat' dir='ltr'>aequitatem,</span> <span class='ocrx_word' id='word_1_276' title='bbox 1062 2856 1133 2911; x_wconf 89' lang='lat' dir='ltr'>ab</span> <span class='ocrx_word' id='word_1_277' title='bbox 1147 2856 1423 2911; x_wconf 87' lang='lat' dir='ltr'>universis</span> <span class='ocrx_word' id='word_1_278' title='bbox 1437 2856 1790 2927; x_wconf 87' lang='lat' dir='ltr'>diligeretur.</span> 
     </span>
    </p>
   </div>
   <div class='ocr_carea' id='block_1_45' title="bbox 195 2944 1796 3016">
    <p class='ocr_par' dir='ltr' id='par_1_45' title="bbox 195 2944 1796 3016">
     <span class='ocr_line' id='line_1_45' title="bbox 195 2944 1796 3016; baseline -0.001 -16"><span class='ocrx_word' id='word_1_279' title='bbox 195 2946 355 3016; x_wconf 82' lang='lat' dir='ltr'>Cujus</span> <span class='ocrx_word' id='word_1_280' title='bbox 384 2947 535 3001; x_wconf 82' lang='lat' dir='ltr'>ﬁlius</span> <span class='ocrx_word' id='word_1_281' title='bbox 558 2944 939 3011; x_wconf 87' lang='lat' dir='ltr'>Grimoaldns,</span> <span class='ocrx_word' id='word_1_282' title='bbox 985 2947 1252 2998; x_wconf 85' lang='lat' dir='ltr'>strenuus</span> <span class='ocrx_word' id='word_1_283' title='bbox 1301 2944 1617 2999; x_wconf 90' lang='lat' dir='ltr'>admodum</span> <span class='ocrx_word' id='word_1_284' title='bbox 1637 2944 1796 3015; x_wconf 87' lang='lat' dir='ltr'>juve-</span> 
     </span>
    </p>
   </div>
   <div class='ocr_carea' id='block_1_46' title="bbox 1896 1914 2482 1971">
    <p class='ocr_par' dir='ltr' id='par_1_46' title="bbox 1896 1914 2482 1971">
     <span class='ocr_line' id='line_1_46' title="bbox 1896 1914 2482 1971; baseline 0.002 -2"><span class='ocrx_word' id='word_1_285' title='bbox 1896 1918 2154 1971; x_wconf 90' lang='lat' dir='ltr'>sumeret</span> <span class='ocrx_word' id='word_1_286' title='bbox 2178 1914 2482 1970; x_wconf 85' lang='lat' dir='ltr'>ultionem.</span> 
     </span>
    </p>
   </div>
   <div class='ocr_carea' id='block_1_47' title="bbox 2506 2036 2882 2091">
    <p class='ocr_par' dir='ltr' id='par_1_47' title="bbox 2506 2036 2882 2091">
     <span class='ocr_line' id='line_1_47' title="bbox 2506 2036 2882 2091; baseline -0.003 0"><span class='ocrx_word' id='word_1_287' title='bbox 2506 2036 2731 2091; x_wconf 87' lang='lat' dir='ltr'>CAPUT</span> <span class='ocrx_word' id='word_1_288' title='bbox 2779 2036 2882 2090; x_wconf 86' lang='lat' dir='ltr'><strong>XL.</strong></span> 
     </span>
    </p>
   </div>
   <div class='ocr_carea' id='block_1_48' title="bbox 1894 2137 3507 2213">
    <p class='ocr_par' dir='ltr' id='par_1_48' title="bbox 1894 2137 3507 2213">
     <span class='ocr_line' id='line_1_48' title="bbox 1894 2137 3507 2213; baseline -0.004 -13"><span class='ocrx_word' id='word_1_289' title='bbox 1894 2145 1978 2200; x_wconf 89' lang='lat' dir='ltr'>De</span> <span class='ocrx_word' id='word_1_290' title='bbox 2005 2144 2283 2200; x_wconf 78' lang='lat' dir='ltr'>Nantildis</span> <span class='ocrx_word' id='word_1_291' title='bbox 2313 2144 2506 2213; x_wconf 57' lang='lat' dir='ltr'>regina</span> <span class='ocrx_word' id='word_1_292' title='bbox 2535 2142 2702 2207; x_wconf 79' lang='lat' dir='ltr'>obitu,</span> <span class='ocrx_word' id='word_1_293' title='bbox 2762 2140 3050 2195; x_wconf 78' lang='lat' dir='ltr'>Wz&#39;llz&#39;badi</span> <span class='ocrx_word' id='word_1_294' title='bbox 3072 2140 3229 2207; x_wconf 71' lang='lat' dir='ltr'>caede,</span> <span class='ocrx_word' id='word_1_295' title='bbox 3261 2145 3310 2196; x_wconf 80' lang='lat' dir='ltr'>et</span> <span class='ocrx_word' id='word_1_296' title='bbox 3337 2137 3507 2195; x_wconf 85' lang='lat' dir='ltr'>Flau-</span> 
     </span>
    </p>
   </div>
   <div class='ocr_carea' id='block_1_49' title="bbox 2144 2213 3256 2286">
    <p class='ocr_par' dir='ltr' id='par_1_49' title="bbox 2144 2213 3256 2286">
     <span class='ocr_line' id='line_1_49' title="bbox 2144 2213 3256 2286; baseline -0.004 -17"><span class='ocrx_word' id='word_1_297' title='bbox 2144 2217 2255 2269; x_wconf 79' lang='lat' dir='ltr'>cati</span> <span class='ocrx_word' id='word_1_298' title='bbox 2282 2214 2454 2286; x_wconf 78' lang='lat' dir='ltr'>paulo</span> <span class='ocrx_word' id='word_1_299' title='bbox 2473 2219 2595 2284; x_wconf 80' lang='lat' dir='ltr'>post</span> <span class='ocrx_word' id='word_1_300' title='bbox 2642 2219 2808 2267; x_wconf 83' lang='lat' dir='ltr'>morte</span> <span class='ocrx_word' id='word_1_301' title='bbox 2837 2229 2943 2267; x_wconf 89' lang='lat' dir='ltr'>non</span> <span class='ocrx_word' id='word_1_302' title='bbox 2968 2213 3256 2267; x_wconf 78' lang='lat' dir='ltr'>immerita.</span> 
     </span>
    </p>
   </div>
   <div class='ocr_carea' id='block_1_50' title="bbox 1966 2315 3507 2388">
    <p class='ocr_par' dir='ltr' id='par_1_50' title="bbox 1966 2315 3507 2388">
     <span class='ocr_line' id='line_1_50' title="bbox 1966 2315 3507 2388; baseline -0.002 -13"><span class='ocrx_word' id='word_1_303' title='bbox 1966 2322 2044 2375; x_wconf 90' lang='lat' dir='ltr'>Eo</span> <span class='ocrx_word' id='word_1_304' title='bbox 2077 2337 2252 2387; x_wconf 90' lang='lat' dir='ltr'>anno,</span> <span class='ocrx_word' id='word_1_305' title='bbox 2284 2318 2565 2373; x_wconf 89' lang='lat' dir='ltr'>Nantildis</span> <span class='ocrx_word' id='word_1_306' title='bbox 2591 2317 2793 2388; x_wconf 90' lang='lat' dir='ltr'>regina</span> <span class='ocrx_word' id='word_1_307' title='bbox 2817 2320 2903 2373; x_wconf 87' lang='lat' dir='ltr'>est</span> <span class='ocrx_word' id='word_1_308' title='bbox 2932 2315 3223 2384; x_wconf 85' lang='lat' dir='ltr'>defuncta,</span> <span class='ocrx_word' id='word_1_309' title='bbox 3247 2317 3418 2388; x_wconf 89' lang='lat' dir='ltr'>atque</span> <span class='ocrx_word' id='word_1_310' title='bbox 3448 2316 3507 2372; x_wconf 91' lang='lat' dir='ltr'>in</span> 
     </span>
    </p>
   </div>
   <div class='ocr_carea' id='block_1_51' title="bbox 1896 2406 3508 2480">
    <p class='ocr_par' dir='ltr' id='par_1_51' title="bbox 1896 2406 3508 2480">
     <span class='ocr_line' id='line_1_51' title="bbox 1896 2406 3508 2480; baseline -0.001 -17"><span class='ocrx_word' id='word_1_311' title='bbox 1896 2409 2146 2463; x_wconf 89' lang='lat' dir='ltr'>Ecclesia</span> <span class='ocrx_word' id='word_1_312' title='bbox 2172 2406 2365 2463; x_wconf 91' lang='lat' dir='ltr'>Sancti</span> <span class='ocrx_word' id='word_1_313' title='bbox 2394 2407 2669 2479; x_wconf 85' lang='lat' dir='ltr'>Dionysii,</span> <span class='ocrx_word' id='word_1_314' title='bbox 2701 2406 2984 2462; x_wconf 86' lang='lat' dir='ltr'>in&#39;eodem</span> <span class='ocrx_word' id='word_1_315' title='bbox 3009 2423 3121 2480; x_wconf 89' lang='lat' dir='ltr'>quo</span> <span class='ocrx_word' id='word_1_316' title='bbox 3144 2406 3508 2478; x_wconf 86' lang='lat' dir='ltr'>Dagobertus</span> 
     </span>
    </p>
   </div>
   <div class='ocr_carea' id='block_1_52' title="bbox 1894 2495 3508 2570">
    <p class='ocr_par' dir='ltr' id='par_1_52' title="bbox 1894 2495 3508 2570">
     <span class='ocr_line' id='line_1_52' title="bbox 1894 2495 3508 2570; baseline -0.001 -19"><span class='ocrx_word' id='word_1_317' title='bbox 1894 2498 2154 2570; x_wconf 91' lang='lat' dir='ltr'>sepulcro</span> <span class='ocrx_word' id='word_1_318' title='bbox 2180 2496 2387 2568; x_wconf 89' lang='lat' dir='ltr'>posita.</span> <span class='ocrx_word' id='word_1_319' title='bbox 2420 2498 2661 2569; x_wconf 89' lang='lat' dir='ltr'>Ipsoque</span> <span class='ocrx_word' id='word_1_320' title='bbox 2718 2513 2872 2551; x_wconf 88' lang='lat' dir='ltr'>anno</span> <span class='ocrx_word' id='word_1_321' title='bbox 2906 2496 3224 2552; x_wconf 87' lang='lat' dir='ltr'>Clodoveus</span> <span class='ocrx_word' id='word_1_322' title='bbox 3260 2496 3333 2551; x_wconf 88' lang='lat' dir='ltr'>ab</span> <span class='ocrx_word' id='word_1_323' title='bbox 3367 2495 3508 2551; x_wconf 88' lang='lat' dir='ltr'>urbe</span> 
     </span>
    </p>
   </div>
   <div class='ocr_carea' id='block_1_53' title="bbox 1896 2584 3503 2651">
    <p class='ocr_par' dir='ltr' id='par_1_53' title="bbox 1896 2584 3503 2651">
     <span class='ocr_line' id='line_1_53' title="bbox 1896 2584 3503 2651; baseline -0.001 -11"><span class='ocrx_word' id='word_1_324' title='bbox 1896 2586 2247 2641; x_wconf 90' lang='lat' dir='ltr'>Parisiorum</span> <span class='ocrx_word' id='word_1_325' title='bbox 2279 2602 2411 2640; x_wconf 90' lang='lat' dir='ltr'>cum</span> <span class='ocrx_word' id='word_1_326' title='bbox 2444 2584 2826 2640; x_wconf 89' lang='lat' dir='ltr'>Erchinoaldo</span> <span class='ocrx_word' id='word_1_327' title='bbox 2869 2588 2928 2640; x_wconf 89' lang='lat' dir='ltr'>et</span> <span class='ocrx_word' id='word_1_328' title='bbox 2959 2585 3226 2641; x_wconf 86' lang='lat' dir='ltr'>Flaucato</span> <span class='ocrx_word' id='word_1_329' title='bbox 3243 2584 3503 2651; x_wconf 91' lang='lat' dir='ltr'>ducibus,</span> 
     </span>
    </p>
   </div>
   <div class='ocr_carea' id='block_1_54' title="bbox 1894 2671 3510 2746">
    <p class='ocr_par' dir='ltr' id='par_1_54' title="bbox 1894 2671 3510 2746">
     <span class='ocr_line' id='line_1_54' title="bbox 1894 2671 3510 2746; baseline -0.001 -18"><span class='ocrx_word' id='word_1_330' title='bbox 1894 2690 1959 2728; x_wconf 92' lang='lat' dir='ltr'>ac</span> <span class='ocrx_word' id='word_1_331' title='bbox 1991 2674 2285 2729; x_wconf 89' lang='lat' dir='ltr'>nonnullis</span> <span class='ocrx_word' id='word_1_332' title='bbox 2306 2674 2560 2728; x_wconf 60' lang='lat' dir='ltr'>Francia:</span> <span class='ocrx_word' id='word_1_333' title='bbox 2576 2673 3150 2746; x_wconf 90' lang='lat' dir='ltr'>primatibus,mense</span> <span class='ocrx_word' id='word_1_334' title='bbox 3182 2671 3510 2746; x_wconf 89' lang='lat' dir='ltr'>Septembri</span> 
     </span>
    </p>
   </div>
   <div class='ocr_carea' id='block_1_55' title="bbox 1894 2760 3511 2833">
    <p class='ocr_par' dir='ltr' id='par_1_55' title="bbox 1894 2760 3511 2833">
     <span class='ocr_line' id='line_1_55' title="bbox 1894 2760 3511 2833; baseline 0.001 -17"><span class='ocrx_word' id='word_1_335' title='bbox 1894 2778 2251 2833; x_wconf 90' lang='lat' dir='ltr'>progressus,</span> <span class='ocrx_word' id='word_1_336' title='bbox 2282 2778 2386 2832; x_wconf 89' lang='lat' dir='ltr'>per</span> <span class='ocrx_word' id='word_1_337' title='bbox 2411 2760 2674 2816; x_wconf 89' lang='lat' dir='ltr'>Senonas</span> <span class='ocrx_word' id='word_1_338' title='bbox 2704 2766 2763 2816; x_wconf 92' lang='lat' dir='ltr'>et</span> <span class='ocrx_word' id='word_1_339' title='bbox 2810 2761 3272 2817; x_wconf 80' lang='lat' dir='ltr'>Antissiodorum</span> <span class='ocrx_word' id='word_1_340' title='bbox 3303 2763 3361 2817; x_wconf 90' lang='lat' dir='ltr'>et</span> <span class='ocrx_word' id='word_1_341' title='bbox 3392 2763 3511 2818; x_wconf 86' lang='lat' dir='ltr'>Au-</span> 
     </span>
    </p>
   </div>
   <div class='ocr_carea' id='block_1_56' title="bbox 1895 2849 3508 2922">
    <p class='ocr_par' dir='ltr' id='par_1_56' title="bbox 1895 2849 3508 2922">
     <span class='ocr_line' id='line_1_56' title="bbox 1895 2849 3508 2922; baseline 0 -18"><span class='ocrx_word' id='word_1_342' title='bbox 1895 2851 2383 2922; x_wconf 89' lang='lat' dir='ltr'>gustodunensem</span> <span class='ocrx_word' id='word_1_343' title='bbox 2412 2850 2703 2920; x_wconf 87' lang='lat' dir='ltr'>profectus</span> <span class='ocrx_word' id='word_1_344' title='bbox 2716 2854 2801 2904; x_wconf 90' lang='lat' dir='ltr'>est</span> <span class='ocrx_word' id='word_1_345' title='bbox 2819 2849 3128 2905; x_wconf 89' lang='lat' dir='ltr'>civitatem.</span> <span class='ocrx_word' id='word_1_346' title='bbox 3162 2849 3415 2921; x_wconf 87' lang='lat' dir='ltr'>Indeque</span> <span class='ocrx_word' id='word_1_347' title='bbox 3432 2851 3508 2904; x_wconf 90' lang='lat' dir='ltr'>ad</span> 
     </span>
    </p>
   </div>
   <div class='ocr_carea' id='block_1_57' title="bbox 1895 2936 3509 3009">
    <p class='ocr_par' dir='ltr' id='par_1_57' title="bbox 1895 2936 3509 3009">
     <span class='ocr_line' id='line_1_57' title="bbox 1895 2936 3509 3009; baseline 0 -18"><span class='ocrx_word' id='word_1_348' title='bbox 1895 2939 2261 2993; x_wconf 89' lang='lat' dir='ltr'>Willibadum</span> <span class='ocrx_word' id='word_1_349' title='bbox 2282 2938 2553 2993; x_wconf 91' lang='lat' dir='ltr'>nuntium</span> <span class='ocrx_word' id='word_1_350' title='bbox 2574 2937 3081 3009; x_wconf 87' lang='lat' dir='ltr'>dirigit,mandans</span> <span class='ocrx_word' id='word_1_351' title='bbox 3096 2940 3157 2991; x_wconf 91' lang='lat' dir='ltr'>ut</span> <span class='ocrx_word' id='word_1_352' title='bbox 3169 2936 3509 3009; x_wconf 86' lang='lat' dir='ltr'>quantocius</span> 
     </span>
    </p>
   </div>
   <div class='ocr_carea' id='block_1_58' title="bbox 197 3024 3503 3122">
    <p class='ocr_par' dir='ltr' id='par_1_58' title="bbox 197 3024 3503 3122">
     <span class='ocr_line' id='line_1_58' title="bbox 197 3024 3503 3122; baseline -0.003 -34"><span class='ocrx_word' id='word_1_353' title='bbox 197 3035 298 3101; x_wconf 87' lang='lat' dir='ltr'>nis,</span> <span class='ocrx_word' id='word_1_354' title='bbox 330 3037 572 3106; x_wconf 89' lang='lat' dir='ltr'>propter</span> <span class='ocrx_word' id='word_1_355' title='bbox 596 3035 831 3107; x_wconf 88' lang='lat' dir='ltr'>egregia</span> <span class='ocrx_word' id='word_1_356' title='bbox 851 3033 1028 3106; x_wconf 87' lang='lat' dir='ltr'>patris</span> <span class='ocrx_word' id='word_1_357' title='bbox 1055 3032 1283 3099; x_wconf 88' lang='lat' dir='ltr'>merita,</span> <span class='ocrx_word' id='word_1_358' title='bbox 1304 3033 1516 3104; x_wconf 91' lang='lat' dir='ltr'>populo</span> <span class='ocrx_word' id='word_1_359' title='bbox 1547 3032 1716 3087; x_wconf 90' lang='lat' dir='ltr'>simul</span> <span class='ocrx_word' id='word_1_360' title='bbox 1738 3035 1796 3088; x_wconf 90' lang='lat' dir='ltr'>et</span> <span class='ocrx_word' id='word_1_361' title='bbox 1819 3059 1868 3122; x_wconf 70' lang='grc' dir='ltr'>α</span> <span class='ocrx_word' id='word_1_362' title='bbox 1896 3026 1969 3081; x_wconf 91' lang='lat' dir='ltr'>ad</span> <span class='ocrx_word' id='word_1_363' title='bbox 1997 3043 2056 3081; x_wconf 92' lang='lat' dir='ltr'>se</span> <span class='ocrx_word' id='word_1_364' title='bbox 2088 3025 2327 3122; x_wconf 76' lang='lat' dir='ltr'>veniret.</span> <span class='ocrx_word' id='word_1_365' title='bbox 2491 3025 2750 3122; x_wconf 70' lang='lat' dir='ltr'>quamvis</span> <span class='ocrx_word' id='word_1_366' title='bbox 2777 3025 3125 3122; x_wconf 41' lang='lat' dir='ltr'>cavendum.</span> <span class='ocrx_word' id='word_1_367' title='bbox 3156 3024 3263 3122; x_wconf 78' lang='lat' dir='ltr'>sibi</span> <span class='ocrx_word' id='word_1_368' title='bbox 3293 3041 3432 3122; x_wconf 39' lang='lat' dir='ltr'>esse.</span> <span class='ocrx_word' id='word_1_369' title='bbox 3467 3041 3503 3079; x_wconf 93' lang='lat' dir='ltr'>a</span> 
     </span>
    </p>
   </div>
   <div class='ocr_carea' id='block_1_59' title="bbox 191 3120 1793 3195">
    <p class='ocr_par' dir='ltr' id='par_1_59' title="bbox 191 3120 1793 3195">
     <span class='ocr_line' id='line_1_59' title="bbox 191 3120 1793 3195; baseline -0.001 -19"><span class='ocrx_word' id='word_1_370' title='bbox 191 3123 542 3195; x_wconf 87' lang='lat' dir='ltr'>principibus</span> <span class='ocrx_word' id='word_1_371' title='bbox 567 3124 730 3177; x_wconf 87' lang='lat' dir='ltr'>valde</span> <span class='ocrx_word' id='word_1_372' title='bbox 760 3125 887 3177; x_wconf 89' lang='lat' dir='ltr'>erat</span> <span class='ocrx_word' id='word_1_373' title='bbox 915 3122 1138 3176; x_wconf 87' lang='lat' dir='ltr'>charus.</span> <span class='ocrx_word' id='word_1_374' title='bbox 1170 3122 1242 3174; x_wconf 79' lang='lat' dir='ltr'>At</span> <span class='ocrx_word' id='word_1_375' title='bbox 1293 3136 1428 3175; x_wconf 90' lang='lat' dir='ltr'>vero</span> <span class='ocrx_word' id='word_1_376' title='bbox 1485 3120 1616 3176; x_wconf 89' lang='lat' dir='ltr'>Otto</span> <span class='ocrx_word' id='word_1_377' title='bbox 1668 3120 1793 3193; x_wconf 89' lang='lat' dir='ltr'>qui-</span> 
     </span>
    </p>
   </div>
   <div class='ocr_carea' id='block_1_60' title="bbox 188 3209 1792 3283">
    <p class='ocr_par' dir='ltr' id='par_1_60' title="bbox 188 3209 1792 3283">
     <span class='ocr_line' id='line_1_60' title="bbox 188 3209 1792 3283; baseline 0.002 -20"><span class='ocrx_word' id='word_1_378' title='bbox 188 3210 343 3278; x_wconf 89' lang='lat' dir='ltr'>dem,</span> <span class='ocrx_word' id='word_1_379' title='bbox 400 3213 623 3266; x_wconf 88' lang='lat' dir='ltr'>Berone</span> <span class='ocrx_word' id='word_1_380' title='bbox 650 3212 877 3283; x_wconf 88' lang='lat' dir='ltr'>genitus</span> <span class='ocrx_word' id='word_1_381' title='bbox 908 3214 1092 3283; x_wconf 90' lang='lat' dir='ltr'>patre,</span> <span class='ocrx_word' id='word_1_382' title='bbox 1125 3210 1393 3281; x_wconf 86' lang='lat' dir='ltr'>sperabat</span> <span class='ocrx_word' id='word_1_383' title='bbox 1428 3226 1487 3263; x_wconf 91' lang='lat' dir='ltr'>se</span> <span class='ocrx_word' id='word_1_384' title='bbox 1517 3209 1792 3266; x_wconf 91' lang='lat' dir='ltr'>comitem</span> 
     </span>
    </p>
   </div>
   <div class='ocr_carea' id='block_1_61' title="bbox 182 3298 1795 3370">
    <p class='ocr_par' dir='ltr' id='par_1_61' title="bbox 182 3298 1795 3370">
     <span class='ocr_line' id='line_1_61' title="bbox 182 3298 1795 3370; baseline 0 -17"><span class='ocrx_word' id='word_1_385' title='bbox 182 3300 377 3369; x_wconf 86' lang='lat' dir='ltr'>palatii</span> <span class='ocrx_word' id='word_1_386' title='bbox 407 3300 533 3356; x_wconf 83' lang='lat' dir='ltr'>fieri</span> <span class='ocrx_word' id='word_1_387' title='bbox 575 3316 759 3370; x_wconf 91' lang='lat' dir='ltr'>posse,</span> <span class='ocrx_word' id='word_1_388' title='bbox 821 3315 889 3354; x_wconf 87' lang='lat' dir='ltr'>eo</span> <span class='ocrx_word' id='word_1_389' title='bbox 941 3299 1095 3370; x_wconf 89' lang='lat' dir='ltr'>quod</span> <span class='ocrx_word' id='word_1_390' title='bbox 1149 3299 1373 3367; x_wconf 90' lang='lat' dir='ltr'>bajulus</span> <span class='ocrx_word' id='word_1_391' title='bbox 1424 3298 1613 3353; x_wconf 78' lang='lat' dir='ltr'>fuerat</span> <span class='ocrx_word' id='word_1_392' title='bbox 1640 3298 1795 3370; x_wconf 89' lang='lat' dir='ltr'>regis</span> 
     </span>
    </p>
   </div>
   <div class='ocr_carea' id='block_1_62' title="bbox 181 3385 1790 3458">
    <p class='ocr_par' dir='ltr' id='par_1_62' title="bbox 181 3385 1790 3458">
     <span class='ocr_line' id='line_1_62' title="bbox 181 3385 1790 3458; baseline 0.001 -19"><span class='ocrx_word' id='word_1_393' title='bbox 181 3385 471 3457; x_wconf 86' lang='lat' dir='ltr'>Sigeberti</span> <span class='ocrx_word' id='word_1_394' title='bbox 512 3388 571 3442; x_wconf 90' lang='lat' dir='ltr'>in</span> <span class='ocrx_word' id='word_1_395' title='bbox 602 3388 723 3458; x_wconf 89' lang='lat' dir='ltr'>ejus</span> <span class='ocrx_word' id='word_1_396' title='bbox 751 3390 957 3442; x_wconf 89' lang='lat' dir='ltr'>tenera</span> <span class='ocrx_word' id='word_1_397' title='bbox 985 3389 1174 3441; x_wconf 67' lang='lat' dir='ltr'>aetate.</span> <span class='ocrx_word' id='word_1_398' title='bbox 1208 3385 1425 3441; x_wconf 90' lang='lat' dir='ltr'>Idcirco</span> <span class='ocrx_word' id='word_1_399' title='bbox 1480 3387 1619 3441; x_wconf 90' lang='lat' dir='ltr'>dum</span> <span class='ocrx_word' id='word_1_400' title='bbox 1668 3386 1790 3442; x_wconf 88' lang='lat' dir='ltr'>Gri-</span> 
     </span>
    </p>
   </div>
   <div class='ocr_carea' id='block_1_63' title="bbox 182 3473 1789 3547">
    <p class='ocr_par' dir='ltr' id='par_1_63' title="bbox 182 3473 1789 3547">
     <span class='ocr_line' id='line_1_63' title="bbox 182 3473 1789 3547; baseline 0.002 -20"><span class='ocrx_word' id='word_1_401' title='bbox 182 3477 485 3530; x_wconf 87' lang='lat' dir='ltr'>moaldum</span> <span class='ocrx_word' id='word_1_402' title='bbox 518 3475 798 3547; x_wconf 90' lang='lat' dir='ltr'>paulatim</span> <span class='ocrx_word' id='word_1_403' title='bbox 825 3473 1135 3546; x_wconf 91' lang='lat' dir='ltr'>despicere,</span> <span class='ocrx_word' id='word_1_404' title='bbox 1170 3490 1273 3529; x_wconf 89' lang='lat' dir='ltr'>nec</span> <span class='ocrx_word' id='word_1_405' title='bbox 1306 3475 1430 3545; x_wconf 92' lang='lat' dir='ltr'>jam</span> <span class='ocrx_word' id='word_1_406' title='bbox 1459 3474 1657 3531; x_wconf 89' lang='lat' dir='ltr'>odium</span> <span class='ocrx_word' id='word_1_407' title='bbox 1689 3475 1789 3530; x_wconf 91' lang='lat' dir='ltr'>ad-</span> 
     </span>
    </p>
   </div>
   <div class='ocr_carea' id='block_1_64' title="bbox 178 3562 1790 3633">
    <p class='ocr_par' dir='ltr' id='par_1_64' title="bbox 178 3562 1790 3633">
     <span class='ocr_line' id='line_1_64' title="bbox 178 3562 1790 3633; baseline 0.002 -19"><span class='ocrx_word' id='word_1_408' title='bbox 178 3578 374 3618; x_wconf 82' lang='lat' dir='ltr'>versus</span> <span class='ocrx_word' id='word_1_409' title='bbox 404 3580 540 3619; x_wconf 91' lang='lat' dir='ltr'>eum</span> <span class='ocrx_word' id='word_1_410' title='bbox 573 3566 915 3633; x_wconf 82' lang='lat' dir='ltr'>conceptum</span> <span class='ocrx_word' id='word_1_411' title='bbox 953 3564 1165 3630; x_wconf 86' lang='lat' dir='ltr'>velare,</span> <span class='ocrx_word' id='word_1_412' title='bbox 1222 3562 1342 3617; x_wconf 91' lang='lat' dir='ltr'>imo</span> <span class='ocrx_word' id='word_1_413' title='bbox 1399 3562 1599 3617; x_wconf 91' lang='lat' dir='ltr'>crebro</span> <span class='ocrx_word' id='word_1_414' title='bbox 1652 3578 1790 3619; x_wconf 89' lang='lat' dir='ltr'>con-</span> 
     </span>
    </p>
   </div>
   <div class='ocr_carea' id='block_1_65' title="bbox 176 3651 1792 3724">
    <p class='ocr_par' dir='ltr' id='par_1_65' title="bbox 176 3651 1792 3724">
     <span class='ocr_line' id='line_1_65' title="bbox 176 3651 1792 3724; baseline 0.001 -20"><span class='ocrx_word' id='word_1_415' title='bbox 176 3654 406 3724; x_wconf 85' lang='lat' dir='ltr'>temptu</span> <span class='ocrx_word' id='word_1_416' title='bbox 422 3669 544 3708; x_wconf 89' lang='lat' dir='ltr'>sese</span> <span class='ocrx_word' id='word_1_417' title='bbox 562 3652 934 3707; x_wconf 87' lang='lat' dir='ltr'>manifestum</span> <span class='ocrx_word' id='word_1_418' title='bbox 972 3654 1227 3723; x_wconf 75' lang='lat' dir='ltr'>cceperat</span> <span class='ocrx_word' id='word_1_419' title='bbox 1270 3651 1671 3706; x_wconf 89' lang='lat' dir='ltr'>demonstrare</span> <span class='ocrx_word' id='word_1_420' title='bbox 1695 3651 1792 3706; x_wconf 88' lang='lat' dir='ltr'>ad-</span> 
     </span>
    </p>
   </div>
   <div class='ocr_carea' id='block_1_66' title="bbox 176 3739 1789 3813">
    <p class='ocr_par' dir='ltr' id='par_1_66' title="bbox 176 3739 1789 3813">
     <span class='ocr_line' id='line_1_66' title="bbox 176 3739 1789 3813; baseline 0.004 -22"><span class='ocrx_word' id='word_1_421' title='bbox 176 3743 524 3809; x_wconf 87' lang='lat' dir='ltr'>versarium,</span> <span class='ocrx_word' id='word_1_422' title='bbox 547 3741 906 3796; x_wconf 86' lang='lat' dir='ltr'>Grimoaldus</span> <span class='ocrx_word' id='word_1_423' title='bbox 936 3745 1193 3813; x_wconf 67' lang='lat' dir='ltr'>paternae</span> <span class='ocrx_word' id='word_1_424' title='bbox 1224 3739 1491 3796; x_wconf 72' lang='lat' dir='ltr'>amicitia:</span> <span class='ocrx_word' id='word_1_425' title='bbox 1514 3757 1789 3813; x_wconf 84' lang='lat' dir='ltr'>preroga-</span> 
     </span>
    </p>
   </div>
   <div class='ocr_carea' id='block_1_67' title="bbox 178 3829 1785 3901">
    <p class='ocr_par' dir='ltr' id='par_1_67' title="bbox 178 3829 1785 3901">
     <span class='ocr_line' id='line_1_67' title="bbox 178 3829 1785 3901; baseline 0.002 -20"><span class='ocrx_word' id='word_1_426' title='bbox 178 3829 296 3884; x_wconf 81' lang='lat' dir='ltr'>tiva</span> <span class='ocrx_word' id='word_1_427' title='bbox 338 3830 694 3886; x_wconf 88' lang='lat' dir='ltr'>Chuniberto</span> <span class='ocrx_word' id='word_1_428' title='bbox 738 3829 994 3901; x_wconf 82' lang='lat' dir='ltr'>pontlfici</span> <span class='ocrx_word' id='word_1_429' title='bbox 1055 3829 1406 3901; x_wconf 87' lang='lat' dir='ltr'>jamdudum</span> <span class='ocrx_word' id='word_1_430' title='bbox 1457 3829 1785 3899; x_wconf 66' lang='lat' dir='ltr'>foederatus,</span> 
     </span>
    </p>
   </div>
   <div class='ocr_carea' id='block_1_68' title="bbox 182 3918 1789 3991">
    <p class='ocr_par' dir='ltr' id='par_1_68' title="bbox 182 3918 1789 3991">
     <span class='ocr_line' id='line_1_68' title="bbox 182 3918 1789 3991; baseline 0.001 -19"><span class='ocrx_word' id='word_1_431' title='bbox 182 3919 534 3975; x_wconf 88' lang='lat' dir='ltr'>moliebatur</span> <span class='ocrx_word' id='word_1_432' title='bbox 571 3920 841 3974; x_wconf 82' lang='lat' dir='ltr'>Ottonem</span> <span class='ocrx_word' id='word_1_433' title='bbox 867 3920 1079 3991; x_wconf 90' lang='lat' dir='ltr'>pellere</span> <span class='ocrx_word' id='word_1_434' title='bbox 1123 3919 1356 3991; x_wconf 89' lang='lat' dir='ltr'>palatio.</span> <span class='ocrx_word' id='word_1_435' title='bbox 1404 3918 1516 3974; x_wconf 88' lang='lat' dir='ltr'>Sed</span> <span class='ocrx_word' id='word_1_436' title='bbox 1559 3935 1691 3973; x_wconf 91' lang='lat' dir='ltr'>cum</span> <span class='ocrx_word' id='word_1_437' title='bbox 1729 3919 1789 3974; x_wconf 91' lang='lat' dir='ltr'>id</span> 
     </span>
    </p>
   </div>
   <div class='ocr_carea' id='block_1_69' title="bbox 182 4008 1787 4081">
    <p class='ocr_par' dir='ltr' id='par_1_69' title="bbox 182 4008 1787 4081">
     <span class='ocr_line' id='line_1_69' title="bbox 182 4008 1787 4081; baseline 0.003 -22"><span class='ocrx_word' id='word_1_438' title='bbox 182 4009 478 4080; x_wconf 82' lang='lat' dir='ltr'>nequisset</span> <span class='ocrx_word' id='word_1_439' title='bbox 498 4010 751 4081; x_wconf 71' lang='lat' dir='ltr'>eXplere,</span> <span class='ocrx_word' id='word_1_440' title='bbox 771 4024 1007 4064; x_wconf 87' lang='lat' dir='ltr'>exosum</span> <span class='ocrx_word' id='word_1_441' title='bbox 1029 4025 1161 4063; x_wconf 92' lang='lat' dir='ltr'>eum</span> <span class='ocrx_word' id='word_1_442' title='bbox 1188 4008 1491 4064; x_wconf 87' lang='lat' dir='ltr'>Leutherio</span> <span class='ocrx_word' id='word_1_443' title='bbox 1514 4009 1787 4064; x_wconf 84' lang='lat' dir='ltr'>Aleman-</span> 
     </span>
    </p>
   </div>
   <div class='ocr_carea' id='block_1_70' title="bbox 181 4096 1787 4169">
    <p class='ocr_par' dir='ltr' id='par_1_70' title="bbox 181 4096 1787 4169">
     <span class='ocr_line' id='line_1_70' title="bbox 181 4096 1787 4169; baseline 0.001 -20"><span class='ocrx_word' id='word_1_444' title='bbox 181 4111 398 4152; x_wconf 89' lang='lat' dir='ltr'>norum</span> <span class='ocrx_word' id='word_1_445' title='bbox 419 4098 609 4153; x_wconf 78' lang='lat' dir='ltr'>ell‘ccit</span> <span class='ocrx_word' id='word_1_446' title='bbox 639 4096 787 4163; x_wconf 89' lang='lat' dir='ltr'>duci,</span> <span class='ocrx_word' id='word_1_447' title='bbox 822 4115 855 4151; x_wconf 93' lang='lat' dir='ltr'>a</span> <span class='ocrx_word' id='word_1_448' title='bbox 884 4114 997 4169; x_wconf 85' lang='lat' dir='ltr'>quo</span> <span class='ocrx_word' id='word_1_449' title='bbox 1030 4096 1185 4152; x_wconf 86' lang='lat' dir='ltr'>idem</span> <span class='ocrx_word' id='word_1_450' title='bbox 1219 4098 1350 4152; x_wconf 90' lang='lat' dir='ltr'>Otto</span> <span class='ocrx_word' id='word_1_451' title='bbox 1379 4096 1603 4152; x_wconf 87' lang='lat' dir='ltr'>decimo</span> <span class='ocrx_word' id='word_1_452' title='bbox 1627 4096 1787 4167; x_wconf 89' lang='lat' dir='ltr'>Sige-</span> 
     </span>
    </p>
   </div>
   <div class='ocr_carea' id='block_1_71' title="bbox 180 4184 1788 4259">
    <p class='ocr_par' dir='ltr' id='par_1_71' title="bbox 180 4184 1788 4259">
     <span class='ocr_line' id='line_1_71' title="bbox 180 4184 1788 4259; baseline 0.001 -20"><span class='ocrx_word' id='word_1_453' title='bbox 180 4184 330 4240; x_wconf 84' lang='lat' dir='ltr'>berti</span> <span class='ocrx_word' id='word_1_454' title='bbox 354 4188 510 4259; x_wconf 84' lang='lat' dir='ltr'>regis</span> <span class='ocrx_word' id='word_1_455' title='bbox 531 4204 686 4243; x_wconf 91' lang='lat' dir='ltr'>anno</span> <span class='ocrx_word' id='word_1_456' title='bbox 709 4186 1043 4241; x_wconf 64' lang='lat' dir='ltr'>interfectus</span> <span class='ocrx_word' id='word_1_457' title='bbox 1059 4190 1164 4255; x_wconf 88' lang='lat' dir='ltr'>est,</span> <span class='ocrx_word' id='word_1_458' title='bbox 1184 4186 1607 4242; x_wconf 84' lang='lat' dir='ltr'>etGrimoaldus</span> <span class='ocrx_word' id='word_1_459' title='bbox 1624 4189 1680 4241; x_wconf 94' lang='lat' dir='ltr'>in</span> <span class='ocrx_word' id='word_1_460' title='bbox 1704 4189 1788 4242; x_wconf 90' lang='lat' dir='ltr'>lo-</span> 
     </span>
    </p>
   </div>
   <div class='ocr_carea' id='block_1_72' title="bbox 176 4273 1787 4347">
    <p class='ocr_par' dir='ltr' id='par_1_72' title="bbox 176 4273 1787 4347">
     <span class='ocr_line' id='line_1_72' title="bbox 176 4273 1787 4347; baseline 0.003 -22"><span class='ocrx_word' id='word_1_461' title='bbox 176 4288 308 4327; x_wconf 88' lang='lat' dir='ltr'>cum</span> <span class='ocrx_word' id='word_1_462' title='bbox 327 4275 708 4347; x_wconf 85' lang='lat' dir='ltr'>patrismajor</span> <span class='ocrx_word' id='word_1_463' title='bbox 720 4275 991 4330; x_wconf 90' lang='lat' dir='ltr'>domusin</span> <span class='ocrx_word' id='word_1_464' title='bbox 1008 4273 1249 4329; x_wconf 70' lang='lat' dir='ltr'>Austrize</span> <span class='ocrx_word' id='word_1_465' title='bbox 1272 4292 1452 4347; x_wconf 89' lang='lat' dir='ltr'>regno</span> <span class='ocrx_word' id='word_1_466' title='bbox 1481 4274 1787 4331; x_wconf 87' lang='lat' dir='ltr'>institutus.</span> 
     </span>
    </p>
   </div>
   <div class='ocr_carea' id='block_1_73' title="bbox 759 4364 1229 4418">
    <p class='ocr_par' dir='ltr' id='par_1_73' title="bbox 759 4364 1229 4418">
     <span class='ocr_line' id='line_1_73' title="bbox 759 4364 1229 4418; baseline 0 -1"><span class='ocrx_word' id='word_1_467' title='bbox 759 4364 981 4418; x_wconf 85' lang='lat' dir='ltr'><strong>CAPUT</strong></span> <span class='ocrx_word' id='word_1_468' title='bbox 1019 4364 1229 4418; x_wconf 87' lang='lat' dir='ltr'><strong>XXXIX.</strong></span> 
     </span>
    </p>
   </div>
   <div class='ocr_carea' id='block_1_74' title="bbox 178 4447 1795 4523">
    <p class='ocr_par' dir='ltr' id='par_1_74' title="bbox 178 4447 1795 4523">
     <span class='ocr_line' id='line_1_74' title="bbox 178 4447 1795 4523; baseline 0.002 -19"><span class='ocrx_word' id='word_1_469' title='bbox 178 4447 266 4504; x_wconf 78' lang='lat' dir='ltr'>De</span> <span class='ocrx_word' id='word_1_470' title='bbox 293 4451 562 4507; x_wconf 79' lang='lat' dir='ltr'>Flaucato</span> <span class='ocrx_word' id='word_1_471' title='bbox 596 4452 799 4523; x_wconf 77' lang='lat' dir='ltr'>majore</span> <span class='ocrx_word' id='word_1_472' title='bbox 828 4451 1011 4507; x_wconf 71' lang='lat' dir='ltr'>domm</span> <span class='ocrx_word' id='word_1_473' title='bbox 1042 4450 1408 4523; x_wconf 60' lang='lat' dir='ltr'>ﬂurgundz’ae,</span> <span class='ocrx_word' id='word_1_474' title='bbox 1445 4459 1495 4506; x_wconf 80' lang='lat' dir='ltr'>et</span> <span class='ocrx_word' id='word_1_475' title='bbox 1522 4452 1795 4508; x_wconf 66' lang='lat' dir='ltr'>simultate</span> 
     </span>
    </p>
   </div>
   <div class='ocr_carea' id='block_1_75' title="bbox 670 4521 1295 4597">
    <p class='ocr_par' dir='ltr' id='par_1_75' title="bbox 670 4521 1295 4597">
     <span class='ocr_line' id='line_1_75' title="bbox 670 4521 1295 4597; baseline 0.002 -20"><span class='ocrx_word' id='word_1_476' title='bbox 670 4521 799 4597; x_wconf 69' lang='lat' dir='ltr'>ejus</span> <span class='ocrx_word' id='word_1_477' title='bbox 824 4540 944 4576; x_wconf 84' lang='lat' dir='ltr'>cum</span> <span class='ocrx_word' id='word_1_478' title='bbox 986 4521 1295 4578; x_wconf 75' lang='lat' dir='ltr'>Willibado.</span> 
     </span>
    </p>
   </div>
   <div class='ocr_carea' id='block_1_76' title="bbox 244 4611 1793 4684">
    <p class='ocr_par' dir='ltr' id='par_1_76' title="bbox 244 4611 1793 4684">
     <span class='ocr_line' id='line_1_76' title="bbox 244 4611 1793 4684; baseline 0.003 -21"><span class='ocrx_word' id='word_1_479' title='bbox 244 4611 423 4666; x_wconf 80' lang='lat' dir='ltr'>Anno</span> <span class='ocrx_word' id='word_1_480' title='bbox 456 4629 507 4667; x_wconf 83' lang='lat' dir='ltr'>IV</span> <span class='ocrx_word' id='word_1_481' title='bbox 538 4611 703 4684; x_wconf 87' lang='lat' dir='ltr'>regni</span> <span class='ocrx_word' id='word_1_482' title='bbox 735 4611 816 4665; x_wconf 90' lang='lat' dir='ltr'>sui</span> <span class='ocrx_word' id='word_1_483' title='bbox 841 4611 1155 4666; x_wconf 88' lang='lat' dir='ltr'>Clodoveus</span> <span class='ocrx_word' id='word_1_484' title='bbox 1172 4628 1302 4666; x_wconf 91' lang='lat' dir='ltr'>cum</span> <span class='ocrx_word' id='word_1_485' title='bbox 1320 4611 1584 4666; x_wconf 88' lang='lat' dir='ltr'>Nantilde</span> <span class='ocrx_word' id='word_1_486' title='bbox 1606 4614 1793 4667; x_wconf 91' lang='lat' dir='ltr'>matre</span> 
     </span>
    </p>
   </div>
   <div class='ocr_carea' id='block_1_77' title="bbox 170 4695 1794 4771">
    <p class='ocr_par' dir='ltr' id='par_1_77' title="bbox 170 4695 1794 4771">
     <span class='ocr_line' id='line_1_77' title="bbox 170 4695 1794 4771; baseline 0.003 -22"><span class='ocrx_word' id='word_1_487' title='bbox 170 4695 502 4754; x_wconf 77' lang='lat' dir='ltr'>Aurelianis</span> <span class='ocrx_word' id='word_1_488' title='bbox 526 4703 700 4770; x_wconf 91' lang='lat' dir='ltr'>caput</span> <span class='ocrx_word' id='word_1_489' title='bbox 727 4700 893 4769; x_wconf 88' lang='lat' dir='ltr'>regni</span> <span class='ocrx_word' id='word_1_490' title='bbox 922 4699 1265 4769; x_wconf 80' lang='lat' dir='ltr'>Burgundioc</span> <span class='ocrx_word' id='word_1_491' title='bbox 1298 4699 1480 4771; x_wconf 91' lang='lat' dir='ltr'>petiit.</span> <span class='ocrx_word' id='word_1_492' title='bbox 1501 4700 1605 4755; x_wconf 93' lang='lat' dir='ltr'>Ubi</span> <span class='ocrx_word' id='word_1_493' title='bbox 1629 4700 1794 4754; x_wconf 91' lang='lat' dir='ltr'>adve-</span> 
     </span>
    </p>
   </div>
   <div class='ocr_carea' id='block_1_78' title="bbox 169 4783 1793 4862">
    <p class='ocr_par' dir='ltr' id='par_1_78' title="bbox 169 4783 1793 4862">
     <span class='ocr_line' id='line_1_78' title="bbox 169 4783 1793 4862; baseline 0.006 -28"><span class='ocrx_word' id='word_1_494' title='bbox 169 4783 408 4842; x_wconf 84' lang='lat' dir='ltr'>nientes</span> <span class='ocrx_word' id='word_1_495' title='bbox 434 4790 741 4862; x_wconf 84' lang='lat' dir='ltr'>pontiﬁces</span> <span class='ocrx_word' id='word_1_496' title='bbox 765 4804 830 4842; x_wconf 89' lang='lat' dir='ltr'>ac</span> <span class='ocrx_word' id='word_1_497' title='bbox 865 4787 1173 4858; x_wconf 86' lang='lat' dir='ltr'>optimates</span> <span class='ocrx_word' id='word_1_498' title='bbox 1204 4788 1381 4857; x_wconf 89' lang='lat' dir='ltr'>ipsius</span> <span class='ocrx_word' id='word_1_499' title='bbox 1409 4788 1616 4859; x_wconf 89' lang='lat' dir='ltr'>gentis,</span> <span class='ocrx_word' id='word_1_500' title='bbox 1647 4791 1704 4843; x_wconf 91' lang='lat' dir='ltr'>et</span> <span class='ocrx_word' id='word_1_501' title='bbox 1733 4806 1793 4844; x_wconf 92' lang='lat' dir='ltr'>se</span> 
     </span>
    </p>
   </div>
   <div class='ocr_carea' id='block_1_79' title="bbox 166 4870 1791 4933">
    <p class='ocr_par' dir='ltr' id='par_1_79' title="bbox 166 4870 1791 4933">
     <span class='ocr_line' id='line_1_79' title="bbox 166 4870 1791 4933; baseline 0.005 -11"><span class='ocrx_word' id='word_1_502' title='bbox 166 4870 440 4930; x_wconf 86' lang='lat' dir='ltr'>dominio</span> <span class='ocrx_word' id='word_1_503' title='bbox 469 4875 735 4930; x_wconf 86' lang='lat' dir='ltr'>Clodovei</span> <span class='ocrx_word' id='word_1_504' title='bbox 754 4875 1063 4933; x_wconf 86' lang='lat' dir='ltr'>tradentes.</span> <span class='ocrx_word' id='word_1_505' title='bbox 1085 4875 1791 4931; x_wconf 82' lang='lat' dir='ltr'>Nantildishumanissime</span> 
     </span>
    </p>
   </div>
   <div class='ocr_carea' id='block_1_80' title="bbox 165 4960 1790 5034">
    <p class='ocr_par' dir='ltr' id='par_1_80' title="bbox 165 4960 1790 5034">
     <span class='ocr_line' id='line_1_80' title="bbox 165 4960 1790 5034; baseline 0.006 -25"><span class='ocrx_word' id='word_1_506' title='bbox 165 4960 463 5030; x_wconf 82' lang='lat' dir='ltr'>tractavit,</span> <span class='ocrx_word' id='word_1_507' title='bbox 478 4969 656 5034; x_wconf 86' lang='lat' dir='ltr'>utque</span> <span class='ocrx_word' id='word_1_508' title='bbox 672 4964 789 5017; x_wconf 79' lang='lat' dir='ltr'>filio</span> <span class='ocrx_word' id='word_1_509' title='bbox 805 4963 979 5017; x_wconf 80' lang='lat' dir='ltr'>fidem</span> <span class='ocrx_word' id='word_1_510' title='bbox 993 4967 1287 5018; x_wconf 85' lang='lat' dir='ltr'>servarent</span> <span class='ocrx_word' id='word_1_511' title='bbox 1300 4964 1620 5018; x_wconf 89' lang='lat' dir='ltr'>admonuit.</span> <span class='ocrx_word' id='word_1_512' title='bbox 1640 4963 1790 5027; x_wconf 84' lang='lat' dir='ltr'>Quo-</span> 
     </span>
    </p>
   </div>
   <div class='ocr_carea' id='block_1_81' title="bbox 164 5051 1790 5123">
    <p class='ocr_par' dir='ltr' id='par_1_81' title="bbox 164 5051 1790 5123">
     <span class='ocr_line' id='line_1_81' title="bbox 164 5051 1790 5123; baseline 0.004 -23"><span class='ocrx_word' id='word_1_513' title='bbox 164 5061 298 5103; x_wconf 83' lang='lat' dir='ltr'>rum</span> <span class='ocrx_word' id='word_1_514' title='bbox 333 5051 593 5105; x_wconf 86' lang='lat' dir='ltr'>Consilio</span> <span class='ocrx_word' id='word_1_515' title='bbox 624 5052 980 5117; x_wconf 82' lang='lat' dir='ltr'>Flaucatum,</span> <span class='ocrx_word' id='word_1_516' title='bbox 1015 5051 1253 5105; x_wconf 84' lang='lat' dir='ltr'>Francia</span> <span class='ocrx_word' id='word_1_517' title='bbox 1284 5052 1619 5118; x_wconf 91' lang='lat' dir='ltr'>oriundum,</span> <span class='ocrx_word' id='word_1_518' title='bbox 1642 5069 1790 5123; x_wconf 68' lang='lat' dir='ltr'>pras-</span> 
     </span>
    </p>
   </div>
   <div class='ocr_carea' id='block_1_82' title="bbox 164 5134 1793 5212">
    <p class='ocr_par' dir='ltr' id='par_1_82' title="bbox 164 5134 1793 5212">
     <span class='ocr_line' id='line_1_82' title="bbox 164 5134 1793 5212; baseline 0.004 -23"><span class='ocrx_word' id='word_1_519' title='bbox 164 5134 396 5194; x_wconf 82' lang='lat' dir='ltr'>fectnm</span> <span class='ocrx_word' id='word_1_520' title='bbox 430 5140 683 5193; x_wconf 89' lang='lat' dir='ltr'>instituit</span> <span class='ocrx_word' id='word_1_521' title='bbox 705 5140 925 5210; x_wconf 88' lang='lat' dir='ltr'>palatii,</span> <span class='ocrx_word' id='word_1_522' title='bbox 948 5140 1163 5194; x_wconf 88' lang='lat' dir='ltr'>sociata</span> <span class='ocrx_word' id='word_1_523' title='bbox 1185 5140 1234 5193; x_wconf 93' lang='lat' dir='ltr'>ei</span> <span class='ocrx_word' id='word_1_524' title='bbox 1256 5145 1428 5212; x_wconf 91' lang='lat' dir='ltr'>nepte</span> <span class='ocrx_word' id='word_1_525' title='bbox 1451 5157 1552 5195; x_wconf 90' lang='lat' dir='ltr'>sua</span> <span class='ocrx_word' id='word_1_526' title='bbox 1574 5142 1793 5211; x_wconf 78' lang='lat' dir='ltr'>Bagae-</span> 
     </span>
    </p>
   </div>
   <div class='ocr_carea' id='block_1_83' title="bbox 161 5222 1794 5285">
    <p class='ocr_par' dir='ltr' id='par_1_83' title="bbox 161 5222 1794 5285">
     <span class='ocr_line' id='line_1_83' title="bbox 161 5222 1794 5285; baseline 0.004 -7"><span class='ocrx_word' id='word_1_527' title='bbox 161 5222 339 5281; x_wconf 84' lang='lat' dir='ltr'>berta</span> <span class='ocrx_word' id='word_1_528' title='bbox 370 5228 427 5283; x_wconf 93' lang='lat' dir='ltr'>in</span> <span class='ocrx_word' id='word_1_529' title='bbox 458 5227 927 5282; x_wconf 84' lang='lat' dir='ltr'>matrimonium.</span> <span class='ocrx_word' id='word_1_530' title='bbox 957 5230 1036 5283; x_wconf 89' lang='lat' dir='ltr'>De</span> <span class='ocrx_word' id='word_1_531' title='bbox 1063 5232 1270 5282; x_wconf 63' lang='lat' dir='ltr'>caetero</span> <span class='ocrx_word' id='word_1_532' title='bbox 1304 5228 1715 5285; x_wconf 90' lang='lat' dir='ltr'>Erchinoaldus</span> <span class='ocrx_word' id='word_1_533' title='bbox 1735 5232 1794 5284; x_wconf 89' lang='lat' dir='ltr'>et</span> 
     </span>
    </p>
   </div>
   <div class='ocr_carea' id='block_1_84' title="bbox 165 5309 1792 5390">
    <p class='ocr_par' dir='ltr' id='par_1_84' title="bbox 165 5309 1792 5390">
     <span class='ocr_line' id='line_1_84' title="bbox 165 5309 1792 5390; baseline 0.006 -27"><span class='ocrx_word' id='word_1_534' title='bbox 165 5309 480 5371; x_wconf 77' lang='lat' dir='ltr'>Flaucatus</span> <span class='ocrx_word' id='word_1_535' title='bbox 503 5315 782 5388; x_wconf 88' lang='lat' dir='ltr'>(quorum</span> <span class='ocrx_word' id='word_1_536' title='bbox 810 5333 956 5370; x_wconf 91' lang='lat' dir='ltr'>unus</span> <span class='ocrx_word' id='word_1_537' title='bbox 978 5316 1429 5386; x_wconf 67' lang='lat' dir='ltr'>Neustriaa,alter</span> <span class='ocrx_word' id='word_1_538' title='bbox 1446 5318 1792 5390; x_wconf 73' lang='lat' dir='ltr'>Burgundios</span> 
     </span>
    </p>
   </div>
   <div class='ocr_carea' id='block_1_85' title="bbox 168 5404 1794 5475">
    <p class='ocr_par' dir='ltr' id='par_1_85' title="bbox 168 5404 1794 5475">
     <span class='ocr_line' id='line_1_85' title="bbox 168 5404 1794 5475; baseline 0.003 -19"><span class='ocrx_word' id='word_1_539' title='bbox 168 5406 304 5469; x_wconf 80' lang='lat' dir='ltr'>post</span> <span class='ocrx_word' id='word_1_540' title='bbox 334 5420 541 5475; x_wconf 78' lang='lat' dir='ltr'>regem</span> <span class='ocrx_word' id='word_1_541' title='bbox 564 5407 810 5473; x_wconf 56' lang='lat' dir='ltr'>praeerat</span> <span class='ocrx_word' id='word_1_542' title='bbox 827 5404 989 5474; x_wconf 68' lang='lat' dir='ltr'>aulae)</span> <span class='ocrx_word' id='word_1_543' title='bbox 1009 5405 1235 5459; x_wconf 88' lang='lat' dir='ltr'>dextras</span> <span class='ocrx_word' id='word_1_544' title='bbox 1257 5405 1361 5460; x_wconf 84' lang='lat' dir='ltr'>sibi</span> <span class='ocrx_word' id='word_1_545' title='bbox 1386 5409 1599 5460; x_wconf 64' lang='lat' dir='ltr'>mutuae</span> <span class='ocrx_word' id='word_1_546' title='bbox 1621 5406 1794 5461; x_wconf 89' lang='lat' dir='ltr'>socie-</span> 
     </span>
    </p>
   </div>
   <div class='ocr_carea' id='block_1_86' title="bbox 169 5489 1791 5559">
    <p class='ocr_par' dir='ltr' id='par_1_86' title="bbox 169 5489 1791 5559">
     <span class='ocr_line' id='line_1_86' title="bbox 169 5489 1791 5559; baseline 0.006 -20"><span class='ocrx_word' id='word_1_547' title='bbox 169 5489 305 5544; x_wconf 82' lang='lat' dir='ltr'>tatis</span> <span class='ocrx_word' id='word_1_548' title='bbox 332 5492 407 5546; x_wconf 85' lang='lat' dir='ltr'>ad</span> <span class='ocrx_word' id='word_1_549' title='bbox 442 5492 687 5546; x_wconf 84' lang='lat' dir='ltr'>invicem</span> <span class='ocrx_word' id='word_1_550' title='bbox 717 5492 1023 5559; x_wconf 87' lang='lat' dir='ltr'>dederunt,</span> <span class='ocrx_word' id='word_1_551' title='bbox 1057 5492 1190 5547; x_wconf 90' lang='lat' dir='ltr'>utin</span> <span class='ocrx_word' id='word_1_552' title='bbox 1219 5494 1517 5549; x_wconf 89' lang='lat' dir='ltr'>communi</span> <span class='ocrx_word' id='word_1_553' title='bbox 1544 5498 1791 5550; x_wconf 88' lang='lat' dir='ltr'>tractatu</span> 
     </span>
    </p>
   </div>
   <div class='ocr_carea' id='block_1_87' title="bbox 168 5578 1789 5654">
    <p class='ocr_par' dir='ltr' id='par_1_87' title="bbox 168 5578 1789 5654">
     <span class='ocr_line' id='line_1_87' title="bbox 168 5578 1789 5654; baseline 0.004 -24"><span class='ocrx_word' id='word_1_554' title='bbox 168 5578 418 5652; x_wconf 82' lang='lat' dir='ltr'>parique</span> <span class='ocrx_word' id='word_1_555' title='bbox 440 5597 748 5645; x_wconf 69' lang='lat' dir='ltr'>consensu,</span> <span class='ocrx_word' id='word_1_556' title='bbox 763 5597 888 5652; x_wconf 65' lang='lat' dir='ltr'>qua:</span> <span class='ocrx_word' id='word_1_557' title='bbox 920 5581 1076 5651; x_wconf 84' lang='lat' dir='ltr'>pacis</span> <span class='ocrx_word' id='word_1_558' title='bbox 1097 5586 1287 5637; x_wconf 86' lang='lat' dir='ltr'>essent</span> <span class='ocrx_word' id='word_1_559' title='bbox 1306 5586 1610 5649; x_wconf 86' lang='lat' dir='ltr'>sectantes,</span> <span class='ocrx_word' id='word_1_560' title='bbox 1622 5583 1789 5654; x_wconf 90' lang='lat' dir='ltr'>justi-</span> 
     </span>
    </p>
   </div>
   <div class='ocr_carea' id='block_1_88' title="bbox 170 5667 1793 5746">
    <p class='ocr_par' dir='ltr' id='par_1_88' title="bbox 170 5667 1793 5746">
     <span class='ocr_line' id='line_1_88' title="bbox 170 5667 1793 5746; baseline 0.005 -27"><span class='ocrx_word' id='word_1_561' title='bbox 170 5667 268 5722; x_wconf 73' lang='lat' dir='ltr'>tia:</span> <span class='ocrx_word' id='word_1_562' title='bbox 291 5673 358 5724; x_wconf 88' lang='lat' dir='ltr'>et</span> <span class='ocrx_word' id='word_1_563' title='bbox 377 5668 880 5743; x_wconf 68' lang='lat' dir='ltr'>azquitatisjurain</span> <span class='ocrx_word' id='word_1_564' title='bbox 912 5668 1151 5726; x_wconf 85' lang='lat' dir='ltr'>subditis</span> <span class='ocrx_word' id='word_1_565' title='bbox 1186 5672 1560 5728; x_wconf 84' lang='lat' dir='ltr'>custodirent.</span> <span class='ocrx_word' id='word_1_566' title='bbox 1593 5672 1633 5726; x_wconf 91' lang='lat' dir='ltr'><strong>E</strong></span> <span class='ocrx_word' id='word_1_567' title='bbox 1663 5672 1793 5746; x_wconf 91' lang='lat' dir='ltr'>qui-</span> 
     </span>
    </p>
   </div>
   <div class='ocr_carea' id='block_1_89' title="bbox 1897 3112 3505 3187">
    <p class='ocr_par' dir='ltr' id='par_1_89' title="bbox 1897 3112 3505 3187">
     <span class='ocr_line' id='line_1_89' title="bbox 1897 3112 3505 3187; baseline -0.001 -18"><span class='ocrx_word' id='word_1_568' title='bbox 1897 3113 2236 3187; x_wconf 67' lang='lat' dir='ltr'>prazparatis</span> <span class='ocrx_word' id='word_1_569' title='bbox 2261 3113 2483 3169; x_wconf 89' lang='lat' dir='ltr'>insidiis</span> <span class='ocrx_word' id='word_1_570' title='bbox 2514 3130 2632 3169; x_wconf 92' lang='lat' dir='ltr'>non</span> <span class='ocrx_word' id='word_1_571' title='bbox 2664 3113 2984 3185; x_wconf 87' lang='lat' dir='ltr'>ignoraret,</span> <span class='ocrx_word' id='word_1_572' title='bbox 3004 3112 3386 3184; x_wconf 85' lang='lat' dir='ltr'>periculosum</span> <span class='ocrx_word' id='word_1_573' title='bbox 3418 3115 3505 3167; x_wconf 90' lang='lat' dir='ltr'>ta-</span> 
     </span>
    </p>
   </div>
   <div class='ocr_carea' id='block_1_90' title="bbox 1902 3200 3504 3274">
    <p class='ocr_par' dir='ltr' id='par_1_90' title="bbox 1902 3200 3504 3274">
     <span class='ocr_line' id='line_1_90' title="bbox 1902 3200 3504 3274; baseline -0.001 -17"><span class='ocrx_word' id='word_1_574' title='bbox 1902 3220 2038 3257; x_wconf 90' lang='lat' dir='ltr'>men</span> <span class='ocrx_word' id='word_1_575' title='bbox 2074 3202 2385 3257; x_wconf 88' lang='lat' dir='ltr'>arbitratus</span> <span class='ocrx_word' id='word_1_576' title='bbox 2404 3202 2527 3273; x_wconf 89' lang='lat' dir='ltr'>regi</span> <span class='ocrx_word' id='word_1_577' title='bbox 2550 3218 2667 3257; x_wconf 90' lang='lat' dir='ltr'>non</span> <span class='ocrx_word' id='word_1_578' title='bbox 2691 3202 2951 3269; x_wconf 89' lang='lat' dir='ltr'>obedire,</span> <span class='ocrx_word' id='word_1_579' title='bbox 2975 3201 3139 3257; x_wconf 89' lang='lat' dir='ltr'>dictis</span> <span class='ocrx_word' id='word_1_580' title='bbox 3153 3200 3389 3273; x_wconf 89' lang='lat' dir='ltr'>quidem</span> <span class='ocrx_word' id='word_1_581' title='bbox 3402 3217 3504 3274; x_wconf 87' lang='lat' dir='ltr'>pa-</span> 
     </span>
    </p>
   </div>
   <div class='ocr_carea' id='block_1_91' title="bbox 1899 3290 3500 3362">
    <p class='ocr_par' dir='ltr' id='par_1_91' title="bbox 1899 3290 3500 3362">
     <span class='ocr_line' id='line_1_91' title="bbox 1899 3290 3500 3362; baseline 0.001 -17"><span class='ocrx_word' id='word_1_582' title='bbox 1899 3291 2034 3357; x_wconf 91' lang='lat' dir='ltr'>ruit,</span> <span class='ocrx_word' id='word_1_583' title='bbox 2060 3308 2189 3362; x_wconf 69' lang='lat' dir='ltr'>quas</span> <span class='ocrx_word' id='word_1_584' title='bbox 2207 3307 2323 3346; x_wconf 89' lang='lat' dir='ltr'>non</span> <span class='ocrx_word' id='word_1_585' title='bbox 2350 3291 2600 3345; x_wconf 88' lang='lat' dir='ltr'>audebat</span> <span class='ocrx_word' id='word_1_586' title='bbox 2628 3291 2926 3359; x_wconf 86' lang='lat' dir='ltr'>refellere;</span> <span class='ocrx_word' id='word_1_587' title='bbox 2961 3290 3062 3346; x_wconf 93' lang='lat' dir='ltr'>sed</span> <span class='ocrx_word' id='word_1_588' title='bbox 3090 3290 3279 3345; x_wconf 85' lang='lat' dir='ltr'>valida</span> <span class='ocrx_word' id='word_1_589' title='bbox 3307 3306 3500 3346; x_wconf 89' lang='lat' dir='ltr'>arma-</span> 
     </span>
    </p>
   </div>
   <div class='ocr_carea' id='block_1_92' title="bbox 1900 3377 3509 3455">
    <p class='ocr_par' dir='ltr' id='par_1_92' title="bbox 1900 3377 3509 3455">
     <span class='ocr_line' id='line_1_92' title="bbox 1900 3377 3509 3455; baseline 0.001 -22"><span class='ocrx_word' id='word_1_590' title='bbox 1900 3383 2093 3433; x_wconf 91' lang='lat' dir='ltr'>torum</span> <span class='ocrx_word' id='word_1_591' title='bbox 2109 3379 2350 3433; x_wconf 85' lang='lat' dir='ltr'>vallatus</span> <span class='ocrx_word' id='word_1_592' title='bbox 2362 3378 2733 3434; x_wconf 90' lang='lat' dir='ltr'>multitudine</span> <span class='ocrx_word' id='word_1_593' title='bbox 2751 3379 3124 3437; x_wconf 87' lang='lat' dir='ltr'>adventabat.</span> <span class='ocrx_word' id='word_1_594' title='bbox 3137 3377 3239 3433; x_wconf 89' lang='lat' dir='ltr'>Cui</span> <span class='ocrx_word' id='word_1_595' title='bbox 3257 3378 3509 3455; x_wconf 88' lang='lat' dir='ltr'>occurrit</span> 
     </span>
    </p>
   </div>
   <div class='ocr_carea' id='block_1_93' title="bbox 1896 3464 3507 3538">
    <p class='ocr_par' dir='ltr' id='par_1_93' title="bbox 1896 3464 3507 3538">
     <span class='ocr_line' id='line_1_93' title="bbox 1896 3464 3507 3538; baseline -0.001 -17"><span class='ocrx_word' id='word_1_596' title='bbox 1896 3466 2262 3522; x_wconf 87' lang='lat' dir='ltr'>Ermenricus</span> <span class='ocrx_word' id='word_1_597' title='bbox 2289 3465 2550 3538; x_wconf 89' lang='lat' dir='ltr'>quidam,</span> <span class='ocrx_word' id='word_1_598' title='bbox 2580 3483 2711 3521; x_wconf 88' lang='lat' dir='ltr'>cum</span> <span class='ocrx_word' id='word_1_599' title='bbox 2735 3466 2860 3522; x_wconf 88' lang='lat' dir='ltr'>aliis</span> <span class='ocrx_word' id='word_1_600' title='bbox 2878 3483 2944 3521; x_wconf 85' lang='lat' dir='ltr'>ex</span> <span class='ocrx_word' id='word_1_601' title='bbox 2963 3481 3209 3521; x_wconf 90' lang='lat' dir='ltr'>numero</span> <span class='ocrx_word' id='word_1_602' title='bbox 3223 3464 3507 3521; x_wconf 90' lang='lat' dir='ltr'>nobilium</span> 
     </span>
    </p>
   </div>
   <div class='ocr_carea' id='block_1_94' title="bbox 1890 3552 3498 3625">
    <p class='ocr_par' dir='ltr' id='par_1_94' title="bbox 1890 3552 3498 3625">
     <span class='ocr_line' id='line_1_94' title="bbox 1890 3552 3498 3625; baseline -0.001 -16"><span class='ocrx_word' id='word_1_603' title='bbox 1890 3570 1924 3609; x_wconf 88' lang='lat' dir='ltr'>a</span> <span class='ocrx_word' id='word_1_604' title='bbox 1962 3570 2101 3625; x_wconf 91' lang='lat' dir='ltr'>rege</span> <span class='ocrx_word' id='word_1_605' title='bbox 2123 3554 2392 3622; x_wconf 89' lang='lat' dir='ltr'>directus,</span> <span class='ocrx_word' id='word_1_606' title='bbox 2423 3557 2488 3609; x_wconf 85' lang='lat' dir='ltr'>ut</span> <span class='ocrx_word' id='word_1_607' title='bbox 2515 3570 2650 3609; x_wconf 91' lang='lat' dir='ltr'>eum</span> <span class='ocrx_word' id='word_1_608' title='bbox 2664 3553 2786 3609; x_wconf 90' lang='lat' dir='ltr'>sine</span> <span class='ocrx_word' id='word_1_609' title='bbox 2816 3553 3184 3609; x_wconf 87' lang='lat' dir='ltr'>cunctatione</span> <span class='ocrx_word' id='word_1_610' title='bbox 3228 3552 3301 3608; x_wconf 82' lang='lat' dir='ltr'>ad</span> <span class='ocrx_word' id='word_1_611' title='bbox 3335 3554 3498 3623; x_wconf 88' lang='lat' dir='ltr'>pala-</span> 
     </span>
    </p>
   </div>
   <div class='ocr_carea' id='block_1_95' title="bbox 1892 3640 3508 3717">
    <p class='ocr_par' dir='ltr' id='par_1_95' title="bbox 1892 3640 3508 3717">
     <span class='ocr_line' id='line_1_95' title="bbox 1892 3640 3508 3717; baseline 0.001 -21"><span class='ocrx_word' id='word_1_612' title='bbox 1892 3643 2036 3697; x_wconf 89' lang='lat' dir='ltr'>tium</span> <span class='ocrx_word' id='word_1_613' title='bbox 2054 3642 2265 3697; x_wconf 91' lang='lat' dir='ltr'>debere</span> <span class='ocrx_word' id='word_1_614' title='bbox 2276 3659 2592 3717; x_wconf 87' lang='lat' dir='ltr'>properare</span> <span class='ocrx_word' id='word_1_615' title='bbox 2605 3641 3249 3713; x_wconf 88' lang='lat' dir='ltr'>hortaretur,simulque</span> <span class='ocrx_word' id='word_1_616' title='bbox 3261 3643 3324 3696; x_wconf 92' lang='lat' dir='ltr'>ut</span> <span class='ocrx_word' id='word_1_617' title='bbox 3335 3640 3508 3697; x_wconf 84' lang='lat' dir='ltr'>fidem</span> 
     </span>
    </p>
   </div>
   <div class='ocr_carea' id='block_1_96' title="bbox 1894 3729 3505 3801">
    <p class='ocr_par' dir='ltr' id='par_1_96' title="bbox 1894 3729 3505 3801">
     <span class='ocr_line' id='line_1_96' title="bbox 1894 3729 3505 3801; baseline 0 -17"><span class='ocrx_word' id='word_1_618' title='bbox 1894 3730 2221 3798; x_wconf 86' lang='lat' dir='ltr'>daret,eum</span> <span class='ocrx_word' id='word_1_619' title='bbox 2242 3730 2323 3784; x_wconf 91' lang='lat' dir='ltr'>nil</span> <span class='ocrx_word' id='word_1_620' title='bbox 2354 3730 2607 3785; x_wconf 63' lang='lat' dir='ltr'>lassionis</span> <span class='ocrx_word' id='word_1_621' title='bbox 2631 3731 2691 3784; x_wconf 89' lang='lat' dir='ltr'>in</span> <span class='ocrx_word' id='word_1_622' title='bbox 2722 3731 2918 3785; x_wconf 89' lang='lat' dir='ltr'>eundo</span> <span class='ocrx_word' id='word_1_623' title='bbox 2950 3729 3038 3784; x_wconf 86' lang='lat' dir='ltr'>vel</span> <span class='ocrx_word' id='word_1_624' title='bbox 3065 3729 3364 3785; x_wconf 85' lang='lat' dir='ltr'>redeundo</span> <span class='ocrx_word' id='word_1_625' title='bbox 3396 3745 3505 3801; x_wconf 91' lang='lat' dir='ltr'>per</span> 
     </span>
    </p>
   </div>
   <div class='ocr_carea' id='block_1_97' title="bbox 1889 3818 3503 3889">
    <p class='ocr_par' dir='ltr' id='par_1_97' title="bbox 1889 3818 3503 3889">
     <span class='ocr_line' id='line_1_97' title="bbox 1889 3818 3503 3889; baseline -0.001 -17"><span class='ocrx_word' id='word_1_626' title='bbox 1889 3833 2056 3888; x_wconf 90' lang='lat' dir='ltr'>pessu</span> <span class='ocrx_word' id='word_1_627' title='bbox 2070 3835 2220 3872; x_wconf 91' lang='lat' dir='ltr'>rum.</span> <span class='ocrx_word' id='word_1_628' title='bbox 2252 3819 2425 3889; x_wconf 86' lang='lat' dir='ltr'>Cujus</span> <span class='ocrx_word' id='word_1_629' title='bbox 2452 3818 2638 3874; x_wconf 82' lang='lat' dir='ltr'>verbis</span> <span class='ocrx_word' id='word_1_630' title='bbox 2658 3835 2777 3873; x_wconf 90' lang='lat' dir='ltr'>non</span> <span class='ocrx_word' id='word_1_631' title='bbox 2812 3835 2879 3873; x_wconf 85' lang='lat' dir='ltr'>ex</span> <span class='ocrx_word' id='word_1_632' title='bbox 2909 3821 3032 3873; x_wconf 87' lang='lat' dir='ltr'>toto</span> <span class='ocrx_word' id='word_1_633' title='bbox 3063 3818 3349 3889; x_wconf 86' lang='lat' dir='ltr'>derogans</span> <span class='ocrx_word' id='word_1_634' title='bbox 3379 3833 3503 3872; x_wconf 87' lang='lat' dir='ltr'>cre-</span> 
     </span>
    </p>
   </div>
   <div class='ocr_carea' id='block_1_98' title="bbox 1889 3903 3498 3973">
    <p class='ocr_par' dir='ltr' id='par_1_98' title="bbox 1889 3903 3498 3973">
     <span class='ocr_line' id='line_1_98' title="bbox 1889 3903 3498 3973; baseline 0.001 -14"><span class='ocrx_word' id='word_1_635' title='bbox 1889 3904 2212 3973; x_wconf 90' lang='lat' dir='ltr'>dulitatem,</span> <span class='ocrx_word' id='word_1_636' title='bbox 2248 3906 2386 3961; x_wconf 87' lang='lat' dir='ltr'>ibat.</span> <span class='ocrx_word' id='word_1_637' title='bbox 2411 3906 2594 3970; x_wconf 87' lang='lat' dir='ltr'>Quem</span> <span class='ocrx_word' id='word_1_638' title='bbox 2618 3905 2797 3959; x_wconf 89' lang='lat' dir='ltr'>etiam</span> <span class='ocrx_word' id='word_1_639' title='bbox 2829 3904 2994 3960; x_wconf 88' lang='lat' dir='ltr'>donis</span> <span class='ocrx_word' id='word_1_640' title='bbox 3017 3903 3378 3959; x_wconf 89' lang='lat' dir='ltr'>uberioribus</span> <span class='ocrx_word' id='word_1_641' title='bbox 3394 3905 3498 3960; x_wconf 86' lang='lat' dir='ltr'>ho-</span> 
     </span>
    </p>
   </div>
   <div class='ocr_carea' id='block_1_99' title="bbox 1892 3992 3504 4065">
    <p class='ocr_par' dir='ltr' id='par_1_99' title="bbox 1892 3992 3504 4065">
     <span class='ocr_line' id='line_1_99' title="bbox 1892 3992 3504 4065; baseline 0.002 -19"><span class='ocrx_word' id='word_1_642' title='bbox 1892 3992 2141 4061; x_wconf 88' lang='lat' dir='ltr'>noravit,</span> <span class='ocrx_word' id='word_1_643' title='bbox 2173 3996 2231 4048; x_wconf 89' lang='lat' dir='ltr'>et</span> <span class='ocrx_word' id='word_1_644' title='bbox 2260 3998 2323 4049; x_wconf 85' lang='lat' dir='ltr'>ut</span> <span class='ocrx_word' id='word_1_645' title='bbox 2342 4010 2400 4048; x_wconf 92' lang='lat' dir='ltr'>se</span> <span class='ocrx_word' id='word_1_646' title='bbox 2418 3994 2491 4049; x_wconf 89' lang='lat' dir='ltr'>ad</span> <span class='ocrx_word' id='word_1_647' title='bbox 2515 3992 2803 4048; x_wconf 87' lang='lat' dir='ltr'>civitatem</span> <span class='ocrx_word' id='word_1_648' title='bbox 2858 3992 3215 4065; x_wconf 66' lang='lat' dir='ltr'>praecederet</span> <span class='ocrx_word' id='word_1_649' title='bbox 3255 3992 3504 4063; x_wconf 87' lang='lat' dir='ltr'>rogavit.</span> 
     </span>
    </p>
   </div>
   <div class='ocr_carea' id='block_1_100' title="bbox 1891 4079 3505 4151">
    <p class='ocr_par' dir='ltr' id='par_1_100' title="bbox 1891 4079 3505 4151">
     <span class='ocr_line' id='line_1_100' title="bbox 1891 4079 3505 4151; baseline -0.001 -17"><span class='ocrx_word' id='word_1_650' title='bbox 1891 4081 2306 4137; x_wconf 84' lang='lat' dir='ltr'>Verumtamen</span> <span class='ocrx_word' id='word_1_651' title='bbox 2336 4099 2440 4137; x_wconf 91' lang='lat' dir='ltr'>nec</span> <span class='ocrx_word' id='word_1_652' title='bbox 2472 4082 2551 4137; x_wconf 90' lang='lat' dir='ltr'>sic</span> <span class='ocrx_word' id='word_1_653' title='bbox 2581 4081 2933 4136; x_wconf 86' lang='lat' dir='ltr'>sufficienter</span> <span class='ocrx_word' id='word_1_654' title='bbox 2978 4079 3062 4135; x_wconf 91' lang='lat' dir='ltr'>sui</span> <span class='ocrx_word' id='word_1_655' title='bbox 3087 4096 3338 4146; x_wconf 90' lang='lat' dir='ltr'>securus,</span> <span class='ocrx_word' id='word_1_656' title='bbox 3368 4079 3505 4151; x_wconf 84' lang='lat' dir='ltr'>Agi-</span> 
     </span>
    </p>
   </div>
   <div class='ocr_carea' id='block_1_101' title="bbox 1892 4167 3505 4242">
    <p class='ocr_par' dir='ltr' id='par_1_101' title="bbox 1892 4167 3505 4242">
     <span class='ocr_line' id='line_1_101' title="bbox 1892 4167 3505 4242; baseline -0.001 -19"><span class='ocrx_word' id='word_1_657' title='bbox 1892 4170 2118 4235; x_wconf 88' lang='lat' dir='ltr'>lulfum,</span> <span class='ocrx_word' id='word_1_658' title='bbox 2152 4171 2423 4225; x_wconf 60' lang='lat' dir='ltr'>Valentia:</span> <span class='ocrx_word' id='word_1_659' title='bbox 2451 4171 2781 4242; x_wconf 72' lang='lat' dir='ltr'>praesulem,</span> <span class='ocrx_word' id='word_1_660' title='bbox 2807 4186 2872 4224; x_wconf 89' lang='lat' dir='ltr'>ac</span> <span class='ocrx_word' id='word_1_661' title='bbox 2885 4168 3207 4223; x_wconf 87' lang='lat' dir='ltr'>Wisconem</span> <span class='ocrx_word' id='word_1_662' title='bbox 3230 4167 3505 4223; x_wconf 87' lang='lat' dir='ltr'>comitem</span> 
     </span>
    </p>
   </div>
   <div class='ocr_carea' id='block_1_102' title="bbox 1893 4256 3506 4330">
    <p class='ocr_par' dir='ltr' id='par_1_102' title="bbox 1893 4256 3506 4330">
     <span class='ocr_line' id='line_1_102' title="bbox 1893 4256 3506 4330; baseline -0.001 -19"><span class='ocrx_word' id='word_1_663' title='bbox 1893 4258 1968 4312; x_wconf 88' lang='lat' dir='ltr'>ad</span> <span class='ocrx_word' id='word_1_664' title='bbox 2000 4258 2220 4329; x_wconf 90' lang='lat' dir='ltr'>regiam</span> <span class='ocrx_word' id='word_1_665' title='bbox 2250 4276 2370 4330; x_wconf 73' lang='lat' dir='ltr'>pra:</span> <span class='ocrx_word' id='word_1_666' title='bbox 2401 4276 2461 4312; x_wconf 92' lang='lat' dir='ltr'>se</span> <span class='ocrx_word' id='word_1_667' title='bbox 2492 4258 2574 4313; x_wconf 89' lang='lat' dir='ltr'>ire</span> <span class='ocrx_word' id='word_1_668' title='bbox 2598 4258 2766 4329; x_wconf 90' lang='lat' dir='ltr'>jubet</span> <span class='ocrx_word' id='word_1_669' title='bbox 2796 4258 3011 4324; x_wconf 90' lang='lat' dir='ltr'>aulam,</span> <span class='ocrx_word' id='word_1_670' title='bbox 3061 4259 3120 4311; x_wconf 91' lang='lat' dir='ltr'>et</span> <span class='ocrx_word' id='word_1_671' title='bbox 3148 4273 3275 4328; x_wconf 66' lang='lat' dir='ltr'>quae</span> <span class='ocrx_word' id='word_1_672' title='bbox 3317 4256 3387 4310; x_wconf 91' lang='lat' dir='ltr'>de</span> <span class='ocrx_word' id='word_1_673' title='bbox 3438 4273 3506 4311; x_wconf 91' lang='lat' dir='ltr'>eo</span> 
     </span>
    </p>
   </div>
   <div class='ocr_carea' id='block_1_103' title="bbox 1813 4336 3505 4419">
    <p class='ocr_par' dir='ltr' id='par_1_103' title="bbox 1813 4336 3505 4419">
     <span class='ocr_line' id='line_1_103' title="bbox 1813 4336 3505 4419; baseline -0.001 -18"><span class='ocrx_word' id='word_1_674' title='bbox 1813 4336 1868 4395; x_wconf 85' lang='lat' dir='ltr'><strong>D</strong></span> <span class='ocrx_word' id='word_1_675' title='bbox 1896 4350 2214 4417; x_wconf 89' lang='lat' dir='ltr'>agerentur</span> <span class='ocrx_word' id='word_1_676' title='bbox 2242 4363 2559 4419; x_wconf 88' lang='lat' dir='ltr'>agnoscere</span> <span class='ocrx_word' id='word_1_677' title='bbox 2585 4346 2896 4419; x_wconf 89' lang='lat' dir='ltr'>agnitaque</span> <span class='ocrx_word' id='word_1_678' title='bbox 2922 4346 2996 4400; x_wconf 90' lang='lat' dir='ltr'>ad</span> <span class='ocrx_word' id='word_1_679' title='bbox 3026 4362 3085 4401; x_wconf 91' lang='lat' dir='ltr'>se</span> <span class='ocrx_word' id='word_1_680' title='bbox 3111 4344 3384 4400; x_wconf 89' lang='lat' dir='ltr'>velociter</span> <span class='ocrx_word' id='word_1_681' title='bbox 3414 4362 3505 4400; x_wconf 88' lang='lat' dir='ltr'>re-</span> 
     </span>
    </p>
   </div>
   <div class='ocr_carea' id='block_1_104' title="bbox 1895 4433 3509 4508">
    <p class='ocr_par' dir='ltr' id='par_1_104' title="bbox 1895 4433 3509 4508">
     <span class='ocr_line' id='line_1_104' title="bbox 1895 4433 3509 4508; baseline 0.001 -19"><span class='ocrx_word' id='word_1_682' title='bbox 1895 4435 2067 4489; x_wconf 85' lang='lat' dir='ltr'>ferre.</span> <span class='ocrx_word' id='word_1_683' title='bbox 2093 4435 2205 4490; x_wconf 85' lang='lat' dir='ltr'>Hos</span> <span class='ocrx_word' id='word_1_684' title='bbox 2237 4436 2534 4490; x_wconf 87' lang='lat' dir='ltr'>Flaucatus</span> <span class='ocrx_word' id='word_1_685' title='bbox 2558 4434 2617 4489; x_wconf 92' lang='lat' dir='ltr'>in</span> <span class='ocrx_word' id='word_1_686' title='bbox 2674 4435 2815 4490; x_wconf 91' lang='lat' dir='ltr'>urbe</span> <span class='ocrx_word' id='word_1_687' title='bbox 2839 4433 3085 4489; x_wconf 90' lang='lat' dir='ltr'>detineri</span> <span class='ocrx_word' id='word_1_688' title='bbox 3140 4434 3360 4502; x_wconf 89' lang='lat' dir='ltr'>fecit,et</span> <span class='ocrx_word' id='word_1_689' title='bbox 3388 4433 3509 4508; x_wconf 90' lang='lat' dir='ltr'>ipse</span> 
     </span>
    </p>
   </div>
   <div class='ocr_carea' id='block_1_105' title="bbox 1895 4522 3510 4595">
    <p class='ocr_par' dir='ltr' id='par_1_105' title="bbox 1895 4522 3510 4595">
     <span class='ocr_line' id='line_1_105' title="bbox 1895 4522 3510 4595; baseline 0.001 -18"><span class='ocrx_word' id='word_1_690' title='bbox 1895 4522 2179 4577; x_wconf 91' lang='lat' dir='ltr'>maturius</span> <span class='ocrx_word' id='word_1_691' title='bbox 2209 4540 2450 4595; x_wconf 87' lang='lat' dir='ltr'>surgens</span> <span class='ocrx_word' id='word_1_692' title='bbox 2463 4540 2593 4578; x_wconf 91' lang='lat' dir='ltr'>cum</span> <span class='ocrx_word' id='word_1_693' title='bbox 2608 4522 2972 4591; x_wconf 81' lang='lat' dir='ltr'>suis,civitate</span> <span class='ocrx_word' id='word_1_694' title='bbox 2995 4523 3214 4592; x_wconf 85' lang='lat' dir='ltr'>relicta,</span> <span class='ocrx_word' id='word_1_695' title='bbox 3240 4523 3510 4582; x_wconf 85' lang='lat' dir='ltr'>adversus</span> 
     </span>
    </p>
   </div>
   <div class='ocr_carea' id='block_1_106' title="bbox 1892 4610 3512 4687">
    <p class='ocr_par' dir='ltr' id='par_1_106' title="bbox 1892 4610 3512 4687">
     <span class='ocr_line' id='line_1_106' title="bbox 1892 4610 3512 4687; baseline 0.001 -24"><span class='ocrx_word' id='word_1_696' title='bbox 1892 4610 2262 4666; x_wconf 88' lang='lat' dir='ltr'>Willibadum</span> <span class='ocrx_word' id='word_1_697' title='bbox 2309 4613 2674 4683; x_wconf 70' lang='lat' dir='ltr'>prmliaturus</span> <span class='ocrx_word' id='word_1_698' title='bbox 2745 4612 2855 4666; x_wconf 90' lang='lat' dir='ltr'>iter</span> <span class='ocrx_word' id='word_1_699' title='bbox 2910 4610 3405 4687; x_wconf 81' lang='lat' dir='ltr'>arripuit.Auxilio</span> <span class='ocrx_word' id='word_1_700' title='bbox 3458 4610 3512 4666; x_wconf 90' lang='lat' dir='ltr'>ei</span> 
     </span>
    </p>
   </div>
   <div class='ocr_carea' id='block_1_107' title="bbox 1894 4699 3509 4772">
    <p class='ocr_par' dir='ltr' id='par_1_107' title="bbox 1894 4699 3509 4772">
     <span class='ocr_line' id='line_1_107' title="bbox 1894 4699 3509 4772; baseline -0.001 -17"><span class='ocrx_word' id='word_1_701' title='bbox 1894 4703 2063 4755; x_wconf 90' lang='lat' dir='ltr'>erant</span> <span class='ocrx_word' id='word_1_702' title='bbox 2078 4699 2490 4755; x_wconf 86' lang='lat' dir='ltr'>Erchinoaldus</span> <span class='ocrx_word' id='word_1_703' title='bbox 2503 4700 2615 4754; x_wconf 85' lang='lat' dir='ltr'>dux</span> <span class='ocrx_word' id='word_1_704' title='bbox 2630 4717 2762 4754; x_wconf 89' lang='lat' dir='ltr'>cum</span> <span class='ocrx_word' id='word_1_705' title='bbox 2779 4700 3137 4767; x_wconf 88' lang='lat' dir='ltr'>Neustrasiis,</span> <span class='ocrx_word' id='word_1_706' title='bbox 3148 4699 3509 4772; x_wconf 88' lang='lat' dir='ltr'>Amalgarius</span> 
     </span>
    </p>
   </div>
   <div class='ocr_carea' id='block_1_108' title="bbox 1893 4788 3508 4861">
    <p class='ocr_par' dir='ltr' id='par_1_108' title="bbox 1893 4788 3508 4861">
     <span class='ocr_line' id='line_1_108' title="bbox 1893 4788 3508 4861; baseline 0.001 -18"><span class='ocrx_word' id='word_1_707' title='bbox 1893 4791 1951 4843; x_wconf 90' lang='lat' dir='ltr'>et</span> <span class='ocrx_word' id='word_1_708' title='bbox 1978 4789 2322 4843; x_wconf 83' lang='lat' dir='ltr'>Ramelenus</span> <span class='ocrx_word' id='word_1_709' title='bbox 2352 4806 2469 4843; x_wconf 89' lang='lat' dir='ltr'>non</span> <span class='ocrx_word' id='word_1_710' title='bbox 2502 4788 3244 4861; x_wconf 88' lang='lat' dir='ltr'>ignobilesjuvenum,quos</span> <span class='ocrx_word' id='word_1_711' title='bbox 3265 4788 3508 4844; x_wconf 85' lang='lat' dir='ltr'>comita-</span> 
     </span>
    </p>
   </div>
   <div class='ocr_carea' id='block_1_109' title="bbox 1892 4876 3511 4949">
    <p class='ocr_par' dir='ltr' id='par_1_109' title="bbox 1892 4876 3511 4949">
     <span class='ocr_line' id='line_1_109' title="bbox 1892 4876 3511 4949; baseline 0.001 -18"><span class='ocrx_word' id='word_1_712' title='bbox 1892 4877 2062 4931; x_wconf 88' lang='lat' dir='ltr'>batur</span> <span class='ocrx_word' id='word_1_713' title='bbox 2077 4878 2230 4932; x_wconf 89' lang='lat' dir='ltr'>haud</span> <span class='ocrx_word' id='word_1_714' title='bbox 2249 4878 2579 4948; x_wconf 89' lang='lat' dir='ltr'>spernenda</span> <span class='ocrx_word' id='word_1_715' title='bbox 2598 4877 2905 4932; x_wconf 87' lang='lat' dir='ltr'>multitudo</span> <span class='ocrx_word' id='word_1_716' title='bbox 2922 4876 3511 4949; x_wconf 88' lang='lat' dir='ltr'>satellitum.Equibus</span> 
     </span>
    </p>
   </div>
   <div class='ocr_carea' id='block_1_110' title="bbox 1892 4965 3511 5038">
    <p class='ocr_par' dir='ltr' id='par_1_110' title="bbox 1892 4965 3511 5038">
     <span class='ocr_line' id='line_1_110' title="bbox 1892 4965 3511 5038; baseline 0.001 -19"><span class='ocrx_word' id='word_1_717' title='bbox 1892 4966 2239 5019; x_wconf 83' lang='lat' dir='ltr'>Ramelenus</span> <span class='ocrx_word' id='word_1_718' title='bbox 2261 4970 2318 5019; x_wconf 89' lang='lat' dir='ltr'>et</span> <span class='ocrx_word' id='word_1_719' title='bbox 2341 4967 2873 5037; x_wconf 82' lang='lat' dir='ltr'>Amalgarius,cum</span> <span class='ocrx_word' id='word_1_720' title='bbox 2903 4965 3008 5020; x_wconf 88' lang='lat' dir='ltr'>sibi</span> <span class='ocrx_word' id='word_1_721' title='bbox 3041 4966 3511 5038; x_wconf 84' lang='lat' dir='ltr'>obsequentibus,</span> 
     </span>
    </p>
   </div>
   <div class='ocr_carea' id='block_1_111' title="bbox 1872 5053 3505 5121">
    <p class='ocr_par' dir='ltr' id='par_1_111' title="bbox 1872 5053 3505 5121">
     <span class='ocr_line' id='line_1_111' title="bbox 1872 5053 3505 5121; baseline 0 -14"><span class='ocrx_word' id='word_1_722' title='bbox 1872 5054 2159 5109; x_wconf 78' lang='lat' dir='ltr'>.Flaucato</span> <span class='ocrx_word' id='word_1_723' title='bbox 2176 5054 2233 5108; x_wconf 90' lang='lat' dir='ltr'>in</span> <span class='ocrx_word' id='word_1_724' title='bbox 2247 5053 2368 5108; x_wconf 90' lang='lat' dir='ltr'>acie</span> <span class='ocrx_word' id='word_1_725' title='bbox 2400 5054 2672 5109; x_wconf 88' lang='lat' dir='ltr'>auxilium</span> <span class='ocrx_word' id='word_1_726' title='bbox 2691 5055 3109 5121; x_wconf 77' lang='lat' dir='ltr'>tulere,caetera</span> <span class='ocrx_word' id='word_1_727' title='bbox 3131 5053 3505 5109; x_wconf 88' lang='lat' dir='ltr'>multitudine</span> 
     </span>
    </p>
   </div>
   <div class='ocr_carea' id='block_1_112' title="bbox 1892 5141 3511 5215">
    <p class='ocr_par' dir='ltr' id='par_1_112' title="bbox 1892 5141 3511 5215">
     <span class='ocr_line' id='line_1_112' title="bbox 1892 5141 3511 5215; baseline -0.001 -20"><span class='ocrx_word' id='word_1_728' title='bbox 1892 5143 2091 5213; x_wconf 89' lang='lat' dir='ltr'>procul</span> <span class='ocrx_word' id='word_1_729' title='bbox 2108 5144 2389 5208; x_wconf 88' lang='lat' dir='ltr'>stante,ac</span> <span class='ocrx_word' id='word_1_730' title='bbox 2409 5146 2677 5197; x_wconf 84' lang='lat' dir='ltr'>eventem</span> <span class='ocrx_word' id='word_1_731' title='bbox 2690 5141 2826 5197; x_wconf 90' lang='lat' dir='ltr'>belli</span> <span class='ocrx_word' id='word_1_732' title='bbox 2867 5141 3511 5215; x_wconf 62' lang='lat' dir='ltr'>praestolanteNuntius</span> 
     </span>
    </p>
   </div>
   <div class='ocr_carea' id='block_1_113' title="bbox 1891 5227 3507 5303">
    <p class='ocr_par' dir='ltr' id='par_1_113' title="bbox 1891 5227 3507 5303">
     <span class='ocr_line' id='line_1_113' title="bbox 1891 5227 3507 5303; baseline -0.002 -19"><span class='ocrx_word' id='word_1_733' title='bbox 1891 5228 2112 5284; x_wconf 87' lang='lat' dir='ltr'>hostilis</span> <span class='ocrx_word' id='word_1_734' title='bbox 2143 5230 2419 5285; x_wconf 87' lang='lat' dir='ltr'>adventus</span> <span class='ocrx_word' id='word_1_735' title='bbox 2440 5248 2822 5303; x_wconf 70' lang='lat' dir='ltr'>prmcurrens,</span> <span class='ocrx_word' id='word_1_736' title='bbox 2852 5231 3224 5299; x_wconf 84' lang='lat' dir='ltr'>manifestum</span> <span class='ocrx_word' id='word_1_737' title='bbox 3252 5227 3507 5282; x_wconf 90' lang='lat' dir='ltr'>reddidit</span> 
     </span>
    </p>
   </div>
   <div class='ocr_carea' id='block_1_114' title="bbox 1891 5314 3507 5387">
    <p class='ocr_par' dir='ltr' id='par_1_114' title="bbox 1891 5314 3507 5387">
     <span class='ocr_line' id='line_1_114' title="bbox 1891 5314 3507 5387; baseline 0 -18"><span class='ocrx_word' id='word_1_738' title='bbox 1891 5317 2399 5382; x_wconf 87' lang='lat' dir='ltr'>Willibadum.Qui</span> <span class='ocrx_word' id='word_1_739' title='bbox 2426 5319 2695 5375; x_wconf 89' lang='lat' dir='ltr'>hortatus</span> <span class='ocrx_word' id='word_1_740' title='bbox 2721 5319 3008 5387; x_wconf 79' lang='lat' dir='ltr'>socios,ne</span> <span class='ocrx_word' id='word_1_741' title='bbox 3034 5319 3399 5373; x_wconf 82' lang='lat' dir='ltr'>incruentam</span> <span class='ocrx_word' id='word_1_742' title='bbox 3424 5314 3507 5369; x_wconf 86' lang='lat' dir='ltr'>vi-</span> 
     </span>
    </p>
   </div>
   <div class='ocr_carea' id='block_1_115' title="bbox 1892 5402 3504 5474">
    <p class='ocr_par' dir='ltr' id='par_1_115' title="bbox 1892 5402 3504 5474">
     <span class='ocr_line' id='line_1_115' title="bbox 1892 5402 3504 5474; baseline -0.002 -13"><span class='ocrx_word' id='word_1_743' title='bbox 1892 5406 2134 5462; x_wconf 89' lang='lat' dir='ltr'>ctoriam</span> <span class='ocrx_word' id='word_1_744' title='bbox 2167 5407 2503 5462; x_wconf 86' lang='lat' dir='ltr'>adversariis</span> <span class='ocrx_word' id='word_1_745' title='bbox 2527 5425 2647 5463; x_wconf 88' lang='lat' dir='ltr'>esse</span> <span class='ocrx_word' id='word_1_746' title='bbox 2666 5406 3178 5474; x_wconf 86' lang='lat' dir='ltr'>sinerent,exccpit</span> <span class='ocrx_word' id='word_1_747' title='bbox 3196 5402 3504 5460; x_wconf 82' lang='lat' dir='ltr'>advenien-</span> 
     </span>
    </p>
   </div>
   <div class='ocr_carea' id='block_1_116' title="bbox 1890 5492 3504 5569">
    <p class='ocr_par' dir='ltr' id='par_1_116' title="bbox 1890 5492 3504 5569">
     <span class='ocr_line' id='line_1_116' title="bbox 1890 5492 3504 5569; baseline -0.002 -20"><span class='ocrx_word' id='word_1_748' title='bbox 1890 5496 2064 5550; x_wconf 85' lang='lat' dir='ltr'>tes.ln</span> <span class='ocrx_word' id='word_1_749' title='bbox 2077 5495 2265 5566; x_wconf 90' lang='lat' dir='ltr'>prima</span> <span class='ocrx_word' id='word_1_750' title='bbox 2277 5500 2408 5551; x_wconf 89' lang='lat' dir='ltr'>aute</span> <span class='ocrx_word' id='word_1_751' title='bbox 2418 5514 2469 5550; x_wconf 84' lang='grc' dir='ltr'>ιιι</span> <span class='ocrx_word' id='word_1_752' title='bbox 2486 5497 2677 5552; x_wconf 86' lang='lat' dir='ltr'>fronte</span> <span class='ocrx_word' id='word_1_753' title='bbox 2708 5497 2829 5569; x_wconf 89' lang='lat' dir='ltr'>ipse</span> <span class='ocrx_word' id='word_1_754' title='bbox 2846 5499 3108 5552; x_wconf 90' lang='lat' dir='ltr'>mortuus</span> <span class='ocrx_word' id='word_1_755' title='bbox 3123 5492 3504 5567; x_wconf 89' lang='lat' dir='ltr'>prosternitur</span> 
     </span>
    </p>
   </div>
   <div class='ocr_carea' id='block_1_117' title="bbox 1892 5580 3505 5656">
    <p class='ocr_par' dir='ltr' id='par_1_117' title="bbox 1892 5580 3505 5656">
     <span class='ocr_line' id='line_1_117' title="bbox 1892 5580 3505 5656; baseline -0.002 -20"><span class='ocrx_word' id='word_1_756' title='bbox 1892 5582 2103 5655; x_wconf 89' lang='lat' dir='ltr'>quippe</span> <span class='ocrx_word' id='word_1_757' title='bbox 2135 5584 2219 5638; x_wconf 89' lang='lat' dir='ltr'>sui</span> <span class='ocrx_word' id='word_1_758' title='bbox 2242 5585 2366 5655; x_wconf 89' lang='lat' dir='ltr'>jam</span> <span class='ocrx_word' id='word_1_759' title='bbox 2382 5588 2725 5656; x_wconf 84' lang='lat' dir='ltr'>contemptu</span> <span class='ocrx_word' id='word_1_760' title='bbox 2754 5584 2884 5640; x_wconf 66' lang='lat' dir='ltr'>vita:</span> <span class='ocrx_word' id='word_1_761' title='bbox 2898 5582 3195 5656; x_wconf 90' lang='lat' dir='ltr'>prodigus,</span> <span class='ocrx_word' id='word_1_762' title='bbox 3227 5584 3285 5636; x_wconf 90' lang='lat' dir='ltr'>et</span> <span class='ocrx_word' id='word_1_763' title='bbox 3311 5580 3505 5651; x_wconf 90' lang='lat' dir='ltr'>despe-</span> 
     </span>
    </p>
   </div>
   <div class='ocr_carea' id='block_1_118' title="bbox 1893 5668 3503 5731">
    <p class='ocr_par' dir='ltr' id='par_1_118' title="bbox 1893 5668 3503 5731">
     <span class='ocr_line' id='line_1_118' title="bbox 1893 5668 3503 5731; baseline -0.001 -5"><span class='ocrx_word' id='word_1_764' title='bbox 1893 5671 2118 5729; x_wconf 87' lang='lat' dir='ltr'>ratione</span> <span class='ocrx_word' id='word_1_765' title='bbox 2132 5673 2602 5729; x_wconf 86' lang='lat' dir='ltr'>salutistotumse</span> <span class='ocrx_word' id='word_1_766' title='bbox 2644 5672 2704 5729; x_wconf 88' lang='lat' dir='ltr'>in</span> <span class='ocrx_word' id='word_1_767' title='bbox 2734 5673 2967 5731; x_wconf 85' lang='lat' dir='ltr'>hostem</span> <span class='ocrx_word' id='word_1_768' title='bbox 3006 5668 3503 5728; x_wconf 83' lang='lat' dir='ltr'>eﬂ&#39;undens.Berta</span> 
     </span>
    </p>
   </div>
  </div>
