3998 6166
530 362 639 421 799
808 319 812 323 i
1614 358 1883 419 AIMOINI
1913 358 2225 419 nomen:
2254 359 2752 420 FLORIACENSIS
3673 363 3759 421 soo

525 482 1179 560 Agmen,etinnnmeras
1189 478 1498 539 hominum
1509 482 1838 554 glomerare
1850 484 2126 547 catervas,
2154 491 2211 550 Α
2240 484 2517 559 Spondeo
2542 488 2790 544 celatum
2811 502 3033 543 servare
3063 484 3121 542 in
3145 486 3375 559 pectore
3394 481 3629 538 verbum.

527 576 836 632 Prmclarus
859 571 1252 639 Leodebodus,
1287 572 1475 629 studio
1503 572 1784 644 vigilanti,
2240 574 2588 648 Consiliique
2618 576 2733 631 mei
2753 577 2900 631 vires
2921 575 3175 647 praebere
3208 572 3437 647 petenti.

530 664 856 736 Congreget
879 664 941 716 ut
966 660 1188 718 Christo
1211 661 1438 733 juratas
1468 664 1672 733 sponte
1702 662 1987 716 cohortes.
2237 665 2490 733 Dixerat,
2519 669 2577 720 et
2606 666 2757 720 dicta
2786 665 3042 737 Aigulfus
3057 664 3134 718 sic
3161 679 3297 718 voce
3333 663 3562 716 secutus.

530 754 669 810 Hinc
694 769 869 826 quem
889 750 1134 824 pastoris
1164 752 1456 807 condonet
1481 768 1725 807 munere
1750 751 1993 824 dignum
2237 753 2401 808 Nulla
2430 771 2560 810 meo
2593 754 2781 825 major
2805 756 3058 808 versatur
3074 752 3245 807 corde
3272 752 3539 822 voluptas,

527 841 857 915 Exquirens,
891 839 1114 896 meritis
1135 839 1422 896 vivacibus
1458 844 1632 913 atque
1671 840 1854 895 beatis
2239 841 2423 907 Quam
2450 841 2640 914 potiar
2662 858 2822 897 sacro
2846 840 3133 896 Benedicti
3155 843 3218 894 ut
3245 854 3477 909 corpore
3494 836 3665 893 Patris.

531 929 1116 988 lnvenitmonachum
1149 929 1400 984 Domino
1430 930 1761 1002 populoque
1783 930 2131 1001 placentem.
2236 931 2484 985 Demum
2502 947 2686 1002 pauca
2714 931 2894 986 refert
2918 948 3037 986 aevo
3066 932 3324 985 maturus
3352 927 3424 982 ad
3447 926 3546 980 ista

524 1019 869 1079 Nammeius
917 1016 1050 1074 huic
1098 1032 1341 1086 nomen,
1391 1018 1620 1089 generis
1663 1034 1894 1091 quoque
1942 1016 2136 1073 nobile
2235 1022 2460 1074 Arcano
2487 1019 2698 1087 senior,
2721 1020 2970 1075 reddens
3010 1021 3117 1075 hac
3145 1020 3376 1090 pectore
3407 1031 3575 1069 voces.

1773 1120 2063 1180 [germen.
2237 1108 2368 1162 Haec
2390 1108 2724 1179 peragenda
2745 1108 3000 1180 quidem,
3020 1116 3236 1179 magno
3258 1104 3359 1159 sed
3388 1099 3774 1171 munere,dixit:

531 1196 822 1255 Fratribus
849 1198 1003 1253 hunc
1032 1196 1268 1270 reliquis
1296 1197 1555 1253 consulto
1581 1197 1844 1269 praeficit;
1873 1196 1995 1267 ipse
2238 1188 2385 1243 Sunt
2410 1188 2752 1244 redimenda
2781 1188 2904 1256 tibi,
2938 1189 2983 1244 si
3014 1206 3109 1244 me
3137 1189 3217 1243 vis
3242 1188 3429 1243 indice
3452 1185 3613 1240 tantis

530 1288 665 1343 Post
692 1288 880 1343 metas
908 1287 1037 1343 vitae
1066 1302 1303 1360 superas
1330 1286 1665 1342 conscendit
1701 1286 1776 1342 ad
1805 1302 1984 1341 arces.

2240 1277 2552 1342 Quaesitum
2584 1278 2753 1333 terris
2784 1278 3118 1334 thesaurum
3147 1292 3385 1333 cernere
3409 1291 3612 1330 coram.

530 1377 632 1431 Ast
658 1377 857 1447 pastor
876 1375 1184 1431 commissa
1213 1373 1403 1447 gregis
1424 1374 1831 1430 moderamina
1853 1374 2035 1430 sancti
2243 1366 2446 1437 Sicque
2462 1383 2633 1422 senex
2660 1366 2834 1436 fatur,
2870 1384 3002 1422 cum
3032 1366 3170 1422 talia
3197 1365 3451 1422 reddidit
3478 1365 3649 1419 heros.

533 1463 775 1520 Provide
799 1479 1139 1535 procurans,
1168 1464 1430 1520 animum
1459 1463 1682 1535 scriptis
1711 1464 2003 1518 relevabat

2243 1452 2490 1509 Praemia
2522 1469 2739 1526 magna
2763 1454 2932 1523 feres,
2966 1459 3193 1511 tantum
3223 1454 3270 1511 si
3300 1454 3454 1527 quod
3482 1469 3612 1524 rogo
3658 1467 3791 1507 mon-

530 1551 831 1620 Melliﬁuis,
862 1569 1077 1624 gnarus
1100 1552 1265 1608 dictis
1290 1554 1526 1608 Patrum
1557 1551 1781 1606 sociari.
3584 1544 3741 1607 [δῖΐθει

530 1640 894 1712 Praecipuum
921 1640 980 1696 in
1006 1641 1165 1697 libris
1186 1640 1267 1696 illi
1294 1640 1548 1695 studium
1580 1640 1928 1711 relegendis,
2245 1640 2640 1712 Polliceorque
2672 1654 2901 1694 moram
2929 1636 3148 1691 nullam
3177 1630 3508 1705 generarier
3530 1645 3682 1684 ame.

532 1730 769 1785 Pectore
800 1746 942 1801 quos
967 1745 1130 1789 sacro
1161 1730 1421 1803 profudit
1448 1747 1599 1802 papa
1633 1731 1856 1798 be‘atus,
2243 1730 2342 1787 Ille
2358 1732 2477 1786 Deo
2504 1731 2727 1802 plenus,
2760 1727 2933 1781 tacita
2950 1740 3126 1797 quem
3155 1725 3355 1778 mente
3380 1718 3623 1793 gerebat,

531 1818 776 1876 Jucundi
800 1818 958 1874 verbi
983 1836 1182 1875 sensus
1208 1820 1519 1891 Gregorius
1547 1820 1671 1877 alti.
2166 1810 2219 1871 B
2243 1820 2458 1876 Effudit
2486 1819 2689 1890 dignas
2718 1831 2858 1871 sane
2891 1814 2961 1869 de
2986 1816 3217 1885 pectore
3246 1825 3432 1867 voces.
3689 1892 3698 1903 ι

534 1904 721 1969 Quem
752 1905 949 1962 docuit
972 1907 1422 1979 sanctus,quiad
1436 1907 1832 1963 ﬂuminanota
1859 1906 2142 1963 columbas
2245 1911 2390 1966 Cum
2416 1924 2528 1963 nox
2559 1911 2685 1962 atra
2714 1906 2909 1976 polum
2942 1900 3278 1967 subtexerit,
3310 1901 3480 1970 atque
3508 1900 3727 1951 coruscis

533 1992 781 2064 Spiritus
810 1993 870 2050 in
901 2010 1073 2067 specu
1094 1995 1382 2051 Christum
1407 1996 1631 2052 vestivit
1658 1997 1901 2052 honore.
2245 2000 2419 2054 Vecta
2446 1996 2593 2069 bigis
2622 1995 2814 2050 Phebe
2841 1992 2916 2048 ad
2944 1991 3202 2047 medium
3236 1987 3531 2044 devenerit
3553 1999 3718 2049 axem,

528 2081 642 2137 Hos
667 2083 809 2141 dum
839 2084 1115 2140 continua
1139 2101 1365 2140 versare
1396 2101 1576 2141 manu
1607 2086 1733 2158 pius
1762 2085 1940 2141 instat
2244 2089 2326 2143 Tu
2348 2086 2483 2158 vigil
2509 2083 2749 2140 intentis
2778 2081 2955 2137 oculis
2998 2096 3103 2153 per
3132 2078 3299 2135 devia
3325 2075 3537 2132 montis

529 2171 896 2240 Mummolus,
928 2172 986 2227 in
1016 2172 1189 2245 gestis
1221 2174 1404 2230 Patris
1432 2191 1664 2247 semper
1691 2173 2063 2231 memorandi
2244 2174 2532 2246 Prospice,
2564 2189 2680 2245 qua
2708 2186 2935 2226 versum
2965 2169 3155 2240 fulgor
3194 2167 3403 2222 missus
3430 2161 3695 2219 radiantis

532 2258 813 2332 Repperit
839 2260 1149 2316 emeritum
1182 2260 1385 2317 dixisse
1424 2262 1539 2317 suis
1567 2262 1965 2330 Benedictum,
2246 2262 2528 2326 Luminis,
2554 2262 2873 2317 immensas
2897 2260 3086 2314 vincat
3110 2256 3421 2329 splendore
3438 2253 3706 2325 tenebras.

532 2348 687 2402 Dum
724 2348 877 2403 celsa
904 2348 1118 2404 residet
1142 2349 1357 2404 Cassini
1385 2350 1674 2406 montisin
1705 2367 1856 2420 arce,
2247 2354 2364 2409 Illic
2392 2352 2651 2409 invenies
2677 2351 2833 2424 quod
2864 2352 3024 2404 tanto
3056 2346 3244 2418 gliscis
3279 2360 3499 2400 amore.

532 2433 695 2498 Quo!
734 2434 876 2490 dira:
895 2439 1168 2491 eruerent
1195 2438 1353 2493 nullo
1385 2439 1749 2495 cunctamine
1781 2441 1981 2512 gentes
2253 2432 2449 2498 Paruit
2472 2441 2569 2496 ille
2599 2439 2751 2496 senis
2773 2437 3029 2505 monitis,
3055 2435 3363 2507 primaque
3391 2430 3581 2504 quiete

534 2521 749 2578 Omnia
781 2527 945 2595 septa
967 2524 1176 2596 gregis.
1197 2526 1353 2580 Tunc
1372 2527 1500 2598 jam
1527 2527 1766 2583 decursa
1786 2544 2005 2583 measse
2245 2531 2555 2586 Transacta
2579 2544 2839 2599 surgens,
2870 2541 3145 2599 quorsum
3172 2524 3271 2579 lux
3301 2519 3594 2594 splendeat
3621 2516 3754 2570 alma

532 2612 894 2683 Agnoscens,
925 2615 1154 2668 sanctus
1173 2629 1301 2685 qua:
1330 2613 1552 2669 viderat
1580 2618 1717 2670 ante
1743 2615 1938 2669 futura
2249 2620 2542 2691 Explorat,
2570 2616 2870 2687 cernitque
2899 2617 3090 2670 locum
3115 2613 3269 2667 clare
3291 2610 3613 2666 radiantem

538 2701 801 2756 lntendit
830 2705 1112 2771 mentem,
1142 2704 1371 2758 eveniat
1394 2703 1438 2759 si
1468 2704 1616 2760 forte
1641 2706 1883 2760 facultas
2252 2710 2397 2764 Luce
2428 2723 2595 2770 nova,
2615 2706 2758 2776 lapis
2778 2707 2932 2760 hunc
2982 2703 3239 2774 signatus
3270 2697 3513 2755 nomina
3535 2694 3754 2750 fratrum

534 2791 846 2862 Asportare
867 2807 1092 2846 sacrum
1122 2792 1242 2864 jam
1274 2792 1408 2849 dicti
1438 2810 1644 2866 corpus
1682 2795 1920 2850 alumni.
2247 2798 2487 2852 Texerat
2517 2795 2782 2861 exterius,
2810 2809 2983 2865 quem
3006 2789 3221 2847 sensim
3243 2789 3332 2843 vir
3361 2782 3697 2842 venerandus

534 2876 780 2935 Mittitur
802 2879 1079 2952 Aygulfus
1102 2898 1380 2954 magnam
1401 2882 1697 2939 Diomedis
1720 2883 1792 2939 ad
1814 2884 2040 2953 urbem,
2251 2884 2484 2956 Impulit
2513 2883 2573 2938 in
2603 2886 2852 2955 partem.
2883 2880 3083 2936 Subito
3116 2881 3358 2952 patuere
3387 2876 3611 2947 reperta

536 2967 650 3032 Qui
686 2967 856 3023 vehat
885 2969 1168 3040 optandos
1195 2971 1415 3026 cunctis
1442 2972 1783 3028 mortalibus
1807 2976 1984 3040 artus,
2253 2974 2389 3029 Ossa
2412 2975 2584 3028 beata
2608 2972 2793 3027 Patris
2819 2968 3130 3036 Benedicti,
3172 2983 3359 3023 necne
3392 2962 3598 3020 sororis

537 3056 580 3111 Ο
614 3055 949 3124 Benedicte,
981 3059 1130 3129 tuos,
1153 3059 1430 3115 virtutum
1459 3061 1729 3132 lampade
1749 3061 1952 3129 claros,
2183 3119 2225 3134 Α
2251 3062 2426 3117 losius
2455 3061 2723 3134 egregiae,
2753 3076 2881 3132 quae
2911 3075 3050 3114 mox
3076 3058 3225 3112 latro
3247 3051 3602 3109 venerandus

535 3144 705 3199 Celso
734 3119 955 3199 delatos
980 3119 1194 3201 Cassini
1226 3148 1436 3203 vertice
1468 3119 1704 3208 montis.
1939 3119 1952 3129 '
2177 3119 2226 3180 Ο
2250 3119 2738 3221 lnclusit‘spo‘rtm’,
2760 3119 3082 3220 palmarum
3113 3144 3323 3201 fronde
3348 3138 3553 3197 virenti

534 3235 680 3289 Nam
705 3233 957 3290 famulus
975 3235 1203 3292 Domini
1219 3253 1424 3293 somno
1440 3237 1580 3292 dum
1596 3238 1862 3294 membra
1874 3238 2144 3295 dedisset.
2250 3242 2563 3306 Contextae,
2592 3239 2906 3311 patriaeque
2936 3237 3123 3291 solum
3148 3232 3466 3288 meditatur
3497 3225 3666 3283 adire.

533 3322 906 3391 Mummolus,
938 3326 1230 3380 ostensum
1257 3324 1399 3381 dixit
1426 3324 1533 3380 sibi
1561 3326 1782 3382 caelitus
1811 3326 1982 3381 istud.
2251 3328 2569 3383 Confestim
2595 3327 2776 3382 socios
2809 3329 3007 3381 Romae
3036 3340 3179 3398 quos
3212 3322 3465 3395 liquerat
3500 3318 3614 3388 ipse

535 3411 701 3466 Tunc
744 3426 975 3483 quoque
1014 3412 1304 3485 progressi
1345 3413 1578 3486 quidem
1632 3414 2026 3470 Cenomannis
2075 3416 2149 3471 ab
2249 3417 2465 3491 Aspicit
2494 3417 2801 3472 adventare
2829 3414 2938 3483 via,
2966 3415 3347 3483 montemque
3385 3412 3601 3463 tenere.

1913 3502 2079 3575 [urbe
2252 3505 2551 3562 Proximos
2567 3504 2654 3559 his
2677 3504 2879 3569 factus,
2901 3517 3135 3559 causam
3157 3499 3369 3573 quaerit
3396 3491 3672 3552 veniendi.

534 3585 841 3642 Advenere
868 3585 996 3656 viri,
1027 3587 1227 3644 similis
1251 3605 1393 3662 quos
1423 3588 1560 3645 visio
1590 3588 1781 3645 somni
2248 3595 2393 3649 Tum
2420 3594 2676 3667 primum
2698 3598 2916 3649 secreta
2945 3592 3031 3648 sui
3052 3591 3240 3648 cordis
3277 3588 3608 3645 reserarunt

531 3673 875 3743 Admonuit,
906 3675 1085 3747 longa
1114 3679 1177 3733 ut
1200 3680 1464 3750 quierant
1518 3678 1759 3751 regione
1802 3679 2149 3751 sepulcrum,
2251 3683 2479 3756 Aigulfo
2512 3681 2723 3739 Christi
2744 3682 2986 3749 famulo,
3018 3680 3117 3753 qui
3147 3681 3357 3735 cuncta
3382 3677 3609 3751 peracta

541 3763 669 3829 Quo
700 3763 870 3821 fratri
898 3765 1210 3837 conjuncta
1227 3766 1324 3840 pio
1351 3767 1657 3824 Scolastica
1672 3770 1872 3823 sancta
2251 3772 2380 3827 Jam
2400 3771 2525 3827 fore
2551 3771 2834 3844 praedixit,
2865 3769 3152 3841 celerique
3181 3767 3322 3839 fuga
3359 3778 3619 3837 prepera.

542 3852 630 3909 Sit
660 3855 964 3922 tumulata,
995 3871 1210 3928 suaque
1240 3856 1433 3912 ferant
1462 3859 1724 3912 tutamen
1753 3856 1815 3912 in
1846 3856 2008 3913 urbe.
2253 3860 2573 3916 Admonuit
2599 3861 2823 3927 callem,
2851 3876 2966 3931 quo
2988 3858 3197 3914 Gallica
3214 3872 3352 3910 rura
3381 3854 3648 3926 petuntur

613 3941 765 4013 Ergo
794 3943 1011 3999 alacres
1037 3944 1186 4017 parli
1203 3945 1532 4017 junguntur
1561 3945 1704 4000 calle
1733 3943 1903 4000 beato
2255 3950 2418 4004 Haud
2437 3966 2596 4004 secus
2616 3966 2681 4003 ac
2698 3948 2840 4019 jussi
2869 3946 3107 4013 faciunt,
3134 3960 3449 4017 gressuque
3469 3940 3634 3995 citato

536 4029 790 4104 Aigulfo,
823 4031 1006 4087 donec
1030 4032 1375 4088 transcensis
1402 4031 1637 4105 Alpibus
1662 4048 1840 4105 usque
2254 4037 2554 4110 Digressis,
2587 4037 2747 4092 avide
2778 4037 2917 4091 dum
2948 4034 3227 4108 linquitur
3258 4034 3401 4087 ltala
3430 4030 3613 4095 tellus,

541 4120 757 4175 “1‘me
808 4119 1175 4188 Βοωιλιθδῐην
1218 4121 1533 4194 sedemque
1578 4119 1731 4175 Ρθιτί
1775 4120 2151 4176 reverendam
2256 4127 2492 4183 C(Blitus
2526 4126 2777 4182 insonuit
2795 4125 2959 4182 terris
2999 4142 3103 4179 vox
3131 4123 3304 4177 missa
3331 4137 3437 4194 per
3455 4133 3634 4180 auras,

536 4208 851 4265 Devenere.
882 4208 1041 4265 Locis
1065 4210 1247 4265 socios
1274 4209 1369 4264 hic
1397 4211 1546 4266 forte
1572 4209 1808 4264 sacratis
2208 4243 2212 4249 μ
2256 4218 2393 4281 Qua).
2417 4216 2596 4271 vetuit
2617 4216 2875 4288 proferre
2916 4215 3146 4287 pedem,
3165 4210 3470 4284 spatioque
3502 4201 3699 4262 moveri

538 4296 795 4351 lntentos
829 4312 989 4351 sacer
1017 4297 1277 4370 Aigulfus
1304 4302 1430 4353 tum
1463 4297 1695 4364 deserit,
1732 4301 1905 4370 atque
2174 4358 2221 4371 ﬁ
2255 4306 2378 4369 Quo
2404 4306 2701 4360 steterant.
2727 4304 2890 4359 C(elis
2907 4302 3002 4357 illo
3029 4301 3132 4355 sub
3157 4303 3424 4371 tempore
3448 4294 3639 4351 missus

544 4383 799 4456 Impiger
823 4358 1178 4441 accelerahat
1200 4386 1329 4454 iter,
1359 4387 1514 4459 quod
1545 4358 1699 4441 ducit
1724 4358 2016 4442 ad.arcem
2173 4358 2226 4417 D
2253 4358 2505 4465 Ᾰηὲθιίιε
2621 4391 2857 4457 somnis,
2882 4391 3037 4445 vultu
3056 4358 3347 4459 verboqne
3377 4381 3587 4440 minaci

543 4470 781 4539 Cassini,
804 4487 933 4543 quae
954 4475 1091 4528 tunc
1110 4474 1686 4543 eremopircumdata
1707 4478 1888 4543 vasto,
2253 4482 2595 4537 Pontificem
2627 4480 2775 4536 sedis
2798 4481 3079 4535 Romanae
3108 4475 3334 4543 terruit,
3359 4474 3477 4531 istis

544 4559 903 4632 Longbardis
940 4561 1079 4617 olim
1110 4563 1519 4635 populantibus
1548 4564 1749 4619 omnia
1771 4564 2008 4631 circum,
2253 4569 2611 4641 lnerepitans
2634 4568 2797 4624 dictis
2823 4584 2889 4622 ac
2904 4582 3139 4621 somnos
3169 4579 3442 4635 rumpere
3469 4573 3667 4630 cogens

545 4650 693 4704 Dum
726 4666 833 4706 nec
862 4652 983 4705 tam
1012 4651 1223 4706 sanctis
1251 4651 1579 4708 timuissent
1609 4652 1827 4709 aedibus
1857 4657 2014 4708 atras
2256 4660 2368 4713 Cur
2394 4662 2448 4714 te
2468 4658 2681 4730 segnis,
2708 4656 2807 4724 ait,
2835 4660 3036 4727 torpor
3064 4656 3206 4709 lecto
3238 4651 3609 4706 recubantem

541 4737 824 4808 Injectare
852 4754 1081 4807 manus,
1109 4738 1337 4795 dicessit
1360 4740 1550 4797 incola
1581 4745 1837 4797 cunctus.
2255 4749 2506 4816 Detinet,
2528 4752 2586 4803 et
2614 4747 2799 4803 Latios
2828 4745 3041 4816 pateris
3068 4742 3400 4817 popularier
3426 4733 3635 4809 agros?

543 4825 785 4881 Sedulus
813 4827 925 4881 huc
946 4830 1277 4899 explorator
1304 4830 1540 4884 veniens
1570 4832 1834 4886 studiosis
2256 4838 2399 4892 Nam
2426 4837 2566 4891 Galli
2592 4835 2792 4890 vestris
2819 4833 3013 4888 infesti
3066 4832 3272 4885 finibus
3302 4828 3466 4893 olim,

544 4912 761 4968 Visibus
792 4915 1058 4987 exquirit,
1088 4920 1426 4972 sanctorum
1456 4919 1624 4973 busta
1653 4920 1885 4990 piorum
2256 4928 2416 4981 Nunc
2437 4925 2643 4980 veteris
2662 4939 2952 4979 memores
2986 4922 3104 4988 irae,
3123 4910 3396 4990 suffragia
3428 4914 3580 4970 vobis

542 5000 668 5066 Quo
685 5002 924 5074 jaceant
953 5006 1238 5061 tumulata
1266 5007 1411 5074 loco,
1445 5024 1544 5062 seu
1572 5008 1831 5078 qualibet
1857 5024 2008 5063 arce.
2252 5016 2569 5083 Justorum,
2592 5015 2758 5086 rapto
2802 5011 3065 5066 nituntur
3088 5009 3289 5063 tollere
3320 5020 3536 5069 coram,

542 5091 686 5145 Nam
727 5091 955 5148 deserta
983 5094 1163 5162 videt,
1192 5095 1497 5169 specieque
1523 5097 1781 5153 carentia
1803 5097 2042 5153 tumbae.
2255 5104 2563 5160 servorum
2594 5100 2825 5158 Domini
2851 5102 3117 5171 captante
3139 5112 3383 5168 corpora
3420 5091 3634 5148 furtim.

543 5179 728 5244 Quem
759 5180 953 5237 senior
981 5182 1199 5238 montis
1226 5183 1485 5239 residens
1515 5185 1575 5240 in
1606 5188 1770 5256 parte
1801 5189 2046 5254 secreta,
2253 5194 2502 5248 Antistes
2531 5191 2631 5246 tali
2660 5190 2920 5244 turbatus
2948 5190 3182 5261 pectora
3222 5184 3363 5249 visu,

541 5277 751 5333 Omnia
780 5279 1129 5335 lustrantem
1156 5296 1400 5336 cernens
1430 5281 1536 5337 hac
1564 5298 1701 5338 voce
1725 5284 1970 5356 rogavit.
2254 5280 2518 5354 Exsurgit
2541 5278 2753 5346 stratis,
2775 5294 2840 5333 ac
2866 5276 3101 5347 agmina
3124 5272 3279 5344 cogit
3297 5271 3357 5337 in
3388 5284 3569 5326 arma.

538 5366 689 5422 Heu!
722 5366 911 5441 inquit
959 5369 1189 5441 hospes,
1223 5385 1477 5441 quanam
1506 5371 1578 5426 de
1611 5375 1785 5442 gente
1816 5375 2046 5428 remota
2254 5368 2773 5443 Langobardorum
2802 5365 3075 5420 subnixus
3105 5362 3339 5429 viribus,
3376 5358 3502 5414 illos

543 5457 852 5528 Explorare
877 5459 1036 5515 venis
1056 5460 1367 5532 nostroque
1393 5458 1635 5515 invisere
1665 5461 1848 5517 fines?
2255 5458 2596 5531 Insequitur,
2631 5456 2728 5529 qui
2759 5458 2889 5527 post
2920 5457 3151 5525 tergum
3182 5449 3398 5506 cervice
3428 5445 3633 5502 reﬂexa

540 5544 761 5611 Quidve
799 5547 983 5618 petis?
1014 5548 1226 5603 Rursus
1249 5529 1541 5604 cunctanti
1573 5548 1767 5605 taliter
1795 5550 1952 5606 infit:
2252 5529 2596 5605 Innumeros
2620 5547 2811 5601 hostes
2841 5561 2899 5599 se
2928 5545 3167 5617 propter
3189 5554 3417 5595 currere
3475 5529 3721 5618 cernunt-

542 5609 622 5692 ΝΘ
657 5609 881 5693 metuas
909 5640 1128 5694 secreta
1157 5637 1240 5693 tui
1269 5637 1412 5693 mihi
1444 5639 1701 5712 pandere
1729 5640 1936 5696 cordis.
2257 5639 2421 5704 Quod
2442 5641 2752 5712 postquam
2798 5609 3016 5695 videre,
3037 5609 3207 5686 inetu
3238 5630 3392 5684 calor
3437 5640 3557 5680 ossa
3593 5609 3809 5686 reliquii-
