  <div class='ocr_page' id='page_1' title='image "/cluster/home/n/w/nwhite01/storage/ocr_20150623/139/hvd.32044054759998/406.png"; bbox 0 0 3998 6166; ppageno 0'>
   <div class='ocr_carea' id='block_1_1' title="bbox 227 378 3018 463">
    <p class='ocr_par' dir='ltr' id='par_1_1' title="bbox 227 378 3018 463">
     <span class='ocr_line' id='line_1_1' title="bbox 227 378 3018 463; baseline 0.001 -11"><span class='ocrx_word' id='word_1_1' title='bbox 227 398 312 463; x_wconf 63' lang='lat' dir='ltr'><strong>so]</strong></span> <span class='ocrx_word' id='word_1_2' title='bbox 766 390 862 455; x_wconf 82' lang='lat' dir='ltr'><strong>DE</strong></span> <span class='ocrx_word' id='word_1_3' title='bbox 899 388 1279 454; x_wconf 76' lang='lat' dir='ltr'><strong>MIRACULJS</strong></span> <span class='ocrx_word' id='word_1_4' title='bbox 1327 381 1576 446; x_wconf 77' lang='lat' dir='ltr'><strong>SANC&#39;I‘I</strong></span> <span class='ocrx_word' id='word_1_5' title='bbox 1627 378 2002 444; x_wconf 77' lang='lat' dir='ltr'><strong>BENEDIC’I‘I</strong></span> <span class='ocrx_word' id='word_1_6' title='bbox 2060 381 2246 443; x_wconf 79' lang='lat' dir='ltr'><strong>LIBRI</strong></span> <span class='ocrx_word' id='word_1_7' title='bbox 2285 383 2455 444; x_wconf 90' lang='lat' dir='ltr'><strong>DUO.</strong></span> <span class='ocrx_word' id='word_1_8' title='bbox 2495 420 2572 430; x_wconf 91' lang='lat'><strong>-—</strong></span> <span class='ocrx_word' id='word_1_9' title='bbox 2604 387 3018 454; x_wconf 82' lang='lat' dir='ltr'><strong>PROLOGUS.</strong></span> 
     </span>
    </p>
   </div>
   <div class='ocr_carea' id='block_1_2' title="bbox 3480 403 3590 463">
    <p class='ocr_par' dir='ltr' id='par_1_2' title="bbox 3480 403 3590 463">
     <span class='ocr_line' id='line_1_2' title="bbox 3480 403 3590 463; baseline 0.036 -4"><span class='ocrx_word' id='word_1_10' title='bbox 3480 403 3590 463; x_wconf 81' lang='lat'><strong>802</strong></span> 
     </span>
    </p>
   </div>
   <div class='ocr_carea' id='block_1_3' title="bbox 226 511 3266 596">
    <p class='ocr_par' dir='ltr' id='par_1_3' title="bbox 226 511 3266 596">
     <span class='ocr_line' id='line_1_3' title="bbox 226 511 3266 596; baseline -0.006 -12"><span class='ocrx_word' id='word_1_11' title='bbox 226 529 327 585; x_wconf 76' lang='lat' dir='ltr'><strong>Nec</strong></span> <span class='ocrx_word' id='word_1_12' title='bbox 356 524 620 596; x_wconf 83' lang='lat' dir='ltr'><strong>lacrymis</strong></span> <span class='ocrx_word' id='word_1_13' title='bbox 669 538 906 578; x_wconf 81' lang='lat' dir='ltr'><strong>caruere</strong></span> <span class='ocrx_word' id='word_1_14' title='bbox 947 535 1143 592; x_wconf 75' lang='lat' dir='ltr'><strong>genm;</strong></span> <span class='ocrx_word' id='word_1_15' title='bbox 1188 520 1313 571; x_wconf 91' lang='lat' dir='ltr'><strong>tum</strong></span> <span class='ocrx_word' id='word_1_16' title='bbox 1358 529 1603 585; x_wconf 89' lang='lat' dir='ltr'><strong>corpore</strong></span> <span class='ocrx_word' id='word_1_17' title='bbox 1644 517 1912 585; x_wconf 54' lang='lat' dir='ltr'><strong>preno’A</strong></span> <span class='ocrx_word' id='word_1_18' title='bbox 1934 511 2197 588; x_wconf 78' lang='lat' dir='ltr'><strong>Denique</strong></span> <span class='ocrx_word' id='word_1_19' title='bbox 2229 512 2491 585; x_wconf 83' lang='lat' dir='ltr'><strong>majores</strong></span> <span class='ocrx_word' id='word_1_20' title='bbox 2520 515 2688 570; x_wconf 87' lang='lat' dir='ltr'><strong>artus</strong></span> <span class='ocrx_word' id='word_1_21' title='bbox 2711 523 3081 587; x_wconf 68' lang='lat' dir='ltr'><strong>praemortua</strong></span> <span class='ocrx_word' id='word_1_22' title='bbox 3101 521 3266 594; x_wconf 70' lang='lat' dir='ltr'><strong>juxta</strong></span> 
     </span>
    </p>
   </div>
   <div class='ocr_carea' id='block_1_4' title="bbox 224 605 1634 682">
    <p class='ocr_par' dir='ltr' id='par_1_4' title="bbox 224 605 1634 682">
     <span class='ocr_line' id='line_1_4' title="bbox 224 605 1634 682; baseline -0.011 -10"><span class='ocrx_word' id='word_1_23' title='bbox 224 619 460 672; x_wconf 81' lang='lat' dir='ltr'><strong>Exorant</strong></span> <span class='ocrx_word' id='word_1_24' title='bbox 491 613 808 679; x_wconf 78' lang='lat' dir='ltr'><strong>Christum,</strong></span> <span class='ocrx_word' id='word_1_25' title='bbox 835 611 931 682; x_wconf 86' lang='lat' dir='ltr'><strong>qui</strong></span> <span class='ocrx_word' id='word_1_26' title='bbox 960 612 1127 664; x_wconf 88' lang='lat' dir='ltr'><strong>tanto</strong></span> <span class='ocrx_word' id='word_1_27' title='bbox 1150 622 1392 661; x_wconf 89' lang='lat' dir='ltr'><strong>munere</strong></span> <span class='ocrx_word' id='word_1_28' title='bbox 1423 605 1634 676; x_wconf 88' lang='lat' dir='ltr'><strong>dignos</strong></span> 
     </span>
    </p>
   </div>
   <div class='ocr_carea' id='block_1_5' title="bbox 222 693 1616 770">
    <p class='ocr_par' dir='ltr' id='par_1_5' title="bbox 222 693 1616 770">
     <span class='ocr_line' id='line_1_5' title="bbox 222 693 1616 770; baseline -0.011 -9"><span class='ocrx_word' id='word_1_29' title='bbox 222 707 474 770; x_wconf 78' lang='lat' dir='ltr'><strong>Duxerat,</strong></span> <span class='ocrx_word' id='word_1_30' title='bbox 511 706 576 758; x_wconf 91' lang='lat' dir='ltr'><strong>ut</strong></span> <span class='ocrx_word' id='word_1_31' title='bbox 607 702 827 756; x_wconf 89' lang='lat' dir='ltr'><strong>donum</strong></span> <span class='ocrx_word' id='word_1_32' title='bbox 869 701 1073 764; x_wconf 85' lang='lat' dir='ltr'><strong>servet,</strong></span> <span class='ocrx_word' id='word_1_33' title='bbox 1108 713 1180 750; x_wconf 91' lang='lat' dir='ltr'><strong>ne</strong></span> <span class='ocrx_word' id='word_1_34' title='bbox 1207 694 1474 770; x_wconf 75' lang='lat' dir='ltr'><strong>gentibus</strong></span> <span class='ocrx_word' id='word_1_35' title='bbox 1506 693 1616 746; x_wconf 91' lang='lat' dir='ltr'>illis</span> 
     </span>
    </p>
   </div>
   <div class='ocr_carea' id='block_1_6' title="bbox 225 769 1616 860">
    <p class='ocr_par' dir='ltr' id='par_1_6' title="bbox 225 769 1616 860">
     <span class='ocr_line' id='line_1_6' title="bbox 225 769 1616 860; baseline -0.009 -11"><span class='ocrx_word' id='word_1_36' title='bbox 225 794 405 849; x_wconf 62' lang='lat' dir='ltr'><strong>Praeda</strong></span> <span class='ocrx_word' id='word_1_37' title='bbox 435 769 604 858; x_wconf 78' lang='lat' dir='ltr'><strong>(iant,</strong></span> <span class='ocrx_word' id='word_1_38' title='bbox 632 793 691 845; x_wconf 87' lang='lat' dir='ltr'><strong>et</strong></span> <span class='ocrx_word' id='word_1_39' title='bbox 717 790 990 860; x_wconf 78' lang='lat' dir='ltr'><strong>przeclaro</strong></span> <span class='ocrx_word' id='word_1_40' title='bbox 1023 769 1343 857; x_wconf 87' lang='lat' dir='ltr'><strong>spolientur</strong></span> <span class='ocrx_word' id='word_1_41' title='bbox 1369 783 1616 836; x_wconf 85' lang='lat' dir='ltr'><strong>honore.</strong></span> 
     </span>
    </p>
   </div>
   <div class='ocr_carea' id='block_1_7' title="bbox 223 871 1510 949">
    <p class='ocr_par' dir='ltr' id='par_1_7' title="bbox 223 871 1510 949">
     <span class='ocr_line' id='line_1_7' title="bbox 223 871 1510 949; baseline -0.012 -11"><span class='ocrx_word' id='word_1_42' title='bbox 223 883 322 938; x_wconf 83' lang='lat' dir='ltr'><strong>Hos</strong></span> <span class='ocrx_word' id='word_1_43' title='bbox 347 885 496 938; x_wconf 90' lang='lat' dir='ltr'><strong>Deus</strong></span> <span class='ocrx_word' id='word_1_44' title='bbox 522 881 766 935; x_wconf 89' lang='lat' dir='ltr'><strong>obscuro</strong></span> <span class='ocrx_word' id='word_1_45' title='bbox 791 876 1121 949; x_wconf 77' lang='lat' dir='ltr'><strong>gradientes</strong></span> <span class='ocrx_word' id='word_1_46' title='bbox 1151 890 1281 928; x_wconf 81' lang='lat' dir='ltr'><strong>aere</strong></span> <span class='ocrx_word' id='word_1_47' title='bbox 1315 871 1510 942; x_wconf 83' lang='lat' dir='ltr'><strong>sepsit,</strong></span> 
     </span>
    </p>
   </div>
   <div class='ocr_carea' id='block_1_8' title="bbox 222 957 1721 1040">
    <p class='ocr_par' dir='ltr' id='par_1_8' title="bbox 222 957 1721 1040">
     <span class='ocr_line' id='line_1_8' title="bbox 222 957 1721 1040; baseline -0.011 -13"><span class='ocrx_word' id='word_1_48' title='bbox 222 972 458 1026; x_wconf 85' lang='lat' dir='ltr'><strong>Cernere</strong></span> <span class='ocrx_word' id='word_1_49' title='bbox 493 987 564 1024; x_wconf 88' lang='lat' dir='ltr'><strong>ne</strong></span> <span class='ocrx_word' id='word_1_50' title='bbox 588 969 714 1040; x_wconf 87' lang='lat' dir='ltr'>quis</span> <span class='ocrx_word' id='word_1_51' title='bbox 744 984 862 1034; x_wconf 90' lang='lat' dir='ltr'><strong>eos,</strong></span> <span class='ocrx_word' id='word_1_52' title='bbox 891 983 962 1020; x_wconf 91' lang='lat' dir='ltr'><strong>ne</strong></span> <span class='ocrx_word' id='word_1_53' title='bbox 994 964 1120 1036; x_wconf 86' lang='lat' dir='ltr'>quis</span> <span class='ocrx_word' id='word_1_54' title='bbox 1161 961 1498 1031; x_wconf 89' lang='lat' dir='ltr'><strong>contingere</strong></span> <span class='ocrx_word' id='word_1_55' title='bbox 1528 957 1721 1026; x_wconf 84' lang='lat' dir='ltr'>posset</span> 
     </span>
    </p>
   </div>
   <div class='ocr_carea' id='block_1_9' title="bbox 221 1047 1752 1130">
    <p class='ocr_par' dir='ltr' id='par_1_9' title="bbox 221 1047 1752 1130">
     <span class='ocr_line' id='line_1_9' title="bbox 221 1047 1752 1130; baseline -0.012 -15"><span class='ocrx_word' id='word_1_56' title='bbox 221 1059 554 1130; x_wconf 87' lang='lat' dir='ltr'><strong>Corripuere</strong></span> <span class='ocrx_word' id='word_1_57' title='bbox 584 1057 736 1111; x_wconf 88' lang='lat' dir='ltr'><strong>viam</strong></span> <span class='ocrx_word' id='word_1_58' title='bbox 768 1055 1014 1118; x_wconf 83' lang='lat' dir='ltr'><strong>interea,</strong></span> <span class='ocrx_word' id='word_1_59' title='bbox 1048 1067 1163 1122; x_wconf 91' lang='lat' dir='ltr'><strong>qua</strong></span> <span class='ocrx_word' id='word_1_60' title='bbox 1191 1048 1398 1103; x_wconf 85' lang='lat' dir='ltr'><strong>semita</strong></span> <span class='ocrx_word' id='word_1_61' title='bbox 1428 1047 1752 1100; x_wconf 89' lang='lat' dir='ltr'><strong>monstram</strong></span> 
     </span>
    </p>
   </div>
   <div class='ocr_carea' id='block_1_10' title="bbox 220 1133 1559 1218">
    <p class='ocr_par' dir='ltr' id='par_1_10' title="bbox 220 1133 1559 1218">
     <span class='ocr_line' id='line_1_10' title="bbox 220 1133 1559 1218; baseline -0.013 -15"><span class='ocrx_word' id='word_1_62' title='bbox 220 1150 278 1204; x_wconf 83' lang='lat' dir='ltr'><strong>Et</strong></span> <span class='ocrx_word' id='word_1_63' title='bbox 301 1147 413 1202; x_wconf 63' lang='lat' dir='ltr'><strong>lati</strong></span> <span class='ocrx_word' id='word_1_64' title='bbox 447 1145 650 1218; x_wconf 75' lang='lat' dir='ltr'>patriis</span> <span class='ocrx_word' id='word_1_65' title='bbox 677 1143 933 1214; x_wconf 78' lang='lat' dir='ltr'><strong>gaudent</strong></span> <span class='ocrx_word' id='word_1_66' title='bbox 959 1139 1271 1194; x_wconf 89' lang='lat' dir='ltr'><strong>consistere</strong></span> <span class='ocrx_word' id='word_1_67' title='bbox 1301 1136 1361 1190; x_wconf 87' lang='lat' dir='ltr'><strong>in</strong></span> <span class='ocrx_word' id='word_1_68' title='bbox 1393 1133 1559 1189; x_wconf 91' lang='lat' dir='ltr'><strong>arvis.</strong></span> 
     </span>
    </p>
   </div>
   <div class='ocr_carea' id='block_1_11' title="bbox 280 1219 1641 1300">
    <p class='ocr_par' dir='ltr' id='par_1_11' title="bbox 280 1219 1641 1300">
     <span class='ocr_line' id='line_1_11' title="bbox 280 1219 1641 1300; baseline -0.015 -8"><span class='ocrx_word' id='word_1_69' title='bbox 280 1233 606 1292; x_wconf 81' lang='lat' dir='ltr'><strong>Bonodium</strong></span> <span class='ocrx_word' id='word_1_70' title='bbox 639 1231 896 1287; x_wconf 82' lang='lat' dir='ltr'><strong>vocitant</strong></span> <span class='ocrx_word' id='word_1_71' title='bbox 923 1244 1128 1300; x_wconf 85' lang='lat' dir='ltr'><strong>agrum</strong></span> <span class='ocrx_word' id='word_1_72' title='bbox 1163 1225 1297 1297; x_wconf 88' lang='lat' dir='ltr'><strong>pagi</strong></span> <span class='ocrx_word' id='word_1_73' title='bbox 1327 1219 1641 1286; x_wconf 87' lang='lat' dir='ltr'><strong>Aureliani,</strong></span> 
     </span>
    </p>
   </div>
   <div class='ocr_carea' id='block_1_12' title="bbox 217 1311 1608 1396">
    <p class='ocr_par' dir='ltr' id='par_1_12' title="bbox 217 1311 1608 1396">
     <span class='ocr_line' id='line_1_12' title="bbox 217 1311 1608 1396; baseline -0.013 -16"><span class='ocrx_word' id='word_1_74' title='bbox 217 1325 326 1389; x_wconf 85' lang='lat' dir='ltr'><strong>Quo</strong></span> <span class='ocrx_word' id='word_1_75' title='bbox 357 1323 618 1396; x_wconf 87' lang='lat' dir='ltr'><strong>primum</strong></span> <span class='ocrx_word' id='word_1_76' title='bbox 648 1319 777 1376; x_wconf 85' lang='lat' dir='ltr'>fessi</span> <span class='ocrx_word' id='word_1_77' title='bbox 809 1319 1072 1373; x_wconf 90' lang='lat' dir='ltr'><strong>cinerum</strong></span> <span class='ocrx_word' id='word_1_78' title='bbox 1093 1315 1349 1370; x_wconf 88' lang='lat' dir='ltr'><strong>residere</strong></span> <span class='ocrx_word' id='word_1_79' title='bbox 1380 1311 1608 1382; x_wconf 90' lang='lat' dir='ltr'><strong>piorum</strong></span> 
     </span>
    </p>
   </div>
   <div class='ocr_carea' id='block_1_13' title="bbox 215 1400 1523 1479">
    <p class='ocr_par' dir='ltr' id='par_1_13' title="bbox 215 1400 1523 1479">
     <span class='ocr_line' id='line_1_13' title="bbox 215 1400 1523 1479; baseline -0.011 -13"><span class='ocrx_word' id='word_1_80' title='bbox 215 1415 477 1468; x_wconf 79' lang='lat' dir='ltr'><strong>Vectores</strong></span> <span class='ocrx_word' id='word_1_81' title='bbox 510 1409 899 1479; x_wconf 88' lang='lat' dir='ltr'><strong>Dominusque</strong></span> <span class='ocrx_word' id='word_1_82' title='bbox 923 1405 1036 1460; x_wconf 90' lang='lat' dir='ltr'><strong>suis</strong></span> <span class='ocrx_word' id='word_1_83' title='bbox 1063 1405 1181 1458; x_wconf 88' lang='lat' dir='ltr'><strong>vult</strong></span> <span class='ocrx_word' id='word_1_84' title='bbox 1207 1400 1523 1474; x_wconf 82' lang='lat' dir='ltr'><strong>gloriﬁcari</strong></span> 
     </span>
    </p>
   </div>
   <div class='ocr_carea' id='block_1_14' title="bbox 214 1488 1612 1557">
    <p class='ocr_par' dir='ltr' id='par_1_14' title="bbox 214 1488 1612 1557">
     <span class='ocr_line' id='line_1_14' title="bbox 214 1488 1612 1557; baseline -0.011 -1"><span class='ocrx_word' id='word_1_85' title='bbox 214 1503 268 1557; x_wconf 88' lang='lat' dir='ltr'><strong>In</strong></span> <span class='ocrx_word' id='word_1_86' title='bbox 298 1499 537 1556; x_wconf 87' lang='lat' dir='ltr'><strong>sanctis.</strong></span> <span class='ocrx_word' id='word_1_87' title='bbox 577 1499 768 1553; x_wconf 65' lang='lat' dir='ltr'><strong>Caecus</strong></span> <span class='ocrx_word' id='word_1_88' title='bbox 799 1496 944 1550; x_wconf 91' lang='lat' dir='ltr'><strong>dum</strong></span> <span class='ocrx_word' id='word_1_89' title='bbox 970 1492 1169 1548; x_wconf 88' lang='lat' dir='ltr'><strong>matris</strong></span> <span class='ocrx_word' id='word_1_90' title='bbox 1199 1493 1358 1547; x_wconf 88' lang='lat' dir='ltr'><strong>fusus</strong></span> <span class='ocrx_word' id='word_1_91' title='bbox 1385 1488 1458 1544; x_wconf 89' lang='lat' dir='ltr'><strong>ab</strong></span> <span class='ocrx_word' id='word_1_92' title='bbox 1488 1489 1612 1542; x_wconf 89' lang='lat' dir='ltr'><strong>alvo</strong></span> 
     </span>
    </p>
   </div>
   <div class='ocr_carea' id='block_1_15' title="bbox 213 1579 1508 1658">
    <p class='ocr_par' dir='ltr' id='par_1_15' title="bbox 213 1579 1508 1658">
     <span class='ocr_line' id='line_1_15' title="bbox 213 1579 1508 1658; baseline -0.011 -16"><span class='ocrx_word' id='word_1_93' title='bbox 213 1585 574 1658; x_wconf 87' lang='lat' dir='ltr'><strong>Ingrediente</strong></span> <span class='ocrx_word' id='word_1_94' title='bbox 604 1583 694 1638; x_wconf 93' lang='lat' dir='ltr'><strong>die</strong></span> <span class='ocrx_word' id='word_1_95' title='bbox 723 1581 908 1636; x_wconf 88' lang='lat' dir='ltr'><strong>sensit</strong></span> <span class='ocrx_word' id='word_1_96' title='bbox 933 1580 1221 1635; x_wconf 88' lang='lat' dir='ltr'><strong>discedere</strong></span> <span class='ocrx_word' id='word_1_97' title='bbox 1247 1579 1508 1639; x_wconf 90' lang='lat' dir='ltr'><strong>noctem,</strong></span> 
     </span>
    </p>
   </div>
   <div class='ocr_carea' id='block_1_16' title="bbox 213 1664 1502 1738">
    <p class='ocr_par' dir='ltr' id='par_1_16' title="bbox 213 1664 1502 1738">
     <span class='ocr_line' id='line_1_16' title="bbox 213 1664 1502 1738; baseline -0.009 -7"><span class='ocrx_word' id='word_1_98' title='bbox 213 1677 271 1731; x_wconf 84' lang='lat' dir='ltr'><strong>Et</strong></span> <span class='ocrx_word' id='word_1_99' title='bbox 294 1674 538 1730; x_wconf 88' lang='lat' dir='ltr'><strong>claudus</strong></span> <span class='ocrx_word' id='word_1_100' title='bbox 568 1671 737 1728; x_wconf 90' lang='lat' dir='ltr'><strong>rectis</strong></span> <span class='ocrx_word' id='word_1_101' title='bbox 769 1672 998 1725; x_wconf 77' lang='lat' dir='ltr'><strong>laetatur</strong></span> <span class='ocrx_word' id='word_1_102' title='bbox 1025 1668 1239 1723; x_wconf 87' lang='lat' dir='ltr'><strong>vadere</strong></span> <span class='ocrx_word' id='word_1_103' title='bbox 1267 1664 1502 1738; x_wconf 90' lang='lat' dir='ltr'><strong>plantis.</strong></span> 
     </span>
    </p>
   </div>
   <div class='ocr_carea' id='block_1_17' title="bbox 211 1751 1715 1832">
    <p class='ocr_par' dir='ltr' id='par_1_17' title="bbox 211 1751 1715 1832">
     <span class='ocr_line' id='line_1_17' title="bbox 211 1751 1715 1832; baseline -0.009 -13"><span class='ocrx_word' id='word_1_104' title='bbox 211 1767 503 1820; x_wconf 86' lang='lat' dir='ltr'><strong>Devenere</strong></span> <span class='ocrx_word' id='word_1_105' title='bbox 533 1763 754 1816; x_wconf 79' lang='lat' dir='ltr'><strong>Novam</strong></span> <span class='ocrx_word' id='word_1_106' title='bbox 786 1775 961 1832; x_wconf 88' lang='lat' dir='ltr'><strong>quam</strong></span> <span class='ocrx_word' id='word_1_107' title='bbox 993 1757 1191 1812; x_wconf 91' lang='lat' dir='ltr'><strong>dicunt</strong></span> <span class='ocrx_word' id='word_1_108' title='bbox 1220 1753 1468 1810; x_wconf 91' lang='lat' dir='ltr'><strong>nomine</strong></span> <span class='ocrx_word' id='word_1_109' title='bbox 1490 1751 1715 1806; x_wconf 89' lang='lat' dir='ltr'><strong>Villam.</strong></span> 
     </span>
    </p>
   </div>
   <div class='ocr_carea' id='block_1_18' title="bbox 209 1844 1572 1910">
    <p class='ocr_par' dir='ltr' id='par_1_18' title="bbox 209 1844 1572 1910">
     <span class='ocr_line' id='line_1_18' title="bbox 209 1844 1572 1910; baseline -0.01 -2"><span class='ocrx_word' id='word_1_110' title='bbox 209 1855 298 1910; x_wconf 80' lang='lat' dir='ltr'><strong>Hic</strong></span> <span class='ocrx_word' id='word_1_111' title='bbox 322 1856 478 1909; x_wconf 85' lang='lat' dir='ltr'><strong>alter</strong></span> <span class='ocrx_word' id='word_1_112' title='bbox 507 1851 746 1905; x_wconf 89' lang='lat' dir='ltr'><strong>veniens</strong></span> <span class='ocrx_word' id='word_1_113' title='bbox 777 1849 849 1903; x_wconf 88' lang='lat' dir='ltr'><strong>ad</strong></span> <span class='ocrx_word' id='word_1_114' title='bbox 876 1849 1019 1902; x_wconf 90' lang='lat' dir='ltr'><strong>hanc</strong></span> <span class='ocrx_word' id='word_1_115' title='bbox 1050 1848 1238 1900; x_wconf 91' lang='lat' dir='ltr'><strong>lucem</strong></span> <span class='ocrx_word' id='word_1_116' title='bbox 1266 1844 1394 1898; x_wconf 87' lang='lat' dir='ltr'><strong>sine</strong></span> <span class='ocrx_word' id='word_1_117' title='bbox 1425 1845 1572 1906; x_wconf 92' lang='lat' dir='ltr'><strong>luce,</strong></span> 
     </span>
    </p>
   </div>
   <div class='ocr_carea' id='block_1_19' title="bbox 210 1930 1715 2012">
    <p class='ocr_par' dir='ltr' id='par_1_19' title="bbox 210 1930 1715 2012">
     <span class='ocr_line' id='line_1_19' title="bbox 210 1930 1715 2012; baseline -0.011 -15"><span class='ocrx_word' id='word_1_118' title='bbox 210 1943 448 1997; x_wconf 89' lang='lat' dir='ltr'><strong>Lumine</strong></span> <span class='ocrx_word' id='word_1_119' title='bbox 488 1945 765 2012; x_wconf 90' lang='lat' dir='ltr'><strong>percepto</strong></span> <span class='ocrx_word' id='word_1_120' title='bbox 795 1938 1051 1990; x_wconf 88' lang='lat' dir='ltr'><strong>sanctum</strong></span> <span class='ocrx_word' id='word_1_121' title='bbox 1084 1935 1284 1989; x_wconf 88' lang='lat' dir='ltr'><strong>laudat</strong></span> <span class='ocrx_word' id='word_1_122' title='bbox 1315 1930 1715 1986; x_wconf 87' lang='lat' dir='ltr'><strong>Benedictum.</strong></span> 
     </span>
    </p>
   </div>
   <div class='ocr_carea' id='block_1_20' title="bbox 211 2022 1587 2100">
    <p class='ocr_par' dir='ltr' id='par_1_20' title="bbox 211 2022 1587 2100">
     <span class='ocr_line' id='line_1_20' title="bbox 211 2022 1587 2100; baseline -0.011 -13"><span class='ocrx_word' id='word_1_123' title='bbox 211 2031 498 2086; x_wconf 85' lang='lat' dir='ltr'><strong>Floriacus</strong></span> <span class='ocrx_word' id='word_1_124' title='bbox 522 2030 745 2100; x_wconf 85' lang='lat' dir='ltr'><strong>perstat</strong></span> <span class='ocrx_word' id='word_1_125' title='bbox 771 2024 923 2083; x_wconf 76' lang='lat' dir='ltr'><strong>vicus</strong></span> <span class='ocrx_word' id='word_1_126' title='bbox 939 2025 1086 2079; x_wconf 86' lang='lat' dir='ltr'><strong>haud</strong></span> <span class='ocrx_word' id='word_1_127' title='bbox 1116 2039 1294 2095; x_wconf 90' lang='lat' dir='ltr'><strong>porro</strong></span> <span class='ocrx_word' id='word_1_128' title='bbox 1323 2022 1587 2074; x_wconf 90' lang='lat' dir='ltr'><strong>remotus</strong></span> 
     </span>
    </p>
   </div>
   <div class='ocr_carea' id='block_1_21' title="bbox 209 2108 1680 2186">
    <p class='ocr_par' dir='ltr' id='par_1_21' title="bbox 209 2108 1680 2186">
     <span class='ocr_line' id='line_1_21' title="bbox 209 2108 1680 2186; baseline -0.011 -12"><span class='ocrx_word' id='word_1_129' title='bbox 209 2118 501 2186; x_wconf 65' lang='lat' dir='ltr'><strong>Canobio,</strong></span> <span class='ocrx_word' id='word_1_130' title='bbox 530 2113 720 2186; x_wconf 84' lang='lat' dir='ltr'><strong>geruli</strong></span> <span class='ocrx_word' id='word_1_131' title='bbox 751 2130 860 2185; x_wconf 86' lang='lat' dir='ltr'><strong>quo</strong></span> <span class='ocrx_word' id='word_1_132' title='bbox 892 2113 1074 2168; x_wconf 91' lang='lat' dir='ltr'><strong>dulcia</strong></span> <span class='ocrx_word' id='word_1_133' title='bbox 1097 2112 1376 2167; x_wconf 90' lang='lat' dir='ltr'><strong>membra</strong></span> <span class='ocrx_word' id='word_1_134' title='bbox 1403 2108 1680 2162; x_wconf 90' lang='lat' dir='ltr'><strong>tulerunt.</strong></span> 
     </span>
    </p>
   </div>
   <div class='ocr_carea' id='block_1_22' title="bbox 212 2189 1832 2272">
    <p class='ocr_par' dir='ltr' id='par_1_22' title="bbox 212 2189 1832 2272">
     <span class='ocr_line' id='line_1_22' title="bbox 212 2189 1832 2272; baseline -0.011 -10"><span class='ocrx_word' id='word_1_135' title='bbox 212 2209 315 2262; x_wconf 84' lang='lat' dir='ltr'><strong>Huc</strong></span> <span class='ocrx_word' id='word_1_136' title='bbox 343 2203 595 2261; x_wconf 89' lang='lat' dir='ltr'><strong>Domini</strong></span> <span class='ocrx_word' id='word_1_137' title='bbox 623 2203 876 2257; x_wconf 81' lang='lat' dir='ltr'><strong>famulus</strong></span> <span class='ocrx_word' id='word_1_138' title='bbox 920 2200 1191 2272; x_wconf 87' lang='lat' dir='ltr'><strong>gaudenti</strong></span> <span class='ocrx_word' id='word_1_139' title='bbox 1234 2215 1374 2254; x_wconf 90' lang='lat' dir='ltr'><strong>cum</strong></span> <span class='ocrx_word' id='word_1_140' title='bbox 1422 2211 1599 2268; x_wconf 87' lang='lat' dir='ltr'><strong>grege</strong></span> <span class='ocrx_word' id='word_1_141' title='bbox 1644 2189 1832 2246; x_wconf 89' lang='lat' dir='ltr'><strong>tendit</strong></span> 
     </span>
    </p>
   </div>
   <div class='ocr_carea' id='block_1_23' title="bbox 206 2279 1832 2361">
    <p class='ocr_par' dir='ltr' id='par_1_23' title="bbox 206 2279 1832 2361">
     <span class='ocr_line' id='line_1_23' title="bbox 206 2279 1832 2361; baseline -0.011 -11"><span class='ocrx_word' id='word_1_142' title='bbox 206 2295 573 2359; x_wconf 73' lang='lat' dir='ltr'><strong>Mummolus,</strong></span> <span class='ocrx_word' id='word_1_143' title='bbox 627 2293 691 2345; x_wconf 90' lang='lat' dir='ltr'><strong>ut</strong></span> <span class='ocrx_word' id='word_1_144' title='bbox 733 2290 935 2344; x_wconf 88' lang='lat' dir='ltr'><strong>celebri</strong></span> <span class='ocrx_word' id='word_1_145' title='bbox 985 2291 1154 2345; x_wconf 91' lang='lat' dir='ltr'><strong>ducat</strong></span> <span class='ocrx_word' id='word_1_146' title='bbox 1197 2302 1425 2361; x_wconf 91' lang='lat' dir='ltr'><strong>pompa</strong></span> <span class='ocrx_word' id='word_1_147' title='bbox 1488 2279 1832 2336; x_wconf 89' lang='lat' dir='ltr'><strong>metuendas</strong></span> 
     </span>
    </p>
   </div>
   <div class='ocr_carea' id='block_1_24' title="bbox 209 2371 1830 2456">
    <p class='ocr_par' dir='ltr' id='par_1_24' title="bbox 209 2371 1830 2456">
     <span class='ocr_line' id='line_1_24' title="bbox 209 2371 1830 2456; baseline -0.011 -17"><span class='ocrx_word' id='word_1_148' title='bbox 209 2384 539 2456; x_wconf 78' lang='lat' dir='ltr'><strong>Relliquias.</strong></span> <span class='ocrx_word' id='word_1_149' title='bbox 575 2383 712 2436; x_wconf 93' lang='lat' dir='ltr'><strong>Post</strong></span> <span class='ocrx_word' id='word_1_150' title='bbox 753 2396 920 2450; x_wconf 90' lang='lat' dir='ltr'><strong>quem</strong></span> <span class='ocrx_word' id='word_1_151' title='bbox 962 2376 1401 2435; x_wconf 90' lang='lat' dir='ltr'><strong>Cenomannica</strong></span> <span class='ocrx_word' id='word_1_152' title='bbox 1429 2371 1590 2444; x_wconf 88' lang='lat' dir='ltr'><strong>plebs</strong></span> <span class='ocrx_word' id='word_1_153' title='bbox 1619 2385 1830 2441; x_wconf 87' lang='lat' dir='ltr'><strong>prope-</strong></span> 
     </span>
    </p>
   </div>
   <div class='ocr_carea' id='block_1_25' title="bbox 1568 2458 1757 2522">
    <p class='ocr_par' dir='ltr' id='par_1_25' title="bbox 1568 2458 1757 2522">
     <span class='ocr_line' id='line_1_25' title="bbox 1568 2458 1757 2522; baseline -0.016 -9"><span class='ocrx_word' id='word_1_154' title='bbox 1568 2458 1757 2522; x_wconf 89' lang='lat' dir='ltr'><strong>[ravit,</strong></span> 
     </span>
    </p>
   </div>
   <div class='ocr_carea' id='block_1_26' title="bbox 209 2549 1586 2634">
    <p class='ocr_par' dir='ltr' id='par_1_26' title="bbox 209 2549 1586 2634">
     <span class='ocr_line' id='line_1_26' title="bbox 209 2549 1586 2634; baseline -0.01 -19"><span class='ocrx_word' id='word_1_155' title='bbox 209 2563 454 2634; x_wconf 84' lang='lat' dir='ltr'><strong>Virginis</strong></span> <span class='ocrx_word' id='word_1_156' title='bbox 482 2559 745 2632; x_wconf 63' lang='lat' dir='ltr'><strong>egregiae</strong></span> <span class='ocrx_word' id='word_1_157' title='bbox 767 2575 993 2631; x_wconf 85' lang='lat' dir='ltr'><strong>sperans</strong></span> <span class='ocrx_word' id='word_1_158' title='bbox 1020 2575 1137 2612; x_wconf 90' lang='lat' dir='ltr'><strong>non</strong></span> <span class='ocrx_word' id='word_1_159' title='bbox 1162 2571 1285 2611; x_wconf 91' lang='lat' dir='ltr'><strong>esse</strong></span> <span class='ocrx_word' id='word_1_160' title='bbox 1311 2549 1586 2621; x_wconf 85' lang='lat' dir='ltr'><strong>neganda</strong></span> 
     </span>
    </p>
   </div>
   <div class='ocr_carea' id='block_1_27' title="bbox 212 2639 1550 2708">
    <p class='ocr_par' dir='ltr' id='par_1_27' title="bbox 212 2639 1550 2708">
     <span class='ocr_line' id='line_1_27' title="bbox 212 2639 1550 2708; baseline -0.013 0"><span class='ocrx_word' id='word_1_161' title='bbox 212 2651 338 2708; x_wconf 85' lang='lat' dir='ltr'><strong>Ossa</strong></span> <span class='ocrx_word' id='word_1_162' title='bbox 357 2652 496 2708; x_wconf 85' lang='lat' dir='ltr'><strong>sibi.</strong></span> <span class='ocrx_word' id='word_1_163' title='bbox 525 2649 646 2706; x_wconf 90' lang='lat' dir='ltr'><strong>Sed</strong></span> <span class='ocrx_word' id='word_1_164' title='bbox 678 2650 1004 2703; x_wconf 91' lang='lat' dir='ltr'><strong>constanter</strong></span> <span class='ocrx_word' id='word_1_165' title='bbox 1034 2664 1091 2700; x_wconf 91' lang='lat' dir='ltr'><strong>se</strong></span> <span class='ocrx_word' id='word_1_166' title='bbox 1121 2645 1359 2699; x_wconf 88' lang='lat' dir='ltr'><strong>tradere</strong></span> <span class='ocrx_word' id='word_1_167' title='bbox 1393 2639 1550 2693; x_wconf 91' lang='lat' dir='ltr'><strong>nolle</strong></span> 
     </span>
    </p>
   </div>
   <div class='ocr_carea' id='block_1_28' title="bbox 207 2729 1599 2810">
    <p class='ocr_par' dir='ltr' id='par_1_28' title="bbox 207 2729 1599 2810">
     <span class='ocr_line' id='line_1_28' title="bbox 207 2729 1599 2810; baseline -0.013 -14"><span class='ocrx_word' id='word_1_168' title='bbox 207 2743 418 2797; x_wconf 79' lang='lat' dir='ltr'><strong>Asserit</strong></span> <span class='ocrx_word' id='word_1_169' title='bbox 448 2738 745 2810; x_wconf 74' lang='lat' dir='ltr'><strong>Aigult‘us,</strong></span> <span class='ocrx_word' id='word_1_170' title='bbox 778 2736 1004 2807; x_wconf 90' lang='lat' dir='ltr'><strong>proprio</strong></span> <span class='ocrx_word' id='word_1_171' title='bbox 1027 2736 1236 2790; x_wconf 88' lang='lat' dir='ltr'><strong>sudore</strong></span> <span class='ocrx_word' id='word_1_172' title='bbox 1264 2729 1599 2798; x_wconf 86' lang='lat' dir='ltr'><strong>redempta.</strong></span> 
     </span>
    </p>
   </div>
   <div class='ocr_carea' id='block_1_29' title="bbox 208 2812 1696 2895">
    <p class='ocr_par' dir='ltr' id='par_1_29' title="bbox 208 2812 1696 2895">
     <span class='ocr_line' id='line_1_29' title="bbox 208 2812 1696 2895; baseline -0.013 -10"><span class='ocrx_word' id='word_1_173' title='bbox 208 2833 480 2885; x_wconf 80' lang='lat' dir='ltr'><strong>Attamen</strong></span> <span class='ocrx_word' id='word_1_174' title='bbox 507 2825 760 2882; x_wconf 89' lang='lat' dir='ltr'><strong>assiduis</strong></span> <span class='ocrx_word' id='word_1_175' title='bbox 787 2825 1043 2895; x_wconf 89' lang='lat' dir='ltr'><strong>precibus</strong></span> <span class='ocrx_word' id='word_1_176' title='bbox 1074 2841 1190 2878; x_wconf 91' lang='lat' dir='ltr'><strong>non</strong></span> <span class='ocrx_word' id='word_1_177' title='bbox 1219 2821 1431 2893; x_wconf 88' lang='lat' dir='ltr'><strong>sponte</strong></span> <span class='ocrx_word' id='word_1_178' title='bbox 1461 2812 1696 2887; x_wconf 83' lang='lat' dir='ltr'><strong>quievit,</strong></span> 
     </span>
    </p>
   </div>
   <div class='ocr_carea' id='block_1_30' title="bbox 208 2905 1477 2985">
    <p class='ocr_par' dir='ltr' id='par_1_30' title="bbox 208 2905 1477 2985">
     <span class='ocr_line' id='line_1_30' title="bbox 208 2905 1477 2985; baseline -0.013 -11"><span class='ocrx_word' id='word_1_179' title='bbox 208 2920 404 2973; x_wconf 83' lang='lat' dir='ltr'><strong>Passus</strong></span> <span class='ocrx_word' id='word_1_180' title='bbox 445 2913 682 2972; x_wconf 90' lang='lat' dir='ltr'><strong>restitui</strong></span> <span class='ocrx_word' id='word_1_181' title='bbox 713 2929 916 2984; x_wconf 89' lang='lat' dir='ltr'><strong>corpus</strong></span> <span class='ocrx_word' id='word_1_182' title='bbox 944 2911 1312 2985; x_wconf 87' lang='lat' dir='ltr'><strong>poscentibus</strong></span> <span class='ocrx_word' id='word_1_183' title='bbox 1345 2905 1477 2960; x_wconf 85' lang='lat' dir='ltr'><strong>illis.</strong></span> 
     </span>
    </p>
   </div>
   <div class='ocr_carea' id='block_1_31' title="bbox 207 2993 1550 3078">
    <p class='ocr_par' dir='ltr' id='par_1_31' title="bbox 207 2993 1550 3078">
     <span class='ocr_line' id='line_1_31' title="bbox 207 2993 1550 3078; baseline -0.012 -17"><span class='ocrx_word' id='word_1_184' title='bbox 207 3006 410 3061; x_wconf 78' lang='lat' dir='ltr'><strong>Verum</strong></span> <span class='ocrx_word' id='word_1_185' title='bbox 433 3003 759 3078; x_wconf 88' lang='lat' dir='ltr'><strong>permistos</strong></span> <span class='ocrx_word' id='word_1_186' title='bbox 791 3005 944 3055; x_wconf 88' lang='lat' dir='ltr'><strong>artus</strong></span> <span class='ocrx_word' id='word_1_187' title='bbox 970 3015 1272 3056; x_wconf 85' lang='lat' dir='ltr'><strong>secernere</strong></span> <span class='ocrx_word' id='word_1_188' title='bbox 1307 2993 1550 3050; x_wconf 88' lang='lat' dir='ltr'><strong>tandem</strong></span> 
     </span>
    </p>
   </div>
   <div class='ocr_carea' id='block_1_32' title="bbox 210 3087 1450 3162">
    <p class='ocr_par' dir='ltr' id='par_1_32' title="bbox 210 3087 1450 3162">
     <span class='ocr_line' id='line_1_32' title="bbox 210 3087 1450 3162; baseline -0.011 -10"><span class='ocrx_word' id='word_1_189' title='bbox 210 3097 420 3152; x_wconf 90' lang='lat' dir='ltr'><strong>Insedit</strong></span> <span class='ocrx_word' id='word_1_190' title='bbox 449 3093 681 3160; x_wconf 83' lang='lat' dir='ltr'><strong>menti;</strong></span> <span class='ocrx_word' id='word_1_191' title='bbox 706 3091 807 3146; x_wconf 91' lang='lat' dir='ltr'><strong>sed</strong></span> <span class='ocrx_word' id='word_1_192' title='bbox 836 3107 945 3162; x_wconf 89' lang='lat' dir='ltr'><strong>qua</strong></span> <span class='ocrx_word' id='word_1_193' title='bbox 974 3089 1196 3144; x_wconf 89' lang='lat' dir='ltr'><strong>ratione</strong></span> <span class='ocrx_word' id='word_1_194' title='bbox 1225 3087 1450 3140; x_wconf 86' lang='lat' dir='ltr'><strong>valeret</strong></span> 
     </span>
    </p>
   </div>
   <div class='ocr_carea' id='block_1_33' title="bbox 209 3169 1623 3257">
    <p class='ocr_par' dir='ltr' id='par_1_33' title="bbox 209 3169 1623 3257">
     <span class='ocr_line' id='line_1_33' title="bbox 209 3169 1623 3257; baseline -0.011 -19"><span class='ocrx_word' id='word_1_195' title='bbox 209 3185 471 3257; x_wconf 84' lang='lat' dir='ltr'><strong>Ignarus,</strong></span> <span class='ocrx_word' id='word_1_196' title='bbox 517 3180 752 3236; x_wconf 87' lang='lat' dir='ltr'><strong>Christo</strong></span> <span class='ocrx_word' id='word_1_197' title='bbox 781 3178 991 3234; x_wconf 88' lang='lat' dir='ltr'><strong>meruit</strong></span> <span class='ocrx_word' id='word_1_198' title='bbox 1017 3177 1382 3232; x_wconf 87' lang='lat' dir='ltr'><strong>monstrante</strong></span> <span class='ocrx_word' id='word_1_199' title='bbox 1407 3169 1623 3226; x_wconf 88' lang='lat' dir='ltr'><strong>doceri.</strong></span> 
     </span>
    </p>
   </div>
   <div class='ocr_carea' id='block_1_34' title="bbox 1845 3163 1906 3264">
    <p class='ocr_par' dir='ltr' id='par_1_34' title="bbox 1845 3163 1906 3264">
     <span class='ocr_line' id='line_1_34' title="bbox 1845 3163 1906 3264; baseline 0 -42"><span class='ocrx_word' id='word_1_200' title='bbox 1845 3163 1906 3264; x_wconf 51' lang='lat' dir='ltr'><strong>.C</strong></span> 
     </span>
    </p>
   </div>
   <div class='ocr_carea' id='block_1_35' title="bbox 1933 604 3440 675">
    <p class='ocr_par' dir='ltr' id='par_1_35' title="bbox 1933 604 3440 675">
     <span class='ocr_line' id='line_1_35' title="bbox 1933 604 3440 675; baseline 0.007 -15"><span class='ocrx_word' id='word_1_201' title='bbox 1933 604 2194 660; x_wconf 87' lang='lat' dir='ltr'><strong>Membra</strong></span> <span class='ocrx_word' id='word_1_202' title='bbox 2229 605 2384 659; x_wconf 88' lang='lat' dir='ltr'><strong>locat</strong></span> <span class='ocrx_word' id='word_1_203' title='bbox 2445 604 2666 675; x_wconf 87' lang='lat' dir='ltr'><strong>pueri;</strong></span> <span class='ocrx_word' id='word_1_204' title='bbox 2697 609 3008 665; x_wconf 85' lang='lat' dir='ltr'><strong>confestim</strong></span> <span class='ocrx_word' id='word_1_205' title='bbox 3036 613 3266 668; x_wconf 88' lang='lat' dir='ltr'><strong>reddita</strong></span> <span class='ocrx_word' id='word_1_206' title='bbox 3310 615 3440 672; x_wconf 48' lang='lat' dir='ltr'><strong>vita).</strong></span> 
     </span>
    </p>
   </div>
   <div class='ocr_carea' id='block_1_36' title="bbox 1934 693 3368 767">
    <p class='ocr_par' dir='ltr' id='par_1_36' title="bbox 1934 693 3368 767">
     <span class='ocr_line' id='line_1_36' title="bbox 1934 693 3368 767; baseline 0.006 -19"><span class='ocrx_word' id='word_1_207' title='bbox 1934 693 2250 748; x_wconf 85' lang='lat' dir='ltr'><strong>Surrexere</strong></span> <span class='ocrx_word' id='word_1_208' title='bbox 2275 694 2401 748; x_wconf 93' lang='lat' dir='ltr'><strong>loco</strong></span> <span class='ocrx_word' id='word_1_209' title='bbox 2426 693 3088 767; x_wconf 90' lang='lat' dir='ltr'><strong>pedibusqueincedere</strong></span> <span class='ocrx_word' id='word_1_210' title='bbox 3123 701 3368 757; x_wconf 89' lang='lat' dir='ltr'><strong>discunt.</strong></span> 
     </span>
    </p>
   </div>
   <div class='ocr_carea' id='block_1_37' title="bbox 1935 784 3444 862">
    <p class='ocr_par' dir='ltr' id='par_1_37' title="bbox 1935 784 3444 862">
     <span class='ocr_line' id='line_1_37' title="bbox 1935 784 3444 862; baseline 0.006 -24"><span class='ocrx_word' id='word_1_211' title='bbox 1935 785 2230 840; x_wconf 88' lang='lat' dir='ltr'><strong>Exanimis</strong></span> <span class='ocrx_word' id='word_1_212' title='bbox 2253 784 2641 857; x_wconf 86' lang='lat' dir='ltr'><strong>quoquejam</strong></span> <span class='ocrx_word' id='word_1_213' title='bbox 2663 789 2893 843; x_wconf 89' lang='lat' dir='ltr'><strong>tumulo</strong></span> <span class='ocrx_word' id='word_1_214' title='bbox 2923 790 3230 845; x_wconf 87' lang='lat' dir='ltr'><strong>condenda</strong></span> <span class='ocrx_word' id='word_1_215' title='bbox 3252 793 3444 862; x_wconf 88' lang='lat' dir='ltr'><strong>puella</strong></span> 
     </span>
    </p>
   </div>
   <div class='ocr_carea' id='block_1_38' title="bbox 1939 873 3116 947">
    <p class='ocr_par' dir='ltr' id='par_1_38' title="bbox 1939 873 3116 947">
     <span class='ocr_line' id='line_1_38' title="bbox 1939 873 3116 947; baseline 0.002 -19"><span class='ocrx_word' id='word_1_216' title='bbox 1939 873 2127 930; x_wconf 88' lang='lat' dir='ltr'><strong>Exiles</strong></span> <span class='ocrx_word' id='word_1_217' title='bbox 2155 877 2313 930; x_wconf 90' lang='lat' dir='ltr'><strong>artus</strong></span> <span class='ocrx_word' id='word_1_218' title='bbox 2343 890 2487 930; x_wconf 90' lang='lat' dir='ltr'><strong>mox</strong></span> <span class='ocrx_word' id='word_1_219' title='bbox 2527 874 2744 945; x_wconf 87' lang='lat' dir='ltr'><strong>attigit,</strong></span> <span class='ocrx_word' id='word_1_220' title='bbox 2784 876 3075 947; x_wconf 86' lang='lat' dir='ltr'><strong>evigilavit</strong></span> <span class='ocrx_word' id='word_1_221' title='bbox 3103 896 3116 946; x_wconf 91' lang='lat'><strong>;</strong></span> 
     </span>
    </p>
   </div>
   <div class='ocr_carea' id='block_1_39' title="bbox 1940 955 3345 1028">
    <p class='ocr_par' dir='ltr' id='par_1_39' title="bbox 1940 955 3345 1028">
     <span class='ocr_line' id='line_1_39' title="bbox 1940 955 3345 1028; baseline 0.009 -19"><span class='ocrx_word' id='word_1_222' title='bbox 1940 955 2036 1011; x_wconf 89' lang='lat' dir='ltr'><strong>Sic</strong></span> <span class='ocrx_word' id='word_1_223' title='bbox 2057 973 2164 1028; x_wconf 88' lang='lat' dir='ltr'><strong>par</strong></span> <span class='ocrx_word' id='word_1_224' title='bbox 2193 974 2363 1013; x_wconf 88' lang='lat' dir='ltr'><strong>causa</strong></span> <span class='ocrx_word' id='word_1_225' title='bbox 2395 960 2553 1018; x_wconf 91' lang='lat' dir='ltr'><strong>duos</strong></span> <span class='ocrx_word' id='word_1_226' title='bbox 2584 965 2831 1019; x_wconf 89' lang='lat' dir='ltr'><strong>secrevit</strong></span> <span class='ocrx_word' id='word_1_227' title='bbox 2855 968 3087 1020; x_wconf 87' lang='lat' dir='ltr'><strong>strenue</strong></span> <span class='ocrx_word' id='word_1_228' title='bbox 3117 966 3345 1024; x_wconf 86' lang='lat' dir='ltr'><strong>fratres.</strong></span> 
     </span>
    </p>
   </div>
   <div class='ocr_carea' id='block_1_40' title="bbox 1937 1046 3435 1126">
    <p class='ocr_par' dir='ltr' id='par_1_40' title="bbox 1937 1046 3435 1126">
     <span class='ocr_line' id='line_1_40' title="bbox 1937 1046 3435 1126; baseline 0.01 -29"><span class='ocrx_word' id='word_1_229' title='bbox 1937 1046 2088 1100; x_wconf 90' lang='lat' dir='ltr'><strong>Tum</strong></span> <span class='ocrx_word' id='word_1_230' title='bbox 2121 1046 2656 1125; x_wconf 82' lang='lat' dir='ltr'><strong>Cenomannorum</strong></span> <span class='ocrx_word' id='word_1_231' title='bbox 2683 1053 2884 1124; x_wconf 92' lang='lat' dir='ltr'><strong>populi</strong></span> <span class='ocrx_word' id='word_1_232' title='bbox 2909 1069 3040 1108; x_wconf 91' lang='lat' dir='ltr'><strong>cum</strong></span> <span class='ocrx_word' id='word_1_233' title='bbox 3069 1054 3288 1126; x_wconf 83' lang='lat' dir='ltr'><strong>virgine</strong></span> <span class='ocrx_word' id='word_1_234' title='bbox 3320 1058 3435 1113; x_wconf 74' lang='lat' dir='ltr'><strong>laeti</strong></span> 
     </span>
    </p>
   </div>
   <div class='ocr_carea' id='block_1_41' title="bbox 1941 1141 3572 1214">
    <p class='ocr_par' dir='ltr' id='par_1_41' title="bbox 1941 1141 3572 1214">
     <span class='ocr_line' id='line_1_41' title="bbox 1941 1141 3572 1214; baseline 0.002 -16"><span class='ocrx_word' id='word_1_235' title='bbox 1941 1143 2031 1198; x_wconf 79' lang='lat' dir='ltr'><strong>Ad</strong></span> <span class='ocrx_word' id='word_1_236' title='bbox 2053 1141 2355 1214; x_wconf 88' lang='lat' dir='ltr'><strong>proprium</strong></span> <span class='ocrx_word' id='word_1_237' title='bbox 2386 1142 2628 1197; x_wconf 91' lang='lat' dir='ltr'><strong>rediere</strong></span> <span class='ocrx_word' id='word_1_238' title='bbox 2658 1141 3018 1197; x_wconf 89' lang='lat' dir='ltr'><strong>solum.Hinc</strong></span> <span class='ocrx_word' id='word_1_239' title='bbox 3046 1143 3390 1200; x_wconf 85' lang='lat' dir='ltr'><strong>Mummolus</strong></span> <span class='ocrx_word' id='word_1_240' title='bbox 3419 1145 3572 1202; x_wconf 89' lang='lat' dir='ltr'><strong>abba</strong></span> 
     </span>
    </p>
   </div>
   <div class='ocr_carea' id='block_1_42' title="bbox 1942 1230 3396 1301">
    <p class='ocr_par' dir='ltr' id='par_1_42' title="bbox 1942 1230 3396 1301">
     <span class='ocr_line' id='line_1_42' title="bbox 1942 1230 3396 1301; baseline 0.001 -15"><span class='ocrx_word' id='word_1_241' title='bbox 1942 1231 2318 1293; x_wconf 87' lang='lat' dir='ltr'><strong>Promeritus,</strong></span> <span class='ocrx_word' id='word_1_242' title='bbox 2351 1247 2462 1285; x_wconf 90' lang='lat' dir='ltr'><strong>nec</strong></span> <span class='ocrx_word' id='word_1_243' title='bbox 2503 1249 2629 1287; x_wconf 88' lang='lat' dir='ltr'><strong>non</strong></span> <span class='ocrx_word' id='word_1_244' title='bbox 2658 1230 2944 1301; x_wconf 82' lang='lat' dir='ltr'><strong>Aigulfus,</strong></span> <span class='ocrx_word' id='word_1_245' title='bbox 2978 1231 3188 1300; x_wconf 86' lang='lat' dir='ltr'><strong>gaudia</strong></span> <span class='ocrx_word' id='word_1_246' title='bbox 3218 1233 3396 1288; x_wconf 91' lang='lat' dir='ltr'><strong>dulcis</strong></span> 
     </span>
    </p>
   </div>
   <div class='ocr_carea' id='block_1_43' title="bbox 1937 1319 3359 1394">
    <p class='ocr_par' dir='ltr' id='par_1_43' title="bbox 1937 1319 3359 1394">
     <span class='ocr_line' id='line_1_43' title="bbox 1937 1319 3359 1394; baseline -0.001 -17"><span class='ocrx_word' id='word_1_247' title='bbox 1937 1323 2145 1394; x_wconf 89' lang='lat' dir='ltr'><strong>Magna</strong></span> <span class='ocrx_word' id='word_1_248' title='bbox 2164 1322 2360 1375; x_wconf 89' lang='lat' dir='ltr'><strong>ferunt</strong></span> <span class='ocrx_word' id='word_1_249' title='bbox 2391 1321 2563 1391; x_wconf 91' lang='lat' dir='ltr'><strong>doni,</strong></span> <span class='ocrx_word' id='word_1_250' title='bbox 2591 1322 2853 1394; x_wconf 88' lang='lat' dir='ltr'><strong>gaudent</strong></span> <span class='ocrx_word' id='word_1_251' title='bbox 2885 1319 2944 1373; x_wconf 89' lang='lat' dir='ltr'><strong>in</strong></span> <span class='ocrx_word' id='word_1_252' title='bbox 2974 1322 3240 1390; x_wconf 88' lang='lat' dir='ltr'><strong>tempore</strong></span> <span class='ocrx_word' id='word_1_253' title='bbox 3261 1321 3359 1376; x_wconf 88' lang='lat' dir='ltr'><strong>tali</strong></span> 
     </span>
    </p>
   </div>
   <div class='ocr_carea' id='block_1_44' title="bbox 1938 1407 3218 1466">
    <p class='ocr_par' dir='ltr' id='par_1_44' title="bbox 1938 1407 3218 1466">
     <span class='ocr_line' id='line_1_44' title="bbox 1938 1407 3218 1466; baseline -0.005 0"><span class='ocrx_word' id='word_1_254' title='bbox 1938 1411 2057 1466; x_wconf 86' lang='lat' dir='ltr'><strong>Hoc</strong></span> <span class='ocrx_word' id='word_1_255' title='bbox 2085 1409 2340 1464; x_wconf 89' lang='lat' dir='ltr'><strong>humeris</strong></span> <span class='ocrx_word' id='word_1_256' title='bbox 2372 1410 2602 1464; x_wconf 82' lang='lat' dir='ltr'><strong>vexisse</strong></span> <span class='ocrx_word' id='word_1_257' title='bbox 2632 1409 2749 1465; x_wconf 91' lang='lat' dir='ltr'><strong>suis</strong></span> <span class='ocrx_word' id='word_1_258' title='bbox 2781 1409 2855 1463; x_wconf 92' lang='lat' dir='ltr'><strong>ad</strong></span> <span class='ocrx_word' id='word_1_259' title='bbox 2882 1409 3039 1461; x_wconf 86' lang='lat' dir='ltr'><strong>tecta</strong></span> <span class='ocrx_word' id='word_1_260' title='bbox 3065 1407 3218 1462; x_wconf 89' lang='lat' dir='ltr'><strong>beati</strong></span> 
     </span>
    </p>
   </div>
   <div class='ocr_carea' id='block_1_45' title="bbox 1935 1495 3288 1572">
    <p class='ocr_par' dir='ltr' id='par_1_45' title="bbox 1935 1495 3288 1572">
     <span class='ocr_line' id='line_1_45' title="bbox 1935 1495 3288 1572; baseline -0.004 -18"><span class='ocrx_word' id='word_1_261' title='bbox 1935 1499 2334 1572; x_wconf 87' lang='lat' dir='ltr'><strong>Clavigerique</strong></span> <span class='ocrx_word' id='word_1_262' title='bbox 2368 1501 2554 1569; x_wconf 91' lang='lat' dir='ltr'><strong>Petri,</strong></span> <span class='ocrx_word' id='word_1_263' title='bbox 2599 1501 2785 1555; x_wconf 92' lang='lat' dir='ltr'><strong>donec</strong></span> <span class='ocrx_word' id='word_1_264' title='bbox 2810 1495 3006 1551; x_wconf 87' lang='lat' dir='ltr'><strong>divina</strong></span> <span class='ocrx_word' id='word_1_265' title='bbox 3035 1498 3288 1566; x_wconf 86' lang='lat' dir='ltr'><strong>potestas</strong></span> 
     </span>
    </p>
   </div>
   <div class='ocr_carea' id='block_1_46' title="bbox 1933 1583 3350 1660">
    <p class='ocr_par' dir='ltr' id='par_1_46' title="bbox 1933 1583 3350 1660">
     <span class='ocr_line' id='line_1_46' title="bbox 1933 1583 3350 1660; baseline -0.006 -15"><span class='ocrx_word' id='word_1_266' title='bbox 1933 1590 2500 1660; x_wconf 88' lang='lat' dir='ltr'><strong>Signaret,quonam</strong></span> <span class='ocrx_word' id='word_1_267' title='bbox 2525 1588 2631 1644; x_wconf 89' lang='lat' dir='ltr'><strong>sibi</strong></span> <span class='ocrx_word' id='word_1_268' title='bbox 2664 1588 2941 1643; x_wconf 89' lang='lat' dir='ltr'><strong>dilectum</strong></span> <span class='ocrx_word' id='word_1_269' title='bbox 2972 1583 3350 1638; x_wconf 90' lang='lat' dir='ltr'><strong>Benedictum</strong></span> 
     </span>
    </p>
   </div>
   <div class='ocr_carea' id='block_1_47' title="bbox 1931 1672 3315 1750">
    <p class='ocr_par' dir='ltr' id='par_1_47' title="bbox 1931 1672 3315 1750">
     <span class='ocr_line' id='line_1_47' title="bbox 1931 1672 3315 1750; baseline -0.005 -17"><span class='ocrx_word' id='word_1_270' title='bbox 1931 1678 2198 1733; x_wconf 89' lang='lat' dir='ltr'><strong>Condere</strong></span> <span class='ocrx_word' id='word_1_271' title='bbox 2229 1679 2605 1750; x_wconf 65' lang='lat' dir='ltr'><strong>prmeiperet,</strong></span> <span class='ocrx_word' id='word_1_272' title='bbox 2631 1675 2855 1731; x_wconf 89' lang='lat' dir='ltr'><strong>natales</strong></span> <span class='ocrx_word' id='word_1_273' title='bbox 2887 1675 3015 1743; x_wconf 88' lang='lat' dir='ltr'><strong>post</strong></span> <span class='ocrx_word' id='word_1_274' title='bbox 3036 1672 3315 1742; x_wconf 83' lang='lat' dir='ltr'><strong>geniales,</strong></span> 
     </span>
    </p>
   </div>
   <div class='ocr_carea' id='block_1_48' title="bbox 1931 1761 3403 1839">
    <p class='ocr_par' dir='ltr' id='par_1_48' title="bbox 1931 1761 3403 1839">
     <span class='ocr_line' id='line_1_48' title="bbox 1931 1761 3403 1839; baseline -0.005 -17"><span class='ocrx_word' id='word_1_275' title='bbox 1931 1768 2099 1832; x_wconf 92' lang='lat' dir='ltr'><strong>Quod</strong></span> <span class='ocrx_word' id='word_1_276' title='bbox 2129 1784 2248 1822; x_wconf 89' lang='lat' dir='ltr'><strong>non</strong></span> <span class='ocrx_word' id='word_1_277' title='bbox 2279 1769 2472 1822; x_wconf 90' lang='lat' dir='ltr'><strong>multo</strong></span> <span class='ocrx_word' id='word_1_278' title='bbox 2496 1764 2876 1839; x_wconf 90' lang='lat' dir='ltr'><strong>postpietatis</strong></span> <span class='ocrx_word' id='word_1_279' title='bbox 2907 1761 3154 1815; x_wconf 85' lang='lat' dir='ltr'><strong>contulit</strong></span> <span class='ocrx_word' id='word_1_280' title='bbox 3182 1763 3403 1815; x_wconf 89' lang='lat' dir='ltr'><strong>auctor.</strong></span> 
     </span>
    </p>
   </div>
   <div class='ocr_carea' id='block_1_49' title="bbox 1847 1844 3280 1926">
    <p class='ocr_par' dir='ltr' id='par_1_49' title="bbox 1847 1844 3280 1926">
     <span class='ocr_line' id='line_1_49' title="bbox 1847 1844 3280 1926; baseline -0.006 -17"><span class='ocrx_word' id='word_1_281' title='bbox 1847 1844 1900 1904; x_wconf 91' lang='grc' dir='ltr'>Β</span> <span class='ocrx_word' id='word_1_282' title='bbox 2003 1856 2154 1926; x_wconf 88' lang='lat' dir='ltr'><strong>Ergo</strong></span> <span class='ocrx_word' id='word_1_283' title='bbox 2183 1854 2282 1910; x_wconf 89' lang='lat' dir='ltr'><strong>Dei</strong></span> <span class='ocrx_word' id='word_1_284' title='bbox 2303 1871 2508 1908; x_wconf 91' lang='lat' dir='ltr'><strong>servus</strong></span> <span class='ocrx_word' id='word_1_285' title='bbox 2538 1856 2702 1908; x_wconf 89' lang='lat' dir='ltr'><strong>tanto</strong></span> <span class='ocrx_word' id='word_1_286' title='bbox 2735 1851 2807 1905; x_wconf 91' lang='lat' dir='ltr'><strong>de</strong></span> <span class='ocrx_word' id='word_1_287' title='bbox 2839 1864 3081 1903; x_wconf 90' lang='lat' dir='ltr'><strong>munere</strong></span> <span class='ocrx_word' id='word_1_288' title='bbox 3115 1849 3280 1902; x_wconf 71' lang='lat' dir='ltr'><strong>laetus</strong></span> 
     </span>
    </p>
   </div>
   <div class='ocr_carea' id='block_1_50' title="bbox 1932 1937 3315 2016">
    <p class='ocr_par' dir='ltr' id='par_1_50' title="bbox 1932 1937 3315 2016">
     <span class='ocr_line' id='line_1_50' title="bbox 1932 1937 3315 2016; baseline -0.009 -16"><span class='ocrx_word' id='word_1_289' title='bbox 1932 1945 2190 2016; x_wconf 77' lang='lat' dir='ltr'><strong>Ancipiti</strong></span> <span class='ocrx_word' id='word_1_290' title='bbox 2215 1961 2353 1998; x_wconf 89' lang='lat' dir='ltr'><strong>cura</strong></span> <span class='ocrx_word' id='word_1_291' title='bbox 2383 1944 2651 2015; x_wconf 87' lang='lat' dir='ltr'><strong>penetral</strong></span> <span class='ocrx_word' id='word_1_292' title='bbox 2682 1941 2820 1995; x_wconf 93' lang='lat' dir='ltr'><strong>dum</strong></span> <span class='ocrx_word' id='word_1_293' title='bbox 2843 1937 3030 1992; x_wconf 90' lang='lat' dir='ltr'><strong>cordis</strong></span> <span class='ocrx_word' id='word_1_294' title='bbox 3061 1937 3315 2002; x_wconf 89' lang='lat' dir='ltr'><strong>oberrat,</strong></span> 
     </span>
    </p>
   </div>
   <div class='ocr_carea' id='block_1_51' title="bbox 1931 2023 3385 2106">
    <p class='ocr_par' dir='ltr' id='par_1_51' title="bbox 1931 2023 3385 2106">
     <span class='ocr_line' id='line_1_51' title="bbox 1931 2023 3385 2106; baseline -0.01 -16"><span class='ocrx_word' id='word_1_295' title='bbox 1931 2037 1999 2090; x_wconf 88' lang='lat' dir='ltr'><strong>Et</strong></span> <span class='ocrx_word' id='word_1_296' title='bbox 2027 2050 2196 2106; x_wconf 92' lang='lat' dir='ltr'><strong>prece</strong></span> <span class='ocrx_word' id='word_1_297' title='bbox 2223 2033 2492 2105; x_wconf 87' lang='lat' dir='ltr'><strong>pervigili</strong></span> <span class='ocrx_word' id='word_1_298' title='bbox 2531 2032 2811 2086; x_wconf 74' lang='lat' dir='ltr'><strong>caelorum</strong></span> <span class='ocrx_word' id='word_1_299' title='bbox 2841 2026 3121 2096; x_wconf 87' lang='lat' dir='ltr'><strong>dindyma</strong></span> <span class='ocrx_word' id='word_1_300' title='bbox 3152 2023 3385 2078; x_wconf 88' lang='lat' dir='ltr'><strong>scandit</strong></span> 
     </span>
    </p>
   </div>
   <div class='ocr_carea' id='block_1_52' title="bbox 1933 2112 3559 2188">
    <p class='ocr_par' dir='ltr' id='par_1_52' title="bbox 1933 2112 3559 2188">
     <span class='ocr_line' id='line_1_52' title="bbox 1933 2112 3559 2188; baseline -0.009 -9"><span class='ocrx_word' id='word_1_301' title='bbox 1933 2123 2057 2188; x_wconf 85' lang='lat' dir='ltr'><strong>Quo</strong></span> <span class='ocrx_word' id='word_1_302' title='bbox 2087 2125 2237 2178; x_wconf 90' lang='lat' dir='ltr'><strong>Deus</strong></span> <span class='ocrx_word' id='word_1_303' title='bbox 2269 2121 2357 2176; x_wconf 89' lang='lat' dir='ltr'><strong>his</strong></span> <span class='ocrx_word' id='word_1_304' title='bbox 2374 2121 2633 2175; x_wconf 85' lang='lat' dir='ltr'><strong>habilem</strong></span> <span class='ocrx_word' id='word_1_305' title='bbox 2661 2118 2944 2172; x_wconf 90' lang='lat' dir='ltr'><strong>miserans</strong></span> <span class='ocrx_word' id='word_1_306' title='bbox 2966 2112 3312 2168; x_wconf 89' lang='lat' dir='ltr'><strong>concederet</strong></span> <span class='ocrx_word' id='word_1_307' title='bbox 3326 2125 3559 2178; x_wconf 89' lang='lat' dir='ltr'><strong>urnam,</strong></span> 
     </span>
    </p>
   </div>
   <div class='ocr_carea' id='block_1_53' title="bbox 1931 2201 3206 2283">
    <p class='ocr_par' dir='ltr' id='par_1_53' title="bbox 1931 2201 3206 2283">
     <span class='ocr_line' id='line_1_53' title="bbox 1931 2201 3206 2283; baseline -0.011 -15"><span class='ocrx_word' id='word_1_308' title='bbox 1931 2214 2089 2268; x_wconf 85' lang='lat' dir='ltr'><strong>Illico</strong></span> <span class='ocrx_word' id='word_1_309' title='bbox 2117 2213 2268 2266; x_wconf 92' lang='lat' dir='ltr'><strong>celsa</strong></span> <span class='ocrx_word' id='word_1_310' title='bbox 2297 2211 2415 2283; x_wconf 93' lang='lat' dir='ltr'><strong>poli</strong></span> <span class='ocrx_word' id='word_1_311' title='bbox 2434 2207 2715 2281; x_wconf 88' lang='lat' dir='ltr'><strong>rogitanti</strong></span> <span class='ocrx_word' id='word_1_312' title='bbox 2743 2207 2915 2277; x_wconf 89' lang='lat' dir='ltr'><strong>porta</strong></span> <span class='ocrx_word' id='word_1_313' title='bbox 2944 2201 3206 2274; x_wconf 87' lang='lat' dir='ltr'><strong>patescit,</strong></span> 
     </span>
    </p>
   </div>
   <div class='ocr_carea' id='block_1_54' title="bbox 1933 2289 3311 2357">
    <p class='ocr_par' dir='ltr' id='par_1_54' title="bbox 1933 2289 3311 2357">
     <span class='ocr_line' id='line_1_54' title="bbox 1933 2289 3311 2357; baseline -0.012 0"><span class='ocrx_word' id='word_1_314' title='bbox 1933 2303 2003 2357; x_wconf 88' lang='lat' dir='ltr'><strong>Et</strong></span> <span class='ocrx_word' id='word_1_315' title='bbox 2021 2300 2257 2356; x_wconf 85' lang='lat' dir='ltr'><strong>humilis</strong></span> <span class='ocrx_word' id='word_1_316' title='bbox 2275 2300 2519 2354; x_wconf 89' lang='lat' dir='ltr'><strong>choreas</strong></span> <span class='ocrx_word' id='word_1_317' title='bbox 2541 2299 2823 2354; x_wconf 83' lang='lat' dir='ltr'><strong>caelorum</strong></span> <span class='ocrx_word' id='word_1_318' title='bbox 2847 2291 3084 2347; x_wconf 88' lang='lat' dir='ltr'><strong>nuntius</strong></span> <span class='ocrx_word' id='word_1_319' title='bbox 3111 2289 3311 2356; x_wconf 84' lang='lat' dir='ltr'><strong>intrat,</strong></span> 
     </span>
    </p>
   </div>
   <div class='ocr_carea' id='block_1_55' title="bbox 1931 2380 3211 2461">
    <p class='ocr_par' dir='ltr' id='par_1_55' title="bbox 1931 2380 3211 2461">
     <span class='ocr_line' id='line_1_55' title="bbox 1931 2380 3211 2461; baseline -0.011 -15"><span class='ocrx_word' id='word_1_320' title='bbox 1931 2393 2019 2448; x_wconf 85' lang='lat' dir='ltr'><strong>Ac</strong></span> <span class='ocrx_word' id='word_1_321' title='bbox 2039 2388 2231 2461; x_wconf 90' lang='lat' dir='ltr'><strong>superi</strong></span> <span class='ocrx_word' id='word_1_322' title='bbox 2256 2387 2395 2442; x_wconf 74' lang='lat' dir='ltr'><strong>llitis</strong></span> <span class='ocrx_word' id='word_1_323' title='bbox 2427 2391 2560 2457; x_wconf 92' lang='lat' dir='ltr'><strong>post</strong></span> <span class='ocrx_word' id='word_1_324' title='bbox 2585 2390 2778 2441; x_wconf 86' lang='lat' dir='ltr'><strong>terrea</strong></span> <span class='ocrx_word' id='word_1_325' title='bbox 2799 2381 3011 2436; x_wconf 87' lang='lat' dir='ltr'><strong>visibus</strong></span> <span class='ocrx_word' id='word_1_326' title='bbox 3042 2380 3211 2434; x_wconf 82' lang='lat' dir='ltr'><strong>astat.</strong></span> 
     </span>
    </p>
   </div>
   <div class='ocr_carea' id='block_1_56' title="bbox 1934 2463 3451 2546">
    <p class='ocr_par' dir='ltr' id='par_1_56' title="bbox 1934 2463 3451 2546">
     <span class='ocr_line' id='line_1_56' title="bbox 1934 2463 3451 2546; baseline -0.009 -13"><span class='ocrx_word' id='word_1_327' title='bbox 1934 2481 2048 2534; x_wconf 89' lang='lat' dir='ltr'><strong>Nec</strong></span> <span class='ocrx_word' id='word_1_328' title='bbox 2079 2492 2244 2532; x_wconf 87' lang='lat' dir='ltr'><strong>mora</strong></span> <span class='ocrx_word' id='word_1_329' title='bbox 2275 2491 2522 2546; x_wconf 61' lang='lat' dir='ltr'><strong>quasque</strong></span> <span class='ocrx_word' id='word_1_330' title='bbox 2541 2474 2699 2544; x_wconf 91' lang='lat' dir='ltr'><strong>cupit</strong></span> <span class='ocrx_word' id='word_1_331' title='bbox 2719 2485 2929 2542; x_wconf 90' lang='lat' dir='ltr'><strong>regum</strong></span> <span class='ocrx_word' id='word_1_332' title='bbox 2962 2468 3080 2521; x_wconf 82' lang='lat' dir='ltr'><strong>Rex</strong></span> <span class='ocrx_word' id='word_1_333' title='bbox 3112 2463 3323 2520; x_wconf 86' lang='lat' dir='ltr'><strong>annuit</strong></span> <span class='ocrx_word' id='word_1_334' title='bbox 3348 2463 3451 2519; x_wconf 85' lang='lat' dir='ltr'><strong>illi.</strong></span> 
     </span>
    </p>
   </div>
   <div class='ocr_carea' id='block_1_57' title="bbox 1935 2553 3380 2638">
    <p class='ocr_par' dir='ltr' id='par_1_57' title="bbox 1935 2553 3380 2638">
     <span class='ocr_line' id='line_1_57' title="bbox 1935 2553 3380 2638; baseline -0.011 -17"><span class='ocrx_word' id='word_1_335' title='bbox 1935 2569 2148 2638; x_wconf 87' lang='lat' dir='ltr'><strong>Fulgor</strong></span> <span class='ocrx_word' id='word_1_336' title='bbox 2173 2565 2243 2619; x_wconf 90' lang='lat' dir='ltr'><strong>ab</strong></span> <span class='ocrx_word' id='word_1_337' title='bbox 2261 2563 2518 2617; x_wconf 71' lang='lat' dir='ltr'><strong>mtherea</strong></span> <span class='ocrx_word' id='word_1_338' title='bbox 2546 2579 2686 2616; x_wconf 88' lang='lat' dir='ltr'><strong>nam</strong></span> <span class='ocrx_word' id='word_1_339' title='bbox 2708 2576 2842 2615; x_wconf 79' lang='lat' dir='ltr'><strong>mox</strong></span> <span class='ocrx_word' id='word_1_340' title='bbox 2870 2553 3201 2612; x_wconf 87' lang='lat' dir='ltr'><strong>demittitur</strong></span> <span class='ocrx_word' id='word_1_341' title='bbox 3229 2553 3380 2619; x_wconf 89' lang='lat' dir='ltr'><strong>aula,</strong></span> 
     </span>
    </p>
   </div>
   <div class='ocr_carea' id='block_1_58' title="bbox 1939 2640 3557 2719">
    <p class='ocr_par' dir='ltr' id='par_1_58' title="bbox 1939 2640 3557 2719">
     <span class='ocr_line' id='line_1_58' title="bbox 1939 2640 3557 2719; baseline -0.011 -9"><span class='ocrx_word' id='word_1_342' title='bbox 1939 2656 2060 2719; x_wconf 88' lang='lat' dir='ltr'><strong>Que</strong></span> <span class='ocrx_word' id='word_1_343' title='bbox 2089 2650 2434 2708; x_wconf 88' lang='lat' dir='ltr'><strong>tumulanda</strong></span> <span class='ocrx_word' id='word_1_344' title='bbox 2455 2651 2655 2705; x_wconf 88' lang='lat' dir='ltr'><strong>forent</strong></span> <span class='ocrx_word' id='word_1_345' title='bbox 2687 2645 2979 2704; x_wconf 89' lang='lat' dir='ltr'><strong>Benedicti</strong></span> <span class='ocrx_word' id='word_1_346' title='bbox 3000 2644 3251 2716; x_wconf 85' lang='lat' dir='ltr'><strong>pignora</strong></span> <span class='ocrx_word' id='word_1_347' title='bbox 3297 2640 3557 2710; x_wconf 79' lang='lat' dir='ltr'><strong>signans.</strong></span> 
     </span>
    </p>
   </div>
   <div class='ocr_carea' id='block_1_59' title="bbox 1937 2726 3561 2805">
    <p class='ocr_par' dir='ltr' id='par_1_59' title="bbox 1937 2726 3561 2805">
     <span class='ocr_line' id='line_1_59' title="bbox 1937 2726 3561 2805; baseline -0.011 -7"><span class='ocrx_word' id='word_1_348' title='bbox 1937 2742 2285 2798; x_wconf 84' lang='lat' dir='ltr'><strong>Mummolus</strong></span> <span class='ocrx_word' id='word_1_349' title='bbox 2315 2740 2436 2792; x_wconf 67' lang='lat' dir='ltr'><strong>haec</strong></span> <span class='ocrx_word' id='word_1_350' title='bbox 2460 2754 2732 2805; x_wconf 89' lang='lat' dir='ltr'><strong>cernens,</strong></span> <span class='ocrx_word' id='word_1_351' title='bbox 2769 2738 2828 2790; x_wconf 91' lang='lat' dir='ltr'><strong>et</strong></span> <span class='ocrx_word' id='word_1_352' title='bbox 2877 2732 2992 2786; x_wconf 79' lang='lat' dir='ltr'><strong>fido</strong></span> <span class='ocrx_word' id='word_1_353' title='bbox 3024 2734 3258 2803; x_wconf 90' lang='lat' dir='ltr'><strong>pectore</strong></span> <span class='ocrx_word' id='word_1_354' title='bbox 3298 2726 3561 2795; x_wconf 89' lang='lat' dir='ltr'><strong>credens,</strong></span> 
     </span>
    </p>
   </div>
   <div class='ocr_carea' id='block_1_60' title="bbox 1939 2815 3563 2948">
    <p class='ocr_par' dir='ltr' id='par_1_60' title="bbox 1939 2815 3563 2948">
     <span class='ocr_line' id='line_1_60' title="bbox 1939 2815 3563 2948; baseline -0.011 -63"><span class='ocrx_word' id='word_1_355' title='bbox 1939 2830 2205 2886; x_wconf 78' lang='lat' dir='ltr'><strong>Gaudeas</strong></span> <span class='ocrx_word' id='word_1_356' title='bbox 2245 2827 2468 2896; x_wconf 89' lang='lat' dir='ltr'><strong>templa</strong></span> <span class='ocrx_word' id='word_1_357' title='bbox 2517 2827 2695 2892; x_wconf 89' lang='lat' dir='ltr'><strong>locat,</strong></span> <span class='ocrx_word' id='word_1_358' title='bbox 2758 2821 3020 2895; x_wconf 88' lang='lat' dir='ltr'><strong>gaudens</strong></span> <span class='ocrx_word' id='word_1_359' title='bbox 3055 2817 3334 2948; x_wconf 47' lang='lat' dir='ltr'><strong>transfer}.</strong></span> <span class='ocrx_word' id='word_1_360' title='bbox 3377 2815 3563 2869; x_wconf 88' lang='lat' dir='ltr'><strong>Patris</strong></span> 
     </span>
     <span class='ocr_line' id='line_1_61' title="bbox 3338 2902 3485 2948; baseline -0.02 -8"><span class='ocrx_word' id='word_1_361' title='bbox 3338 2902 3485 2948; x_wconf 88' lang='lat' dir='ltr'><strong>ossa,</strong></span> 
     </span>
    </p>
   </div>
   <div class='ocr_carea' id='block_1_61' title="bbox 3338 2902 3485 2951">
    <p class='ocr_par' dir='ltr' id='par_1_61' title="bbox 3338 2902 3485 2951">
     <span class='ocr_line' id='line_1_62' title="bbox 3338 2902 3485 2951; baseline -0.02 -11"><span class='ocrx_word' id='word_1_362' title='bbox 3338 2902 3485 2951; x_wconf 89' lang='lat' dir='ltr'><strong>ossa,</strong></span> 
     </span>
    </p>
   </div>
   <div class='ocr_carea' id='block_1_62' title="bbox 1941 2973 3386 3059">
    <p class='ocr_par' dir='ltr' id='par_1_62' title="bbox 1941 2973 3386 3059">
     <span class='ocr_line' id='line_1_63' title="bbox 1941 2973 3386 3059; baseline -0.013 -13"><span class='ocrx_word' id='word_1_363' title='bbox 1941 2991 2146 3046; x_wconf 88' lang='lat' dir='ltr'><strong>Servos</strong></span> <span class='ocrx_word' id='word_1_364' title='bbox 2175 2987 2272 3059; x_wconf 89' lang='lat' dir='ltr'><strong>qui</strong></span> <span class='ocrx_word' id='word_1_365' title='bbox 2299 2984 2567 3058; x_wconf 89' lang='lat' dir='ltr'><strong>pr0prios</strong></span> <span class='ocrx_word' id='word_1_366' title='bbox 2590 2986 2824 3039; x_wconf 88' lang='lat' dir='ltr'><strong>tueatur</strong></span> <span class='ocrx_word' id='word_1_367' title='bbox 2846 2977 3108 3054; x_wconf 88' lang='lat' dir='ltr'><strong>principe</strong></span> <span class='ocrx_word' id='word_1_368' title='bbox 3141 2973 3386 3042; x_wconf 90' lang='lat' dir='ltr'><strong>Christo,</strong></span> 
     </span>
    </p>
   </div>
   <div class='ocr_carea' id='block_1_63' title="bbox 1941 3067 3560 3151">
    <p class='ocr_par' dir='ltr' id='par_1_63' title="bbox 1941 3067 3560 3151">
     <span class='ocr_line' id='line_1_64' title="bbox 1941 3067 3560 3151; baseline -0.012 -15"><span class='ocrx_word' id='word_1_369' title='bbox 1941 3083 2028 3137; x_wconf 85' lang='lat' dir='ltr'><strong>Ac</strong></span> <span class='ocrx_word' id='word_1_370' title='bbox 2053 3080 2182 3151; x_wconf 90' lang='lat' dir='ltr'><strong>post</strong></span> <span class='ocrx_word' id='word_1_371' title='bbox 2233 3076 2381 3130; x_wconf 90' lang='lat' dir='ltr'><strong>hanc</strong></span> <span class='ocrx_word' id='word_1_372' title='bbox 2431 3073 2614 3128; x_wconf 89' lang='lat' dir='ltr'><strong>vitam</strong></span> <span class='ocrx_word' id='word_1_373' title='bbox 2647 3069 2928 3128; x_wconf 90' lang='lat' dir='ltr'><strong>concedat</strong></span> <span class='ocrx_word' id='word_1_374' title='bbox 2970 3067 3185 3122; x_wconf 90' lang='lat' dir='ltr'><strong>habere</strong></span> <span class='ocrx_word' id='word_1_375' title='bbox 3233 3077 3560 3136; x_wconf 88' lang='lat' dir='ltr'><strong>perennam</strong></span> 
     </span>
    </p>
   </div>
   <div class='ocr_carea' id='block_1_64' title="bbox 3254 3151 3483 3223">
    <p class='ocr_par' dir='ltr' id='par_1_64' title="bbox 3254 3151 3483 3223">
     <span class='ocr_line' id='line_1_65' title="bbox 3254 3151 3483 3223; baseline -0.009 -18"><span class='ocrx_word' id='word_1_376' title='bbox 3254 3151 3483 3223; x_wconf 83' lang='lat' dir='ltr'><strong>[Amen,</strong></span> 
     </span>
    </p>
   </div>
   <div class='ocr_carea' id='block_1_65' title="bbox 960 3307 2816 3398">
    <p class='ocr_par' dir='ltr' id='par_1_65' title="bbox 960 3307 2816 3398">
     <span class='ocr_line' id='line_1_66' title="bbox 960 3307 2816 3398; baseline -0.011 -17"><span class='ocrx_word' id='word_1_377' title='bbox 960 3327 1200 3398; x_wconf 68' lang='lat' dir='ltr'><strong>Explicit</strong></span> <span class='ocrx_word' id='word_1_378' title='bbox 1228 3322 1486 3378; x_wconf 78' lang='lat' dir='ltr'><strong>Historia</strong></span> <span class='ocrx_word' id='word_1_379' title='bbox 1513 3317 1858 3373; x_wconf 84' lang='lat' dir='ltr'><strong>Francorum</strong></span> <span class='ocrx_word' id='word_1_380' title='bbox 1881 3314 2132 3371; x_wconf 75' lang='lat' dir='ltr'><strong>Aimoim&#39;</strong></span> <span class='ocrx_word' id='word_1_381' title='bbox 2160 3307 2410 3367; x_wconf 72' lang='lat' dir='ltr'><strong>monachi</strong></span> <span class='ocrx_word' id='word_1_382' title='bbox 2439 3307 2816 3363; x_wconf 80' lang='lat' dir='ltr'><strong>Floriacensis.</strong></span> 
     </span>
    </p>
   </div>
   <div class='ocr_carea' id='block_1_66' title="bbox 214 3470 3537 3529">
    <p class='ocr_par' dir='ltr' id='par_1_66' title="bbox 214 3470 3537 3529">
     <span class='ocr_line' id='line_1_67' title="bbox 214 3470 3537 3529; baseline -0.012 -3"><span class='ocrx_word' id='word_1_383' title='bbox 214 3470 3537 3529; x_wconf 84' lang='lat'><strong>_______________________________———-</strong></span> 
     </span>
    </p>
   </div>
   <div class='ocr_carea' id='block_1_67' title="bbox 894 3617 2872 3773">
    <p class='ocr_par' dir='ltr' id='par_1_67' title="bbox 894 3617 2872 3773">
     <span class='ocr_line' id='line_1_68' title="bbox 894 3617 2872 3773; baseline -0.01 0"><span class='ocrx_word' id='word_1_384' title='bbox 894 3638 1025 3773; x_wconf 75' lang='grc' dir='ltr'><strong>ΒΕ</strong></span> <span class='ocrx_word' id='word_1_385' title='bbox 1107 3627 1708 3773; x_wconf 82' lang='lat' dir='ltr'><strong>MIRAGULIS</strong></span> <span class='ocrx_word' id='word_1_386' title='bbox 1801 3620 2204 3765; x_wconf 76' lang='lat' dir='ltr'><strong>SANG’I‘I</strong></span> <span class='ocrx_word' id='word_1_387' title='bbox 2288 3617 2872 3756; x_wconf 81' lang='lat' dir='ltr'><strong>BENEDIGTI</strong></span> 
     </span>
    </p>
   </div>
   <div class='ocr_carea' id='block_1_68' title="bbox 1529 3854 2295 3966">
    <p class='ocr_par' dir='ltr' id='par_1_68' title="bbox 1529 3854 2295 3966">
     <span class='ocr_line' id='line_1_69' title="bbox 1529 3854 2295 3966; baseline -0.007 0"><span class='ocrx_word' id='word_1_388' title='bbox 1529 3861 1927 3966; x_wconf 82' lang='lat' dir='ltr'><strong>LIBRI</strong></span> <span class='ocrx_word' id='word_1_389' title='bbox 1996 3854 2295 3962; x_wconf 89' lang='lat' dir='ltr'><strong>DUO</strong></span> 
     </span>
    </p>
   </div>
   <div class='ocr_carea' id='block_1_69' title="bbox 1252 4045 2521 4132">
    <p class='ocr_par' dir='ltr' id='par_1_69' title="bbox 1252 4045 2521 4132">
     <span class='ocr_line' id='line_1_70' title="bbox 1252 4045 2521 4132; baseline -0.015 -16"><span class='ocrx_word' id='word_1_390' title='bbox 1252 4059 1459 4132; x_wconf 75' lang='lat' dir='ltr'><strong>Scrz’pti</strong></span> <span class='ocrx_word' id='word_1_391' title='bbox 1490 4055 1554 4110; x_wconf 87' lang='lat' dir='ltr'><strong>ab</strong></span> <span class='ocrx_word' id='word_1_392' title='bbox 1585 4054 1846 4119; x_wconf 74' lang='lat' dir='ltr'><strong>Amomo,</strong></span> <span class='ocrx_word' id='word_1_393' title='bbox 1877 4048 2138 4105; x_wconf 78' lang='lat' dir='ltr'><strong>monacho</strong></span> <span class='ocrx_word' id='word_1_394' title='bbox 2170 4045 2521 4101; x_wconf 74' lang='lat' dir='ltr'><strong>Floriacensz’.</strong></span> 
     </span>
    </p>
   </div>
   <div class='ocr_carea' id='block_1_70' title="bbox 463 4180 3305 4292">
    <p class='ocr_par' dir='ltr' id='par_1_70' title="bbox 463 4180 3305 4292">
     <span class='ocr_line' id='line_1_71' title="bbox 463 4180 3305 4292; baseline -0.014 -16"><span class='ocrx_word' id='word_1_395' title='bbox 463 4218 723 4292; x_wconf 64' lang='lat' dir='ltr'><strong>(MABILL.</strong></span> <span class='ocrx_word' id='word_1_396' title='bbox 750 4214 894 4269; x_wconf 80' lang='lat' dir='ltr'><strong>Acta</strong></span> <span class='ocrx_word' id='word_1_397' title='bbox 926 4211 1032 4270; x_wconf 89' lang='lat' dir='ltr'><strong>SS.</strong></span> <span class='ocrx_word' id='word_1_398' title='bbox 1078 4208 1280 4265; x_wconf 78' lang='lat' dir='ltr'><strong>Bened.</strong></span> <span class='ocrx_word' id='word_1_399' title='bbox 1336 4206 1423 4273; x_wconf 86' lang='lat' dir='ltr'><strong>IV,</strong></span> <span class='ocrx_word' id='word_1_400' title='bbox 1457 4221 1516 4272; x_wconf 91' lang='grc' dir='ltr'><strong>ιι,</strong></span> <span class='ocrx_word' id='word_1_401' title='bbox 1551 4203 1674 4270; x_wconf 76' lang='grc'>356,</span> <span class='ocrx_word' id='word_1_402' title='bbox 1707 4217 1772 4256; x_wconf 85' lang='lat' dir='ltr'><strong>ex</strong></span> <span class='ocrx_word' id='word_1_403' title='bbox 1805 4195 2164 4254; x_wconf 88' lang='lat' dir='ltr'><strong>Bibliotheca</strong></span> <span class='ocrx_word' id='word_1_404' title='bbox 2190 4187 2534 4248; x_wconf 88' lang='lat' dir='ltr'><strong>Floriacensi</strong></span> <span class='ocrx_word' id='word_1_405' title='bbox 2561 4191 2618 4244; x_wconf 92' lang='lat' dir='ltr'><strong>et</strong></span> <span class='ocrx_word' id='word_1_406' title='bbox 2645 4184 2844 4244; x_wconf 87' lang='lat' dir='ltr'><strong>Martio</strong></span> <span class='ocrx_word' id='word_1_407' title='bbox 2876 4180 3305 4254; x_wconf 88' lang='lat' dir='ltr'><strong>Bollandiano.)</strong></span> 
     </span>
    </p>
   </div>
   <div class='ocr_carea' id='block_1_71' title="bbox 1694 4369 2068 4397">
    <p class='ocr_par' dir='ltr' id='par_1_71' title="bbox 1694 4369 2068 4397">
     <span class='ocr_line' id='line_1_72' title="bbox 1694 4369 2068 4397; baseline -0.019 0"><span class='ocrx_word' id='word_1_408' title='bbox 1694 4369 2068 4397; x_wconf 45' lang='lat' dir='ltr'><strong>ﬂ</strong></span> 
     </span>
    </p>
   </div>
   <div class='ocr_carea' id='block_1_72' title="bbox 1633 4524 2105 4599">
    <p class='ocr_par' dir='ltr' id='par_1_72' title="bbox 1633 4524 2105 4599">
     <span class='ocr_line' id='line_1_73' title="bbox 1633 4524 2105 4599; baseline -0.015 0"><span class='ocrx_word' id='word_1_409' title='bbox 1633 4524 2105 4599; x_wconf 87' lang='lat' dir='ltr'><strong>PROLOGUS</strong></span> 
     </span>
    </p>
   </div>
   <div class='ocr_carea' id='block_1_73' title="bbox 1343 4697 2444 4777">
    <p class='ocr_par' dir='ltr' id='par_1_73' title="bbox 1343 4697 2444 4777">
     <span class='ocr_line' id='line_1_74' title="bbox 1343 4697 2444 4777; baseline -0.019 0"><span class='ocrx_word' id='word_1_410' title='bbox 1343 4718 1450 4777; x_wconf 88' lang='lat' dir='ltr'><strong>AD</strong></span> <span class='ocrx_word' id='word_1_411' title='bbox 1498 4701 1989 4775; x_wconf 81' lang='lat' dir='ltr'><strong>GAUZLINUM</strong></span> <span class='ocrx_word' id='word_1_412' title='bbox 2030 4697 2444 4763; x_wconf 84' lang='lat' dir='ltr'><strong>ABBATEM.</strong></span> 
     </span>
    </p>
   </div>
   <div class='ocr_carea' id='block_1_74' title="bbox 286 4884 3555 4997">
    <p class='ocr_par' dir='ltr' id='par_1_74' title="bbox 286 4884 3555 4997">
     <span class='ocr_line' id='line_1_75' title="bbox 286 4884 3555 4997; baseline -0.007 -4"><span class='ocrx_word' id='word_1_413' title='bbox 286 4933 666 4997; x_wconf 81' lang='lat' dir='ltr'><strong>Honorandis</strong></span> <span class='ocrx_word' id='word_1_414' title='bbox 679 4925 1226 4986; x_wconf 71' lang='lat' dir='ltr'><strong>PatribUSGAUZLINO</strong></span> <span class='ocrx_word' id='word_1_415' title='bbox 1254 4914 1716 4974; x_wconf 88' lang='lat' dir='ltr'><strong>reverentissimo</strong></span> <span class='ocrx_word' id='word_1_416' title='bbox 1738 4912 1837 4968; x_wconf 86' lang='lat' dir='ltr'><strong>ab-</strong></span> <span class='ocrx_word' id='word_1_417' title='bbox 1868 4913 1920 4972; x_wconf 95' lang='lat' dir='ltr'>D</span> <span class='ocrx_word' id='word_1_418' title='bbox 1941 4903 2188 4970; x_wconf 60' lang='lat' dir='ltr'><strong>Sllbdidi,</strong></span> <span class='ocrx_word' id='word_1_419' title='bbox 2207 4897 2550 4972; x_wconf 63' lang='grc' dir='ltr'><strong>ιιῑίῐῑιωάδηῖ</strong></span> <span class='ocrx_word' id='word_1_420' title='bbox 2570 4895 2641 4949; x_wconf 70' lang='lat' dir='ltr'><strong>de</strong></span> <span class='ocrx_word' id='word_1_421' title='bbox 2660 4891 2953 4949; x_wconf 60' lang='lat' dir='ltr'><strong>miraculis</strong></span> <span class='ocrx_word' id='word_1_422' title='bbox 2971 4885 3297 4945; x_wconf 68' lang='lat' dir='ltr'><strong>communis</strong></span> <span class='ocrx_word' id='word_1_423' title='bbox 3324 4884 3555 4959; x_wconf 57' lang='lat' dir='ltr'><strong>patroni</strong></span> 
     </span>
     <span class='ocr_line' id='line_1_76' title="bbox 2112 4978 3517 4997; baseline 0 0"><span class='ocrx_word' id='word_1_424' title='bbox 2112 4993 2121 4997; x_wconf 90' lang='lat'><em>_</em></span> <span class='ocrx_word' id='word_1_425' title='bbox 2301 4989 2333 4997; x_wconf 82' lang='lat'><strong>..</strong></span> <span class='ocrx_word' id='word_1_426' title='bbox 2399 4987 2409 4997; x_wconf 93' lang='lat'><strong>.</strong></span> <span class='ocrx_word' id='word_1_427' title='bbox 2484 4985 2551 4997; x_wconf 43' lang='grc' dir='ltr'><strong>..κ</strong></span> <span class='ocrx_word' id='word_1_428' title='bbox 2685 4983 2720 4997; x_wconf 87' lang='lat'><strong>..</strong></span> <span class='ocrx_word' id='word_1_429' title='bbox 2765 4983 2798 4997; x_wconf 89' lang='lat'><strong>..</strong></span> <span class='ocrx_word' id='word_1_430' title='bbox 2877 4982 2893 4997; x_wconf 86' lang='lat'><strong>.</strong></span> <span class='ocrx_word' id='word_1_431' title='bbox 3040 4978 3517 4997; x_wconf 14' lang='lat' dir='ltr'><strong>“dignun-.-”</strong></span> 
     </span>
    </p>
   </div>
   <div class='ocr_carea' id='block_1_75' title="bbox 218 5006 1840 5098">
    <p class='ocr_par' dir='ltr' id='par_1_75' title="bbox 218 5006 1840 5098">
     <span class='ocr_line' id='line_1_77' title="bbox 218 5006 1840 5098; baseline -0.022 -11"><span class='ocrx_word' id='word_1_432' title='bbox 218 5031 362 5098; x_wconf 88' lang='lat' dir='ltr'><strong>bati,</strong></span> <span class='ocrx_word' id='word_1_433' title='bbox 398 5023 682 5095; x_wconf 89' lang='lat' dir='ltr'><strong>omnique</strong></span> <span class='ocrx_word' id='word_1_434' title='bbox 710 5013 1082 5074; x_wconf 84' lang='lat' dir='ltr'><strong>Floriacensis</strong></span> <span class='ocrx_word' id='word_1_435' title='bbox 1098 5008 1340 5066; x_wconf 90' lang='lat' dir='ltr'><strong>coenobii</strong></span> <span class='ocrx_word' id='word_1_436' title='bbox 1363 5006 1574 5061; x_wconf 65' lang='lat' dir='ltr'><strong>sancta:</strong></span> <span class='ocrx_word' id='word_1_437' title='bbox 1594 5016 1840 5071; x_wconf 86' lang='lat' dir='ltr'><strong>congre-</strong></span> 
     </span>
    </p>
   </div>
   <div class='ocr_carea' id='block_1_76' title="bbox 1339 5067 3552 5166">
    <p class='ocr_par' dir='ltr' id='par_1_76' title="bbox 1339 5067 3552 5166">
     <span class='ocr_line' id='line_1_78' title="bbox 1339 5067 3552 5166; baseline -0.015 -16"><span class='ocrx_word' id='word_1_438' title='bbox 1339 5110 1539 5166; x_wconf 87' lang='lat' dir='ltr'><strong>psema</strong></span> <span class='ocrx_word' id='word_1_439' title='bbox 1578 5089 1842 5148; x_wconf 86' lang='lat' dir='ltr'><strong>omnium</strong></span> <span class='ocrx_word' id='word_1_440' title='bbox 1942 5101 2072 5140; x_wconf 90' lang='lat' dir='ltr'><strong>rum</strong></span> <span class='ocrx_word' id='word_1_441' title='bbox 2102 5081 2312 5152; x_wconf 88' lang='lat' dir='ltr'><strong>scripto</strong></span> <span class='ocrx_word' id='word_1_442' title='bbox 2329 5076 2641 5132; x_wconf 88' lang='lat' dir='ltr'><strong>traderem.</strong></span> <span class='ocrx_word' id='word_1_443' title='bbox 2667 5071 2851 5127; x_wconf 89' lang='lat' dir='ltr'><strong>Institi</strong></span> <span class='ocrx_word' id='word_1_444' title='bbox 2879 5071 3074 5142; x_wconf 88' lang='lat' dir='ltr'><strong>itaque</strong></span> <span class='ocrx_word' id='word_1_445' title='bbox 3090 5071 3154 5124; x_wconf 93' lang='lat' dir='ltr'><strong>ut</strong></span> <span class='ocrx_word' id='word_1_446' title='bbox 3170 5067 3414 5140; x_wconf 88' lang='lat' dir='ltr'><strong>potui,et</strong></span> <span class='ocrx_word' id='word_1_447' title='bbox 3434 5081 3552 5118; x_wconf 89' lang='lat' dir='ltr'><strong>non</strong></span> 
     </span>
    </p>
   </div>
   <div class='ocr_carea' id='block_1_77' title="bbox 222 5097 1333 5190">
    <p class='ocr_par' dir='ltr' id='par_1_77' title="bbox 222 5097 1333 5190">
     <span class='ocr_line' id='line_1_79' title="bbox 222 5097 1333 5190; baseline -0.023 -14"><span class='ocrx_word' id='word_1_448' title='bbox 222 5117 446 5190; x_wconf 83' lang='lat' dir='ltr'><strong>gationi</strong></span> <span class='ocrx_word' id='word_1_449' title='bbox 497 5114 581 5169; x_wconf 90' lang='lat' dir='ltr'><strong>illi</strong></span> <span class='ocrx_word' id='word_1_450' title='bbox 607 5107 952 5172; x_wconf 74' lang='lat' dir='ltr'><strong>commissae,</strong></span> <span class='ocrx_word' id='word_1_451' title='bbox 981 5116 1183 5158; x_wconf 91' lang='lat' dir='ltr'><strong>eorum</strong></span> <span class='ocrx_word' id='word_1_452' title='bbox 1211 5097 1333 5170; x_wconf 92' lang='lat' dir='ltr'><strong>peri</strong></span> 
     </span>
    </p>
   </div>
   <div class='ocr_carea' id='block_1_78' title="bbox 221 5189 1535 5272">
    <p class='ocr_par' dir='ltr' id='par_1_78' title="bbox 221 5189 1535 5272">
     <span class='ocr_line' id='line_1_80' title="bbox 221 5189 1535 5272; baseline -0.02 -11"><span class='ocrx_word' id='word_1_453' title='bbox 221 5189 503 5263; x_wconf 52' lang='lat' dir='ltr'><strong>Amomus</strong></span> <span class='ocrx_word' id='word_1_454' title='bbox 535 5215 783 5272; x_wconf 89' lang='lat' dir='ltr'><strong>regnum</strong></span> <span class='ocrx_word' id='word_1_455' title='bbox 811 5210 944 5250; x_wconf 91' lang='lat' dir='ltr'><strong>cum</strong></span> <span class='ocrx_word' id='word_1_456' title='bbox 979 5189 1200 5246; x_wconf 86' lang='lat' dir='ltr'><strong>Christo</strong></span> <span class='ocrx_word' id='word_1_457' title='bbox 1229 5189 1535 5240; x_wconf 66' lang='lat' dir='ltr'><strong>aeternum.</strong></span> 
     </span>
    </p>
   </div>
   <div class='ocr_carea' id='block_1_79' title="bbox 295 5268 1841 5352">
    <p class='ocr_par' dir='ltr' id='par_1_79' title="bbox 295 5268 1841 5352">
     <span class='ocr_line' id='line_1_81' title="bbox 295 5268 1841 5352; baseline -0.02 -1"><span class='ocrx_word' id='word_1_458' title='bbox 295 5268 659 5351; x_wconf 66' lang='lat' dir='ltr'><strong>Obedientiaa</strong></span> <span class='ocrx_word' id='word_1_459' title='bbox 690 5288 907 5341; x_wconf 89' lang='lat' dir='ltr'><strong>bonum</strong></span> <span class='ocrx_word' id='word_1_460' title='bbox 940 5280 1157 5352; x_wconf 86' lang='lat' dir='ltr'><strong>quanto</strong></span> <span class='ocrx_word' id='word_1_461' title='bbox 1187 5274 1256 5330; x_wconf 89' lang='lat' dir='ltr'><strong>sit</strong></span> <span class='ocrx_word' id='word_1_462' title='bbox 1303 5272 1544 5345; x_wconf 65' lang='lat' dir='ltr'><strong>praemio</strong></span> <span class='ocrx_word' id='word_1_463' title='bbox 1578 5268 1841 5339; x_wconf 88' lang='lat' dir='ltr'><strong>dignum,</strong></span> 
     </span>
    </p>
   </div>
   <div class='ocr_carea' id='block_1_80' title="bbox 224 5354 1840 5448">
    <p class='ocr_par' dir='ltr' id='par_1_80' title="bbox 224 5354 1840 5448">
     <span class='ocr_line' id='line_1_82' title="bbox 224 5354 1840 5448; baseline -0.017 -8"><span class='ocrx_word' id='word_1_464' title='bbox 224 5390 432 5448; x_wconf 84' lang='lat' dir='ltr'><strong>vestra,</strong></span> <span class='ocrx_word' id='word_1_465' title='bbox 463 5374 766 5436; x_wconf 88' lang='lat' dir='ltr'><strong>reverendi</strong></span> <span class='ocrx_word' id='word_1_466' title='bbox 789 5368 1035 5434; x_wconf 91' lang='lat' dir='ltr'><strong>domini,</strong></span> <span class='ocrx_word' id='word_1_467' title='bbox 1061 5363 1326 5421; x_wconf 88' lang='lat' dir='ltr'><strong>doctrina</strong></span> <span class='ocrx_word' id='word_1_468' title='bbox 1348 5360 1601 5415; x_wconf 87' lang='lat' dir='ltr'><strong>ediscere</strong></span> <span class='ocrx_word' id='word_1_469' title='bbox 1633 5354 1840 5412; x_wconf 90' lang='lat' dir='ltr'><strong>merui.</strong></span> 
     </span>
    </p>
   </div>
   <div class='ocr_carea' id='block_1_81' title="bbox 226 5445 1847 5543">
    <p class='ocr_par' dir='ltr' id='par_1_81' title="bbox 226 5445 1847 5543">
     <span class='ocr_line' id='line_1_83' title="bbox 226 5445 1847 5543; baseline -0.02 -15"><span class='ocrx_word' id='word_1_470' title='bbox 226 5474 480 5543; x_wconf 86' lang='lat' dir='ltr'><strong>Ideoque</strong></span> <span class='ocrx_word' id='word_1_471' title='bbox 501 5463 869 5540; x_wconf 85' lang='lat' dir='ltr'><strong>quorundam</strong></span> <span class='ocrx_word' id='word_1_472' title='bbox 886 5460 1138 5514; x_wconf 89' lang='lat' dir='ltr'><strong>vestrum</strong></span> <span class='ocrx_word' id='word_1_473' title='bbox 1161 5450 1440 5522; x_wconf 84' lang='lat' dir='ltr'><strong>imperiis,</strong></span> <span class='ocrx_word' id='word_1_474' title='bbox 1464 5448 1561 5520; x_wconf 87' lang='lat' dir='ltr'><strong>qui</strong></span> <span class='ocrx_word' id='word_1_475' title='bbox 1577 5446 1634 5500; x_wconf 91' lang='lat' dir='ltr'><strong>id</strong></span> <span class='ocrx_word' id='word_1_476' title='bbox 1657 5445 1847 5516; x_wconf 89' lang='lat' dir='ltr'><strong>pater-</strong></span> 
     </span>
    </p>
   </div>
   <div class='ocr_carea' id='block_1_82' title="bbox 1613 5502 3548 5595">
    <p class='ocr_par' dir='ltr' id='par_1_82' title="bbox 1613 5502 3548 5595">
     <span class='ocr_line' id='line_1_84' title="bbox 1613 5502 3548 5595; baseline -0.019 -7"><span class='ocrx_word' id='word_1_477' title='bbox 1613 5532 1846 5587; x_wconf 88' lang='lat' dir='ltr'><strong>toritate</strong></span> <span class='ocrx_word' id='word_1_478' title='bbox 1950 5525 2162 5593; x_wconf 90' lang='lat' dir='ltr'><strong>curavi,</strong></span> <span class='ocrx_word' id='word_1_479' title='bbox 2198 5540 2340 5595; x_wconf 86' lang='lat' dir='ltr'><strong>Opus</strong></span> <span class='ocrx_word' id='word_1_480' title='bbox 2357 5536 2532 5576; x_wconf 83' lang='lat' dir='ltr'><strong>omne</strong></span> <span class='ocrx_word' id='word_1_481' title='bbox 2551 5519 2609 5572; x_wconf 92' lang='lat' dir='ltr'><strong>in</strong></span> <span class='ocrx_word' id='word_1_482' title='bbox 2632 5517 2775 5571; x_wconf 87' lang='lat' dir='ltr'><strong>duos</strong></span> <span class='ocrx_word' id='word_1_483' title='bbox 2792 5507 3248 5586; x_wconf 88' lang='lat' dir='ltr'><strong>partienslibros.</strong></span> <span class='ocrx_word' id='word_1_484' title='bbox 3272 5502 3548 5572; x_wconf 87' lang='lat' dir='ltr'><strong>Suscipite</strong></span> 
     </span>
    </p>
   </div>
   <div class='ocr_carea' id='block_1_83' title="bbox 231 5539 1610 5631">
    <p class='ocr_par' dir='ltr' id='par_1_83' title="bbox 231 5539 1610 5631">
     <span class='ocr_line' id='line_1_85' title="bbox 231 5539 1610 5631; baseline -0.022 -13"><span class='ocrx_word' id='word_1_485' title='bbox 231 5579 309 5616; x_wconf 85' lang='lat' dir='ltr'><strong>na</strong></span> <span class='ocrx_word' id='word_1_486' title='bbox 338 5539 537 5631; x_wconf 78' lang='lat' dir='ltr'><strong>potius</strong></span> <span class='ocrx_word' id='word_1_487' title='bbox 557 5550 956 5610; x_wconf 88' lang='lat' dir='ltr'><strong>admonitione</strong></span> <span class='ocrx_word' id='word_1_488' title='bbox 973 5559 1149 5617; x_wconf 88' lang='lat' dir='ltr'><strong>quam</strong></span> <span class='ocrx_word' id='word_1_489' title='bbox 1173 5539 1484 5611; x_wconf 86' lang='lat' dir='ltr'><strong>imperiosa</strong></span> <span class='ocrx_word' id='word_1_490' title='bbox 1506 5551 1610 5590; x_wconf 90' lang='lat' dir='ltr'><strong>auc</strong></span> 
     </span>
    </p>
   </div>
   <div class='ocr_carea' id='block_1_84' title="bbox 232 5616 2147 5724">
    <p class='ocr_par' dir='ltr' id='par_1_84' title="bbox 232 5616 2147 5724">
     <span class='ocr_line' id='line_1_86' title="bbox 232 5616 2147 5724; baseline -0.02 -16"><span class='ocrx_word' id='word_1_491' title='bbox 232 5616 704 5724; x_wconf 71' lang='lat' dir='ltr'><strong>persuadendum</strong></span> <span class='ocrx_word' id='word_1_492' title='bbox 733 5638 878 5696; x_wconf 88' lang='lat' dir='ltr'><strong>mihi</strong></span> <span class='ocrx_word' id='word_1_493' title='bbox 922 5616 1220 5709; x_wconf 83' lang='lat' dir='ltr'><strong>putarunt,</strong></span> <span class='ocrx_word' id='word_1_494' title='bbox 1268 5629 1516 5685; x_wconf 89' lang='lat' dir='ltr'><strong>libenter</strong></span> <span class='ocrx_word' id='word_1_495' title='bbox 1565 5620 1844 5678; x_wconf 84' lang='lat' dir='ltr'><strong>cervicem</strong></span> <span class='ocrx_word' id='word_1_496' title='bbox 1948 5616 2147 5690; x_wconf 82' lang='lat' dir='ltr'><strong>igitur,</strong></span> 
     </span>
    </p>
   </div>
   <div class='ocr_carea' id='block_1_85' title="bbox 1943 4978 3555 5050">
    <p class='ocr_par' dir='ltr' id='par_1_85' title="bbox 1943 4978 3555 5050">
     <span class='ocr_line' id='line_1_87' title="bbox 1943 4978 3555 5050; baseline -0.014 1"><span class='ocrx_word' id='word_1_497' title='bbox 1943 4993 2126 5050; x_wconf 88' lang='lat' dir='ltr'><strong>nostri</strong></span> <span class='ocrx_word' id='word_1_498' title='bbox 2155 4985 2499 5046; x_wconf 89' lang='lat' dir='ltr'><strong>sanctissimi</strong></span> <span class='ocrx_word' id='word_1_499' title='bbox 2514 4983 2802 5040; x_wconf 91' lang='lat' dir='ltr'><strong>Benedicti</strong></span> <span class='ocrx_word' id='word_1_500' title='bbox 2825 4982 2898 5037; x_wconf 92' lang='lat' dir='ltr'><strong>ad</strong></span> <span class='ocrx_word' id='word_1_501' title='bbox 2924 4978 3272 5035; x_wconf 86' lang='lat' dir='ltr'><strong>memoriam</strong></span> <span class='ocrx_word' id='word_1_502' title='bbox 3292 4978 3555 5048; x_wconf 87' lang='lat' dir='ltr'><strong>postero-</strong></span> 
     </span>
    </p>
   </div>
   <div class='ocr_carea' id='block_1_86' title="bbox 1945 5151 3550 5239">
    <p class='ocr_par' dir='ltr' id='par_1_86' title="bbox 1945 5151 3550 5239">
     <span class='ocr_line' id='line_1_88' title="bbox 1945 5151 3550 5239; baseline -0.016 -11"><span class='ocrx_word' id='word_1_503' title='bbox 1945 5174 2128 5228; x_wconf 92' lang='lat' dir='ltr'><strong>solum</strong></span> <span class='ocrx_word' id='word_1_504' title='bbox 2152 5151 2373 5239; x_wconf 18' lang='lat' dir='ltr'><strong>eaiqua:</strong></span> <span class='ocrx_word' id='word_1_505' title='bbox 2405 5164 2478 5219; x_wconf 89' lang='lat' dir='ltr'><strong>ad</strong></span> <span class='ocrx_word' id='word_1_506' title='bbox 2507 5163 2935 5217; x_wconf 88' lang='lat' dir='ltr'><strong>sacrosanctum</strong></span> <span class='ocrx_word' id='word_1_507' title='bbox 2967 5157 3226 5229; x_wconf 88' lang='lat' dir='ltr'><strong>ejusdem</strong></span> <span class='ocrx_word' id='word_1_508' title='bbox 3249 5151 3432 5208; x_wconf 90' lang='lat' dir='ltr'><strong>Patris</strong></span> <span class='ocrx_word' id='word_1_509' title='bbox 3462 5167 3550 5203; x_wconf 91' lang='lat' dir='ltr'><strong>se-</strong></span> 
     </span>
    </p>
   </div>
   <div class='ocr_carea' id='block_1_87' title="bbox 1945 5236 3547 5335">
    <p class='ocr_par' dir='ltr' id='par_1_87' title="bbox 1945 5236 3547 5335">
     <span class='ocr_line' id='line_1_89' title="bbox 1945 5236 3547 5335; baseline -0.015 -19"><span class='ocrx_word' id='word_1_510' title='bbox 1945 5263 2209 5335; x_wconf 89' lang='lat' dir='ltr'><strong>pulcrum</strong></span> <span class='ocrx_word' id='word_1_511' title='bbox 2242 5259 2403 5328; x_wconf 86' lang='lat' dir='ltr'><strong>gesta</strong></span> <span class='ocrx_word' id='word_1_512' title='bbox 2431 5255 2585 5319; x_wconf 89' lang='lat' dir='ltr'><strong>sunt,</strong></span> <span class='ocrx_word' id='word_1_513' title='bbox 2616 5266 2815 5306; x_wconf 89' lang='lat' dir='ltr'><strong>verum</strong></span> <span class='ocrx_word' id='word_1_514' title='bbox 2846 5247 3022 5302; x_wconf 90' lang='lat' dir='ltr'><strong>etiam</strong></span> <span class='ocrx_word' id='word_1_515' title='bbox 3049 5245 3147 5299; x_wconf 89' lang='lat' dir='ltr'><strong>illa</strong></span> <span class='ocrx_word' id='word_1_516' title='bbox 3178 5258 3305 5314; x_wconf 66' lang='lat' dir='ltr'><strong>qua:</strong></span> <span class='ocrx_word' id='word_1_517' title='bbox 3323 5239 3382 5294; x_wconf 93' lang='lat' dir='ltr'><strong>in</strong></span> <span class='ocrx_word' id='word_1_518' title='bbox 3423 5236 3547 5292; x_wconf 87' lang='lat' dir='ltr'><strong>aliis</strong></span> 
     </span>
    </p>
   </div>
   <div class='ocr_carea' id='block_1_88' title="bbox 1945 5326 3549 5422">
    <p class='ocr_par' dir='ltr' id='par_1_88' title="bbox 1945 5326 3549 5422">
     <span class='ocr_line' id='line_1_90' title="bbox 1945 5326 3549 5422; baseline -0.016 -18"><span class='ocrx_word' id='word_1_519' title='bbox 1945 5350 2119 5422; x_wconf 91' lang='lat' dir='ltr'><strong>ipsius</strong></span> <span class='ocrx_word' id='word_1_520' title='bbox 2147 5326 2443 5401; x_wconf 73' lang='lat' dir='ltr'><strong>memoria:</strong></span> <span class='ocrx_word' id='word_1_521' title='bbox 2462 5340 2596 5396; x_wconf 89' lang='lat' dir='ltr'><strong>locis</strong></span> <span class='ocrx_word' id='word_1_522' title='bbox 2619 5339 2692 5393; x_wconf 91' lang='lat' dir='ltr'><strong>ad</strong></span> <span class='ocrx_word' id='word_1_523' title='bbox 2710 5339 2830 5408; x_wconf 86' lang='lat' dir='ltr'><strong>ejus</strong></span> <span class='ocrx_word' id='word_1_524' title='bbox 2849 5331 3260 5390; x_wconf 86' lang='lat' dir='ltr'><strong>declarandum</strong></span> <span class='ocrx_word' id='word_1_525' title='bbox 3278 5326 3549 5382; x_wconf 87' lang='lat' dir='ltr'><strong>meritum</strong></span> 
     </span>
    </p>
   </div>
   <div class='ocr_carea' id='block_1_89' title="bbox 1949 5413 3547 5505">
    <p class='ocr_par' dir='ltr' id='par_1_89' title="bbox 1949 5413 3547 5505">
     <span class='ocr_line' id='line_1_91' title="bbox 1949 5413 3547 5505; baseline -0.017 -12"><span class='ocrx_word' id='word_1_526' title='bbox 1949 5413 2228 5494; x_wconf 76' lang='lat' dir='ltr'><strong>Oomiuus</strong></span> <span class='ocrx_word' id='word_1_527' title='bbox 2249 5430 2477 5505; x_wconf 87' lang='lat' dir='ltr'><strong>operari</strong></span> <span class='ocrx_word' id='word_1_528' title='bbox 2496 5429 2549 5485; x_wconf 92' lang='lat' dir='ltr'><strong>di</strong></span> <span class='ocrx_word' id='word_1_529' title='bbox 2559 5430 2768 5502; x_wconf 76' lang='lat' dir='ltr'><strong>gnatus</strong></span> <span class='ocrx_word' id='word_1_530' title='bbox 2781 5423 3034 5494; x_wconf 80' lang='lat' dir='ltr'><strong>est,stylo</strong></span> <span class='ocrx_word' id='word_1_531' title='bbox 3055 5413 3547 5489; x_wconf 81' lang='lat' dir='ltr'><strong>comprehendere</strong></span> 
     </span>
    </p>
   </div>
   <div class='ocr_carea' id='block_1_90' title="bbox 2175 5591 3546 5675">
    <p class='ocr_par' dir='ltr' id='par_1_90' title="bbox 2175 5591 3546 5675">
     <span class='ocr_line' id='line_1_92' title="bbox 2175 5591 3546 5675; baseline -0.021 -5"><span class='ocrx_word' id='word_1_532' title='bbox 2175 5591 2520 5669; x_wconf 76' lang='lat' dir='ltr'><strong>sanctissimi</strong></span> <span class='ocrx_word' id='word_1_533' title='bbox 2543 5609 2758 5675; x_wconf 88' lang='lat' dir='ltr'><strong>Patres,</strong></span> <span class='ocrx_word' id='word_1_534' title='bbox 2786 5606 3020 5657; x_wconf 86' lang='lat' dir='ltr'><strong>tenuem</strong></span> <span class='ocrx_word' id='word_1_535' title='bbox 3049 5595 3202 5663; x_wconf 89' lang='lat' dir='ltr'><strong>licet,</strong></span> <span class='ocrx_word' id='word_1_536' title='bbox 3233 5591 3333 5648; x_wconf 90' lang='lat' dir='ltr'><strong>sed</strong></span> <span class='ocrx_word' id='word_1_537' title='bbox 3349 5593 3546 5647; x_wconf 85' lang='lat' dir='ltr'><strong>tamen</strong></span> 
     </span>
    </p>
   </div>
  </div>
