3998 6166
524 386 634 451 8θ3

1625 394 1893 459 AIMOINI
1942 392 2256 462 uoluam
2306 404 2804 470 FLDRIACENSIS

3706 429 3786 484 80$

536 536 771 593 ﬁdelem
801 538 1052 593 fructum
1080 541 1307 611 gracilis
1330 543 1639 599 ramusculi
1659 562 1689 600 e
1716 563 1930 618 magna
1949 551 2151 604 vestrae
2174 535 2230 594 Α
2325 537 2377 590 3-
2407 536 2470 589 Ῐη
2502 537 2655 592 calce
2683 540 2909 612 prologi
2932 558 3048 596 non
3071 544 3386 615 pulaVimlls
3403 549 3788 617 pmlermitlen-

531 625 818 681 unanimis
857 626 1139 682 societatis
1164 631 1378 686 arbore
1408 632 1780 704 prodeuntis;
1812 652 1917 690 nec
1962 653 2059 691 vos
2084 635 2144 691 in

531 713 653 784 ejus
670 713 943 785 pmniteat
957 715 1244 772 laborasse
1266 720 1524 789 profectu
1552 721 1649 792 qui
1674 721 1730 775 id
1756 739 1933 793 quam
1960 724 2149 778 maxi-

532 818 627 855 me
657 801 860 857 nititur
889 803 1118 859 eflicere
1149 808 1211 859 ut
1240 809 1299 860 et
1328 808 1626 864 nutritoris
1640 809 1725 863 sui
1747 810 1936 864 dilecti
1961 813 2149 867 Bene-

530 888 667 944 dicti
682 890 879 945 laudes
894 894 1271 964 promulgare
1288 898 1348 949 et
1366 896 1566 950 vestris
1579 912 1682 967 per
1699 898 1901 952 omnia
1916 900 2147 954 studeat

531 977 760 1047 placere
780 978 1098 1034 desideriis.
1132 981 1241 1036 Vos
1263 984 1482 1050 autem,
1502 983 1712 1039 fratres
1731 986 2113 1042 amantissimi
2128 1029 2141 1055 ,

530 1081 665 1120 cum
694 1066 900 1137 quibus
930 1067 990 1122 in
1022 1068 1300 1141 primaevo
1347 1071 1532 1125 aetatis
1565 1072 1707 1126 flore
1728 1073 1941 1145 jugum
1972 1092 2145 1130 suave

529 1153 736 1209 Christi
756 1155 908 1210 ferre
939 1156 1148 1225 dedici,
1200 1157 1364 1225 mihi,
1399 1175 1613 1230 quaeso,
1648 1163 2143 1232 congratulamini

530 1242 687 1314 quod
710 1243 909 1298 vestris
926 1260 1154 1316 quoque
1172 1245 1537 1301 adminiculis
1548 1247 1621 1302 ad
1636 1248 1744 1303 hoc
1765 1250 1982 1321 profeci
2002 1268 2145 1322 qua-

532 1330 684 1385 tinus
713 1331 933 1403 aliquid
956 1332 1215 1387 utilitatis
1245 1350 1390 1388 mea!
1424 1334 1622 1389 vilitati
1658 1338 1836 1408 possit
1885 1338 2136 1410 iujungi.

529 1416 801 1483 Quamvis
823 1419 983 1475 enim
998 1420 1056 1475 in
1071 1437 1165 1477 me
1179 1422 1252 1476 ad
1266 1423 1434 1477 vestri
1453 1425 1956 1495 comparationem
1988 1428 2146 1482 nulla

530 1506 762 1561 exsistat
792 1507 1321 1581 utilitas,quidquid
1352 1514 1549 1565 tamen
1567 1512 1776 1567 boniin
1814 1531 1908 1568 me
1936 1518 2040 1581 est,
2073 1515 2146 1570 ab

530 1595 931 1667 omnipotente
961 1599 1102 1665 Deo,
1135 1597 1723 1669 perintercessionem
1739 1602 2006 1672 gloriosae
2022 1602 2149 1657 Vir-

527 1682 676 1754 ginis
699 1683 887 1740 Marias
919 1701 985 1739 ac
1014 1685 1356 1756 lcgislatoris
1372 1686 1552 1742 nostri
1574 1689 1889 1759 Benedicti,
1920 1707 2142 1763 perque

527 1788 825 1828 servorum
856 1773 981 1844 ejus
1013 1774 1269 1828 laborem
1299 1777 1487 1829 totum
1518 1778 1622 1829 est.

2164 1828 2215 1887 Β

2254 622 2393 677 dum
2423 625 2530 679 hoc
2561 627 2716 697 quod
2739 627 2932 683 divina
2957 629 3138 701 pietas
3162 632 3291 685 huic
3317 637 3500 688 nostro
3522 638 3702 706 pastori
3720 638 3789 691 in-

2252 714 2340 765 ter
2368 715 2577 767 caetera
2604 715 2888 785 largitatis
2912 735 3027 772 sua:
3060 720 3301 774 contulit
3323 738 3552 776 numera
3568 724 3700 795 quia,
3724 727 3790 779 vi-

2250 798 2457 854 delicet
2482 801 2557 855 ad
2574 819 2642 856 ea
2662 804 2988 874 promenda
3010 822 3137 876 quin
3154 806 3224 861 de
3243 825 3303 862 se
3324 811 3616 864 retulerant
3631 812 3790 883 digna,

2249 889 2462 944 nullius
2485 894 2772 946 extranea:
2786 908 3045 963 personae
3061 896 3215 966 eguit
3233 913 3481 967 unquam
3491 900 3795 970 supplemen-

2247 980 2330 1045 to,
2365 978 2629 1049 quinimo
2661 980 2837 1051 ipsius
2866 982 3118 1037 clientuli
3150 984 3209 1037 in
3259 984 3381 1054 ejus
3408 988 3654 1041 coanobiis
3677 989 3794 1043 illius

2249 1081 2358 1136 ope
2374 1066 2600 1121 educati
2620 1072 2790 1139 atque
2813 1070 3305 1142 edocti,quidquid
3329 1072 3387 1126 in
3402 1074 3448 1143 ej
3460 1091 3517 1127 us
3535 1074 3679 1128 laude
3690 1092 3794 1146 pro-

2248 1154 2528 1209 mendum
2547 1159 2692 1223 erat,
2707 1160 3071 1227 posterorum
3085 1160 3362 1214 mandare
3386 1162 3658 1216 memoria:
3674 1164 3796 1218 sufﬁ-

2247 1241 2465 1297 cientes
2490 1242 3006 1316 inventisnntpost
3048 1246 3286 1302 beatum
3333 1248 3594 1302 duntaxat
3628 1267 3797 1321 papam

2248 1330 2619 1402 Gregorium;
2652 1332 2749 1404 qui
2780 1337 2838 1387 et
2866 1334 3006 1405 ipse,
3029 1335 3150 1405 ejus
3176 1337 3391 1406 regulas
3410 1337 3647 1392 subditus
3663 1339 3798 1393 disci-

2248 1418 2438 1489 plinis,
2459 1420 2689 1491 quantis
2720 1420 2875 1475 idem
2906 1422 3076 1476 Pater
3105 1422 3382 1478 effulserit
3408 1424 3684 1479 virtutibus
3707 1426 3799 1480 elo-

2248 1507 2626 1578 quentissimo
2661 1510 2981 1564 enucleavit
3003 1527 3297 1567 sermone.
3347 1513 3553 1566 Marcus
3599 1513 3804 1585 denique

2248 1598 2441 1665 poeta,
2457 1599 2629 1667 atque
2654 1599 2857 1667 paulus
2878 1598 2936 1651 in
2960 1598 3281 1655 Cassinensi
3302 1601 3557 1655 caenobio
3581 1601 3736 1655 multa
3749 1602 3803 1655 de

2247 1682 2398 1738 illius
2427 1683 2718 1739 miraculis
2751 1687 2990 1742 metrico
3015 1702 3187 1757 opere
3209 1689 3623 1759 elegantissime
3638 1689 3805 1744 edide-

2248 1773 2403 1825 runt.
2434 1772 2845 1827 Translationis
2898 1790 3031 1829 vero
3082 1775 3204 1845 ejus
3250 1775 3396 1829 sacri
3423 1778 3661 1846 corporis
3681 1776 3804 1831 ordi-

596 1864 651 1917 2.
676 1860 764 1916 Ad
784 1864 1147 1931 postremum
1174 1877 1399 1928 omnes,
1418 1879 1666 1933 quorum
1680 1864 1858 1919 corda
1875 1865 2139 1935 ejusdem
2164 1860 2215 1887 υ
2248 1876 2384 1915 nem
2412 1860 2487 1914 ad
2517 1860 2670 1915 hunc
2699 1862 3091 1917 venerabilem
3111 1864 3326 1930 locum,
3344 1880 3566 1918 necnon
3580 1863 3722 1935 signa
3736 1864 3807 1917 hic

523 1948 869 2005 confessoris
896 1948 1282 2003 Christiamor
1297 1949 1572 2021 possidet,
1594 1953 1945 2007 conveniens
1965 1969 2140 2025 expo-

520 2053 618 2093 seo
653 2054 728 2092 ne
760 2037 820 2091 in
852 2038 963 2094 hoc
990 2053 1165 2109 Opere
1195 2038 1497 2093 rhetoricas
1523 2040 1822 2094 suadelam
1851 2041 2139 2096 facundiae

521 2122 845 2197 requirant.
874 2125 1021 2189 Quin
1049 2125 1259 2198 potius,
1281 2126 1432 2180 inter
1455 2127 1747 2181 rusticana
1777 2127 2143 2199 despicabilis

523 2228 742 2268 mensas
758 2216 973 2268 nostrae
990 2214 1561 2281 canistra,rutilantia
1577 2231 1642 2269 ac
1664 2232 1833 2270 suave
1865 2216 2139 2271 redolen-

523 2301 605 2357 tia
618 2302 1034 2358 miraculorum
1046 2302 1401 2357 admirantes
1416 2303 1687 2358 hauriant
1704 2305 1907 2372 mella;
1937 2304 2144 2359 memi-

524 2392 835 2462 nerintque
857 2390 991 2463 quia
1006 2390 1063 2444 in
1079 2391 1339 2445 testaceis
1353 2392 1695 2463 plerumque
1708 2393 1855 2447 vasis
1879 2394 2143 2448 lautiori-

521 2475 628 2531 bus
652 2476 835 2549 epulis
853 2476 1269 2531 delectabiliter
1286 2476 1366 2531 uti
1384 2478 1735 2533 soleant.llis
1756 2479 1827 2535 de
1859 2479 2143 2551 ingenioli

521 2563 705 2620 nostri
740 2563 1022 2619 tenuitate
1052 2564 1386 2635 praelibatis.

1796 2716 2143 2807 LIBER

1062 2887 1286 2945 CAPUT
1317 2888 1603 2945 PRIMUM.

517 2984 948 3048 Nortmanorum
976 2998 1176 3063 strages
1200 3010 1315 3063 iper
1343 2995 1582 3050 Galliam
1604 2995 1701 3049 sub
1724 2994 1918 3051 Carolo
1941 2996 2131 3052 Calvo.

590 3063 687 3137 sub
712 3063 1001 3137 Ludovico,
1032 3064 1132 3137 sud
1174 3063 1366 3137 Carolo
1412 3065 1686 3137 Simplice,
1722 3068 1903 3123 Odone
1945 3076 1995 3123 et
2020 3068 2137 3123 Ro-

594 3131 754 3189 berto.
787 3133 1116 3204 Cassinogili
1129 3136 1334 3206 palatii
1360 3138 1510 3198 situs,
1525 3131 1653 3192 etc.

591 3239 646 3293 4.
678 3240 1099 3295 Gallicanarum
1124 3241 1341 3297 incolas
1377 3241 1706 3313 regionum,
1734 3244 2137 3300 assiduisexte-

521 3341 720 3382 rarum
751 3329 1125 3383 labefactatos
1147 3328 1465 3385 incursibus
1492 3331 1884 3399 nationum,et
1912 3336 2134 3388 veteres

523 3415 583 3467 et
606 3414 905 3469 modernae
928 3414 1247 3487 quibusque
1267 3432 1363 3470 eas
1383 3416 1676 3472 intellectu
1705 3419 2134 3475 revolventibus

520 3500 790 3573 pandunt
812 3501 1085 3557 historiae.
1113 3502 1263 3567 Quos
1275 3503 1405 3557 Julii
1422 3504 1658 3560 Caesaris
1685 3506 2016 3561 decennalis
2044 3509 2133 3562 at-

520 3588 680 3642 trivit
690 3590 1071 3658 concertario,
1086 3590 1426 3646 Hunnorum
1444 3592 1632 3649 subita
1645 3593 1976 3651 dilaceravit
1992 3595 2135 3651 irru-

520 3675 1007 3747 ptio,Gothorum
1037 3678 1315 3734 subvertit
1366 3682 1781 3753 praesumptiva
1826 3682 2133 3738 habitandi

518 3762 766 3832 invasio;
799 3765 873 3820 ad
900 3765 1169 3821 ultimum
1196 3766 1547 3824 Francorum
1566 3770 1749 3825 vivida
1761 3770 1910 3826 bello
1931 3771 2133 3827 dextra

518 3851 695 3908 victos
714 3853 1047 3926 pariterque
1076 3856 1508 3929 victores,a2qua
1538 3862 1820 3926 sorte,suo
1854 3859 2131 3932 subjuga-

514 3939 595 3995 vit
622 3941 904 3998 dominio.
926 3943 1139 3998 Horum
1158 3945 1438 4016 prmferox
1462 3947 1880 4016 potentia,cum
1901 3947 1960 4001 in
1974 3948 2130 4003 subi-

516 4030 741 4101 gendis,
768 4034 893 4086 tum
923 4031 1097 4086 etiam
1129 4032 1188 4087 in
1219 4033 1526 4089 arcendisa
1556 4034 1670 4088 suis
1691 4035 1902 4090 ﬁnibus
1923 4036 2132 4090 barbo-

512 4119 592 4174 ris
619 4120 1093 4193 gentibus,viguit
1109 4122 1432 4177 concordiae
1447 4122 1657 4177 viribus
1678 4140 1855 4195 usque
1876 4124 1949 4178 ad
1983 4124 2129 4178 diva:

513 4208 815 4263 memoriae
847 4208 1035 4263 Caroli
1065 4210 1214 4265 Calvi
1248 4211 1645 4281 tempora,ﬁlii
1685 4211 1975 4279 Ludovici,
2033 4213 2123 4267 cui

512 4311 806 4367 agnomen
823 4296 955 4350 Pius
969 4297 1320 4353 fuit.Contra
1336 4300 1488 4355 hunc
1506 4300 1780 4354 fraternae
1801 4300 2124 4355 insimulati

510 4381 737 4438 invidia:
750 4383 1136 4440 ﬁnitimarum
1154 4386 1459 4442 concitavit
1472 4388 1608 4443 odia
1623 4387 1909 4459 gentium,
1928 4389 2126 4461 praeci-

2244 1948 2335 2001 vel
2375 1963 2479 2018 per
2526 1949 2731 2003 Gallias
2772 1949 2944 2021 ipsius
2986 1950 3209 2004 meritis
3234 1957 3419 2022 gesta,
3450 1951 3531 2004 vir
3550 1951 3805 2005 disertissi-

2245 2054 2374 2091 mus
2402 2037 2751 2092 Adrevaldus
2802 2039 2921 2108 (5’),
2954 2038 3111 2093 istius
3143 2041 3479 2095 monasterii
3517 2041 3804 2103 monachus,

2240 2124 2465 2196 scriptis
2494 2125 2755 2182 inseruit.
2787 2126 2888 2181 Cui
2918 2126 3080 2197 operi
3105 2127 3425 2195 Adelerius,
3457 2128 3617 2197 hujus
3637 2128 3807 2182 nihilo-

2241 2213 2435 2267 minus
2456 2214 2925 2284 congregationis
2948 2216 3288 2279 monachus,
3312 2216 3426 2271 duo
3456 2219 3666 2270 tantum
3692 2215 3808 2285 capi-

2240 2301 2361 2355 tula
2386 2301 2619 2372 adjecit.
2663 2302 2883 2356 Horum
2913 2319 3053 2373 ergo
3085 2304 3346 2373 vestigia,
3378 2304 3510 2359 licet
3535 2321 3641 2358 non
3667 2303 3810 2375 zequis

2240 2393 2582 2461 prosecutus
2602 2392 2879 2462 passibus,
2925 2409 3024 2446 vos
3056 2392 3203 2445 bene
3222 2394 3417 2446 valere
3444 2396 3717 2463 exoptans,
3741 2391 3809 2444 his

2243 2494 2371 2549 quas
2398 2478 2643 2534 dicenda
2670 2480 2942 2551 proposui
2972 2480 3079 2534 hoc
3111 2479 3238 2534 dedi
3273 2480 3575 2535 exordium

2215 2719 2654 2809 PRIMUS

2240 2896 2587 2952 obeuntibus
2612 2900 2786 2965 sorte,
2818 2897 2965 2953 Dani
2979 2899 3328 2955 excursionis
3346 2918 3461 2955 suae
3488 2900 3712 2955 liberam
3729 2913 3811 2951 na-

2237 2985 2311 3039 cti
2342 2985 2725 3052 occasionem,
2760 3004 2887 3057 qua:
2919 2990 2976 3042 et
3001 2991 3219 3060 quanta
3249 2989 3572 3042 civitatibus
3591 2986 3713 3041 bina
3735 3001 3813 3039 ex-

2166 3052 2214 3112 C
2236 3071 2529 3142 peditione
2554 3073 2855 3128 intulerint
2877 3074 3093 3130 damna
3107 3076 3525 3131 vastationibus
3538 3092 3632 3130 seu
3648 3075 3813 3129 incen-

2236 3162 2341 3216 diis
2388 3163 2881 3219 monasteriorum
2935 3181 2999 3218 ac
3050 3166 3412 3236 reliquarum
3464 3164 3811 3227 ecclesiarum,

2187 3251 2486 3305 'studioso
2514 3252 2711 3308 lectori
2736 3253 3100 3324 procedentis
3150 3254 3343 3325 operis
3390 3257 3576 3309 textus
3632 3250 3815 3323 patefa-

2235 3338 2369 3393 ciet.

2307 3434 2357 3487 ὅ.
2391 3431 2601 3486 Verum
2627 3434 2881 3503 Augusto
2905 3432 3109 3487 Carolo
3134 3432 3302 3487 rebus
3321 3430 3595 3486 humanis
3622 3443 3814 3498 exemp-

2235 3522 2315 3586 to,
2349 3519 2499 3574 Illius
2528 3522 2651 3592 ejus
2682 3520 2992 3575 Ludovicus
3022 3520 3307 3587 successit,
3343 3521 3445 3592 qni
3468 3520 3614 3574 Nihil
3642 3517 3810 3573 fecisse

2235 3624 2575 3679 praenomen
2607 3609 2840 3663 sortitus
2864 3611 2970 3676 est,
2993 3608 3107 3663 sive
3138 3608 3291 3680 quod
3323 3609 3416 3663 vix
3438 3608 3653 3662 duobus
3677 3603 3812 3660 annis

2232 3712 2414 3767 regno
2446 3696 2658 3769 potitus
2689 3697 2769 3751 nil
2794 3699 3027 3752 strenue
3060 3697 3250 3768 gessit,
3297 3696 3415 3755 sive
3447 3696 3599 3768 quod
3640 3691 3813 3748 sancti-

2234 3784 2551 3839 monialem
2575 3785 3078 3857 quamdam,sicnti
3100 3803 3132 3840 a
3158 3785 3483 3855 majoribns
3502 3782 3814 3853 accepimus,

2234 3871 2383 3927 Calas
2411 3874 2763 3929 monasterio
2809 3874 3131 3945 puellarum
3164 3874 3543 3939 abstractam,
3580 3868 3813 3940 conjugio

2164 4016 2167 4019 .
2232 3962 2504 4031 copalans
2533 3978 2655 4025 suo,
2688 3965 3009 4031 peccatum,
3042 3961 3194 4033 quod
3239 3960 3388 4015 nihil
3423 3978 3544 4015 esse
3575 3958 3814 4017 noscitur,

2230 4048 2597 4120 perpetrarit.
2624 4050 2797 4120 Hujus
2843 4049 2901 4103 in
2949 4050 3149 4104 diebus
3178 4047 3356 4102 eil‘era
3385 4050 3813 4103 memoratorum

2231 4137 2390 4192 natio
2410 4139 2702 4193 Danorum
2716 4139 2948 4193 tertiam
2963 4137 3296 4193 Neustrasiis
3311 4137 3369 4191 in
3380 4138 3605 4192 llictura
3618 4134 3811 4190 cladem

2228 4225 2481 4292 advenit,
2541 4226 2941 4298 intulissetque
2987 4228 3271 4297 majorem
3324 4225 3725 4297 superioribus,
3769 4217 3814 4272 ni

2228 4315 2389 4385 Ilugo
2418 4314 2493 4386 (6)
2521 4331 2624 4385 per
2654 4316 2860 4369 Gallias
2892 4315 3117 4369 abbatis
3159 4315 3385 4369 honore
3415 4314 3701 4385 praeditus,
3731 4324 3810 4362 eo-

2225 4419 2355 4457 rum
2369 4404 2811 4473 compescuisset
2834 4404 3171 4458 temerarios
3194 4419 3382 4457 ausus.
3408 4402 3661 4473 Denique
3680 4394 3807 4470 quod

509 4485 620 4541 pne
633 4472 1254 4546 Nortmannorum,qui
1271 4475 1576 4547 piraticam
1590 4478 1913 4533 exercendo
1939 4483 2126 4532 mari-

2234 4508 2401 4564 parva
2430 4492 2959 4547 manuinnumeras
2983 4492 3237 4547 hostium
3262 4493 3583 4563 phalanges
3613 4489 3810 4559 adjutus

506 4557 653 4614 tima
680 4560 849 4632 regni
878 4562 1000 4632 ejus
1028 4564 1155 4618 loca
1187 4562 1608 4635 direptionibus
1638 4566 1988 4637 gravissimis
2022 4568 2123 4623 de-

505 4648 766 4719 populati
791 4649 1184 4705 sunt.0bstitit
1204 4650 1392 4721 primo
1407 4669 1610 4709 eorum
1636 4655 1799 4709 suavis
1823 4656 2124 4711 conatibus

507 4735 815 4793 Rotbertus
842 4738 1273 4811 Audegavensis
1289 4742 1777 4810 comes,Saxonici
1790 4746 2019 4815 generis
2040 4746 2126 4800 vir

506 4824 596 4879 cui
620 4841 725 4897 per
754 4825 813 4881 id
834 4828 1107 4882 locorum
1138 4846 1171 4883 a
1200 4844 1338 4900 rege
1367 4846 1596 4886 summa
1624 4848 1822 4886 rerum
1854 4832 2125 4904 delegata

506 4910 1112 4982 fuerat;adnitentibus
1122 4915 1225 4971 sibi
1242 4918 2123 4987 praeeminentissimisNeustriaa

506 4999 934 5069 viris,Rainulfo
953 5008 1126 5075 atque
1160 5005 1578 5076 Lamberto,uti
1610 5008 2123 5079 eloquentissimus

508 5092 709 5146 auctor
735 5092 1089 5147 Adrevaldus
1100 5093 1280 5164 priori
1294 5094 1474 5150 refert
1502 5096 1675 5164 libro,
1702 5095 1937 5152 Sedillis
1965 5100 2121 5156 varia

580 5214 683 5288 (5')
711 5216 1140 5273 Patriciacensis
1161 5217 1479 5288 codex,quo
1499 5220 1583 5273 usi
1614 5224 1747 5275 sunt
1794 5222 1931 5276 socii
1985 5226 2117 5280 Bol-

506 5287 910 5356 landiani,haac
927 5288 1145 5356 inserit,
1168 5291 1265 5360 qui
1290 5296 1342 5343 et
1359 5287 1683 5345 Adalbertus
1698 5295 1995 5349 estimatar
2017 5314 2116 5351 no-

505 5361 764 5433 minatus,
793 5362 961 5428 istius,
983 5363 1094 5433 etc.
1117 5376 1131 5427 ;
1156 5360 1372 5433 quade
1393 5378 1455 5415 re
1487 5379 1679 5433 supra.

582 5432 929 5507 (6)10annes
958 5448 993 5486 a
1017 5430 1407 5507 Boscoaddit,
1440 5439 1498 5507 ut
1539 5430 1719 5507 fertur
1764 5435 1988 5492 Roberti
2040 5439 2110 5507 ﬁ-

511 5499 632 5577 lius,
670 5501 795 5566 Qua
812 5502 988 5577 verba
1018 5502 1313 5577 desunt‘ia
1356 5499 1551 5577 codice
1594 5506 2017 5577 Patriciacensi,
2040 5499 2109 5564 ἐι

2224 4579 2532 4635 manifesto
2562 4579 2902 4634 sanctissimi
2933 4580 3116 4633 Patris
3164 4579 3458 4634 Benedicti
3512 4576 3706 4633 auxilio
3745 4574 3809 4627 ita

2224 4668 2439 4724 fuderit
2461 4673 2522 4723 ut
2538 4670 2624 4724 vix
2647 4670 2881 4724 nuntius
2906 4670 3309 4741 superviveret,
3333 4686 3401 4723 ex
3423 4667 3645 4739 scriptis
3661 4677 3806 4718 vene-

2223 4757 2418 4813 rabilis
2449 4758 2553 4812 viri
2579 4758 2827 4813 Adelerii
2861 4757 3097 4827 agnosci
3144 4758 3309 4813 facile
3360 4761 3466 4812 est.
3503 4756 3621 4819 Qua
3663 4753 3808 4825 plaga

2223 4845 2511 4901 humiliati
2538 4845 2681 4900 Dani
2712 4845 2917 4900 Gallias
2955 4860 3060 4917 per
3080 4845 3299 4917 aliquot
3330 4844 3579 4915 spatium
3602 4844 3803 4910 tempo-

2222 4934 2300 4989 ris
2322 4934 2543 5006 quietas
2569 4934 2887 5005 liquerunt.

2292 5026 2344 5077 6.
2377 5026 2469 5089 At,
2494 5022 2732 5093 Hugone
2764 5022 3000 5077 ultimos
3031 5022 3159 5076 vitm
3191 5038 3306 5076 suae
3329 5021 3628 5076 claudente
3657 5015 3803 5075 soles,

2221 5111 2620 5183 Ludovicoque
2648 5111 2906 5182 principe
2938 5113 3067 5181 post
3096 5109 3563 5165 administratum
3595 5100 3801 5161 biennio

2218 5210 2299 5264 De
2329 5208 2620 5263 miraculis
2650 5207 2830 5263 sancti
2861 5206 3132 5262 Germani
3164 5202 3668 5260 Antissiodorensis
3696 5195 3799 5269 epi-

2214 5297 2393 5369 scopi,
2425 5313 2549 5367 cap.
2584 5301 2637 5352 5.
2670 5295 2993 5351 Aurelianis
3022 5298 3286 5349 mortuus
3314 5311 3467 5348 anno
3497 5295 3619 5357 887,
3650 5290 3705 5342 et

2211 5386 2404 5457 pultus
2430 5384 2807 5439 Antissiodori
2834 5384 2893 5438 in
2922 5382 3274 5437 monasterio
3307 5381 3498 5436 Sancti
3528 5380 3794 5434 Germani.

2209 5473 2366 5528 Alius
2394 5473 2505 5527 fuit
2534 5473 2693 5544 [lngo
2742 5472 2997 5543 Magnus,
3033 5470 3183 5525 ﬁlius
3225 5469 3482 5525 Rotberti
3533 5484 3590 5522 se
3617 5472 3795 5535 regem

507 5557 664 5655 recte
678 5557 867 5655 zinam
897 5573 1069 5655 [lngo
1091 5573 1199 5655 iste
1225 5572 1373 5655 illius
1399 5557 1509 5630 fuit
1526 5557 1668 5655 non:
1681 5557 2108 5655 'nbiiﬁéiiﬁe'd

2234 5561 2463 5630 arentis,
2497 5562 2593 5634 qui
2626 5562 2684 5615 in
2714 5560 3071 5618 Suessionica
3094 5575 3292 5632 pugna
3319 5574 3495 5614 cassus
3546 5557 3629 5610 est
3656 5561 3791 5607 anno

512 5643 761 5703 Conradi
780 5643 1009 5703 comitis
1019 5646 1078 5701 et
1098 5644 1417 5717 Adaleidis,
1448 5650 1595 5704 seste
1620 5647 1852 5705 Herrico
1872 5649 1935 5706 in
1945 5643 2045 5708 lib.
2065 5666 2105 5706 ιι

2207 5648 2311 5710 923
2342 5650 2520 5713 infra.
