3934 6176
241 408 329 463 809

1019 395 1112 452 DE
1138 383 1506 453 MIRACULIS
1539 394 1596 448 S.
1631 388 1999 448 BENEDICTI
2030 385 2208 444 LIBRI
2238 385 2402 446 DUO.
2435 419 2503 430 -
2528 381 2668 449 LIB.
2695 387 2740 444 Ι.

3444 393 3552 448 810

241 525 409 581 sancti
470 521 816 580 confessoris
877 519 965 574 sui
1024 516 1241 573 Benicti
1297 514 1576 570 Dominus
1625 509 2515 585 OperariAstarﬁguratus,qum
2539 505 3564 566 ﬂammivomisardereaestimaretur

239 614 497 684 dignatus
521 614 626 676 est,
659 627 758 664 seu
785 609 843 662 in
903 607 1025 662 aliis
1083 607 1186 660 sub
1237 606 1359 676 ejus
1417 602 1656 658 nomine
1686 601 1846 668 locis,

237 702 389 756 nobis
421 717 599 771 usque
632 714 783 752 nunc
814 695 1108 766 incognita
1147 697 1408 758 manent,
1443 691 1656 762 partim
1686 690 1846 772 aliti-

243 791 475 863 quitate,
504 787 717 859 partim
771 785 1115 854 scriptorum
1162 780 1517 852 negligentia
1569 777 1848 834 oblivionl

242 878 469 932 tradita.
497 878 619 946 Ipse
646 879 845 930 tamen
872 890 940 926 eo
969 886 1260 936 sermone,
1294 887 1468 941 quem
1497 868 1555 922 in
1587 865 1848 938 ejusdem

243 965 418 1020 Patris
443 964 612 1018 laude
661 979 724 1016 ac
773 962 994 1016 honore
1023 958 1435 1014 fecundissima
1465 955 1698 1010 dictavit
1727 955 1847 1008 elo-

243 1054 495 1126 quentia,
527 1053 816 1106 memorat
837 1049 1109 1104 eumdem
1153 1046 1572 1102 coenobitarum
1623 1043 1850 1113 legisla-

245 1149 429 1197 torem
484 1141 598 1195 suis
648 1137 1006 1209 temporibus
1060 1135 1256 1190 multis
1308 1134 1720 1189 miraculorum
1767 1148 1854 1185 ra-

247 1232 426 1285 diasse
453 1228 655 1300 signis.

308 1321 376 1372 At
441 1335 511 1372 eo
567 1316 876 1388 migrante,
931 1319 988 1368 et
1039 1311 1463 1367 Archembaldo
1514 1311 1625 1381 (l2)
1687 1308 1856 1379 hujus

244 1408 383 1462 sacri
412 1405 577 1461 ovilis
624 1402 1071 1457 sollicitudinem
1129 1400 1468 1471 excipiente.
1503 1401 1695 1468 Drogo
1729 1397 1856 1468 qui-

244 1496 400 1560 dam,
449 1493 655 1547 saeculo
706 1509 824 1546 non
882 1491 1071 1545 solum
1124 1505 1388 1560 corpore,
1442 1504 1644 1542 verum
1676 1486 1855 1540 etiam

245 1587 366 1638 tota
426 1580 738 1652 implicitus
794 1583 1010 1644 mente,
1061 1577 1135 1632 ad
1192 1575 1630 1631 conversionem
1682 1573 1858 1628 venit.

247 1671 417 1741 Cujus
439 1669 706 1740 spiritum
736 1667 1045 1720 mundana:
1070 1664 1306 1720 vanitati
1321 1663 1679 1734 jampridem
1701 1661 1862 1716 dedi-

245 1762 368 1812 tum
421 1757 580 1811 idem
609 1757 782 1810 abbas
812 1754 1057 1825 experiri
1098 1770 1201 1826 pro
1249 1756 1404 1808 certo
1441 1753 1637 1805 volens
1668 1754 1862 1804 utrum

1953 598 2362 670 ignibus,tecto
2381 597 3164 670 appropinquabatpauperis
3177 599 3562 670 tugurii.Tum

1953 689 2117 743 miles
2148 687 2360 742 Christi
2408 689 2480 742 ad
2509 692 2648 743 nota
2679 703 2982 742 recurrens
3042 687 3331 760 prmsidia,
3396 689 3561 759 signo

1953 777 2135 832 crucis
2153 779 2343 831 armat
2371 777 2646 841 frontem,
2671 780 2974 848 totumque
3000 793 3059 830 se
3085 777 3352 831 adversus
3377 777 3566 848 phan-

1951 865 2219 920 tasticum
2255 865 2453 935 objicit
2523 864 2881 932 incendium,
2955 881 3186 920 memor
3239 866 3457 938 utique,
3505 869 3568 920 ut

1950 954 2157 1024 conjici
2181 954 2370 1020 datur,
2423 970 2667 1023 operum
2697 952 2921 1008 domini
2953 970 3019 1008 ac
3047 954 3308 1025 magistri
3346 953 3431 1008 sui
3464 955 3569 1008 Be-

1952 1043 2183 1109 nedicti,
2220 1041 2339 1114 qui,
2375 1041 2583 1096 divinae
2609 1042 2814 1112 gratiae
2834 1047 3156 1115 praeventus
3188 1043 3568 1109 munere,ad-

1955 1134 2188 1185 urentes
2209 1130 2716 1196 flammas,vocatis
2736 1129 2807 1184 ad
2849 1147 2980 1184 suos
3032 1131 3226 1186 oculos
3261 1130 3572 1203 discipulis,

1955 1218 2328 1291 imaginarius
2370 1219 2544 1273 fuisse
2588 1219 2899 1274 declaravit
2925 1220 3116 1290 (Gneo.
3173 1220 3274 1274 lib.
3328 1237 3364 1274 ιι
3409 1220 3564 1274 Dial.

1957 1324 2084 1380 cap.
2117 1309 2221 1378 l0).
2254 1307 2532 1361 Hacillius
2565 1308 2889 1363 constantia
2923 1308 3332 1363 frausinimica
3355 1309 3576 1363 devicta

1964 1395 2468 1468 disparuit.Adfuit
2494 1413 2524 1450 e
2546 1396 2783 1468 vestigio
2815 1414 3078 1467 superna:
3103 1397 3443 1452 visitationis
3476 1399 3578 1452 be-

1965 1485 2144 1556 nigna
2156 1485 2561 1551 consolatio,ct
2573 1486 2846 1540 claritatis
2859 1485 3161 1541 immensa:
3173 1486 3579 1540 circumfussus

1963 1575 2205 1640 lumine,
2238 1573 2533 1645 conspexit
2555 1575 2724 1629 simul
2757 1591 2890 1628 cum
2940 1575 3248 1647 splendore
3278 1575 3577 1630 advenisse

1965 1663 2281 1733 quemdam
2309 1663 2544 1733 egregia
2565 1666 2862 1734 comptum
2895 1663 3087 1718 forma
3112 1665 3356 1735 albaque
3385 1663 3580 1735 pallia-

1965 1753 2089 1804 tum
2121 1751 2288 1818 stola,
2323 1751 2419 1822 qui
2447 1751 2505 1804 in
2538 1751 2660 1804 haec
2691 1751 2865 1805 verba
2893 1755 3130 1806 venusta
3161 1752 3393 1806 resolvit
3423 1769 3526 1806 ora
3560 1769 3573 1806 :

250 1846 437 1901 adhuc
469 1861 537 1898 ex
566 1846 682 1899 Deo
737 1846 904 1909 esset,
953 1842 1250 1896 tramitem
1299 1839 1578 1910 regularis
1630 1837 1866 1892 excessit
1895 1843 1996 1902 Ba
2023 1840 2162 1905 Ave,
2197 1838 2407 1910 inquit,
2456 1838 2680 1910 primus
2736 1840 2971 1909 hujusce
3027 1844 3199 1895 vasta:
3257 1840 3580 1895 solitudinis

248 1933 641 2006 probationis.
672 1932 817 1986 Nam
865 1931 1146 2002 petiturus
1168 1930 1434 1994 Romam,
1459 1928 1674 1982 animal
1699 1925 1866 1980 sarci-

245 2039 346 2076 nas
366 2021 571 2076 itineri
592 2019 939 2073 necessarias
968 2018 1160 2072 ferens
1185 2034 1367 2071 manu
1397 2017 1625 2070 trahere
1648 2015 1862 2086 absque

248 2111 418 2166 ullius
451 2108 764 2163 evectionis
809 2106 1160 2176 adjumentis
1189 2104 1431 2177 pedibus
1469 2103 1621 2158 viam
1655 2102 1863 2158 terenti

245 2197 585 2269 imperavit,
607 2199 668 2248 ut
687 2195 783 2266 qui
800 2195 1077 2264 pravitate
1099 2209 1328 2247 morum
1353 2192 1606 2263 reliquos
1631 2191 1864 2245 saecula-

243 2286 402 2340 ribus
419 2284 593 2354 nugis
605 2281 1080 2338 abrenuntiantes
1093 2281 1392 2336 excessisse
1405 2280 1868 2345 eredebatur,ex-

241 2375 481 2428 cederet
515 2372 691 2425 etiam
716 2388 834 2441 prie
856 2373 1086 2425 ostensa
1111 2368 1437 2440 abjectioris
1463 2369 1653 2422 forma
1674 2366 1862 2421 humi-

239 2463 436 2516 litatis.
462 2460 591 2524 Qua
621 2460 714 2513 ille
747 2459 976 2529 injuria,
997 2457 1158 2530 quasi
1190 2457 1442 2529 quadam
1470 2461 1617 2523 cote,
1650 2455 1724 2509 ad
1751 2453 1862 2508 vir-

238 2554 434 2604 tutum
463 2564 712 2602 acumen
737 2563 888 2613 usus,
915 2550 1221 2618 postquam
1245 2549 1305 2599 ut
1321 2545 1701 2614 susciperetur
1713 2542 1861 2596 obti-

238 2639 387 2705 nuit,
405 2637 741 2708 prmcedere
757 2640 993 2690 caeteros
1006 2635 1063 2688 in
1090 2634 1391 2688 sanctitate
1405 2633 1531 2687 vitae
1550 2631 1858 2686 nitebatur.

319 2730 407 2783 14.
447 2727 664 2780 Verum
693 2728 1019 2778 memorato
1049 2723 1257 2778 abbate
1277 2720 1696 2777 monasterialis
1717 2719 1864 2792 regi-

235 2816 424 2870 minis
449 2818 640 2870 metas
659 2814 1002 2885 attingente,
1025 2810 1450 2882 venerabilique
1480 2810 1599 2864 viro
1622 2808 1861 2864 Wlfaldo

237 2906 290 2959 ei
326 2904 706 2969 succedente,
753 2903 848 2973 qui
907 2904 1039 2972 post
1089 2899 1456 2955 Carnotcnsis
1498 2897 1711 2952 exstitit
1751 2898 1865 2969 (13)

237 2994 463 3065 praesul
497 2991 676 3057 urbis,
712 2991 839 3060 jam
887 2990 1070 3043 dictus
1098 2989 1180 3042 vir
1223 2988 1415 3059 Drogo
1468 2988 1538 3041 ab
1584 3003 1652 3040 eo
1702 2985 1867 3056 petiit

238 3081 679 3153 egerrimeque
710 3077 1042 3149 impetravit
1061 3079 1122 3130 ut
1142 3075 1269 3143 sibi,
1290 3077 1346 3128 in
1376 3073 1703 3130 cmnobitali
1739 3073 1867 3128 diu-

1967 1925 2408 1992 accola,Christo
2432 1926 2635 1981 diatim
2659 1927 2892 1980 contriti
2923 1927 3112 1982 cordis
3129 1928 3428 1999 placabilia
3444 1927 3582 1982 offe-

1967 2029 2100 2068 rens
2119 2014 2617 2070 libamina.Fuerit
2633 2013 2869 2086 quidem
2893 2016 3271 2070 intolerabilis
3297 2015 3414 2070 visa
3445 2032 3579 2087 per-

1966 2103 2068 2157 ﬁdi
2099 2104 2404 2157 tentatoris
2455 2103 2796 2174 pervicacia,
2835 2105 2934 2160 sed
2951 2108 3081 2175 post
3108 2109 3311 2160 ventos
3356 2109 3414 2159 et
3472 2121 3579 2160 nu-

1967 2191 2104 2259 bila,
2128 2192 2464 2263 tranquilla,
2496 2192 2666 2246 crede
2697 2193 2864 2259 mihi,
2886 2193 2991 2247 tibi
3007 2193 3318 2248 succedent
3348 2211 3573 2248 serena.

1968 2280 2251 2352 Propositi
2283 2281 2479 2352 itaque
2507 2281 2586 2334 tui
2616 2297 2689 2335 ne
2717 2298 2898 2336 cesses
2918 2281 3258 2336 continuare
3312 2299 3579 2354 perseve-

1966 2368 2582 2439 rantiam,alumnique
2601 2369 2682 2424 tui
2708 2370 3000 2424 Benedicti
3015 2370 3281 2424 laudibus
3311 2370 3581 2442 prosequi

1967 2457 2581 2512 celebritatem.Tuum
2613 2462 2743 2530 post
2763 2459 2884 2512 haec
2911 2459 3022 2514 erit
3069 2459 3390 2514 deliberare
3445 2459 3582 2531 quid

1970 2545 2109 2599 velis
2162 2546 2610 2616 poscere;illius
2667 2547 2921 2602 studium
2973 2548 3198 2620 postula
3242 2547 3581 2604 concedere.

1963 2633 2170 2688 Aderit
2200 2633 2475 2706 deinceps
2509 2639 2573 2689 ut
2596 2651 2713 2690 non
2743 2636 2815 2690 sit
2843 2653 3074 2691 necesse
3122 2637 3442 2708 quidquam
3479 2652 3580 2708 pe-

1964 2725 2117 2788 tere;
2151 2722 2291 2793 quin
2311 2722 2500 2792 potius
2531 2727 2664 2777 ante
2690 2723 2772 2777 tui
2817 2723 3266 2792 invocationem,
3300 2724 3401 2779 tibi
3435 2740 3587 2794 prie-

1964 2812 2051 2864 sto
2077 2810 2409 2880 procurabit
2436 2811 2582 2865 fore.
2603 2829 2635 2864 δ
2673 2812 2850 2882 Hujus
2872 2812 3312 2882 jucundissimaz
3340 2812 3586 2866 affabili-

1965 2896 2098 2951 tatis
2127 2901 2424 2952 auctorem
2456 2915 2572 2953 non
2595 2898 2775 2954 alium
2807 2900 3094 2955 solitarius
3118 2900 3213 2954 ille
3241 2901 3354 2972 (15)
3385 2903 3584 2971 procul

1969 2984 2143 3040 dubio
2171 2985 2485 3056 suspicatus
2507 3003 2628 3040 esse
2680 3004 2856 3058 quam
2906 2988 3304 3043 beatissimum
3351 2991 3586 3045 Patrem

1968 3073 2544 3146 Benedictum,eipro
2561 3091 2726 3146 posse
2748 3092 2814 3130 ac
2843 3075 2986 3131 scire
3015 3077 3336 3148 gratiarum
3363 3077 3586 3132 studuit

239 3149 424 3225 turna
448 3149 696 3240 probato
728 3169 1182 3229 conversatione,
1218 3163 1395 3218 cremi
1425 3163 1777 3233 singularem
1798 3163 1866 3216 li-
1905 3149 1951 3213 Ο
1972 3161 2173 3216 munia
2205 3179 2670 3234 recompensare.
2708 3165 3046 3237 Eccequalis
3075 3169 3402 3237 acquantus
3418 3166 3587 3237 hujus

241 3255 666 3328 ceretaggredi
684 3271 962 3325 pugnam.
985 3253 1168 3316 Quam
1191 3267 1258 3306 eo
1273 3252 1398 3306 loco
1418 3251 1516 3322 qui
1535 3252 1734 3304 Balma
1754 3251 1868 3319 (14)

241 3346 462 3400 dicitur
517 3344 755 3397 viriliter
807 3343 1073 3396 adversus
1130 3339 1351 3412 antiqui
1401 3338 1579 3394 hostis
1635 3338 1870 3393 insidias

243 3433 588 3505 suscipiens,
607 3435 824 3504 quanta
850 3433 906 3484 et
922 3429 1113 3502 qualia
1129 3428 1520 3483 tentationum
1542 3427 1868 3482 certamina

244 3523 578 3594 pertulerit,
635 3537 754 3574 non
803 3523 886 3574 est
932 3519 1100 3588 hujus
1148 3517 1335 3588 operis
1381 3518 1666 3572 evolvere.
1716 3517 1868 3571 Sane

254 3610 397 3664 dum
423 3611 484 3664 in
515 3607 860 3663 contritione
888 3607 1074 3661 carnis
1104 3623 1166 3660 ac
1194 3605 1425 3676 spiritus
1446 3609 1629 3660 totam
1653 3622 1870 3678 expen-

258 3698 422 3753 deret
474 3697 676 3766 vitam,
708 3700 767 3751 et
795 3694 1000 3767 vigiliis
1033 3694 1277 3765 jejunia,
1326 3694 1585 3765 jejuniis,
1649 3693 1871 3765 vigilias

260 3785 601 3840 alternando
629 3783 1014 3851 subnecteret,
1040 3783 1333 3854 graviores
1379 3782 1600 3837 inimici
1641 3781 1870 3853 generis

261 3872 498 3929 humani
531 3871 756 3944 perpeti
781 3872 951 3942 coepit
972 3870 1226 3926 insidias.

342 3968 421 4019 15.
456 3963 714 4027 Quadam
748 3977 1002 4032 namque
1025 3965 1194 4015 nocte
1224 3976 1352 4032 quae
1383 3977 1562 4015 unam
1590 3959 1869 4016 festivita-

265 4054 388 4106 tum
417 4049 878 4106 excellentissimi
896 4049 1238 4120 legislatoris
1265 4050 1685 4104 monachorum
1712 4052 1869 4104 ante-

265 4140 503 4195 cedebat
533 4138 848 4206 Benedicti,
891 4137 1173 4192 maturius
1203 4137 1443 4209 pervigil
1482 4154 1719 4208 surgens
1751 4154 1872 4193 ere-

264 4230 426 4297 mita,
458 4226 794 4301 explorabat
833 4227 936 4282 sub
968 4227 1060 4282 dio
1092 4243 1427 4299 progressus
1470 4227 1766 4281 stellarum
1810 4226 1869 4281 in

265 4322 395 4373 ortu
423 4317 808 4389 competentis
851 4317 1010 4371 home
1045 4316 1381 4382 adventum,
1423 4315 1480 4369 in
1509 4332 1624 4387 qua
1653 4316 1770 4370 Dco
1805 4332 1871 4370 ac

263 4407 577 4476 protectori
607 4422 709 4460 suo
737 4405 971 4459 laudum
998 4404 1290 4476 praeconia
1307 4407 1503 4459 sancto
1520 4406 1872 4476 persolveret
1895 4374 1949 4435 D

265 4493 593 4550 Benedicto.
621 4492 734 4547 Sed
757 4492 981 4546 invidus
1001 4493 1262 4547 omnium
1278 4493 1566 4548 bonorum
1590 4491 1869 4564 diabolus,

262 4585 590 4639 calliditatis
611 4585 900 4637 consueta:
924 4586 1048 4635 astu
1076 4586 1334 4636 mentem
1358 4583 1480 4652 ejus
1518 4583 1590 4637 ab
1622 4582 1872 4655 iuccepto

266 4671 558 4729 deterrere
577 4674 730 4727 bono
749 4671 999 4742 gestiens
1015 4670 1522 4741 proposito,aereaa
1537 4688 1776 4743 quercus
1790 4671 1878 4726 in-

274 4778 672 4835 Archembaldi
694 4793 982 4832 successor
1001 4777 1336 4832 laudaturin
1359 4777 1499 4832 Vitae
1525 4778 1705 4833 sancti
1729 4779 1875 4834 Odo-

274 4850 347 4904 nis
370 4854 498 4906 loco
531 4849 851 4922 praecitato.

333 4923 446 4994 (l2)
483 4918 644 4994 ls'est
675 4919 1234 4994 Ercambgldus,_qui
1261 4918 1504 4994 regulam
1529 4923 1874 4977 monasticam

273 4991 315 5041 in
339 4990 673 5045 monasterio
703 4991 896 5045 Sancti
908 4990 1330 5062 Remigiiiapud
1349 4992 1557 5046 Remos
1589 4994 1876 5046 restituisse

272 5066 602 5128 perhibetur
631 5063 784 5133 apud
816 5061 1220 5116 Frodoardum'
1255 5061 1312 5115 in
1364 5062 1623 5117 Historia:
1666 5063 1764 5117 lib.
1797 5070 1872 5129 iv,

274 5145 388 5188 can.
426 5139 521 5188 3‘2.

327 5153 652 5272 ahfinno
697 5220 788 5257 vm
822 5203 1074 5258 Lotharii
1102 5202 1271 5274 regis,
1305 5205 1370 5257 ut
1405 5206 1631 5258 constat
1660 5221 1727 5259 ex
1755 5205 1875 5258 fra-

362 5280 506 5330 ento
539 5275 693 5346 apud
725 5274 1033 5328 Chesnium
1065 5273 1218 5346 edito
1251 5273 1309 5328 in
1339 5277 1498 5328 tomo
1520 5275 1875 5346 lll‘llistoriae

287 5344 644 5417 Francorum,
680 5361 809 5417 pag.
845 5347 966 5409 343,
992 5345 1095 5417 qui
1128 5362 1311 5417 annus
1360 5344 1672 5416 respondet
1723 5363 1874 5400 anno

272 5413 492 5472 Christo
515 5420 640 5472 962.
681 5413 851 5469 'ls_co
896 5413 1409 5469 loci—Floriacense
1454 5413 1876 5470 monasterium

270 5491 408 5559 [allo
435 5492 496 5542 et
517 5503 686 5541 muro
707 5485 1014 5559 munivisse
1033 5486 1350 5559 dicitur:_et
1372 5486 1680 5559 staldus,
1698 5504 1880 5559 nepos

272 5553 487 5614 Odonis
532 5557 977 5627 Cantuariorum
1033 5556 1340 5627 pontificis,
1390 5557 1627 5612 Floriaci
1661 5553 1882 5627 ,mo'na-

270 5631 443 5686 chum
487 5629 758 5684 induisse.
794 5625 922 5698 iSed
964 5625 1161 5682 tamen
1187 5627 1566 5698 corrigendus
1592 5626 1742 5682 illius
1769 5628 1884 5684 fra-

267 5701 504 5769 gmenti
526 5699 773 5770 scriptor
790 5697 848 5752 in
877 5713 947 5752 eo
968 5697 1123 5770 quod
1151 5697 1433 5755 Richardo
1459 5699 1656 5755 abbati
1682 5700 1879 5757 Wlfal-

709 5799 969 5855 Pnaon.
996 5795 1250 5853 CXXXIX.

1971 3251 2153 3306 nostri
2181 3252 2526 3322 protectoris
2540 3253 2689 3307 circa
2703 3253 2906 3308 devote
2923 3255 2996 3309 ad
3021 3255 3142 3326 ejus
3153 3259 3584 3311 sacrosanctum

1970 3340 2316 3394 excubantes
2371 3341 2664 3396 tumulum
2720 3341 2922 3396 existat
2977 3342 3161 3412 favor,
3206 3344 3341 3398 hinc
3394 3344 3586 3417 colligi

1970 3429 2190 3494 valet,si
2220 3429 2301 3484 ita
2330 3446 2584 3501 praesens
2613 3429 2701 3484 his
2733 3447 2962 3502 quoque
2983 3432 3415 3504 apparetipsius
3445 3450 3586 3490 con-

1971 3516 2176 3571 solatio
2200 3517 2295 3588 qui
2327 3519 2526 3588 procul
2557 3522 2784 3574 remoto
2843 3525 3282 3578 commanentes
3324 3521 3384 3577 in
3437 3524 3583 3592 solo,

1975 3604 2022 3675 ej
2033 3621 2096 3660 us
2116 3605 2417 3661 humiliter
2444 3623 2503 3661 se
2530 3606 2749 3662 dedunt
2769 3608 3066 3681 obsequio.

2617 3713 2840 3768 CAPUT
2879 3714 2941 3772 V.

1970 3797 2272 3856 Ludovicus
2321 3816 2412 3854 rex
2444 3797 2630 3877 Caroli
2652 3818 2978 3877 successor;
2999 3803 3106 3873 ﬁlii
3149 3805 3262 3877 ejus
3311 3807 3416 3862 duo
3466 3809 3582 3864 Ar-

2328 3878 2512 3925 nustus
2541 3871 2604 3927 S.
2635 3871 2924 3928 Benedicto
2944 3871 3037 3929 dat
3061 3871 3259 3946 parias.

2045 3961 2130 4015 16.
2165 3959 2450 4014 Caeterum
2483 3959 2729 4015 Rodulfo
2780 3977 2917 4031 rege
2947 3961 3241 4023 defuncto.
3292 3964 3412 4036 qui,
3442 3967 3582 4021 dum

1971 4048 2149 4102 armis
2172 4051 2472 4118 protervos
2503 4050 2800 4104 Danorum
2821 4052 3135 4121 compescit
3162 4051 3440 4120 incursus,
3461 4054 3584 4108 Gal-

1971 4137 2073 4191 lias
2101 4153 2280 4208 usque
2302 4137 2487 4192 adhuc
2518 4138 2590 4193 ab
2614 4155 2816 4193 eorum
2839 4138 3060 4208 impetu
3087 4157 3305 4212 magna
3325 4157 3391 4195 ex
3418 4147 3582 4214 parte

1971 4225 2108 4280 facit
2135 4242 2374 4280 manere
2399 4225 2641 4297 quietas,
2689 4243 2981 4283 conversae
3001 4245 3120 4283 res:
3150 4245 3289 4284 nam
3346 4231 3583 4287 Carolus

1972 4315 2260 4386 ergastulo
2278 4316 2519 4384 clausus,
2559 4316 2842 4384 animam,
2876 4334 2992 4372 non
3045 4335 3273 4390 corpus,
3323 4321 3583 4375 custodia

1972 4404 2206 4471 exemit,
2241 4403 2572 4476 relinquens
2601 4405 2945 4460 Ludovicum
2977 4423 3044 4462 ex
3104 4407 3420 4480 Headtgiva
3473 4411 3583 4481 (l6)

1972 4501 2295 4572 Anglorum
2325 4501 2477 4572 regis
2508 4501 2623 4555 ﬁlia
2663 4506 3010 4574 susceptum.
3073 4503 3178 4568 Qui
3238 4505 3581 4561 calamitatis

1975 4594 2230 4661 paternae
2249 4590 2501 4659 procella
2525 4592 2710 4644 semet
2741 4590 2947 4646 involvi
2979 4595 3247 4647 metuens
3273 4593 3346 4647 ad
3363 4595 3583 4666 Anglo-

1977 4679 2250 4744 Saxones,
2268 4679 2544 4731 maternae
2563 4677 2859 4733 affinitatis
2876 4679 3146 4734 invitatus
3157 4681 3428 4752 gratia,se
3449 4699 3581 4750 con,

1977 4785 2115 4840 dum
2148 4783 2458 4851 substituit,
2491 4801 2621 4838 cum
2654 4785 2968 4840 Richardus
3008 4787 3250 4843 Wll‘aldo
3297 4805 3582 4844 successe-

1975 4856 2070 4923 rit,
2100 4871 2167 4909 ex
2197 4855 2488 4921 Aimoino,
2523 4856 2674 4909 infra
2691 4874 2814 4927 cap.
2845 4863 2897 4912 7.

2050 4929 2156 4995 (14)
2177 4929 2262 4978 An
2286 4927 2485 4981 Balma
2509 4927 2566 4980 in
2610 4927 2816 4981 finibus
2847 4928 3234 4998 Burgundite?
3265 4930 3361 4996 ub,
3394 4932 3580 4987 Berno

1977 4998 2159 5078 abbas
2184 4998 2895 5078 rqo_nasteriii_m_per_suos
2943 4999 3210 5078 instituit,
3235 5001 3442 5078 exglib.
3503 5005 3584 5058 De

1974 5069 2103 5122 Vita
2129 5067 2185 5120 S.
2211 5067 2426 5122 Odonis
2455 5067 2679 5122 abbatis
2708 5069 3120 5138 Cluniacencis,
3151 5087 3276 5138 cap.
3315 5075 3401 5127 l0.

2050 5089 2103 5121 ιδ
2129 5089 2185 5120 δ.
2211 5089 2426 5122 υαοηιδ
2455 5089 2679 5122 annuus
2708 5089 3120 5138 mumacencns,
3151 5089 3217 5125 ca
3264 5113 3276 5126 .
3315 5089 3401 5127 10.

2050 5141 2158 5207 (15)
2192 5140 2528 5207 Drogonem
2560 5155 2692 5193 cum
2717 5140 2880 5194 titulo
2901 5139 3066 5194 Beati
3084 5089 3280 5196 retulit
3309 5143 3366 5195 in
3389 5143 3584 5197 Meno-

1977 5208 2398 5288 logiuinsuuin
2438 5210 2752 5288 .Bucelinus
2783 5210 2862 5288 ad
2885 5214 2917 5263 2
2942 5212 3192 5288 Apriliis:
3252 5215 3584 5288 l)rogonem

1977 5278 2149 5350 fuisse
2178 5278 2362 5332 virum
2395 5278 2554 5350 pium
2575 5285 2733 5350 patet
2760 5297 2827 5334 ex
2850 5281 2957 5334 hoc
2980 5278 3138 5338 loco:
3169 5278 3586 5337 beatum'dicere

1980 5348 2162 5429 nolim
2193 5348 2409 5420 absque
2431 5348 2682 5418 auctore,
2711 5368 2900 5422 neque
2926 5353 3130 5406 mortis
3151 5353 3307 5408 diem
3322 5354 3586 5425 ignotum

1985 5436 2298 5490 assignare.

2055 5488 2172 5563 (16)
2209 5489 2498 5563 Ejuslapis
2526 5492 2856 5562 sepulcralis
2902 5492 2960 5546 in
3001 5496 3200 5563 crypta
3253 5494 3590 5550 monasterii

1983 5559 2174 5636 Sancti
2207 5559 2455 5636 Medardi
2481 5559 2634 5636 apud
2655 5563 2987 5636 suessionas
3023 5559 3277 5636 cernitur
3305 5583 3437 5620 cum
3467 5567 3592 5636 epi-

1986 5631 2210 5707 taphio,
2243 5632 2398 5705 quod
2428 5632 2489 5688 in
2516 5631 2721 5689 tomol
2749 5635 3159 5691 Analectorum
3189 5635 3410 5692 editum
3437 5631 3522 5693 est

3316 5807 3385 5861 26
