3998 6166
487 351 585 419 811

502 569 836 644 regionibus
867 584 1043 640 quam
1067 565 1219 621 inter
1237 581 1369 621 suos
1392 561 1662 619 dominus
1680 559 1726 614 si
1756 560 1909 614 foret
1931 557 1990 611 in
2012 573 2107 611 cu-

495 660 705 722 biculo,
736 676 837 717 rex
863 657 921 721 in
951 654 1226 712 convivio.
1269 655 1402 710 Post
1447 666 1748 707 excessum
1798 663 1937 702 sane
1990 646 2101 700 Ro-

489 747 647 807 dulfii
673 747 825 819 regis
855 747 927 802 ab
957 745 1195 817 Hugone
1253 743 1457 813 Magno
1523 741 1824 794 revocatus
1884 734 2099 808 specie-

488 841 652 899 tenus
671 852 852 908 regno
866 834 1123 891 redditus
1135 835 1221 888 est
1237 828 1559 903 patrio.Cuj
1570 845 1632 881 us
1652 823 2099 889 administratio,

479 926 572 997 jus
598 922 1012 983 dominationis
1037 937 1301 977 exercere
1331 916 1606 990 cupienti,
1639 918 1761 969 tam
1822 911 1908 966 sui
1940 928 1975 964 a
1995 910 2100 964 Tc-

482 1013 757 1069 tliebaldo
787 1010 1228 1071 Carnutensium
1250 1006 1463 1064 comite
1490 1004 1756 1077 captione
1780 1015 1952 1072 quam
1976 999 2104 1069 post

485 1102 650 1174 regni
671 1100 1132 1173 recuperatione,
1164 1097 1345 1164 varia,
1374 1092 1660 1151 instabilis
1683 1092 1931 1145 fortuna:
1964 1102 2100 1159 pru-

484 1194 678 1258 ventu,
699 1190 1100 1262 laboriosaque
1134 1187 1218 1244 illi
1245 1186 1379 1243 fuit.
1416 1186 1465 1238 Is
1489 1181 1633 1239 obiit
1661 1181 1910 1234 mortem
1964 1176 2103 1229 duo-

485 1280 590 1337 bus
620 1280 820 1336 liberis
842 1277 1263 1351 superstitibus,
1321 1272 1590 1329 Lothario
1650 1273 1823 1340 atque
1874 1265 2098 1330 Carolo,

486 1386 629 1443 quos
653 1368 706 1424 ei
729 1369 1019 1439 Gerberga
1031 1382 1194 1422 soror
1218 1363 1888 1428 0thonis,Romanorum
1903 1355 2103 1425 postea

486 1456 874 1531 imperatoris,
934 1457 1239 1528 genuerat.
1277 1451 1515 1509 Carolus
1562 1464 1682 1503 mvo
1734 1444 1948 1517 iunior,
1984 1440 2099 1512 pri-

484 1546 627 1601 vatis
659 1545 718 1601 in
775 1545 994 1601 aedibus
1046 1542 1277 1610 senuit;
1308 1541 1368 1595 in
1415 1537 1818 1594 haereditatem
1863 1544 2099 1587 omnem

485 1633 786 1690 Lotharius
816 1632 1103 1699 successit,
1138 1632 1230 1703 qui
1253 1630 1536 1701 potestate
1566 1625 1731 1696 regia
1760 1623 1991 1676 functus
2017 1618 2102 1672 est

482 1738 587 1793 per
617 1722 859 1793 triginta
877 1726 935 1778 et
964 1738 1031 1777 eo
1064 1719 1314 1791 amplius
1345 1732 1530 1772 annos
1560 1716 1858 1788 perpetua.

553 1816 640 1867 l7.
675 1786 806 1883 ijus
836 1811 893 1866 in
925 1810 1142 1875 diebus,
1168 1786 1295 1862 “tam
1327 1806 1483 1878 apud
1506 1786 1896 1859 sacratissima
1911 1794 2098 1852 Patris
2123 1786 2174 1845 B

480 1899 661 1956 nostri
692 1898 982 1957 Benedicti
1010 1914 1138 1952 ossa
1170 1911 1465 1968 quamque
1489 1895 1548 1948 et
1574 1892 1632 1946 in
1664 1889 1789 1945 aliis
1810 1886 1970 1951 locis,
1998 1883 2098 1938 ubi

478 1989 599 2061 ejus
629 1987 959 2044 veneranda
972 1987 1221 2043 habetur
1237 1982 1758 2049 memoria,multa,
1786 1976 2097 2049 przestante

474 2080 613 2145 Deo,
644 2093 747 2148 per
771 2076 1045 2135 eumdem
1073 2074 1378 2147 egregium
1425 2070 1819 2127 confessorem
1866 2066 2096 2137 patrata

471 2169 607 2221 sunt
637 2164 1069 2236 miracula,quw
1101 2168 1475 2236 posterorum
1499 2156 1721 2214 notitia:
1738 2154 1962 2210 Christo
1993 2167 2097 2206 nos

463 2254 702 2327 juvante
733 2253 964 2309 tradere
995 2251 1351 2307 adoriemur.
1380 2250 1525 2304 Nam
1545 2248 1824 2301 Arnustus
1855 2241 2093 2314 quidam

470 2343 604 2412 fuit,
636 2340 1020 2399 virssecularis
1049 2338 1275 2396 militia:
1307 2338 1494 2392 clarus
1509 2332 1831 2405 stipendiis,
1863 2329 1960 2402 qui
2020 2328 2092 2382 ab

471 2428 1006 2501 Archembaldohuj
1017 2445 1080 2482 us
1093 2426 1205 2482 loci
1223 2426 1431 2481 abbate
1455 2420 1823 2479 beneficiario
1844 2419 1976 2489 jure
1992 2415 2094 2471 ali-

475 2535 670 2592 quaex
692 2516 1144 2591 possessionibus
1182 2511 1526 2569 monasterii
1541 2510 1651 2565 sibi
1680 2507 1893 2563 tradita
1922 2504 2100 2575 possi-

480 2606 677 2673 debat.
709 2605 806 2661 Hic
824 2604 1034 2663 oblitus
1048 2604 1507 2667 benefactorum,
1526 2596 1662 2653 fidei
1676 2611 1904 2667 quoque
1920 2608 2095 2666 quam

486 2697 853 2755 sacramento
886 2696 1081 2749 sancto
1107 2690 1500 2763 spoponderat
1527 2685 1860 2752 Benedicto,
1894 2699 1960 2738 ac
2014 2681 2096 2736 illi

472 2804 578 2861 pro
632 2801 796 2859 posse
844 2782 1265 2839 famulantibus
1326 2775 1646 2843 monachis,
1709 2770 2097 2830 Pauliacensis

473 2875 711 2947 (Pouilly
738 2873 797 2927 in
829 2870 1109 2927 Nivemis.
1156 2869 1227 2925 V.
1259 2865 1621 2931 Andreuald.,
1683 2881 1808 2935 cap.
1851 2862 1941 2933 37)
1993 2878 2093 2931 pa-

472 2963 686 3021 rochize
710 2961 995 3035 praedium
1024 2959 1256 3015 assrdua
1282 2955 1620 3012 exinanibat
1671 2950 1988 3007 metatione
2021 2947 2098 3018 [id

473 3060 547 3110 est
576 3047 1015 3124 hospitatione].
1062 3047 1163 3103 Cui
1195 3063 1331 3104 cum
1362 3063 1396 3101 a
1420 3042 1696 3100 fratribus
1742 3038 2090 3096 mandatum
2121 3061 2169 3121 ο

482 3145 633 3201 esset
660 3143 723 3197 ut
743 3140 814 3196 ab
837 3140 945 3195 hac
987 3136 1444 3211 prmsumptione
1494 3131 1838 3203 quiesceret,
1884 3127 2096 3197 illeque

488 3232 893 3304 obtemperare
923 3227 1263 3297 despiceret,
1282 3220 1465 3277 coacti
1485 3220 1712 3282 fratres,
1732 3215 2101 3304 omnipotenf

481 3319 554 3377 tis
577 3300 810 3375 Domini
849 3314 1226 3371 clementiam
1282 3308 1631 3383 patronique
1661 3305 1747 3360 sui
1803 3300 2099 3358 Benedicti

477 3407 753 3463 auxilium
781 3404 1097 3477 implorare
1122 3400 1444 3472 coeperunt.
1480 3395 1594 3451 Illis
1611 3393 1862 3464 denique
1886 3389 2096 3445 obnixe

480 3494 799 3550 Dominum
825 3489 1185 3562 rogantibus,
1219 3483 1546 3541 adversario
1586 3499 1718 3538 vero
1742 3481 1802 3535 in
1834 3497 1935 3536 sua
1965 3495 2095 3551 per-

482 3582 727 3637 durante
742 3574 1233 3647 malitia,contigit
1264 3577 1326 3627 ut
1347 3588 1465 3627 una
1487 3572 1715 3627 dierum
1735 3570 2095 3623 memoratus

480 3668 569 3724 vir
590 3666 905 3741 prandium
920 3664 1093 3719 sibiin
1110 3661 1396 3734 jamdicto
1416 3659 1635 3732 prmdio
1647 3655 1840 3729 parari
1858 3655 2095 3726 jubens,

482 3756 638 3813 inter
656 3753 917 3811 lautioris
945 3768 1159 3810 mensas
1191 3750 1593 3821 epulas,poma
1624 3746 1733 3817 piri
1767 3744 1841 3800 ad
1866 3759 2103 3797 vescen-

485 3846 626 3902 dum
654 3842 867 3917 inquiri
889 3842 1142 3915 juberet.
1166 3840 1208 3895 E
1228 3838 1431 3913 quibus
1456 3852 1639 3891 unum
1666 3850 1847 3889 manu
1868 3835 2096 3899 tenens,

484 3939 617 4008 post
645 3926 855 3991 multas
884 3928 1273 4003 blasphemias
1297 3926 1568 3981 adversus
1612 3922 1932 3979 monachos
1973 3920 2099 3976 Flo-

486 4025 773 4081 riacenses
797 4018 1473 4095 prolatas,juramentum
1490 4010 1733 4086 protulit
1746 4008 2105 4078 mendax,ita

488 4111 966 4187 inqiiienszcﬂoc
997 4110 1196 4173 testor,
1232 4104 1331 4172 ait,
1362 4102 1691 4175 pirum,boc
1714 4114 1870 4155 anno
1902 4112 1998 4152 me
2021 4095 2103 4151 eis

489 4202 674 4258 multa
688 4196 1063 4255 incommoda
1082 4195 1469 4267 irrogaturum
1482 4233 1497 4246 .
1523 4211 1550 4239 »
1570 4189 1662 4244 His
1678 4187 2099 4259 dictis,partem

492 4291 653 4362 pomi
673 4290 795 4360 jam
825 4287 987 4343 incisi
1017 4302 1118 4341 suo
1147 4282 1346 4356 injecit
1372 4280 1480 4344 ori,
1525 4296 1655 4352 qua:
1689 4277 1969 4333 continuo
2025 4274 2105 4329 ita

494 4377 897 4448 blasphemum
926 4371 1202 4446 oppilavit
1254 4372 1453 4441 guttur
1502 4370 1564 4421 ut
1610 4366 1918 4421 interclusa
1968 4378 2104 4419 voce

497 4465 657 4521 nulla
682 4463 898 4517 valeret
927 4475 1197 4532 promere
1229 4458 1423 4511 verba.
1454 4455 1639 4520 Quem
1673 4452 1850 4508 veluti
1906 4449 2103 4506 exani-

496 4568 634 4607 men
665 4549 773 4617 sui,
804 4548 958 4603 inter
985 4545 1221 4604 brachia
1246 4546 1391 4599 lecto
1424 4544 1758 4605 inferentes,
1788 4540 2102 4596 hortaban-

497 4642 594 4695 tur
623 4642 687 4694 ut
711 4636 994 4711 paenitens
1024 4649 1229 4690 eorum
1248 4649 1376 4704 quae
1413 4632 1624 4702 injuste
1653 4630 1925 4685 intulerat
1966 4628 2104 4683 bea-

500 4728 721 4786 tissimo
747 4722 1191 4799 obsequentibus
1210 4719 1774 4787 Benedicto,veniam
1793 4718 2101 4789 ﬂagitaret.

500 4817 616 4873 Sed
634 4817 727 4872 ille
755 4813 1020 4889 proloqui
1043 4829 1159 4867 non
1182 4809 1397 4876 valens,
1429 4808 1705 4864 reclinato
1726 4807 1800 4863 ad
1820 4805 2104 4879 parietem

500 4904 709 4978 capite,
727 4903 994 4976 spiritum
1010 4897 1315 4957 exhalavit.
1351 4897 1466 4953 Nec
1489 4914 1686 4970 passus
1716 4898 1801 4951 est
1826 4894 2106 4951 Dominus

502 4992 760 5049 Christus
790 4990 1078 5053 incassum
1102 4987 1309 5044 cadere
1338 5002 1576 5042 suorum
1627 5000 1827 5057 preces
1851 4983 2106 5037 servulo-

2127 4337 2181 4397 D

500 5097 654 5153 rum,
686 5078 997 5152 agloriosa
1010 5093 1114 5133 sua
1138 5074 1416 5149 genitrice
1431 5074 1605 5130 Maria
1626 5072 1951 5145 dilectoque
1998 5070 2103 5126 sibi

498 5171 774 5244 allegatus
811 5166 1145 5225 Benedicto.

556 5451 783 5537 .(ljlnEx
806 5450 915 5537 hac
943 5447 1225 5537 particpla
1271 5464 1433 5537 ῃυῃς,
1483 5448 1639 5503 recte
1682 5442 1965 5537 colligunt
2010 5441 2110 5497 So-

497 5514 965 5584 cii'Bollandiani
1017 5514 1509 5577 Archembaldum
1558 5514 1903 5587 superfuisse
1949 5529 2104 5569 anno

500 5599 656 5657 1005.

1591 340 1832 404 MHONI
1855 338 2164 401 MONACHI
2191 338 2694 400 FLORIACENSIS

488 481 713 557 tulit,in
737 474 1468 557 transmarinisarbitratus
1497 491 1557 530 se
1579 472 1851 528 tutiorem
1870 483 2107 524 manere
2130 476 2185 531 Α

3681 344 3770 406 812

2209 537 2273 594 S.
2303 538 2542 609 Remigii
2556 538 2781 608 festum.
3258 535 3320 592 S.
3352 516 3614 594 Benedicti
3631 541 3775 613 impo-

2815 626 2939 662 nens
2976 614 3225 678 punitur.

2280 700 2363 752 18.
2394 697 2586 752 Unum
2604 713 2738 751 vero
2771 697 2896 768 eius
2927 712 3171 766 operum
3201 695 3451 768 insigne,
3484 696 3652 752 Patris
3672 698 3777 754 dico

2202 785 2517 851 Benedicti,
2546 801 2696 838 nunc
2715 783 3776 857 adorimurexponere,quodcujusdam

2202 873 2394 927 fratris
2422 874 2609 928 relatu
2640 890 2740 927 seu
2781 871 3006 943 scriptis
3054 888 3171 927 non
3222 872 3471 943 contigit
3498 874 3780 944 agnovisse,

2205 960 2299 1032 qui
2332 978 2389 1015 se
2423 962 2557 1015 illud
2593 978 2625 1014 a
2652 960 2920 1015 fidelibus
2968 963 3180 1015 sanctae
3214 960 3509 1015 Remensis
3550 962 3780 1017 Ecclesia).

2202 1050 2335 1104 viris
2381 1054 2618 1105 testatus
2666 1044 2754 1104 est
2805 1048 3066 1104 didicisse
3116 1049 3172 1103 in
3220 1049 3512 1104 territorio
3559 1050 3783 1119 ejusdem

2205 1138 2359 1192 urbis
2389 1138 2560 1193 fuisse
2590 1140 2841 1209 gestum.
2880 1137 3295 1192 Anniversaria
3309 1136 3785 1193 beaticonfessoris

2203 1225 2407 1279 Christi
2448 1225 2694 1296 Remigii
2748 1225 2807 1279 in
2850 1224 3019 1278 terris
3061 1240 3129 1279 ex
3160 1240 3327 1280 more
3358 1224 3783 1291 celebrabantur,

2204 1313 2325 1378 dies
2356 1314 2621 1369 videlicet
2650 1316 2831 1368 festus
2864 1318 2921 1369 et
2969 1314 3175 1384 plenus
3222 1313 3581 1379 reverentiae,
3610 1313 3663 1367 in
3690 1329 3785 1384 quo

2202 1418 2509 1456 concursus
2538 1403 2889 1473 populorum
2943 1401 3016 1456 ad
3056 1401 3178 1472 ejus
3208 1402 3603 1456 venerandam
3630 1401 3790 1456 basili-

2201 1506 2329 1544 cam
2368 1490 2494 1544 ﬁeri
2529 1492 2758 1544 assolet.
2810 1489 3026 1544 Eodem
3073 1488 3310 1560 diejam
3354 1489 3508 1543 dicta
3534 1489 3789 1561 Cerberga

2200 1577 2427 1649 regina,
2452 1579 2705 1633 tardiore
2726 1579 2850 1648 jam
2877 1578 3251 1632 incumbente
3273 1578 3442 1645 hora,
3468 1593 3686 1631 suorum
3704 1577 3790 1631 cir-

2202 1666 2464 1721 cumfusa
2490 1666 2771 1721 comitatu
2800 1666 2872 1720 ad
2907 1666 3191 1737 templum
3216 1666 3396 1733 venit,
3431 1668 3488 1719 et
3530 1664 3716 1718 accidit
3739 1667 3789 1718 ut

2200 1755 2538 1825 vespertina!
2557 1754 2744 1810 laudis
2775 1754 2963 1809 officia
2984 1755 3112 1824 jam
3134 1770 3168 1807 a
3196 1758 3507 1809 cantorum
3529 1753 3691 1808 choro
3716 1752 3788 1807 in-

2202 1844 2409 1897 choata
2435 1842 2774 1898 offenderet.
2811 1842 2949 1906 Quae
2974 1842 3196 1914 pudore
3226 1859 3348 1897 suae
3378 1841 3791 1908 tarditatis,con-

2202 1936 2377 1987 suetae
2412 1931 2673 1985 stationis
2702 1930 2901 1985 relicto
2933 1932 3083 1997 loco,
3112 1934 3342 2003 cryptas
3366 1929 3541 2002 ipsius
3565 1930 3787 1984 ecclesiae

2200 2022 2460 2093 ingressa
2515 2024 2620 2087 est,
2672 2019 2731 2073 in
2788 2019 2993 2091 quibus
3047 2018 3286 2090 pretiosi
3319 2020 3503 2075 Patris
3530 2012 3789 2072 Benedicti

2202 2110 2521 2166 oratorium
2551 2108 2827 2177 habetur;
2857 2108 2953 2163 ubi
2977 2109 3116 2163 dum
3137 2108 3208 2162 ad
3235 2107 3527 2164 orandum
3551 2105 3684 2177 regii
3703 2104 3785 2158 sti-

2199 2203 2432 2269 patores
2461 2215 2591 2253 suas
2633 2201 2936 2253 flecterent
2972 2196 3237 2265 cervices,
3273 2213 3425 2251 unus
3454 2212 3649 2251 eorum
3673 2209 3789 2265 pro-

2199 2291 2376 2341 tervae
2407 2286 2752 2341 temeritatis
2769 2303 2903 2341 ausu
2926 2289 3149 2358 spatam
3175 2301 3357 2357 quam
3378 2301 3556 2339 manu
3580 2283 3787 2354 gerebat

2198 2375 2404 2430 altario
2445 2375 2825 2446 superposuit.
2860 2374 3147 2428 Exsecrati
3177 2373 3399 2427 factum
3431 2371 3585 2439 socii,
3618 2368 3786 2441 gladio

2198 2462 2334 2517 inde
2360 2464 2573 2529 ablato,
2608 2463 2880 2517 adversus
2904 2465 3077 2517 tantas
3103 2465 3405 2516 auctorem
3428 2457 3785 2525 vanitatis,in-

2199 2551 2523 2622 crepatoria
2548 2551 2813 2606 invexere
2841 2552 3035 2605 verba.
3081 2549 3298 2614 Quibus
3326 2549 3425 2604 ille
3453 2548 3686 2619 superbe
3712 2560 3786 2599 re.
3856 2560 3867 2572 ·

2197 2641 2462 2710 spondit:
2503 2659 2524 2694 σ
2563 2640 2864 2706 Qumnam,
2888 2639 3170 2711 inquiens,
3192 2636 3249 2691 in
3279 2654 3388 2691 nos
3408 2636 3498 2707 [f.,
3525 2634 3636 2706 vos]
3663 2649 3788 2688 nova

2196 2727 2395 2783 isthaac
2423 2727 2651 2783 incessit
2669 2728 2894 2799 religio,
2928 2732 2991 2781 ut
3012 2730 3317 2796 aggestum
3344 2724 3513 2780 calcis
3538 2740 3601 2778 ac
3623 2721 3781 2777 sabuli

2197 2832 2327 2871 cum
2344 2816 2602 2888 lapidum
2619 2817 2771 2870 mole
2788 2814 3191 2887 meojudicetis
3203 2831 3341 2869 ense
3357 2814 3482 2869 fore
3498 2810 3779 2867 sanctius?»

2199 2910 2257 2962 et
2286 2907 2457 2962 simul
2489 2922 2619 2960 cum
2651 2905 2849 2963 verbo.
2882 2906 3175 2975 receptam
3200 2903 3576 2968 machaeram,
3608 2898 3783 2955 Domi-

2201 2996 2343 3051 nicae
2373 3012 2490 3050 non
2510 2994 2791 3050 dubitavit
2813 2994 3178 3067 reimponere
3198 3009 3444 3047 mensze.
3466 2992 3579 3045 Hoc
3595 2988 3782 3044 faciens

2202 3084 2378 3139 tercio
2404 3101 2437 3139 a
2459 3083 2837 3140 contumaciae
2851 3100 2966 3137 suae
2993 3082 3143 3137 fastu
3181 3081 3567 3136 inhiberinon
3598 3076 3777 3151 potuit.

2201 3173 2315 3228 Sed
2348 3174 2445 3245 qui
2492 3173 2718 3228 blandis
2772 3171 3078 3226 hominum
3126 3170 3313 3224 verbis
3368 3168 3578 3240 corrigi
3623 3164 3784 3221 noluit

2205 3262 2488 3316 acriorem
2505 3261 2705 3315 divinae
2734 3259 3052 3315 severitatis
3063 3257 3542 3329 redargutionem
3555 3256 3612 3310 in
3624 3254 3785 3310 semet

2204 3354 2472 3422 expertus
2496 3352 2599 3404 est.
2635 3349 2781 3403 Nam
2802 3348 3130 3402 discedente
3160 3363 3194 3400 a
3223 3361 3391 3401 sacra
3429 3346 3553 3401 aede
3580 3342 3781 3414 regina,

2204 3441 2261 3491 et
2293 3438 2411 3510 ipse
2443 3438 2716 3493 discessit.
2752 3437 3011 3507 Cumque
3034 3433 3282 3490 nimium
3296 3434 3388 3489 sui
3403 3449 3629 3488 securus
3647 3446 3704 3485 ac
3723 3427 3780 3483 de

2203 3543 2261 3581 se
2294 3528 2835 3600 praesumensdsetus
2867 3541 2997 3579 cum
3012 3522 3378 3578 coenantibus
3399 3525 3455 3577 et
3483 3522 3598 3594 ipse
3613 3531 3780 3574 cama-

2202 3620 2311 3683 ret,
2344 3617 2495 3672 inter
2525 3617 2719 3688 epulas
2750 3632 2815 3669 ac
2845 3614 3071 3686 pocula,
3105 3612 3333 3667 labente
3370 3627 3542 3683 super
3568 3605 3784 3680 inguina

2204 3706 2433 3761 cultello
2492 3704 2804 3772 sauciatur;
2854 3701 3063 3757 deinde
3090 3701 3271 3755 elatus
3317 3699 3585 3755 manibus
3640 3695 3781 3751 obse-

2204 3794 2553 3866 quentiuma
2575 3808 2794 3858 mensa,
2810 3807 2842 3845 e
2863 3788 3100 3860 vestigio
3124 3788 3518 3860 impaenitens,
3540 3782 3786 3841 minium-

2206 3899 2317 3953 que
2351 3882 2635 3953 lugendus
2687 3879 2820 3945 suis,
2872 3877 3165 3932 infelicem
3199 3875 3485 3930 exhalavit
3535 3872 3783 3933 animam,

2206 3969 2572 4042 ostenditque
2605 3971 2751 4023 Deus
2782 3966 3082 4038 displicere
3113 3962 3221 4019 sibi
3256 3964 3454 4018 altaris
3482 3962 3567 4019 sui
3594 3956 3786 4017 abomi-

2204 4059 2524 4125 nationem,
2553 4057 2708 4129 quod
2734 4054 2838 4109 sub
2869 4052 3200 4108 nominibus
3226 4066 3525 4106 servorum
3576 4059 3781 4104 suorum

2205 4146 2314 4219 ipsi
2381 4146 2622 4213 dicatur,
2683 4143 2955 4216 quodque
3022 4141 3095 4197 ob
3150 4140 3497 4195 sacrosancti
3559 4132 3785 4208 corporis

2207 4235 2413 4290 Christi
2444 4232 2911 4290 immolationem
2940 4230 2976 4284 fi
3026 4245 3189 4285 uram
3223 4226 3454 4284 obtinet
3479 4227 3664 4284 crucis.

2829 4248 3053 4357 ΟΑΡὲΤ
3092 4302 3202 4355 Vll.

2204 4395 2517 4463 Herbertus,
2540 4393 2868 4467 praediorum
2895 4390 3316 4467 loriagensz'um
3347 4397 3559 4450 z'nvasor
3573 4382 3779 4460 percuti-

2659 4471 2748 4518 tur
2769 4463 2951 4517 baculo
2981 4464 3045 4518 S.
3069 4463 3373 4522 Benedicti.

2282 4557 2370 4610 {9.
2419 4551 2760 4609 Soliacensis
2791 4555 2804 4624 (
2837 4551 3068 4625 Suilly)
3147 4555 3343 4621 castri,
3403 4550 3553 4625 quod
3603 4563 3634 4601 a
3676 4541 3777 4595 vico

2206 4642 2460 4698 Floriaco
2508 4641 2690 4696 tribus
2739 4639 2911 4695 distat
2940 4640 3219 4707 millibus,
3253 4653 3543 4712 possessor
3568 4630 3774 4707 quidam

2207 4730 2520 4785 Herbertus
2551 4728 2734 4784 dictus
2763 4731 2868 4795 est,
2901 4727 3298 4784 Herchenaldo
3348 4727 3571 4801 genitus
3620 4719 3777 4792 patre.

2204 4819 2446 4875 fratrem
2479 4808 2719 4884 habens,
2753 4816 2991 4871 nomine
3023 4817 3537 4882 Archembaldum,
3565 4801 3772 4865 Turoni-

2206 4926 2287 4965 (ιω
2315 4907 2575 4964 Ecclesiae
2603 4906 3386 4977 nunc(l7)archipraesulem.
3413 4903 3548 4960 Huic
3572 4895 3772 4953 Richar-

2208 4998 2311 5053 dus
2340 4995 2682 5052 venerabilis
2711 4994 2889 5049 abbas
2913 4993 2961 5068 (l
2973 4994 3354 5066 8),successor
3375 4989 3588 5050 domini
3611 4978 3773 5037 Wlfal-

2207 5085 2506 5158 di,aliquaj
2517 5085 2633 5139 uris
2644 5083 3004 5139 ecclesiastici
3020 5083 3240 5154 praadia
3254 5083 3311 5137 in
3325 5077 3651 5137 beneficium
3662 5082 3771 5125 con-

2206 5178 2471 5230 cesserat.
2496 5173 2983 5244 Quinequaquam
3010 5171 3098 5226 his
3110 5166 3641 5238 contentus,reliqua
3664 5168 3769 5228 qua!

2208 5262 2629 5320 cusnobitarum
2658 5260 2851 5316 usibus
2882 5260 3148 5331 delegata
3177 5262 3343 5315 erant
3388 5252 3626 5313 nefando
3653 5256 3768 5301 ausu

2283 5440 2387 5510 (18)
2433 5437 2748 5510 Richardus
2800 5437 2977 5493 abbas
3031 5426 3622 5510 prmfecturamjniit‘
3637 5430 3764 5510 891°

2208 5496 2333 5578 96‘2,
2352 5496 2483 5583 quo
2502 5509 2784 5583 Wlfaldus
2804 5496 3136 5581 assumptus
3164 5511 3253 5563 est
3279 5505 3353 5561 ad
3376 5502 3567 5560 sedem
3588 5496 3769 5551 Carnu-

2207 5579 2455 5651 tensefn,
2495 5597 2563 5637 ex
2598 5579 2786 5637 dictis.
