3998 6166
252 389 353 444 813

1047 371 1142 436 DE
1164 372 1536 436 MIRACULIS
1567 377 1625 436 S.
1651 372 2020 434 BENEDICTI
2045 376 2239 435 LIBRI
2266 371 2435 436 DUO.
2471 409 2548 421 —
2594 374 2732 438 LIB.
2766 379 2815 440 Ῑ.

3539 400 3650 456 814

257 505 576 580 diripiebat.
607 506 768 560 Tunc
813 505 984 558 Pater
1017 501 1352 557 monasterii
1382 504 1707 573 cunctaque
1739 518 1874 557 con-
1899 506 1954 565 Α
1975 500 2261 572 primaevo
2288 499 2631 571 juventutis
2661 501 2813 559 ﬂore
2858 504 2994 563 vitae
3027 509 3197 582 hujus
3226 513 3489 584 privatus
3521 535 3650 574 mu-

254 595 508 666 gregatio
525 595 599 648 ad
617 611 755 648 eum
781 592 1038 663 dirigunt
1056 594 1353 661 poscentes
1377 593 1459 652 ut,
1484 606 1715 644 memor
1736 590 1873 644 fidei

244 683 622 755 jurejurando
656 683 740 736 eis
768 699 801 735 a
827 698 885 735 se
918 679 1206 752 pollicitae,
1235 695 1325 732 res
1352 694 1552 732 eorum
1596 678 1873 732 invadere

253 772 570 826 desisteret.
603 771 726 834 Quo
767 768 1218 840 parvipendente
1257 783 1459 821 eorum
1520 766 1767 833 monita,
1799 766 1870 820 ad

253 862 587 915 Lotharium
599 875 927 930 regem,seu
941 857 1452 926 ducemljugonem
1465 854 1874 925 ,querimonia:

252 969 362 1006 sua:
383 951 643 1005 ﬂebilem
674 947 1028 1020 deploraturi
1076 960 1402 1001 aerumnam
1433 943 1679 1015 profecti
1712 947 1873 998 sunt.

249 1040 422 1112 Apud
453 1055 598 1110 quos
619 1043 741 1091 tum
769 1037 1007 1108 quidem
1045 1051 1252 1107 parum
1309 1031 1700 1102 proﬁcientes,
1768 1048 1881 1103 per

249 1129 592 1200 semetipsos
648 1126 922 1180 eumdem
998 1123 1235 1195 perﬁdae
1301 1120 1516 1175 mentis
1564 1119 1881 1174 hominem

246 1216 462 1282 adorsi,
498 1220 665 1271 orant
693 1217 758 1268 ut
787 1213 871 1268 sui
892 1213 1257 1278 misereatur,
1293 1210 1365 1264 ab
1397 1223 1602 1263 eorum
1635 1222 1888 1278 oppres-

247 1305 406 1359 sione
437 1303 730 1359 cessando.
760 1303 1173 1356 Verumtamen
1208 1314 1276 1353 eo
1318 1299 1617 1352 avertente
1644 1312 1882 1361 aurern,

245 1392 313 1446 ad
371 1395 520 1446 nota
562 1393 868 1445 recurrunt
897 1388 1180 1459 praesidia.
1214 1385 1478 1458 Denique
1508 1388 1630 1440 toto
1659 1399 1881 1454 prope-

247 1481 492 1534 modum
543 1479 802 1549 ejusdem
858 1477 995 1531 anni
1040 1474 1532 1550 quadragesimali
1583 1478 1878 1543 tempore,

244 1567 395 1620 inter
416 1567 754 1621 litaniarum
807 1565 1111 1632 solemnia,
1139 1581 1242 1618 sua
1266 1563 1520 1618 Domino
1552 1578 1656 1632 pro
1689 1561 1876 1616 tribu-

243 1655 466 1709 latione
493 1655 802 1708 fundentes
829 1657 979 1720 vota,
1012 1653 1124 1707 duo
1167 1669 1324 1706 aerea
1349 1651 1657 1724 pulsabant
1681 1650 1873 1721 signa,

242 1748 300 1797 ut
313 1759 524 1798 eorum
545 1742 737 1797 sonitu
754 1741 1050 1796 audientes
1073 1741 1145 1796 ad
1161 1740 1354 1796 simile
1373 1740 1683 1793 invitarent
1701 1755 1870 1809 opus.

306 1832 552 1886 Interim
600 1831 875 1900 praefatus
923 1829 1234 1884 Herbertus
1269 1829 1328 1882 in
1347 1844 1465 1882 sua:
1493 1827 1875 1898 malignitatis

235 1937 616 1993 perseverans
629 1919 1009 1985 contumacia,
1027 1917 1297 1989 pessimis
1315 1916 1575 1988 quotidie
1596 1915 1875 1986 adjiciens

235 2012 461 2082 pejora,
497 2009 754 2082 quadam
773 2011 937 2063 nocte
960 2025 1088 2062 cum
1125 2007 1482 2080 quibusdam
1533 2004 1876 2059 satellitibus

234 2099 288 2153 in
319 2100 749 2152 Wastinensem
778 2114 986 2168 pagum
1013 2098 1172 2151 adire
1210 2095 1600 2167 disposuerat.
1637 2095 1703 2146 Et
1734 2093 1875 2164 quia

232 2188 385 2256 juxta
419 2186 696 2240 Veritatis
723 2189 1038 2258 vocem,qui
1065 2185 1314 2239 ambulat
1350 2171 1406 2236 in
1439 2188 1589 2237 nocte
1625 2182 1872 2252 o/j'endit,

230 2281 348 2346 quia
377 2277 482 2330 tua:
509 2278 565 2328 in
597 2292 657 2328 eo
686 2291 792 2327 non
821 2282 893 2328 est
921 2274 1100 2346 (Joan.
1139 2293 1217 2337 x1,
1255 2276 1367 2340 10),
1401 2272 1528 2325 luce
1561 2271 1759 2341 utique
1787 2286 1879 2325 ca-

230 2381 358 2420 rens
387 2366 680 2418 virtutum
699 2380 764 2417 ac
791 2365 1037 2419 tenebris
1070 2365 1339 2420 obsessus
1359 2360 1654 2421 vitiorum,
1677 2359 1878 2414 obscu-

229 2456 396 2508 ritate
434 2469 680 2524 quoque
723 2452 1026 2508 mundanae
1070 2453 1259 2508 noctis
1292 2449 1510 2519 impius
1539 2447 1781 2518 quisque
1815 2465 1875 2503 se

227 2559 476 2614 suosque
530 2545 697 2595 actus
749 2542 928 2596 celare
958 2542 1158 2596 nititur
1191 2539 1337 2608 ;sed
1371 2537 1505 2592 licet
1560 2537 1872 2603 humanos,

226 2635 518 2701 quantum
549 2630 610 2683 in
643 2630 766 2700 ipso
793 2634 896 2696 est,
935 2631 1146 2685 devitet
1173 2630 1434 2693 obtutus,
1462 2625 1656 2679 oculos
1673 2629 1873 2679 tamen

223 2719 486 2785 Domini,
519 2719 623 2789 qui
676 2734 846 2788 super
874 2719 987 2772 vias
1046 2717 1362 2773 hominum
1395 2717 1532 2767 sunt
1582 2717 1638 2767 et
1669 2729 1875 2768 omnes

225 2824 453 2878 gressus
467 2823 680 2860 eorum
700 2805 1344 2876 considerant,eﬂ'ugere
1364 2803 1690 2855 nullatenus
1702 2799 1872 2855 valet.

223 2896 344 2950 Non
378 2896 572 2961 enim,
607 2897 672 2948 ut
701 2895 898 2949 beatus
926 2896 1028 2950 Job
1061 2897 1332 2961 testatur,
1367 2890 1526 2961 apud
1558 2889 1875 2944 Dominum

231 2985 354 3038 ulla:
392 2988 536 3038 sunt
566 2983 828 3036 tenebras
859 2986 955 3037 aut
999 2984 1204 3037 umbra
1236 2979 1467 3046 mortis,
1524 2982 1586 3032 ut
1624 2977 1869 3032 abscon-

230 3071 445 3127 dantur
472 3071 557 3125 ibi
584 3071 685 3142 qui
717 3075 1023 3141 Operantur
1080 3070 1456 3142 iniquitatem
1505 3066 1628 3127 (Job
1680 3080 1867 3133 xxxiv,

1980 606 2122 644 nere
2137 589 2490 662 pravitatem
2511 607 2753 664 quoque
2776 611 3012 654 morum
3031 616 3147 656 non
3159 603 3249 657 val
3259 602 3342 658 uit
3353 606 3650 680 corrigere

2650 682 2883 740 CAPUT
2909 687 3046 743 VIII.

2327 766 2642 824 Romaldus
2682 774 2806 828 item
2838 783 3007 832 marte
3030 787 3324 850 correptus.

2057 857 2148 910 20.
2200 855 2532 911 Romaldus
2563 858 2702 914 civis
2761 862 3129 921 Carnotensis
3185 870 3420 939 exstitit,
3481 872 3646 942 cuius

1987 942 2131 1032 silva
2156 947 2318 1032 trans
2350 944 2643 1016 Ligerim,
2674 949 2734 1004 in
2787 951 3096 1024 Segalonia
3125 956 3195 1023 (la
3231 956 3483 1032 Sologne)
3512 961 3641 1028 sita,

1988 1030 2235 1085 conﬁnis
2281 1032 2446 1087 silva:
2495 1053 2678 1108 quam
2724 1039 2917 1094 devoti
2957 1042 3062 1096 viri
3090 1043 3217 1114 jam
3259 1046 3424 1102 dicta:
3458 1030 3644 1103 eccle-

1989 1119 2089 1173 siae
2125 1120 2548 1192 attribuerunt,
2587 1143 2708 1181 esse
2742 1127 3120 1199 dignoscitur.
3150 1133 3200 1186 ls
3220 1150 3368 1188 unus
3393 1136 3644 1191 existens

1991 1223 2195 1261 eorum
2221 1209 2291 1262 de
2316 1210 2540 1280 quibus
2577 1213 2879 1286 Scriptura
2914 1216 3081 1274 dicit:
3111 1218 3378 1285 Quoniam
3426 1224 3643 1294 quidem

1990 1297 2094 1366 ipsi
2138 1300 2392 1355 terminos
2483 1303 2905 1372 transtulerunt,
2961 1301 3406 1382 diripueruntque
3454 1329 3640 1382 greges

1989 1386 2116 1457 (Job
2155 1403 2298 1456 xxxv,
2325 1388 2408 1456 2),
2441 1391 2774 1448 adunatum
2799 1397 2917 1448 tam
2947 1393 3006 1448 in
3055 1396 3196 1452 silva
3238 1397 3294 1455 S.
3341 1399 3636 1455 Benedicti

1986 1492 2284 1548 quamque
2307 1476 2367 1530 in
2397 1495 2508 1534 sua
2538 1481 2677 1536 silva
2700 1481 2774 1536 ad
2801 1482 3155 1554 pascendum
3166 1502 3478 1556 porcorum
3500 1505 3635 1560 gre-

1983 1581 2125 1635 gum
2148 1581 2213 1618 ex
2237 1582 2411 1637 aaquo
2430 1570 2638 1639 partiri
2673 1571 3018 1626 conabatur.
3052 1573 3121 1626 Et
3149 1574 3283 1645 quia
3304 1592 3438 1647 pars
3456 1578 3632 1632 saltus

1981 1652 2418 1708 monachorum
2468 1659 2661 1727 major
2720 1675 2900 1729 quam
2941 1658 3116 1729 ipsius
3144 1665 3288 1730 erat,
3317 1679 3488 1732 grave
3517 1665 3630 1720 hoc

1979 1740 2255 1796 fratribus
2296 1743 2631 1799 videbatur.
2671 1747 2836 1800 Unde
2871 1749 3168 1802 communi
3195 1751 3430 1805 consilio
3454 1769 3628 1823 quos-

1981 1828 2120 1882 dam
2154 1846 2222 1883 ex
2251 1847 2354 1885 suo
2380 1833 2631 1905 collegio
2653 1834 2918 1906 dirigunt
2941 1836 3014 1890 ad
3033 1838 3341 1894 Arnulfum
3365 1840 3628 1895 Aurelia-

1984 1934 2200 1972 norum
2224 1921 2352 1973 tum
2378 1924 2717 1991 praesulem,
2749 1923 2840 1976 cui
2862 1923 3021 1978 idem
3050 1925 3135 1979 vir
3153 1926 3420 1982 beneﬁcii
3437 1929 3628 1998 gratia

1976 2005 2236 2077 percepti
2279 2010 2548 2079 parebat,
2601 2015 2664 2065 ut
2712 2027 2848 2065 eum
2908 2012 2982 2066 ad
3026 2014 3310 2085 aequitatis
3348 2015 3484 2085 jura
3521 2033 3626 2072 sua

1980 2097 2280 2149 revocaret
2299 2098 2892 2154 auctoritate.Verum
2908 2098 3414 2167 ille,contumacias
3440 2103 3624 2159 fartus

1980 2181 2209 2253 spiritu,
2263 2185 2536 2239 suadenti
2584 2186 2857 2258 episcopo
2903 2191 3189 2258 quatenus
3224 2189 3468 2259 justitize
3502 2195 3625 2248 tra-

1982 2270 2187 2324 mitem
2212 2276 2746 2344 servaret,superbe
2763 2275 3070 2346 respondit
3089 2293 3148 2331 se
3163 2293 3231 2331 eo
3247 2277 3338 2333 die
3361 2295 3474 2350 quo
3493 2297 3624 2336 sues

1981 2373 2012 2410 e
2042 2357 2214 2411 bosco
2237 2359 2570 2416 abducendi
2602 2368 2773 2418 erant
2801 2363 3306 2435 interpellantibus
3340 2383 3624 2438 responsa

1985 2446 2278 2514 daturum,
2308 2449 2611 2506 aestimans
2625 2453 2804 2508 miser
2820 2453 2995 2508 servis
3017 2453 3118 2508 Dei
3137 2470 3197 2508 se
3215 2470 3344 2526 quae
3357 2457 3621 2528 require-

1980 2533 2124 2588 bant
2142 2539 2834 2606 erepturum,immemor
2845 2542 3165 2614 evangelici
3189 2543 3492 2611 divitis,cui
3512 2563 3619 2603 sua

1985 2623 2290 2694 amplianti
2349 2625 2564 2682 horrea
2594 2629 2878 2684 Dominus
2911 2628 3040 2684 infit
3072 2647 3085 2686 :
3117 2629 3316 2699 Stulte,
3342 2633 3442 2688 hac
3465 2643 3620 2692 nocte

1982 2714 2226 2765 animam
2274 2717 2423 2765 tuam
2467 2715 2563 2768 abs
2597 2722 2644 2769 te
2688 2724 2952 2787 repetunt,
2985 2725 3035 2772 et
3054 2734 3174 2789 quae
3192 2721 3428 2789 parasit,
3457 2723 3612 2793 cujus

1980 2803 2136 2850 erunt
2165 2799 2193 2850 ?
2215 2798 2371 2867 (Luc.
2397 2816 2499 2867 xu,
2520 2801 2616 2873 20)
2649 2804 2868 2874 Nempe
2921 2806 3235 2860 Romaldus
3281 2807 3611 2879 praefactus,

1979 2889 2294 2956 antequam
2326 2903 2357 2940 e
2401 2889 2530 2943 loco
2566 2891 2664 2945 ubi
2695 2893 2902 2963 legatis
2927 2896 3194 2965 porterve
3224 2895 3612 2966 responderat

1974 2973 2189 3042 pedem
2223 2975 2516 3044 movisset,
2548 2979 2715 3034 febre
2738 2981 2962 3052 ingenti
2985 2986 3303 3052 correptus,
3335 2998 3403 3036 eo
3425 3000 3609 3056 usque

1973 3061 2198 3131 languit
2210 3062 2392 3117 donec
2407 3081 2475 3120 eo
2494 3065 2620 3137 ipso
2639 3068 2874 3141 die,quo
2891 3085 2950 3124 se
2972 3070 3242 3140 sperabat
3257 3070 3609 3140 pauperibus

227 3164 334 3232 2'2}.
390 3161 488 3216 Sic
520 3140 724 3230 itaque
751 3140 821 3213 ab
873 3160 979 3215 hoc
1017 3140 1204 3232 impio
1226 3157 1514 3212 Herberto
1551 3155 1745 3209 ablata
1773 3156 1868 3210 lux
1895 3140 1942 3200 C
1973 3148 2184 3204 Christi
2205 3151 2437 3208 suillum
2465 3170 2644 3225 pecus
2673 3157 2742 3212 iri
2761 3140 3048 3229 ereptum,
3079 3163 3268 3213 morte
3294 3159 3607 3218 damnatus

229 3266 324 3303 sua
351 3251 462 3315 est,
494 3247 742 3318 ipseque
771 3251 1004 3318 repente
1033 3248 1313 3308 sublatus,
1361 3243 1498 3315 quia
1551 3241 1647 3296 diu
1680 3241 1867 3298 fuerat

223 3340 614 3407 exspectatus.
641 3336 896 3406 Namque
929 3337 1060 3390 dum
1085 3335 1220 3408 equi
1249 3337 1420 3404 tergo
1447 3330 1864 3396 insidens,cum

222 3426 331 3479 suis
391 3429 693 3479 nocturna
741 3423 1048 3493 adopertus
1108 3423 1357 3494 caligine
1413 3420 1524 3474 iter
1577 3423 1859 3490 carperet,

221 3513 444 3586 aspexit
485 3511 682 3566 subito
725 3511 966 3565 astitisse
997 3511 1164 3566 lateri
1214 3527 1316 3565 suo
1345 3509 1600 3580 aliquem
1653 3523 1858 3563 mona-

221 3601 402 3656 chalis
430 3600 675 3654 habitus
704 3599 977 3669 stigmata
1004 3600 1419 3671 praeferentem
1455 3613 1468 3663 ;
1499 3596 1660 3666 cujus
1690 3595 1858 3652 indu-

221 3694 495 3745 mentum
515 3689 773 3743 mtherca
806 3689 1080 3757 claritate,
1101 3693 1164 3743 ut
1195 3691 1326 3760 post
1356 3686 1476 3757 ipse
1505 3685 1621 3738 suis
1639 3686 1854 3754 retulit,

220 3778 829 3851 resplendebat.Aquo
844 3779 1043 3833 baculo
1059 3778 1212 3850 quod
1226 3793 1345 3849 prae
1361 3773 1631 3829 manibus
1643 3775 1856 3830 habere

221 3868 556 3934 videbatur,
589 3866 746 3920 inter
774 3869 1029 3937 scapulas
1076 3867 1238 3931 ictus,
1272 3863 1614 3920 horribilem
1667 3862 1858 3917 emisit

220 3973 422 4012 vocem
451 3975 466 4024 ;
503 3957 702 4028 sicque
732 3955 869 4010 visio
904 3973 969 4010 ex
1004 3956 1180 4011 oculis
1208 3955 1330 4026 ejus
1357 3953 1549 4008 ablata
1591 3952 1696 4006 est.
1731 3951 1854 4006 Cir—

220 4045 718 4118 cumcquitantes,
763 4044 1004 4098 horrore
1062 4044 1211 4099 vocis
1261 4041 1518 4116 pervicti,
1553 4040 1853 4112 inquirunt

219 4135 465 4189 sollicite
494 4133 638 4204 quid
685 4132 737 4186 ei
777 4133 1066 4188 acciderit.
1097 4132 1312 4197 Quibus
1345 4132 1438 4185 ille
1472 4147 1486 4186 :
1523 4153 1551 4181 ‹‹
1586 4131 1846 4198 Sanctus,

217 4223 432 4295 inquit,
467 4221 993 4290 Benedictus,nunc
1022 4223 1166 4276 mihi
1200 4222 1492 4292 assistens,
1515 4219 1700 4274 valido
1751 4237 1846 4274 me

219 4312 429 4366 afﬂixit
449 4310 715 4377 verbere,
744 4327 810 4364 ex
833 4327 944 4382 quo
974 4311 1124 4364 male
1156 4310 1375 4365 habens
1398 4309 1684 4362 immenso
1717 4323 1848 4362 cru-

1969 3238 2224 3293 ferretur
2242 3241 2318 3294 ad
2339 3243 2765 3314 sepeliendum.
2795 3248 3023 3302 Fratres
3053 3247 3278 3302 interea
3303 3263 3338 3301 a
3363 3249 3604 3322 reliquis

1961 3327 2126 3398 juxta
2147 3330 2479 3386 condictum
2501 3334 2770 3391 destinati
2785 3337 2859 3392 ad
2881 3337 3240 3408 silvam,ejus
3255 3338 3601 3408 aperientes

1967 3415 2302 3486 adventum,
2330 3425 2630 3493 comperto
2681 3425 2856 3496 quod"
2881 3425 3134 3493 obiisset,
3165 3440 3297 3480 cum
3326 3427 3597 3497 portione

1965 3517 2133 3560 suum
2152 3507 2260 3562 sibi
2310 3508 2506 3564 debita
2536 3512 2609 3566 ad
2638 3513 2875 3585 propria
2897 3515 3032 3569 sunt
3056 3514 3323 3585 regressi,
3356 3514 3598 3572 benedi-

1969 3596 2165 3648 centes
2217 3598 2554 3666 Dominum,
2597 3600 2885 3674 simulque
2915 3605 3174 3658 sanctam
3226 3602 3431 3657 Christi
3463 3621 3594 3660 ma-

1959 3683 2103 3738 trem
2115 3685 2443 3753 Mariam,ac
2455 3689 2556 3743 Dei
2570 3689 2856 3746 famulum
2871 3693 3174 3749 laudantes
3189 3691 3585 3754 Benedictum.

2622 3778 2848 3835 CAPUT
2880 3781 2964 3836 IX.

2315 3862 2653 3920 Floriacense
2682 3868 2994 3922 incendium
3019 3896 3038 3937 ,-
3069 3869 3242 3924 aliud.

2031 3955 2119 4007 21.
2145 3953 2430 4025 Tempore
2443 3955 2651 4025 szepius
2680 3973 2745 4011 ac
2765 3974 2896 4013 cum
2920 3958 3243 4013 reverentia
3266 3959 3582 4018 nominau-

1957 4039 2014 4095 di
2045 4041 2271 4097 abbatis
2305 4043 2596 4107 Richardi,
2629 4061 2762 4100 cum
2795 4047 2866 4101 ab
2911 4045 3291 4118 imperatoria
3337 4051 3580 4108 caelestis

1954 4131 2123 4202 Regis
2139 4131 2437 4187 severitate
2458 4133 2530 4187 ob
2544 4134 2955 4190 enormitatem
2970 4136 3372 4208 peccaminum
3387 4140 3580 4197 decre-

1951 4221 2078 4273 tum
2112 4219 2497 4293 processisset,
2532 4225 2594 4276 ut
2627 4223 2882 4277 flammis
2901 4225 3200 4279 voracibus
3229 4229 3571 4286 venerabilis

1949 4307 2041 4361 hic
2073 4309 2247 4376 locus,
2287 4307 2658 4366 Floriacensis
2712 4311 2948 4373 scilicet,
2979 4312 3218 4384 purgari
3251 4313 3567 4388 debuisset,

219 4401 335 4458 cior
369 4403 602 4456 dolore.
663 4399 774 4454 Sed
806 4417 922 4463 vos,
951 4399 1209 4454 ﬁdissimi
1270 4398 1724 4464 commilitones,
1755 4415 1845 4452 re-
1871 4395 1926 4458 D
1951 4411 2079 4466 quae
2110 4399 2168 4450 et
2193 4399 2430 4468 quanta,
2464 4397 2699 4469 perﬁdis
2726 4399 2962 4472 quidem
2979 4400 3371 4474 despicienda,
3403 4407 3571 4461 nobis

221 4493 575 4565 trogradum
626 4492 826 4545 callem
852 4491 1214 4562 arripientes,
1245 4489 1317 4543 ad
1349 4489 1588 4542 domum
1612 4504 1705 4541 me
1755 4504 1846 4542 re-

219 4581 363 4635 ferte
400 4595 597 4634 meam
630 4597 643 4633 :
675 4579 922 4651 indeque
978 4579 1120 4632 mihi
1175 4577 1403 4632 veniam
1450 4576 1843 4646 efﬂagitaturi,

220 4670 288 4723 ad
306 4670 647 4741 sepulcrum
674 4669 977 4737 properate
1001 4666 1340 4721 confessoris
1363 4665 1738 4736 gloriosum.»
1762 4663 1846 4719 Illi

221 4759 339 4827 ejus
375 4758 852 4827 obtemperantes
876 4755 1199 4826 praeceptis,
1230 4754 1363 4808 hinc
1394 4754 1529 4808 inde
1570 4756 1849 4808 sustenta-

219 4845 343 4900 tum
372 4845 532 4899 unde
573 4843 857 4914 digressus
911 4844 1098 4897 fuerat
1135 4843 1502 4897 reduxerunt.
1550 4841 1656 4905 Qui
1697 4841 1847 4897 inter

221 4948 432 4988 manus
464 4933 839 5001 famulorum,
880 4934 938 4986 in
968 4932 1090 5004 ipso
1123 4948 1272 5003 pene
1311 4929 1688 4995 ostiilimine,
1722 4930 1844 4983 ani-

221 5037 384 5076 mam
417 5020 699 5088 reddidit;
742 5021 902 5091 cujus
934 5019 1124 5074 devoti
1155 5019 1354 5073 ﬁdeles
1389 5017 1630 5073 cmnobii
1663 5017 1845 5071 Patris

219 5109 737 5164 Benedictifratres
759 5109 1333 5173 adeuntes,eventum
1356 5106 1439 5161 rei
1454 5106 1841 5172 innotescunt,

220 5203 489 5268 petentes
503 5200 782 5269 quatenus
812 5199 898 5252 vel
924 5197 1166 5251 cadaver
1189 5194 1454 5249 exanime
1485 5194 1558 5248 ad
1597 5195 1845 5264 sepultu-

220 5303 346 5342 ram
377 5287 709 5360 suscipiant.
769 5287 982 5351 Quibus
1006 5286 1106 5352 illi,
1131 5285 1388 5357 quamvis
1427 5281 1842 5354 indignationis

222 5377 472 5447 suspecti
505 5375 730 5430 abbatis
751 5375 963 5448 sui,qui
992 5379 1118 5429 tum
1151 5374 1299 5429 forte
1317 5374 1841 5439 aberat,assensum

219 5466 569 5536 praebentes,
618 5468 943 5538 susceptum
975 5481 1180 5535 corpus
1209 5464 1386 5517 humo
1412 5463 1698 5517 texerunt.
1735 5458 1841 5524 Qui

220 5554 328 5608 etsi
357 5571 459 5626 pro
482 5557 649 5625 parta
675 5554 778 5609 sibi
823 5553 1016 5626 quiete
1041 5550 1497 5623 applaudebant,
1520 5549 1618 5622 pia
1640 5553 1841 5604 tamen

220 5643 626 5718 compassione
653 5643 920 5700 defuncto
953 5640 1475 5717 compatiebantur,
1511 5655 1579 5696 eo
1603 5639 1838 5714 quodin

1950 4487 2144 4539 autem
2185 4489 2242 4539 et
2270 4485 2590 4558 quibusque
2621 4505 2827 4542 sanum
2868 4489 3224 4562 sapientibus
3277 4493 3566 4564 miranda,

1949 4573 2262 4628 acciderint
2275 4573 2443 4644 prodi
2451 4575 2565 4646 gia,
2573 4577 2766 4646 paucis
2779 4594 3108 4633 memorare
3125 4579 3284 4635 libet.
3308 4581 3569 4640 Primum

1949 4661 2185 4732 quidem
2221 4662 2354 4716 satis
2372 4663 2894 4736 obstupescendum
2922 4668 3083 4741 quod
3114 4668 3349 4725 basilica
3368 4670 3566 4726 Sancti

1948 4751 2102 4805 Petri
2133 4750 2409 4823 principis
2452 4755 2866 4824 apostolorum,
2901 4756 3108 4812 casuali
3165 4760 3566 4831 conﬂagrante

1947 4837 2313 4907 incendio,ea
2333 4858 2460 4912 quae
2480 4844 2852 4898 sanctissimae
2886 4844 2986 4900 Dei
3008 4846 3279 4902 Genitrici
3326 4866 3390 4904 ac
3431 4865 3566 4921 per-

1946 4932 2133 5001 petuas
2151 4929 2364 5002 Virgini
2379 4931 2564 4986 Mariae
2584 4932 3018 5002 dicata,cunctis
3030 4935 3341 4992 Dominum
3357 4937 3566 4994 timen-

1943 5018 2094 5072 tibus
2127 5018 2518 5090 multiplicitcr
2558 5020 2918 5092 diligendum
2961 5023 3176 5077 retinet
3203 5024 3558 5092 thesaurum,

1943 5122 2148 5177 corpus
2177 5106 2440 5162 videlicet
2487 5109 2802 5164 sanctisimi
2837 5111 3020 5165 Patris
3041 5113 3356 5179 Benedicti,
3382 5113 3558 5166 illaesa

1941 5195 2173 5250 resedit.
2209 5197 2331 5249 Non
2353 5197 2537 5251 solum
2559 5203 2750 5253 autem
2769 5199 2868 5254 illa
2895 5217 3022 5270 qum
3039 5201 3332 5270 sexaginta
3353 5203 3410 5252 et
3435 5213 3554 5251 non

1942 5285 2128 5337 multo
2171 5284 2416 5354 amplius
2447 5285 2518 5339 ab
2574 5285 2697 5358 ipsa
2750 5287 3000 5342 distabat
3046 5287 3323 5358 passibus,
3354 5299 3554 5339 verum

1943 5371 2207 5426 universa
2253 5373 2408 5428 intra
2455 5376 2739 5430 ambitum
2771 5373 2938 5429 castri
2971 5373 3289 5427 admodum
3329 5373 3555 5426 arctum

1945 5464 2272 5516 constructa
2301 5463 2560 5536 aedificia,
2594 5481 2710 5519 uno
2754 5464 3030 5518 duntaxat
3057 5461 3266 5515 horreo
3298 5457 3553 5514 ardentis

1944 5551 2195 5606 ecclesiae
2211 5552 2414 5623 parieti
2437 5553 2790 5618 adhzerente,
2819 5551 3153 5618 incorrupta
3183 5562 3456 5624 mansere.
3477 5543 3550 5600 ab

1943 5637 2196 5712 ignibus.
2236 5643 2482 5700 Acervus
2531 5654 2761 5713 quoque
2810 5636 3068 5709 frugum,
3101 5649 3276 5708 quem
3326 5634 3552 5688 metum
