3998 6166
514 354 622 416 8ἶὸ

1612 330 1878 405 suam
1906 338 2218 405 MONACHI
2243 334 2739 408 FLORIACENSIS
3642 354 3728 418 sit

519 476 753 549 (Gallice
782 470 971 543 méteil)
1017 471 1186 544 vulgo
1213 468 1481 537 dicimus,
1515 466 1613 542 qui
1669 472 1896 525 tantum
1951 472 2129 541 ponte
2148 473 2205 532 Α
2230 470 2303 525 ad
2334 488 2464 526 usus
2492 471 2940 529 reﬁciendorum
2966 468 3059 546 qci
3084 469 3230 531 forte
3281 470 3600 533 advenissent
3617 496 3747 552 pere-

525 585 734 625 novem
763 564 851 619 vix
886 561 1144 635 passibus
1168 560 1225 615 in
1247 561 1490 631 longum
1523 559 1859 625 dilatato,ab
1885 558 2008 635 ipso
2041 558 2124 613 di-

517 660 704 715 stabat
719 655 922 722 oratio,
951 668 1184 708 voraces
1212 649 1389 705 evasit
1431 648 1653 719 ignium
1684 634 1971 702 ﬂammas.
2003 647 2124 701 Mo-

519 763 649 802 vere
679 745 955 800 debuerat
983 743 1092 796 hoc
1113 739 1395 795 damnum
1428 737 1603 792 corda
1631 735 1964 791 mortalium
1992 733 2120 801 ;sed

516 834 656 890 heu!
691 848 858 888 mens
906 830 1212 886 hominum
1251 826 1497 882 nimium
1528 826 1734 897 ignara
1757 822 1956 889 futuri,
1984 823 2124 877 dum

517 938 635 978 non
663 923 911 989 veretur,
943 918 1082 973 dum
1120 933 1238 972 non
1270 915 1497 980 metuit,
1530 913 1635 968 sibi
1667 912 1996 983 ingruentia
2022 927 2123 963 ne-

519 1025 813 1083 quaquam
838 1006 1212 1063 cousiderans
1236 1004 1495 1071 adversa,
1518 1002 1672 1056 cadit
1700 1001 1757 1055 in
1791 999 2082 1055 deteriora
2110 996 2123 1050 !

590 1103 681 1157 22.
699 1097 926 1154 Etenim
948 1097 1255 1163 nonlongo
1272 1093 1503 1147 labente
1517 1105 1804 1145 annorum
1824 1087 2128 1152 curriculo,

520 1184 1031 1261 praecellentissimi
1059 1181 1326 1237 Richardi
1361 1180 1584 1236 abbatis
1632 1177 1913 1233 industria
1966 1176 2131 1230 fusile

521 1277 650 1332 aeris
680 1292 775 1330 vas
800 1274 873 1330 ad
904 1270 1305 1328 convocandos
1334 1269 1393 1323 in
1428 1267 1611 1324 oratio
1652 1266 1849 1320 ﬁdeles
1887 1264 2129 1337 paraba-

521 1370 634 1422 tur.
668 1365 840 1435 Cujus
884 1362 968 1418 rei
1025 1358 1293 1426 ministri,
1347 1374 1479 1412 cum
1520 1359 1686 1412 nocte
1727 1372 1855 1426 quae
1905 1357 2131 1409 octavas

522 1453 704 1509 sancti
734 1451 1092 1525 praecedebat
1127 1446 1437 1513 Laurentii,
1471 1445 1675 1500 labore
1703 1442 1832 1498 fessi
1864 1441 2132 1496 membra

525 1542 718 1615 sopori
748 1540 1058 1606 dedissent,
1078 1552 1375 1593 accensam
1395 1534 1696 1615 candelam
1722 1530 1980 1602 postibus
2002 1528 2128 1583 afﬁ-

523 1613 655 1686 xam
675 1628 838 1685 obliti
881 1628 1241 1697 exstinguere
1272 1613 1649 1694 reliquerunt.
1676 1620 1813 1683 Quae
1837 1617 2126 1682 decidens,

523 1724 778 1775 stramen
809 1719 1090 1771 lectorum
1149 1713 1356 1783 stipula
1408 1711 1757 1767 exstructum
1785 1704 2064 1771 accendit,
2096 1720 2130 1757 a

2229 560 2538 631 grinorum
2570 567 2919 633 praeparata.
2948 564 3073 619 Haec
3103 582 3235 620 casu
3262 565 3361 620 sub
3383 566 3556 622 turrie
3577 585 3671 640 qua
3693 568 3748 624 si-

2225 665 2341 719 gna
2369 649 2796 721 dependebant,
2830 651 3001 719 elata,
3027 653 3752 711 decitentibus'ambustiscir-

2222 738 2603 793 cumvallatur
2629 740 2904 794 trabibus.
2930 741 3084 795 Tunc
3109 746 3415 796 renovante
3438 743 3541 797 Deo
3563 744 3754 816 antiqua

2231 825 2527 892 miracula,
2552 828 2647 899 qui
2677 829 2781 883 sub
2804 830 2989 900 Moyse
3025 829 3235 884 rubum
3262 831 3456 886 mediis
3483 831 3536 886 in
3554 833 3759 888 ﬂammis

2231 914 2473 969 servavit
2500 914 2947 983 incombustum,
2968 933 3167 972 mensa
3191 918 3383 989 lignea
3411 934 3649 989 vaporem
3668 936 3759 974 non

2232 1001 2411 1056 sensit
2441 1003 2696 1073 igneum.
2729 1005 3040 1060 Videbatur
3080 1022 3217 1077 ergo
3251 1023 3366 1061 non
3397 1007 3584 1062 ardens
3601 1007 3761 1062 ardere

2232 1089 2430 1159 tripes,
2472 1107 2577 1144 nec
2600 1092 2802 1161 juncta
2831 1094 3007 1148 calori
3037 1095 3304 1149 materies
3332 1095 3584 1150 alimenta
3609 1095 3763 1161 dabat,

2234 1181 2297 1242 ut
2317 1182 2513 1248 aperte
2544 1180 2882 1236 claresceret
2913 1183 3100 1253 ipsum
3133 1183 3438 1255 aliquando
3457 1200 3609 1256 super
3652 1185 3767 1238 hanc

2234 1264 2578 1322 discubuisse
2608 1285 2871 1325 mensam
2903 1271 2999 1341 qui
3039 1271 3143 1325 sibi
3179 1272 3357 1327 tribui
3397 1272 3608 1337 fatetur,
3646 1272 3770 1343 quod

2232 1356 2441 1425 egenis.
2459 1372 2523 1410 ac
2550 1358 2829 1412 mendicis
2854 1359 3148 1415 confertur
3164 1359 3389 1431 (Matth.
3418 1362 3554 1429 xxv).
3567 1360 3643 1414 Fit
3664 1378 3771 1415 cou-

2230 1458 2425 1497 cursus
2471 1445 2675 1515 ingens
2715 1447 2788 1501 ad
2836 1448 2945 1501 hoc
2993 1450 3403 1518 spectaculum,
3450 1449 3771 1520 videruntque

2232 1530 2437 1600 quibus
2457 1536 2543 1586 est
2572 1533 2763 1588 videre
2777 1535 3163 1608 datum,quasi
3192 1536 3482 1591 turbinem
3504 1554 3535 1590 a
3553 1536 3777 1608 praedicta

2231 1634 2435 1673 mensa
2485 1626 2910 1692 exsurgentem,
2979 1624 3314 1693 congeriem
3347 1625 3640 1679 carbonum
3692 1625 3777 1677 huc

2232 1704 2477 1778 illucque
2491 1708 2945 1780 dispergentem.
2960 1711 3159 1767 Videre
3185 1717 3313 1767 erat
3325 1714 3537 1768 dudum
3555 1712 3779 1783 lugubres

525 1824 640 1881 quo
672 1808 878 1862 domus
907 1805 1196 1875 completa
1216 1799 1487 1865 flammis,
1517 1801 1579 1852 ut
1594 1797 1720 1867 jam
1736 1792 2131 1849 vehementius
2152 1786 2203 1844 B
2232 1795 2680 1864 proimminenti
2700 1799 3027 1854 calamitate
3043 1802 3357 1856 multorum
3377 1802 3570 1869 vultus,
3590 1803 3781 1871 repente

526 1897 777 1958 arderet,
821 1894 996 1950 etiam
1037 1893 1097 1947 in
1147 1890 1522 1960 continguam
1553 1884 1659 1940 sibi
1685 1885 1878 1938 aulam
1905 1882 2131 1936 Sancta:
2237 1884 2405 1954 hujus
2435 1885 2684 1957 prodigii
2713 1888 3006 1943 alacritate
3037 1893 3419 1960 permutatos.
3475 1887 3784 1960 Consumptis

522 1985 710 2041 Mariae
744 1982 948 2039 Christi
990 1980 1180 2038 Matris
1227 1995 1292 2033 ac
1322 1973 1677 2032 dilectissimi
1707 1970 1929 2027 domini
1960 1971 2136 2023 Bene-

523 2073 660 2128 dicti
686 2063 1625 2142 inceudiasparsit.Clamorsubito
1657 2079 1722 2117 ac
1756 2062 1940 2115 luctus
1969 2057 2132 2128 inge-

523 2161 885 2218 misceutium
900 2159 1121 2214 tollitur
1141 2157 1408 2219 fratrum,
1430 2150 1750 2208 verentium
1772 2165 1845 2203 ne
1867 2162 2129 2217 compre-

522 2251 715 2305 hensis
726 2248 995 2304 omnibus
1010 2239 1714 2312 educendisarcicorporis
1739 2234 1917 2292 sancti
1950 2232 2130 2288 Patris

522 2336 816 2392 Benedicti
843 2334 949 2390 sibi
974 2334 1212 2388 facultas
1241 2329 1550 2402 deperiret.
1612 2326 1827 2390 Quibus
1869 2321 1973 2376 etsi
2002 2337 2131 2392 spes

521 2425 713 2480 inerat
726 2424 998 2479 eumdem
1013 2418 1553 2476 excellentissimum
1570 2417 1800 2471 Patrem
1821 2428 1954 2468 suos
1967 2426 2128 2481 posse

520 2512 1008 2569 incontaminatos
1028 2524 1253 2564 servare
1283 2510 1461 2572 artus,
1484 2505 1770 2559 humanus
1784 2505 1979 2556 tamen
2011 2499 2129 2553 ani-

523 2619 672 2669 mus,
697 2599 1024 2673 fragilitatis
1063 2615 1182 2653 suae
1203 2600 1375 2651 vento
1405 2593 1672 2667 agitatus,
1732 2592 1791 2645 in
1842 2590 2127 2645 incertum

522 2691 821 2764 agebatur.
875 2688 1121 2743 Effertur
1188 2684 1437 2756 denique
1498 2680 1820 2753 lugentium
1876 2694 2130 2733 moeren-

519 2779 782 2851 tiumque
814 2776 1079 2832 manibus
1107 2773 1249 2829 illud
1276 2769 1618 2827 admirabile
1638 2766 2041 2839 margaritum,
2070 2768 2129 2820 et

516 2884 648 2923 cum
680 2867 833 2938 palla
856 2866 987 2937 (19),
1018 2879 1189 2935 super
1227 2877 1403 2934 quam
1457 2858 1643 2931 pridie
1698 2858 2125 2912 sacrosanctum

514 2972 725 3028 corpus
779 2955 910 3010 Jesu
962 2952 1170 3008 Christi
1234 2950 1423 3004 fuerat
1475 2947 1824 3010 confectum,
1878 2942 2125 2997 circum-

515 3045 763 3101 ducitur.
821 3044 965 3098 Cum
1010 3042 1252 3112 repente
1290 3036 1583 3110 aquilone,
1616 3033 1712 3106 qui
1779 3032 1853 3088 ad
1913 3032 2125 3087 horrea

2234 1971 2413 2043 igitur
2451 1974 2737 2041 omnibus,
2768 1976 2892 2030 haec
2924 1976 3201 2031 remansit
3246 1977 3460 2033 inusta.
3487 1978 3590 2032 Nec
3617 1976 3694 2030 his
3717 1975 3787 2029 iu-

2234 2062 2743 2118 commoditatibus
2772 2064 2936 2118 fracti
2959 2065 3137 2119 animi
3168 2066 3497 2134 bonorum;
3529 2064 3654 2137 quin
3695 2064 3786 2118 imo

2233 2153 2579 2220 procurante
2602 2152 2913 2207 venerabili
2944 2153 3043 2207 Dei
3066 2154 3286 2209 cultore
3321 2153 3598 2208 Richardo
3625 2152 3791 2207 abbate

2233 2235 2289 2290 in
2319 2254 2386 2291 eo
2418 2255 2532 2309 quo
2565 2256 2715 2293 nunc
2741 2240 2993 2294 cernitur
3020 2245 3256 2309 statum,
3281 2242 3439 2297 intra
3480 2242 3645 2296 trium
3692 2254 3793 2310 spa-

2228 2323 2373 2380 tium
2385 2343 2693 2390 annorum,
2708 2328 2817 2383 hoc
2835 2344 3060 2384 sacrum
3074 2332 3131 2383 et
3157 2330 3324 2385 valde
3338 2330 3673 2385 monachica:
3694 2327 3794 2381 vita

2228 2413 2541 2469 cultoribus
2556 2415 2880 2485 jucundum
2912 2422 3304 2489 praeparatum
3353 2421 3442 2472 est
3492 2417 3791 2474 coenobium.

2230 2505 2409 2558 Porro
2441 2521 2624 2559 annus
2658 2507 3069 2561 combustioms
3119 2506 3299 2578 ipsius
3330 2507 3443 2562 fuit
3491 2507 3582 2562 ille
3610 2504 3695 2578 qui
3742 2504 3798 2558 ab

2229 2593 2630 2649 Incarnatione
2654 2595 2878 2650 Domini
2906 2597 3017 2666 (20)
3039 2596 3519 2667 nongentesimus
3539 2604 3798 2667 septuage-

2228 2680 2406 2735 simus
2434 2685 2669 2753 quartus
2698 2683 2905 2738 dicitur
2932 2684 3121 2739 fuisse.

2853 2772 3077 2827 CAPUT
3113 2774 3196 2828 XI.

2227 2857 2567 2913 Architecti“
2617 2877 2742 2915 casu
2809 2862 3039 2987 absunt
3075 2860 3281 2917 Mulier
3335 2883 3370 2920 a
3412 2864 3645 2920 daemone
3695 2860 3803 2918 libe-

2955 2951 3015 2986 ra
3045 2952 3126 2987 ur.

2955 2951 3126 2987 ratur.

2296 3017 2385 3070 2i.
2421 3016 2581 3073 Circa
2617 3022 2840 3092 tempus
2864 3037 2998 3075 vero
3032 3021 3170 3077 illud
3200 3024 3359 3094 quod
3392 3039 3619 3079 summo
3648 3017 3802 3075 studio

513 3134 759 3189 fratrum
786 3132 1055 3186 ﬂammas
1078 3105 1436 3199 impellebat,
1463 3126 1604 3180 ﬂare
1637 3105 1938 3188 cessante,
1969 3123 2124 3175 totus
2142 3120 2191 3183 C.
2230 3105 2568 3199 re§laurati0
2596 3107 2718 3199 ejus
2745 3108 3166 3179 perficiebatur,
3198 3111 3551 3167 architectus
3581 3108 3808 3183 quidam.

512 3220 739 3294 ignium
771 3220 974 3290 globus
1001 3216 1293 3273 volumine
1324 3215 1476 3270 facto
1504 3214 1710 3269 coelum
1738 3226 1933 3265 versus
1957 3225 2123 3264 cacu-

512 3327 673 3366 mem
706 3307 963 3364 extendit
985 3306 1208 3377 ;ibique
1222 3319 1326 3373 par
1344 3301 1626 3373 superiori
1647 3298 1914 3371 apparuit
1947 3297 2122 3351 mira-

514 3398 733 3464 culum,
757 3394 994 3450 ecclesia
1009 3391 1202 3448 Sancti
1233 3388 1544 3455 Benedicti,
1577 3405 1706 3459 que:
1738 3386 1961 3457 pridem
2006 3402 2127 3440 suc-

515 3499 690 3538 censa
719 3484 891 3552 atque
915 3482 1236 3534 restaurata
1255 3480 1398 3543 erat,
1429 3477 1771 3530 remanente
1794 3487 1924 3526 cum
1956 3489 2128 3528 xeno-

518 3570 727 3627 dochio
759 3569 996 3640 ejusque
1020 3566 1290 3638 coquina,
1323 3580 1549 3620 necnon
1583 3565 1643 3618 et
1671 3560 1934 3634 pistrino,
1970 3577 2033 3614 ac
2079 3561 2125 3615 si

515 3659 798 3716 Dominus
827 3672 947 3712 non
960 3655 1167 3721 verbis,
1189 3653 1289 3709 sed
1316 3652 1605 3724 operibus,
1626 3650 1799 3706 servis
1810 3649 1924 3705 suis
1936 3649 2125 3704 dicere

516 3743 978 3804 videreturzEtsi
1010 3742 1168 3799 vobis
1220 3757 1325 3813 pro
1362 3739 1681 3796 commissis
1730 3737 2128 3811 iniquitatibus

516 3836 699 3892 iratus
732 3834 950 3899 videor,
981 3831 1246 3903 precibus
1273 3832 1473 3884 tamen
1516 3828 1774 3883 fidelium
1833 3842 2124 3889 meorum,

519 3942 666 3998 quos
686 3922 819 3979 huic
839 3922 964 3976 loco
994 3923 1214 3976 tutores
1243 3917 1453 3988 delegi,
1485 3916 1802 3988 mitigatus,
1820 3915 2013 3987 aliqua
2033 3930 2127 3970 vo-

518 4015 608 4071 bis
637 4012 711 4068 ad
741 4008 1183 4066 inbabitaudum
1215 4005 1505 4062 domicilia
1529 4005 1815 4077 relinquo.

1171 4167 1392 4223 CAPUT
1430 4167 1491 4221 X.

524 4262 715 4320 Mensa
773 4259 1118 4317 incombusta.
1153 4256 1389 4313 Camobiz'
1430 4256 1775 4312 instauratio.
1821 4253 2129 4309 Incendium

1236 4344 1375 4382 anno
1400 4329 1524 4383 974.

603 4441 692 4495 '23.
707 4436 874 4492 Aliud
887 4452 1114 4508 quoque
1141 4434 1475 4489 inusitatum
1494 4435 1667 4488 antea
1691 4433 1910 4489 sazculis
1935 4435 2130 4489 osten-

529 4544 659 4584 sum
688 4543 722 4581 a
742 4525 988 4581 Domino
1006 4522 1330 4594 estsignum
1359 4523 1515 4594 quod
1531 4540 1648 4577 non
1661 4523 1977 4595 ambigitur
2007 4540 2132 4579 me-

532 4617 658 4674 ritis
680 4612 945 4687 gloriosas
972 4610 1218 4683 Virginis
1260 4610 1448 4665 Marias
1497 4612 1951 4684 sanctissimique
1993 4630 2134 4668 con-

533 4703 762 4762 fessoris
782 4700 987 4757 Christi
1001 4697 1291 4754 Benedicti
1318 4697 1490 4753 fuisse
1522 4698 1846 4765 obtentum,
1879 4700 1952 4754 ad
1981 4716 2134 4757 moe-

535 4796 755 4848 storum
774 4790 1031 4845 solamen
1052 4785 1492 4843 monachorum.
1508 4786 1759 4858 Tripoda
1770 4791 1895 4842 erat
1906 4788 2133 4859 exigua,

607 4968 720 5042 (149)
743 4966 1051 5039 Corporale
1080 4968 1305 5042 vocant,
1333 4964 1489 5042 quod
1512 4965 1716 5042 contra
1744 4965 2009 5042 incendia
2034 4969 2135 5023 de-

532 5036 834 5121 ferri‘tunc
855 5036 1140 5121 temporis
1169 5036 1408 5121 solebat.
1452 5036 1601 5121 Lege
1629 5037 2133 5121 Consuetudinum

533 5106 1001 5169 Cluuiacensium’
1025 5107 1237 5161 librum
1270 5120 1334 5172 ιι,
1362 5122 1486 5176 cap.
1522 5109 1608 5171 30,
1629 5106 1912 5177 Rodulphi
1943 5109 2134 5164 Glabri

529 5183 744 5239 librum
764 5198 798 5234 v
826 5179 1082 5234 Historiae
1112 5192 1238 5248 cap.
1271 5180 1294 5249 l
1331 5176 1425 5249 ubi
1477 5178 1759 5249 chrismate
1788 5176 2130 5249 appellatur,

526 5258 586 5311 et
606 5254 924 5311 Rupertum
952 5246 1224 5304 abbatem
1255 5246 1326 5301 de
1366 5247 1632 5302 incendio
1658 5246 1950 5305 Tuitieiisi.

2230 3190 2329 3261 qui
2361 3208 2513 3247 nunc
2545 3194 2728 3248 adhuc
2755 3200 3031 3267 superest,
3060 3196 3400 3254 Dominious
3426 3197 3678 3262 nomine,
3698 3209 3807 3265 ope-

2227 3294 2352 3376 ram
2387 3283 2770 3355 coeperiendo
2786 3285 3033 3341 fratrum
3058 3286 3811 3354 dabatrefectorio.Cumquc

2229 3372 2288 3419 in
2320 3385 2550 3426 summo
2578 3376 2864 3444 operturus
2888 3373 3118 3447 fastigio
3139 3376 3508 3447 consisteret,
3528 3392 3591 3431 ac
3612 3372 3808 3428 cuidam

2229 3464 2336 3520 sibi
2370 3466 2640 3535 poculum
2669 3462 3007 3535 porrigenti,
3041 3463 3189 3517 ultra
3218 3478 3405 3534 quam
3436 3478 3666 3519 necesse
3693 3461 3811 3521 erat,

2227 3551 2578 3615 intenderet,
2610 3553 2767 3623 lapso
2798 3551 2945 3622 pede
2985 3550 3173 3605 subito
3205 3550 3368 3605 inter
3393 3552 3701 3607 immensas
3725 3551 3815 3602 tra-

2229 3640 2391 3695 bium
2409 3641 2591 3695 moles
2616 3639 2690 3694 ad
2704 3643 2916 3693 terram
2931 3637 3604 3696 decidit.Concurrentes
3620 3639 3815 3700 fratres,

2230 3729 2325 3801 qui
2345 3746 2480 3783 eum
2510 3733 2629 3784 tam
2662 3727 2863 3782 ictibus
2906 3727 3199 3799 lignorum
3227 3745 3410 3801 quam
3446 3728 3655 3785 duritia
3675 3730 3813 3781 terrm

2230 3817 2625 3872 examinatum
2663 3817 2963 3885 putabant,
3003 3832 3121 3871 non
3150 3817 3341 3872 solum
3382 3818 3690 3884 viventem,
3736 3808 3814 3867 sed

2228 3905 2406 3961 etiam
2436 3904 2705 3973 omnibus
2728 3904 3006 3959 membris
3033 3904 3492 3976 integerrimum
3534 3902 3814 3978 reperiunt.

2231 3992 2397 4057 Quod
2416 4009 2532 4047 non
2565 3991 2880 4064 ambigitur
2902 3992 3120 4047 meritis
3160 3994 3347 4049 sancti
3402 3994 3512 4049 viri
3556 3985 3812 4048 Benedicti

2228 4081 2400 4136 fuisse
2420 4080 2823 4149 obtentum,ne
2842 4081 3018 4137 homo
3048 4081 3170 4152 ejus
3200 4081 3436 4138 deditus
3447 4082 3695 4143 servitio,
3714 4078 3817 4132 vita

2229 4172 2329 4224 aut
2351 4169 2751 4224 membrorum
2785 4169 3079 4241 quodlibet
3108 4169 3426 4226 sustineret
3458 4169 3815 4244 dispendium.

2304 4261 2393 4314 25.
2419 4257 2497 4311 Ea
2527 4256 2703 4312 etiam
2724 4261 3066 4329 tempestate
3092 4274 3206 4329 qua
3234 4251 3819 4315 adhucinstaurationi

2150 4316 2202 4377 D
2231 4344 2647 4417 ejusstudiosus
2672 4316 3129 4417 impendebatur‘
3146 4344 3337 4413 labor,
3372 4351 3439 4402 et
3465 4343 3817 4402 sacratissima

2233 4435 2414 4492 Patris
2430 4433 2514 4487 sui
2532 4433 2825 4487 Benedicti
2840 4450 2984 4501 ossa,
3006 4433 3064 4487 in
3081 4433 3323 4488 ecclesia
3344 4434 3542 4491 Sancti
3558 4434 3705 4491 Petri
3726 4430 3818 4499 (2t)

2234 4524 2471 4579 devotus
2494 4521 2745 4576 ﬁliorum
2758 4523 3082 4577 asservabat
3107 4525 3421 4591 amor,tale
3437 4525 3579 4597 quid
3596 4524 3651 4578 in
3666 4517 3818 4594 priori

2234 4610 2629 4666 tumulationis
2656 4626 2771 4665 suae
2796 4610 2922 4666 loco
2952 4610 3045 4665 hic
3074 4612 3231 4665 tutor
3278 4615 3484 4667 noster
3534 4609 3821 4668 ostendisse

2235 4703 2522 4754 narratur.
2540 4698 2737 4753 Mulier
2747 4697 3015 4770 quiedam
3032 4698 3323 4754 dmmonio
3338 4700 3596 4768 obsessa,
3619 4699 3689 4754 ad
3715 4711 3822 4751 mo—

2237 4787 2553 4844 nasterium
2576 4789 2662 4842 est
2692 4787 2956 4856 deducta,
2976 4793 3149 4860 atque
3168 4786 3228 4842 in
3259 4792 3469 4862 crypta
3498 4785 3826 4852 interiori,ut

2236 4973 2425 5043 major
2453 4971 2626 5026 etiam
2660 4968 2975 5043 inuhonore
3002 4968 3179 5043 sancti
3201 4969 3355 5043 Petri
3379 4973 3611 5043 sacrata
3637 4967 3826 5043 erat,ut

2237 5037 2596 5124 colligo-tum
2618 5057 2685 5095 ex
2714 5040 2921 5124 litteris
2940 5040 3177 5124 Eccarodi‘
3201 5039 3435 5124 comitis
3462 5042 3719 5124 superius
3739 5037 3822 5091 ad-

2237 5109 2575 5188 ductis,_tum
2597 5128 2662 5188 ex
2680 5110 2935 5188 qupdam
2953 5109 3217 5188 scriniolo
3241 5109 3821 5188 ligneo,quod_nuper,

2236 5186 2373 5239 dum
2406 5185 2587 5237 altare
2626 5180 2778 5236 istud
2806 5180 3099 5251 augustius
3154 5180 3604 5248 instauraretur,
3628 5181 3685 5235 in
3721 5180 3824 5251 imo

2230 5256 2356 5311 loco
2396 5255 2693 5309 inventum
2714 5249 3048 5307 continebat
3070 5251 3193 5304 haec
3221 5252 3396 5305 verba
3426 5250 3732 5307 aurichalci
3754 5249 3819 5300 la-

596 5319 1064 5397 (205Lansentit
1122 5334 1447 5397 unanimus
1522 5319 1996 5390 chronograpbus
2066 5323 2128 5378 in
2227 5327 2402 5383 mina:
2432 5326 2749 5397 inscripta;
2778 5324 2981 5397 Meum
3034 5338 3192 5397 nam.
3225 5323 3434 5397 Iussu,
3510 5340 3587 5378 12v.
3618 5336 3827 5390 nonas

522 5390 787 5471 tomo'llj
817 5390 1063 5471 Ches_nii,
1095 5391 1381 5471 pag.‘3§5.

593 5467 711 5541 (21)
745 5463 1076 5541 Oratorium
1095 5458 1259 5541 istud
1294 5460 1569 5541 hactenus
1622 5477 1836 5541 magna
1859 5480 1925 5517 ex
1962 5468 2126 5541 parte

2231 5397 2354 5453 δῖε.
2387 5400 2582 5454 MARIE.
2603 5391 2685 5451 ὲτ.
2716 5395 2826 5451 STI.
2861 5396 3048 5449 PETRI.
3083 5395 3133 5447 Is
3165 5398 3251 5447 est
3283 5394 3636 5449 Mummolus
3663 5391 3804 5446 abba

2229 5468 2339 5523 loci
2368 5468 2669 5534 secundus,
2700 5466 2861 5537 cujus
2884 5465 3135 5537 elogium
3164 5463 3222 5517 in
3253 5463 3477 5519 Szeculo
3507 5464 3561 5519 ΙΙ
3591 5463 3822 5518 relatum

519 5532 781 5597 superest
808 5535 961 5590 intra
978 5533 1586 5597 claustramonasterii,
1605 5532 1760 5586 aliud
1785 5533 1856 5588 ab
1888 5532 2125 5592 ecclesia
2228 5544 2332 5594 est.

270 5526 781 5769 Vision-est
803 5535 961 5618 intra
978 5533 1586 5613 claustramonasterii,
1605 5526 1760 5586 aliud
1785 5533 1856 5588 ab
1888 5526 2120 5592 ecclesia

516 5608 973 5689 principali,qute
1002 5605 1187 5663 beatas
1210 5603 1396 5662 Mante
1422 5603 1612 5662 dicata
1639 5606 1745 5673 est,
1772 5607 2001 5663 tametsi
2022 5623 2120 5665 ara

596 5774 627 5801 \

638 5808 655 5823 \
