3934 6176
266 465 368 526 817

1056 466 1147 526 DE
1174 466 1547 527 MIRACULIS
1578 462 1637 524 S.
1669 462 2030 525 BENEDIC'I‘I
2060 458 2241 525 LIBRI
2266 466 2431 530 DUO.
2462 501 2532 515 -—
2562 469 2691 530 LIB.
2720 472 2763 530 ι.

3471 472 3575 537 818

263 591 344 651 ibi
377 594 701 663 curaretur,
732 589 1082 651 intromissa.
1134 596 1296 651 Unde
1336 598 1465 667 post
1495 594 1876 668 aliquantulas
1896 592 1951 652 Α
1974 596 2026 650 ei
2059 595 2117 651 in
2141 598 2343 655 ordine
2372 599 2506 656 vicis
2538 618 2612 658 sae
2643 601 3034 677 pr0pensioris
3061 618 3212 661 cura:
3241 602 3580 663 immineret

267 684 742 741 debacchationis
773 702 885 740 suae
934 701 1129 740 moras
1184 688 1453 751 retracta,
1502 689 1635 739 ante
1694 686 1873 740 altare

257 777 471 829 sanctae
497 773 595 829 Dei
644 773 941 828 Genitricis
967 773 1154 827 Mariae
1195 773 1480 841 constitit;
1519 773 1757 843 excujus
1774 789 1872 827 ore

261 866 324 916 ut
356 861 525 917 nobis
552 862 801 917 relatum
819 865 923 927 est,
941 865 1057 916 tres
1078 861 1373 916 daemones
1395 862 1452 916 in
1486 862 1722 916 modum
1751 878 1871 917 sca-

267 951 603 1006 rabaaorum
633 966 765 1005 cum
787 949 951 1004 viridi
977 949 1282 1005 cholerain
1309 951 1527 1005 concha
1546 949 1874 1005 decidentes

259 1055 436 1109 terea,
467 1037 723 1093 sonitum
754 1054 1085 1111 repercusso
1103 1055 1217 1093 aere
1246 1038 1490 1093 cierunt.
1514 1038 1719 1110 Sicque
1742 1054 1872 1109 per-

256 1143 401 1183 sona
445 1127 545 1183 illa
604 1128 886 1182 mundata
933 1131 1037 1194 est,
1071 1128 1309 1183 obtentu
1366 1128 1629 1198 gloriosae
1683 1128 1875 1183 Matris

261 1215 496 1273 Domini
528 1232 594 1272 ac
625 1215 822 1288 inclyti
842 1216 1183 1271 confessoris
1211 1216 1332 1286 ejus
1364 1216 1673 1271 Benedicti.

880 1324 1104 1378 CAPUT
1150 1324 1259 1377 XII.

880 1324 1104 1379 CAPUT
1150 1324 1259 1377 XII.

366 1410 690 1469 Contractus
709 1419 922 1468 erectus.
956 1412 1251 1537 Βὲιῧῇιίεὑη
1266 1428 1521 1484 pauperes
1549 1410 1791 1466 Flarz'aci

1007 1501 1146 1537 ιιιιτι.

342 1575 435 1629 26.
469 1570 655 1627 Homo
684 1571 793 1627 fuit
805 1570 1041 1643 quidam
1053 1570 1421 1626 Wastinensis
1432 1570 1874 1642 pagiindigena,

267 1660 363 1733 qui
392 1661 471 1716 ab
501 1663 666 1715 utero
696 1660 899 1715 matris
925 1659 1136 1730 pedum
1167 1659 1418 1731 privatus
1444 1658 1665 1724 officiis,
1694 1675 1877 1712 scam-

269 1749 582 1804 mellorum
614 1747 966 1803 adminiculo
984 1748 1092 1802 iter
1120 1747 1726 1814 conficiebat,humum
1753 1762 1877 1799 ver-

270 1835 700 1903 rendo.Bic,ter
728 1835 881 1892 beati
931 1834 1113 1890 Patris
1147 1836 1328 1891 nostri
1360 1834 1650 1890 Benedicti
1686 1833 1883 1888 audita

1974 687 2217 760 diligens
2241 693 2483 757 cautela,
2513 691 2717 747 accidit
2744 693 3040 749 lucernam
3071 697 3204 750 ante
3235 696 3414 751 altare
3445 713 3577 768 per-

1972 782 2159 850 petua;
2177 779 2423 851 Virginis
2441 781 2629 836 Mariae
2645 780 3032 837 venerationis
3058 782 3245 855 gratia
3275 800 3575 841 accensam

1973 868 2273 939 exstingui.
2327 869 2440 923 Mos
2491 886 2625 924 vero
2672 887 2705 925 a
2749 870 2948 942 priscis
2978 871 3266 927 institutus
3314 874 3579 929 Patribus

1972 958 2263 1013 observari
2292 957 2490 1014 solitus
2519 963 2664 1026 erat,
2715 960 2871 1031 quod
2906 977 3011 1015 nos
3036 978 3263 1035 quoque
3295 963 3353 1018 in
3381 966 3580 1019 nostra

1972 1046 2367 1117 perspeximus
2417 1046 2541 1101 fieri
2592 1048 2856 1120 pueritia,
2913 1052 2976 1103 ut
3024 1052 3145 1104 tam
3174 1050 3374 1106 diebus
3402 1069 3577 1124 quam

1972 1135 2254 1201 noctibus,
2286 1135 2463 1190 trium
2494 1137 2860 1191 lucernarum
2902 1137 3119 1193 lumine
3152 1143 3480 1196 memorata
3510 1141 3581 1195 il-

1971 1225 2313 1278 lustraretur
2365 1224 2623 1279 ecclesia.
2686 1226 3031 1281 Exstinctam
3082 1244 3221 1299 ergo
3276 1229 3581 1301 praedictus

1973 1312 2159 1367 frater
2189 1312 2513 1380 candelam,
2547 1314 2619 1369 ad
2650 1314 2823 1369 aliam
2841 1332 2968 1388 qua:
2991 1317 3251 1388 sepulcro
3269 1317 3425 1373 beati
3442 1334 3580 1374 con-

1974 1400 2206 1455 fessoris
2221 1402 2534 1472 praelucere
2562 1405 2955 1470 consueverat,
2986 1407 3049 1458 ut
3067 1405 3405 1461 accenderet
3421 1406 3584 1461 defe-

1973 1488 2320 1560 rens,ipsam
2343 1506 2573 1563 quoque
2594 1489 2865 1546 defecisse
2884 1491 3117 1562 reperit;
3135 1493 3369 1549 tertiam
3382 1494 3581 1557 etiam,

1976 1594 2105 1649 quin
2137 1577 2391 1633 oratoria
2421 1583 2634 1650 cryptm
2664 1579 2947 1635 illustrare
2972 1582 3139 1637 solita
3165 1585 3309 1649 erat,
3328 1582 3468 1638 dum
3495 1582 3585 1638 in-

1978 1666 2212 1733 visisset,
2237 1670 2294 1721 et
2319 1667 2505 1738 ipsam
2537 1672 2864 1723 emortuam
2892 1669 3151 1725 offendit.
3181 1671 3463 1727 Turbatus
3479 1671 3587 1745 igi-

1976 1758 2073 1809 tur
2097 1755 2315 1822 animo,
2348 1755 2486 1810 dum
2509 1756 2734 1811 concito
2765 1756 2949 1828 gradu
2975 1775 3035 1813 se
3056 1758 3242 1823 effert,
3278 1764 3342 1817 ut
3387 1760 3587 1817 lumen

1981 1842 2227 1897 basilicae
2280 1843 2625 1910 restitueret,
2680 1860 2970 1915 regressus
3012 1848 3301 1919 perspexit
3353 1863 3588 1903 unume

270 1924 924 1995 fama,ejusveneranda
956 1924 1095 1979 adiit
1121 1924 1343 1979 limina.
1370 1923 1879 1995 Susceptusautem
1904 1964 1955 2022 B
1981 1931 2158 1985 cereis
2201 1932 2692 2000 eminentioribus,
2745 1936 2841 2006 qui
2896 1950 3072 2006 penes
3125 1937 3306 1991 altare
3353 1937 3590 2008 Reginae

271 2013 328 2068 in
352 2012 600 2068 domum
618 2013 958 2068 alendorum
980 2029 1297 2085 pauperum
1325 2012 1517 2067 usibus
1533 2012 1881 2083 delegatam,

270 2101 439 2173 petiit
467 2117 528 2156 se
559 2101 836 2156 alimonia
863 2102 1169 2156 sustentari
1199 2102 1466 2167 fratrum,
1502 2101 1684 2156 donec
1702 2100 1882 2155 inter-

270 2193 448 2245 ventu
495 2189 677 2245 sancti
714 2189 1054 2244 confessoris
1102 2189 1187 2244 sui
1230 2190 1509 2244 Dominus
1568 2192 1780 2259 optata:
1830 2188 1883 2243 ei

271 2278 473 2334 salutis
486 2278 766 2333 tribueret
790 2278 1078 2333 eﬂ‘ectum.
1095 2278 1265 2349 Cujus
1290 2278 1554 2349 precibus
1570 2277 1883 2332 Richardus

250 2420 255 2425 .
272 2367 449 2423 abbas
468 2365 815 2433 annuens,in
833 2383 1076 2422 numero
1091 2366 1395 2423 duodecim
1416 2382 1735 2438 egenorum
1749 2381 1883 2420 eum

268 2454 479 2511 haberi
499 2454 914 2526 instituit,quos
930 2453 1175 2525 diligens
1196 2454 1334 2510 boni
1357 2456 1727 2525 antiquorum
1749 2470 1887 2508 cura

269 2546 512 2599 Patrum
544 2543 605 2597 in
633 2543 743 2598 hoc
770 2544 967 2598 nostro
998 2542 1341 2597 Floriacensi
1366 2541 1732 2608 coenobio,ob
1749 2541 1887 2597 duo-

271 2633 578 2689 denarium
599 2632 990 2705 apostolorum
1014 2649 1347 2699 numerum,
1370 2631 1776 2687 communibus
1791 2630 1889 2685 sti-

274 2721 506 2793 pendiis
526 2720 729 2777 diatim
759 2720 834 2776 ali
864 2737 929 2776 ac
957 2720 1151 2776 vestiri
1180 2720 1436 2776 sancivit.
1461 2719 1567 2785 Qui
1598 2718 1884 2791 quotidia-

271 2810 358 2865 nis
376 2808 637 2881 suspiriis
662 2826 827 2865 aures
855 2808 1092 2880 piissimi
1126 2811 1356 2881 pulsans
1377 2807 1887 2875 Conditoris,dona

272 2898 484 2971 cupita:
512 2898 785 2970 poscebat
803 2896 1109 2968 sospitatis.
1144 2898 1209 2951 Et
1246 2896 1379 2969 quia
1416 2896 1581 2968 juxta
1623 2894 1887 2951 Veritatis

275 2986 519 3054 dictum,
543 2987 818 3042 caelorum
849 2987 966 3040 vim
1002 2985 1218 3057 patitur
1242 3002 1510 3056 regnum,
1539 2980 1596 3039 et
1616 2983 1888 3039 instantia

274 3076 499 3148 rapitur
518 3076 903 3131 violentorum
927 3074 1148 3147 (Matth.
1174 3092 1248 3142 χι,
1273 3076 1586 3147 12ξ,ρείθηε
1602 3073 1883 3144 accipere,

276 3182 539 3238 quaerens
570 3163 849 3232 invenire,
882 3166 1226 3237 pulsansque
1250 3166 1313 3218 ut
1340 3163 1447 3219 sibi
1476 3161 1886 3218 misericordia:

276 3254 597 3326 aperiretur
641 3252 827 3308 aditus
882 3253 1032 3323 (Luc.
1077 3269 1152 3320 XI,
1195 3252 1308 3322 40),
1340 3251 1553 3306 meruit
1598 3250 1881 3305 obtinere.

271 3341 531 3396 Tandem
559 3342 713 3396 enim
765 3341 1037 3413 suffragio
1068 3340 1128 3395 in
1154 3341 1357 3413 primis
1386 3342 1553 3395 almae
1583 3339 1886 3395 Genitricis

278 3428 484 3484 Christi
515 3428 727 3495 Mariae,
752 3429 814 3485 in
845 3431 1004 3500 cujus
1033 3429 1352 3485 excubabat
1403 3430 1551 3495 aula,
1585 3446 1649 3483 ac
1675 3427 1884 3482 deinde

277 3517 735 3573 excellentissimi
764 3518 1184 3573 monachorum
1202 3518 1545 3589 legislatoris
1564 3515 1881 3583 Benedicti,

275 3622 447 3677 quem
485 3606 867 3661 mediatorem
912 3606 1063 3661 inter
1090 3623 1150 3661 se
1179 3610 1237 3661 ct
1285 3606 1595 3660 Dominum
1647 3620 1880 3659 suarum

273 3692 1037 3765 elegerat:precum,arentes
1055 3694 1377 3749 humectari
1398 3694 1577 3760 nervi,
1599 3709 1881 3765 cruraque

267 3784 571 3837 contracta
597 3797 821 3854 coepere
840 3782 1190 3839 resolvi.Hoc
1210 3782 1305 3837 ubi
1323 3779 1630 3853 languidus
1649 3799 1880 3854 persen-

264 3869 363 3935 sit,
380 3872 440 3924 et
460 3869 580 3942 ipse
601 3869 842 3941 cupidus
863 3870 1372 3940 sanitatis,insueto
1391 3871 1714 3926 attentabat
1727 3871 1879 3925 viam

267 3959 463 4012 terere
493 3974 678 4012 more.
702 3959 987 4014 Paulatim
1016 3959 1211 4031 itaque
1241 3977 1299 4014 se
1330 3960 1703 4031 subrigendo,
1744 3974 1878 4030 pro-

266 4061 432 4101 cessu
450 4046 729 4117 temporis
744 4047 1080 4102 ambulandi
1095 4047 1454 4103 firmissimas
1464 4048 1704 4121 adeptus
1714 4049 1882 4116 vires,

268 4133 501 4189 meritis
530 4134 748 4206 egregii
772 4135 1134 4203 confessoris,
1167 4136 1373 4190 nativae
1400 4136 1599 4192 statuit
1621 4139 1885 4207 repetere

268 4221 635 4295 proprietam
665 4223 902 4278 telluris.
936 4225 1227 4279 Postulata
1279 4224 1472 4296 itaque
1522 4225 1772 4280 abeundi
1817 4225 1884 4280 li-

265 4311 485 4378 centia,
518 4311 734 4382 gratias
761 4312 1056 4368 liberatori
1087 4314 1204 4368 Deo
1234 4316 1547 4385 sanctoque
1580 4330 1685 4385 pro
1719 4329 1885 4385 posse

264 4400 537 4455 referens
579 4400 909 4467 Benedicto,
939 4418 1069 4456 cum
1096 4402 1343 4473 propriis
1375 4420 1516 4474 quos
1560 4403 1635 4457 ad
1658 4403 1768 4458 hoc
1798 4403 1884 4475 ip-

262 4505 398 4543 sum
424 4492 761 4544 evocaverat
781 4490 1055 4545 fratribus
1084 4491 1157 4546 ad
1185 4508 1288 4546 sua
1318 4508 1597 4558 reversus,
1641 4492 1883 4563 agricul-

264 4579 417 4631 turae
448 4576 523 4632 de
554 4575 775 4649 reliquo
795 4594 1034 4649 operam
1060 4579 1237 4633 dedit.

883 4685 1104 4740 CAPUT
1146 4686 1282 4740 XIII.

298 4769 566 4827 Luem
593 4777 699 4827 tres
725 4774 782 4827 in
810 4773 1021 4828 ecclesia
1047 4773 1121 4827 B.
1155 4773 1374 4829 Maria.
1411 4772 1605 4829 Cereus
1653 4775 1854 4831 calitus

944 4860 1218 4900 accensus.

344 4934 438 4985 27.
459 4929 627 5002 Saepe
644 4931 930 4987 nominati
959 4932 1186 4988 abbatis
1214 4933 1482 4988 Richardi
1508 4932 1889 5004 temporibus,

246 5018 505 5081 cuidam
535 5021 824 5076 monacho
874 5020 1206 5088 Benedicto,
1237 5021 1327 5076 cui
1351 5020 1525 5094 Niger
1553 5038 1893 5093 praznomen

247 5107 397 5175 fuit,
429 5108 506 5163 ab
535 5106 742 5163 eodem
766 5108 975 5164 abbate
1009 5124 1141 5164 cum
1168 5109 1478 5181 aliquantis
1500 5108 1627 5165 aliis
1656 5127 1723 5166 ex
1744 5113 1893 5167 cestu

244 5190 525 5251 fratrum
570 5197 800 5252 tuendae
856 5214 1031 5252 sacra:
1062 5197 1199 5252 taedis
1248 5199 1528 5254 mandata
1572 5199 1892 5257 sollicitudo

242 5274 401 5351 fuit,
428 5283 583 5339 illius
612 5301 749 5339 sane
794 5303 921 5358 quae
949 5290 1160 5341 sanctae
1206 5287 1309 5341 Dei
1356 5287 1657 5342 Genitricis
1702 5289 1892 5344 Mariae

241 5372 377 5432 sub
395 5373 620 5427 honore
651 5374 766 5427 Deo
796 5373 1002 5440 dicata,
1032 5376 1280 5430 caelestis
1309 5376 1583 5443 thesauri,
1636 5377 1891 5448 corporis

243 5462 400 5516 dico
432 5461 778 5515 sanctissimi
810 5462 992 5517 Patris
1022 5463 1336 5531 Benedicti,
1374 5465 1638 5519 mirabile
1672 5465 1890 5520 cunctis

242 5568 317 5623 in
354 5565 418 5601 se
444 5549 662 5603 retinet
686 5552 1091 5622 margaritum.
1119 5553 1242 5607 Uno
1272 5552 1463 5623 itaque
1490 5554 1884 5621 dierum,dum

1910 3296 1958 3352 C

1982 2020 2271 2091 virginum
2316 2022 2453 2092 poni
2505 2023 2712 2085 solent,
2760 2024 2817 2076 et
2845 2022 2903 2077 in
2932 2022 3332 2079 festivitatibus
3359 2028 3590 2080 tantum

1982 2109 2238 2176 accendi,
2269 2109 2538 2165 divinitus
2587 2111 2998 2179 illuminatum,
3052 2112 3306 2167 ﬂammis
3352 2112 3591 2169 rutilare

1983 2198 2246 2253 coruscis.
2278 2199 2459 2264 Quam
2512 2216 2638 2254 rem
2669 2201 2833 2255 valde
2878 2200 3195 2269 admirans,
3230 2200 3442 2275 gratias
3471 2202 3592 2257 Deo

1982 2287 2256 2353 reddidit,
2288 2287 2620 2360 intelligens
2658 2288 3098 2345 exstinctionem
3128 2290 3438 2357 luminum,
3474 2306 3593 2346 non

1983 2376 2243 2442 casu,sed
2273 2376 2463 2431 divina
2493 2376 2762 2432 accidisse
2788 2378 3169 2450 providentia,
3189 2379 3262 2434 ad
3282 2378 3592 2434 ostenden-

1984 2464 2120 2519 dum
2152 2465 2511 2531 mortalibus,
2543 2465 2674 2521 huic
2704 2465 3083 2522 sacratissimo
3113 2468 3238 2523 loco
3279 2482 3591 2539 supernam

1984 2570 2352 2626 nequaquam
2375 2553 2570 2609 abesse
2600 2553 3011 2611 visitationem.

2598 2643 2821 2700 CAPUT
2870 2645 2982 2699 XIV

2372 2729 2567 2787 Sancti
2602 2737 2929 2804 contemptor
2947 2736 3201 2805 punitus.

2057 2820 2145 2874 28.
2179 2820 2363 2891 Eques
2392 2820 2629 2891 quidam
2652 2821 2961 2892 aliquando
2985 2821 3095 2877 iter
3122 2822 3599 2890 faciens,devenit

1985 2907 2044 2962 in
2078 2907 2270 2964 villam
2303 2909 2375 2963 ad
2394 2910 2488 2980 jus
2520 2910 2857 2964 monasterii
2884 2909 3079 2965 Sancti
3108 2911 3400 2967 Benedicti
3425 2911 3599 2984 perti-

1987 2998 2247 3064 nentem,
2307 2997 2395 3051 cui
2440 2997 2732 3052 Vitriarias
2777 3014 2991 3053 nomen
3029 3003 3147 3067 est;
3196 2999 3598 3072 ingressusque

1987 3084 2228 3164 domum
2256 3086 2553 3156 cujusdam
2580 3086 2787 3154 vidum,
2808 3086 3028 3142 invenit
3049 3088 3361 3142 sextarium
3378 3103 3598 3152 ave—nte,

1987 3189 2161 3244 quam
2223 3174 2433 3244 pabulo
2486 3191 2770 3246 equorum
2825 3174 3206 3231 necessariam
3263 3176 3370 3231 sibi
3418 3177 3600 3232 tolere

1985 3264 2201 3332 volens,
2226 3264 2513 3318 amuliere
2532 3264 2968 3337 prohibebatur,
2993 3264 3246 3321 dicente:
3269 3265 3599 3339 «Si,inquit,

1985 3350 2274 3407 viduitatis
2288 3368 2432 3407 meae
2449 3356 2849 3425 paupertatem
2864 3354 3180 3409 auferendo
3202 3370 3296 3410 me
3309 3354 3599 3428 despectui

1986 3440 2184 3507 habes,
2242 3442 2447 3495 saltem
2502 3440 2926 3498 sanctissimum
2960 3459 3157 3498 revcre
3198 3443 3596 3512 Benedictum,

1985 3529 2145 3599 cujus
2167 3530 2315 3601 juris
2342 3531 2451 3586 hoc
2498 3547 2594 3585 rus
2622 3534 2708 3586 est
2737 3532 2889 3604 quod
2923 3532 3132 3588 incolo.
3165 3553 3193 3581 ››
3255 3532 3357 3587 Cui
3412 3532 3596 3601 miles,

1984 3639 2012 3666 «
2040 3617 2310 3686 Tantum,
2345 3618 2445 3686 ait,
2475 3636 2580 3690 pro
2610 3621 2808 3675 sancto
2832 3618 3160 3687 Benedicto,
3184 3624 3465 3693 quantum
3494 3637 3599 3693 pro

1980 3707 2037 3758 te
2060 3704 2344 3772 dimitto;»
2368 3711 2684 3781 vocatoque
2704 3707 3263 3780 armigero,avenam
3282 3725 3455 3783 quam
3479 3708 3601 3782 ipse
3664 3728 3669 3733 ‘

1981 3793 2043 3847 in
2075 3796 2363 3850 sacculum
2409 3797 2772 3867 paupercula
2818 3796 3229 3864 transfuderat,
3271 3798 3418 3853 collo
3464 3799 3597 3870 equi

1982 3881 2285 3937 ferendam
2318 3882 2575 3951 tradidit,
2625 3884 2818 3956 sicque
2877 3883 3150 3940 discessit.
3196 3885 3309 3940 Nec
3356 3886 3600 3957 longum

1984 3969 2208 4024 itineris
2237 3971 2487 4042 spatium
2506 3987 2795 4039 emensus,
2816 3972 3024 4039 subito,
3052 3988 3117 4027 ac
3148 3973 3320 4027 nullis
3348 3973 3601 4044 urgenti-

1984 4061 2090 4116 bus
2121 4060 2431 4115 calcarium
2480 4060 2745 4128 stimulis,
2792 4077 2939 4134 equo
2972 4061 3045 4115 ad
3084 4077 3313 4116 cursum
3344 4062 3598 4134 proclivo

1986 4148 2043 4203 in
2062 4148 2815 4222 praacepslabiturSonipes
2834 4149 3093 4221 disrupta
3110 4150 3595 4221 guttureinteriit;

1986 4238 2109 4309 ipse
2138 4239 2319 4294 fracto
2351 4238 2679 4294 debilitatus
2704 4254 2868 4294 crure
2900 4238 2999 4293 diu
3028 4237 3269 4310 languit.
3289 4238 3405 4295 Sua
3424 4239 3600 4312 igitur

1985 4343 2159 4400 poena
2185 4327 2307 4398 ipse
2338 4326 2548 4383 dedicit
2577 4330 2636 4382 et
2687 4326 2811 4383 aliis
2840 4327 3170 4400 exemplum
3218 4329 3466 4400 praebuit
3490 4346 3597 4385 nec

1985 4419 2212 4472 sanctos
2232 4420 2502 4488 oportere
2528 4415 2847 4488 contemni,
2868 4432 2974 4472 nec
2986 4415 3289 4472 viduarum
3312 4418 3600 4491 lacrymas

1987 4506 2199 4561 debere
2231 4523 2352 4561 esse
2396 4507 2708 4579 despectui,
2740 4525 2890 4580 quas,
2941 4510 3006 4562 ut
3050 4506 3131 4563 ait
3182 4509 3484 4578 Salomon,
3525 4511 3598 4566 ab

1987 4593 2164 4648 oculis
2191 4593 2265 4648 ad
2296 4593 2574 4660 maxillas,
2607 4612 2642 4649 a
2670 4594 2917 4651 maxillis
2952 4596 3027 4651 ad
3058 4600 3275 4652 terram
3303 4597 3596 4665 decidunt,

1987 4684 2045 4735 et
2075 4680 2354 4737 Dominus
2399 4682 2662 4739 omnium
2706 4686 3000 4757 susceptor
3053 4688 3140 4741 est
3165 4702 3368 4741 earum
3396 4686 3595 4759 (Eccli.

1989 4786 2148 4837 xxxv,
2184 4768 2293 4843 I9).

2593 4860 2825 4916 CAPUT
2878 4862 2984 4917 XV.

1991 4947 2332 5006 Praedatores
2360 4949 2524 5006 multi
2551 4951 2784 5023 apaucis
2801 4950 3304 5023 fusi.S.Bmdicti
3320 4954 3595 5011 vexillmn.

2063 5042 2152 5094 29.
2182 5038 2645 5112 Caput-cervium
2660 5039 2930 5115 (Summe)
2943 5043 3220 5115 possessio
3233 5044 3501 5117 quaedam
3514 5047 3602 5100 est

1993 5127 2187 5183 Sancti
2229 5128 2541 5197 Benedicti,
2571 5129 2641 5185 de
2671 5146 2786 5203 qua
2824 5130 2883 5186 in
2927 5132 3299 5205 sequentibus
3346 5133 3595 5204 plenius,

1992 5216 2220 5273 favente
2242 5219 2381 5284 Deo,
2397 5218 2686 5273 narraturi
2710 5236 2908 5275 sumus
2923 5220 3048 5294 (lib.
3066 5238 3259 5293 n,cap.
3279 5224 3332 5275 5.
3347 5220 3416 5274 V.
3431 5220 3599 5281 Adre-

1990 5305 2162 5374 vald.,
2191 5304 2444 5379 cap.38),
2477 5307 2724 5379 qualiter
2751 5309 2967 5364 scilicet
2981 5310 3053 5364 ad
3086 5308 3408 5364 dominium
3429 5310 3597 5381 hujus

1991 5395 2364 5450 Floriacensis
2385 5395 2629 5451 crenobii
2654 5397 2996 5468 pervenerit,
3025 5414 3123 5451 seu
3142 5398 3435 5469 quomodo
3462 5397 3596 5453 inde

1988 5484 2264 5539 habitatio
2282 5485 2702 5540 monachorum
2725 5486 2799 5541 ad
2826 5485 3057 5540 Salense
3074 5486 3187 5559 (22)
3208 5492 3457 5542 castrum
3476 5502 3599 5541 mu-

1990 5575 2108 5628 tata
2150 5573 2239 5628 sit.
2275 5573 2377 5628 Cui
2427 5573 2769 5645 possessioni
2818 5574 3213 5643 gubernanda
3260 5576 3430 5648 paulo
3461 5578 3597 5631 ante

383 5710 489 5787 (22)
515 5713 596 5769 De
621 5711 734 5769 situ
761 5713 928 5771 castri
959 5713 1227 5787 Salensis,
1256 5717 1424 5790 vulgo
1447 5716 1859 5778 Saint-Benoist
1894 5718 1969 5776 du
1997 5718 2156 5778 Sault
2176 5719 2331 5778 infra
2353 5719 2414 5777 in
2442 5719 2542 5777 lib.
2574 5736 2636 5791 ιι,
2665 5735 2792 5793 cap.
2816 5722 2870 5790 6,
2903 5736 3064 5777 num.
3101 5724 3187 5782 l5.
