3934 6176
431 416 540 480 819

1535 414 1804 478 AIMOINI
1832 415 2142 476 MONACHI
2191 414 2688 480 FLORIACENSIS

3604 432 3684 494 820

430 541 790 596 memoratus
821 542 994 606 (num.
1044 535 1136 610 27)
1183 538 1269 596 vir
1317 539 1666 596 venerabilis
1715 541 2127 602 BenedictusA
2155 539 2516 614 Quapropter
2547 543 2694 598 Elias
2743 542 2975 600 Bosonis
3022 541 3191 613 filius,
3243 543 3510 604 dominum
3549 566 3683 609 suum

429 629 748 686 monachus
762 625 1101 698 pra-positus
1115 630 1218 683 est.
1239 627 1363 693 Qua
1384 631 1728 702 tempestate
1749 648 1816 685 ex
1835 632 2050 701 castris,

2158 631 2505 686 Willelmum
2525 632 2796 687 comitem
2813 633 3221 688 Pietaviensem
3243 638 3534 693 muneribus
3547 643 3688 710 preci.

434 735 561 790 quae
592 717 946 772 creberrima
976 734 1078 790 per
1111 734 1241 772 eam
1291 719 1597 790 regionem
1639 721 1948 788 habentur,
1983 722 2056 777 ad
2155 719 2373 792 busque
2423 722 2672 790 pellexit,
2726 725 3007 794 quatenus
3050 727 3294 778 castrum
3341 724 3540 793 Giraldi,
3566 730 3687 798 quod

428 810 662 863 centum
677 806 1061 879 quadraginta
1074 807 2053 885 armati,inArgentomagenses(23)

428 913 623 968 agros,
678 896 774 968 qui
819 896 870 952 ei
917 897 1043 951 loco
1097 896 1268 950 vicini
1304 901 1456 965 sunt,
1516 916 1637 954 sese
1683 900 2048 970 diffuderant,

429 988 653 1062 praedas
679 1005 746 1042 ex
787 987 868 1042 eis
917 986 1131 1055 acturi;
1189 986 1402 1042 idcirco
1435 1005 1501 1042 ex
1522 988 1676 1042 .villis
1703 989 1874 1044 etiam
1899 1006 2051 1060 pree-

430 1077 597 1133 dictre
626 1076 999 1149 possessionis
1021 1079 1292 1131 armenta
1320 1093 1420 1131 seu
1440 1078 1688 1147 pecudes
1709 1079 2045 1151 abegerant.

427 1167 687 1238 Cumque
730 1164 1363 1236 Argentomagensibus
1395 1166 1612 1220 damna
1644 1184 1878 1222 suarum
1912 1185 2048 1240 per-

429 1256 540 1310 lata
577 1255 817 1310 fuissent
846 1271 1062 1321 rerum,
1119 1271 1149 1308 e
1177 1255 1560 1309 castrensibus
1610 1257 1913 1311 confestim
1945 1258 2049 1312 ad-

425 1362 624 1400 versus
683 1361 781 1400 eos
834 1344 1148 1416 pugnaturi
1197 1343 1495 1416 prosiliere
1550 1344 1776 1416 portis;
1835 1346 1932 1400 sed
1991 1346 2048 1402 in

424 1449 608 1487 unum
657 1431 1009 1503 conglobati,
1065 1448 1196 1486 cum
1224 1447 1283 1484 se
1313 1431 1572 1485 hostibus
1620 1449 1861 1487 numero
1903 1434 2047 1489 infe-

424 1521 608 1578 riores
633 1521 915 1587 viderent,
940 1519 1217 1592 congredi
1247 1536 1376 1573 cum
1408 1518 1496 1573 his
1519 1520 1870 1591 pavitabant.
1894 1523 2049 1576 Tunc

423 1628 570 1666 unus
601 1627 667 1664 ex
699 1610 832 1680 ipsis
853 1609 1126 1663 divinitus
1154 1607 1445 1663 animatus
1473 1609 1638 1664 sociis
1659 1609 1822 1665 infit:
1853 1612 2048 1666 «Nunc

418 1699 678 1767 interim,
699 1716 730 1754 ο
748 1698 1010 1753 fidissimi
1030 1697 1707 1765 commilitones,terram
1733 1699 1926 1754 Sancti
1943 1702 2046 1754 Be-

415 1788 630 1844 nedicti
658 1787 1013 1842 adversarios
1029 1786 1430 1859 depraedatum
1445 1787 1672 1858 ingredi
1694 1787 1970 1858 sinamus;
1991 1793 2048 1844 et

2153 808 2354 863 Brucia
2383 808 2481 881 (V.
2515 811 2617 864 lib.
2651 827 2714 878 ix,
2749 827 2872 882 cap.
2908 814 2937 864 6
2946 822 2963 881 )
2996 811 3222 879 dicitur,
3245 828 3420 867 secum
3448 815 3690 871 obsidione

2153 897 2563 968 cingeret.Qua
2589 900 2659 954 de
2678 917 2739 953 re
2772 917 2888 954 non
2916 901 3100 955 solum
3128 900 3284 954 villas
3302 901 3504 956 Giraldo
3524 920 3690 974 paren-

2149 987 2459 1048 tes,verum
2485 987 2658 1041 etiam
2683 988 3066 1060 possessiones
3087 988 3328 1042 Salensis
3355 990 3568 1044 cmnobii
3587 1007 3696 1045 con-

2149 1073 2278 1144 tigit
2294 1074 2541 1144 graviter
2563 1075 2864 1130 devastari.
2892 1076 3132 1130 Nuntius
3153 1076 3225 1130 ad
3250 1077 3514 1132 Giraldum
3534 1079 3695 1133 Lemo-

2156 1163 2341 1218 vicina
2361 1167 2497 1218 tunc
2546 1164 2604 1218 in
2654 1166 2795 1219 urbe
2824 1165 3180 1220 residentem
3229 1166 3393 1233 venit,
3425 1167 3509 1238 qui
3527 1168 3701 1223 diceret

2152 1269 2269 1306 non
2301 1254 2486 1306 solum
2518 1253 2638 1322 ejus
2671 1253 2992 1324 regionem,
3025 1255 3125 1308 sed
3157 1255 3330 1309 etiam
3360 1271 3518 1325 agros
3545 1255 3700 1310 Sancti

2150 1340 2462 1407 Benedicti,
2495 1357 2563 1394 eo
2612 1342 2765 1412 quod
2797 1342 2919 1412 ejus
2951 1346 3138 1396 essent
3172 1343 3410 1413 delegati
3435 1345 3622 1409 tutelae,
3647 1344 3703 1398 ab

2147 1427 2404 1483 hostibus
2418 1429 2775 1500 depopulari.
2801 1431 2897 1484 Ille
2925 1431 2983 1485 in
3016 1431 3221 1485 talibus
3243 1448 3577 1502 nequaquam
3596 1449 3704 1502 pro-

2147 1517 2581 1571 crastinandum
2611 1519 3049 1581 ratus,maxime
3079 1519 3371 1574 confidens
3389 1519 3706 1573 Benedictum

2147 1607 2378 1660 Patrem
2412 1605 2517 1660 sibi
2539 1605 2746 1660 auxilio
2774 1608 2847 1661 ob
2881 1624 3113 1661 suarum
3141 1607 3505 1662 vastationem
3529 1623 3710 1678 posscs-

2147 1694 2376 1748 sionum
2394 1693 2750 1758 adfuturum,
2777 1695 2975 1765 dirigit
2994 1712 3060 1750 eo
3084 1696 3398 1751 Guidonem
3416 1695 3583 1750 filium
3605 1712 3710 1749 cum

2147 1783 2293 1836 lecta
2314 1783 2573 1852 equitum
2601 1800 2799 1851 manu,
2833 1783 2975 1838 dans
3009 1785 3067 1839 in
3100 1785 3388 1838 mandatis
3407 1788 3464 1838 ut
3488 1786 3654 1838 hostes
3667 1786 3715 1838 et

418 1877 554 1948 quia
596 1878 868 1932 dominus
917 1879 1114 1931 noster
1141 1875 1404 1930 Giraldus
1435 1876 1556 1946 ejus
1599 1880 1686 1931 est
1716 1879 2042 1947 advocatuS,
2073 1869 2124 1928 B
2145 1887 2181 1926 a
2209 1871 2753 1942 rapinisinhiberet,
2779 1875 2836 1926 et
2849 1873 3065 1942 junctis
3087 1872 3192 1926 sibi
3217 1871 3715 1944 Argentomagensi-

417 1982 546 2021 eam
563 1966 680 2020 vice
693 1965 869 2037 ipsius
885 1963 1464 2031 defensaturi,hostcs
1480 1963 1719 2021 viriliter
1732 1984 2043 2040 secureque

415 2053 849 2126 aggrediamur,
876 2053 1046 2108 misso
1076 2053 1234 2125 prius
1265 2053 1484 2123 legato,
1508 2053 1604 2124 qui
1633 2071 1663 2107 e
1689 2058 2041 2112 monasterio

415 2141 660 2206 Salensi,
700 2143 855 2215 quod
887 2145 970 2197 est
1008 2141 1188 2196 sancti
1222 2140 1536 2207 Benedicti,
1571 2143 1838 2198 vexillum
1870 2145 2044 2217 ipsius

415 2231 653 2304 pretiosi
685 2230 1046 2298 confessoris,
1071 2229 1229 2303 quod
1255 2229 1422 2284 nobis
1453 2230 1721 2301 praesidio
1745 2231 1837 2298 sit,
1860 2236 2042 2288 matu-

415 2323 542 2375 rato
569 2319 845 2374 deferat.)
883 2318 1388 2373 Consentientibus
1419 2319 1636 2373 cunctis
1689 2335 1753 2373 ac
1773 2321 1892 2391 ejus
1911 2338 2044 2376 con-

418 2407 546 2463 silio
583 2407 1140 2479 obtemperantibus,
1204 2411 1330 2477 post
1378 2407 1801 2478 susceptionem
1832 2409 2038 2478 vexilli,

415 2497 752 2552 adversariis
785 2497 862 2550 nil
899 2497 1010 2550 tale
1040 2495 1393 2562 verentibus,
1417 2496 1803 2568 quadraginta
1823 2498 2038 2553 solum-

413 2587 590 2642 modo
615 2587 853 2657 juvenes
887 2585 1018 2640 totis
1048 2584 1260 2639 viribus
1281 2589 1546 2640 sanctum
1572 2585 1905 2641 invocantes
1936 2589 2038 2642 Be-

418 2677 736 2744 nedictum,
770 2693 837 2730 ex
868 2673 1179 2746 improviso
1204 2673 1575 2745 praedonibus
1607 2677 2037 2747 superveniunt.

411 2766 884 2824 Adversariorum
903 2781 1035 2820 vero
1063 2763 1242 2820 corda
1257 2763 1633 2836 omnipotens
1653 2767 1800 2820 Deus
1824 2766 2043 2822 meritis

412 2855 604 2912 dilecti
633 2855 718 2910 sui
749 2852 1044 2908 Benedicti
1087 2853 1166 2909 ita
1194 2856 1584 2924 perterruerat
1605 2857 1669 2908 ut
1687 2855 1843 2910 nullo
1866 2856 2041 2910 modo

411 2945 677 3002 resistere
708 2944 1030 3007 auderent;
1052 2944 1110 2997 et
1133 2943 1243 2997 hoc
1261 2941 1437 2997 modo
1458 2959 1492 2996 a
1513 2943 1900 3014 quadraginta
1914 2947 2042 2998 tan-

409 3037 535 3090 tum
561 3033 891 3105 juvenibus,
924 3034 1162 3086 centum
1190 3030 1579 3104 quadraginta
1606 3032 2042 3099 hostium,nullo

410 3126 510 3178 aut
539 3122 783 3177 minimo
816 3121 942 3175 fuso
979 3120 1286 3192 sanguine,
1339 3120 1546 3191 fugati,
1579 3137 1677 3175 seu
1708 3121 1858 3192 capti
1890 3125 2040 3177 sunt.

409 3212 662 3268 Victores
676 3228 809 3266 vero
825 3209 988 3266 omni
1003 3208 1168 3280 potiti
1185 3209 1794 3280 praedamobilioribus
1814 3226 2043 3282 quoque

411 3318 478 3356 ex
512 3300 704 3356 hostili
735 3298 970 3371 agmine
1005 3297 1208 3368 captis,
1244 3297 1316 3351 ad
1336 3296 1572 3352 Salense
1597 3297 1925 3353 coenobium
1947 3316 2044 3354 ve-

416 3392 643 3444 nerunt
677 3390 949 3457 rogantes
981 3385 1745 3440 memoratumBenedictum
1778 3385 2050 3458 praeposi-

416 3478 544 3532 tum
574 3479 636 3530 ut
664 3475 944 3548 quidquid
961 3473 1114 3530 inter
1147 3474 1451 3529 manubias
1473 3491 1538 3529 ex
1555 3491 1790 3528 suorum
1814 3476 2046 3546 agnosci

411 3568 605 3638 posset
635 3563 953 3620 substantia
984 3579 1305 3636 pauperum
1335 3563 1515 3636 gratis
1541 3563 1843 3634 reciperet.
1881 3563 2044 3628 Quod

412 3648 508 3709 ille
530 3653 714 3708 libens
745 3652 983 3725 accepit,
1002 3655 1057 3707 et
1083 3651 1332 3725 receptis
1362 3669 1598 3707 suorum
1625 3652 1839 3722 spoliis,
1858 3653 2038 3725 tripu-

413 3742 637 3798 diantes
668 3742 974 3796 bellatores
1004 3741 1078 3797 ad
1109 3741 1344 3813 propria
1367 3740 1494 3794 sivit
1519 3740 2039 3813 abire.Sequuntur

413 3831 527 3889 alia
558 3831 671 3886 duo
700 3830 980 3885 miracula
1019 3830 1174 3898 haud
1206 3831 1455 3884 multum
1487 3828 1620 3885 huic
1651 3829 1964 3898 dissimilia,
2002 3848 2036 3886 a

412 3920 662 3978 Domino
718 3936 821 3991 per
870 3935 1168 3974 summum
1218 3919 1607 3988 confessorem
1659 3919 2033 3975 Benedictum

412 4009 620 4067 iisdem
652 4009 712 4066 in
738 4008 878 4064 locis
906 4008 1364 4080 gesta.Equibus
1385 4025 1565 4062 unum
1593 4008 1749 4080 quod
1771 4011 2033 4079 tempore

415 4099 676 4170 ejusdem
708 4097 1001 4170 praepositi
1047 4096 1273 4165 accidit,
1325 4096 1420 4151 isti
1463 4095 1569 4167 ipsi
1598 4099 2028 4165 connectentes,

413 4187 570 4245 aliud
591 4187 670 4245 illi
702 4203 806 4259 per
835 4187 1035 4243 omnia
1059 4184 1422 4242 simillimum
1443 4199 1544 4239 suo
1576 4183 1635 4239 in
1667 4185 1792 4239 loco
1845 4185 2028 4257 aptius

411 4277 752 4336 referemus.

1021 4415 1246 4470 CAPUT
1292 4414 1420 4470 XVI.

443 4506 578 4564 Item
619 4506 738 4563 alii.
782 4505 1312 4630 Argentomagensets.
1345 4503 1576 4578 eulogz’z's
1603 4505 1762 4575 panis
1786 4510 1836 4559 et
1873 4504 1992 4560 vini

1103 4591 1260 4630 mum
1290 4591 1328 4630 ι.

1103 4591 1328 4632 munm.

481 4687 569 4740 30.
595 4680 985 4740 Monarchiam
1002 4680 1169 4752 regni
1186 4681 1534 4735 Francorum
1551 4681 1737 4736 adhuc
1759 4681 2026 4737 Lothario

408 4770 837 4844 regente,gravi
866 4768 1260 4842 perduellione
1292 4768 1576 4842 primores
1592 4770 1913 4842 Aquitanici
1935 4788 2027 4825 re-

407 4860 509 4932 gni
541 4860 786 4932 contigit
817 4859 1056 4926 turbari;
1076 4857 1359 4930 siquidem
1373 4857 1630 4912 Giraldus
1649 4859 2026 4914 Lemovicinaa

406 4947 564 5003 urbis
595 4949 932 5014 vicecomes,
961 4950 1019 5002 et
1045 4948 1189 5002 Boso
1212 4947 1511 5001 marcham
1532 4946 1705 5018 ipsius
1730 4948 2028 5019 possidens

403 5038 678 5112 regionis,
711 5036 1020 5093 contractis
1050 5036 1354 5092 adversum
1372 5053 1429 5091 se
1451 5035 1828 5092 decertabant
1859 5037 2021 5093 odiis.

472 5194 2019 5271 ('23PAreentomaganuAmemon,iniS.Arsent9muIn,

399 5266 542 5325 olim
573 5266 846 5336 castrum,
882 5266 1038 5340 quod
1084 5266 1379 5340 Walferius
1424 5266 1746 5340 Aquitania:
1777 5267 1887 5322 dux
1921 5268 2021 5322 de-

395 5342 690 5408 struxisse,
719 5337 995 5412 Pippinus
1021 5355 1155 5412 vero
1181 5337 1531 5412 Francorum
1555 5353 1653 5412 rex
1673 5337 2018 5412 instaurasse

395 5407 752 5485 perhibetur;
777 5407 936 5485 nunc
951 5410 1228 5485 oppidum
1254 5410 1386 5482 pagi
1407 5407 1771 5485 Bituricensis
1791 5409 2018 5485 adCro-

392 5479 514 5539 sam
545 5483 802 5549 fluvium,
852 5479 1004 5536 infra
1029 5479 1393 5536 conﬂuentes
1425 5480 1613 5534 Crosze
1665 5479 1905 5534 minoris
1954 5481 2012 5536 in

398 5558 706 5626 majorem,
740 5555 790 5608 la
820 5552 1040 5626 Creusc.

461 5620 578 5698 (ii)
610 5620 895 5698 InCertum
933 5625 1071 5698 mihi
1102 5641 1216 5698 quo
1244 5640 1419 5698 anno.
1437 5624 1496 5698 In
1514 5620 1809 5698 chartario
1822 5620 2006 5698 Patri-

391 5692 632 5755 ciacensi
660 5698 824 5755 binas
844 5696 1076 5754 invenio
1094 5692 1322 5752 chartas
1346 5693 1632 5750 Richardo
1665 5693 1858 5750 abbati
1877 5692 2009 5749 scri-

2146 1959 2271 2026 bus,
2305 1959 2376 2013 ab
2406 1959 2725 2026 obsidione,
2759 1959 2804 2014 si
2837 1963 2960 2015 tuto
2990 1965 3204 2031 posset,
3235 1962 3383 2016 bello
3415 1961 3711 2014 deterreret.

2145 2048 2710 2118 Argentomagenses
2731 2065 2849 2102 non
2877 2048 3066 2119 ignari
3090 2066 3196 2120 per
3226 2066 3395 2121 quem
3419 2053 3537 2121 post
3559 2046 3713 2102 domi-

2146 2153 2288 2190 num
2311 2136 2368 2190 in
2389 2137 2668 2208 superiori
2689 2155 2886 2209 pugna
2909 2137 3152 2193 victores
3174 2138 3603 2202 exstitissent,ad
3617 2137 3718 2206 jam

2145 2224 2513 2278 nominatum
2544 2225 2736 2279 Sancti
2771 2226 3061 2281 Benedicti
3093 2226 3509 2281 monasterium
3538 2218 3722 2278 oraturi

2143 2316 2444 2379 venerunt,
2474 2317 2890 2385 poscentesque
2939 2332 2973 2368 a
3001 2315 3277 2370 fratribus
3311 2314 3565 2385 eulogias
3591 2311 3726 2384 panis

2145 2404 2202 2456 et
2225 2401 2340 2456 vini
2369 2401 2475 2456 sibi
2525 2401 2720 2468 tribui,
2775 2403 3044 2457 dixerunt
3069 2421 3128 2458 se
3183 2407 3360 2459 tantae
3392 2403 3520 2457 ﬁdei
3547 2418 3650 2456 esse
3676 2401 3724 2452 ut

2143 2491 2359 2561 absque
2391 2489 2750 2544 dubitatione
2776 2491 3081 2547 crederent
3110 2509 3215 2564 per
3245 2492 3402 2546 illam
3423 2507 3601 2546 escam
3625 2505 3725 2543 me-

2142 2577 2266 2632 ritis
2277 2577 2510 2648 gloriosi
2522 2578 2874 2634 Confessoris
2897 2581 3185 2635 Benedicti
3207 2598 3267 2634 se
3281 2580 3410 2634 etin
3431 2578 3728 2651 prmliofore

2144 2665 2405 2732 victores,
2435 2669 2490 2719 et
2521 2683 2554 2720 a
2586 2667 2792 2721 mortis
2820 2668 3404 2740 periculoimmunes;
3421 2685 3520 2722 nec
3536 2683 3629 2720 sua
3649 2680 3730 2719 eos

2144 2770 2272 2825 spes
2302 2755 2526 2809 fefellit.
2551 2756 2692 2809 Nam
2717 2756 3119 2827 congressione
3133 2758 3355 2825 habita,
3381 2759 3535 2810 tanta
3556 2754 3731 2808 adver-

2145 2842 2323 2898 sarios
2354 2843 2510 2898 caede
2530 2843 2846 2898 affecerunt
2871 2848 2933 2898 ut
2948 2849 3076 2916 post
3095 2845 3394 2900 victoriam
3413 2862 3446 2898 a
3468 2839 3732 2897 monachis

2144 2934 2407 3003 respectu
2439 2932 2815 2987 humanitatis
2833 2933 3007 2987 etiam
3038 2933 3307 2988 inimicos
3335 2933 3629 2987 inhumare
3649 2945 3728 2980 cu-

2145 3019 2434 3092 pientibus
2475 3019 2560 3073 vix
2585 3021 2811 3091 sepeliri
2842 3023 3091 3094 quirent.
3122 3024 3400 3076 Attamen
3430 3019 3621 3074 aratris
3645 3018 3733 3070 hu-

2147 3124 2311 3162 mum
2325 3109 2430 3163 hac
2451 3108 2693 3179 illacqu’e
2710 3127 2871 3164 more
2885 3110 3175 3164 arentium
3199 3110 3411 3165 inverti
3425 3107 3735 3181 prarcipien-

2146 3199 2254 3263 tes,
2283 3197 2484 3267 glebis,
2505 3197 2787 3269 uieunque
2808 3200 3390 3267 poterant,cadavera
3421 3194 3736 3252 obruebant.

2148 3285 2342 3339 Nullus
2371 3301 2507 3340 sane
2536 3287 3183 3358 Argentomagensium,
3228 3287 3328 3358 qui
3362 3303 3510 3357 pane
3541 3301 3600 3338 ac
3629 3281 3737 3334 vino

2150 3373 2342 3427 Sancti
2371 3373 2659 3428 Benedicti
2690 3375 2762 3428 ob
2792 3392 2908 3429 sua:
2937 3375 3130 3428 salutis
3153 3375 3433 3429 auxilium
3465 3372 3602 3444 pasti
3631 3371 3739 3423 fue-

2148 3464 2300 3526 rant,
2333 3461 2637 3516 discrimen
2671 3461 2906 3533 aliquod
2960 3462 3114 3517 necis
3159 3462 3420 3534 perpessi
3450 3463 3607 3526 sunt;
3657 3454 3736 3510 sed

2147 3565 2352 3604 omnes
2361 3549 2684 3616 victores,in
2693 3553 2970 3623 tegroque
2985 3568 3228 3606 numero
3244 3552 3321 3606 ad
3335 3567 3437 3605 sua
3449 3547 3738 3608 redierunt,

2142 3637 2444 3693 laudantes
2476 3638 2816 3705 Dominum,
2841 3640 3074 3711 ejusque
3097 3640 3498 3695 confessorem
3529 3630 3742 3690 summis

2139 3727 2404 3781 laudibus
2434 3728 2772 3782 extollentes
2797 3728 3362 3799 Benedictum,cujus
3384 3725 3601 3781 meritis
3623 3726 3674 3776 et
3691 3736 3739 3773 se

2135 3813 2391 3886 periculo
2418 3815 2711 3882 liberatos,
2745 3818 2804 3870 et
2853 3817 3041 3872 hostes
3094 3818 3293 3888 palam
3345 3814 3742 3890 proﬁtebantur

2137 3919 2258 3958 esse
2292 3903 2546 3975 fugatos.

2729 4047 2956 4102 CAPUT
3003 4048 3157 4102 XVII.

2685 4136 2792 4190 Tra
2801 4136 2853 4190 bs
2879 4137 2992 4193 loco
3031 4143 3195 4194 mota.

2202 4245 2289 4298 31.
2325 4242 2606 4299 Richardo
2665 4243 2859 4298 abbati
2889 4244 3256 4300 Amalbertus
3307 4243 3424 4314 (24)
3478 4235 3738 4332 successit,

2129 4330 2226 4402 qui
2243 4331 2528 4404 benignus
2547 4332 3099 4403 natura,benignior
3123 4332 3308 4388 etiam
3332 4331 3549 4387 exstitit
3569 4329 3738 4383 humi-

2049 4441 2103 4500 D
2126 4419 2300 4473 litatis
2320 4419 2425 4474 sibi
2454 4420 2624 4476 insita
2653 4419 3115 4475 mansuetudine.
3152 4421 3254 4475 Hic
3287 4439 3322 4475 a
3355 4414 3741 4480 Lothario,Lu-

2128 4507 2307 4563 dovici
2341 4509 2635 4579 quondam
2658 4525 2692 4562 a
2709 4509 3025 4563 Tethbaldo
3048 4509 3264 4563 comite
3287 4508 3446 4580 capti
3479 4506 3738 4572 filio,cum

2127 4596 2406 4651 electione
2427 4597 2673 4650 fratrum
2689 4596 2972 4668 rcgimem
3000 4596 3181 4651 nostri
3210 4599 3552 4667 susceperat
3577 4605 3741 4646 caeno-

2126 4683 2225 4738 bii.
2258 4684 2432 4754 Hujus
2463 4684 2519 4738 in
2553 4684 2772 4750 diebus,
2807 4684 2867 4738 in
2905 4685 3266 4757 possessione
3315 4685 3498 4756 ipsius
3547 4677 3737 4735 Floria-

2127 4773 2309 4827 censis
2355 4772 2621 4838 caanobii,
2675 4789 2803 4844 qum
2856 4772 3300 4827 Hervini-curtis
3360 4773 3460 4843 (V.
3523 4764 3744 4824 Tortarii

2127 4877 2252 4933 cap.
2286 4859 2340 4932 6)
2373 4860 2600 4928 dicitur,
2631 4877 2721 4915 res
2751 4860 3082 4930 hujusmodi
3138 4860 3424 4914 divinitus
3477 4861 3600 4912 acta
3646 4853 3737 4906 est.

2126 4947 2424 5002 Gauzlinus
2473 4947 2827 5012 monachus,
2891 4946 2944 5000 ei
2998 4946 3143 5001 curti
3198 4949 3345 5001 tunc
3395 4942 3738 5017 praepositus,

2126 5035 2423 5090 conductis
2455 5034 2752 5104 operariis,
2773 5035 2847 5089 ad
2879 5035 3090 5090 ostium
3119 5035 3386 5090 basilicae
3402 5035 3506 5089 sub
3525 5029 3739 5086 nomine

2120 5197 2269 5268 ptas,
2294 5193 2584 5268 nimirum,
2607 5210 2709 5248 xxv
2741 5196 2798 5246 et
2844 5210 3026 5268 xxviii.
3082 5193 3259 5268 _Prior
3291 5193 3432 5268 data
3485 5196 3568 5268 est
3614 5201 3739 5266 anno

2120 5261 2339 5338 decimo,
2373 5265 2661 5338 posterior
2682 5282 2822 5338 ᾳῃηφ
2847 5267 3036 5338 quinto
3058 5264 3278 5338 decimo
3298 5261 3557 5338 Lotharii
3578 5261 3739 5338 regis,

2119 5354 2185 5392 ac
2218 5335 2462 5408 proinde
2492 5353 2646 5390 anno
2679 5335 2887 5408 Christi
2931 5337 3234 5408 969.LegeA
3265 5335 3443 5408 istius
3477 5335 3737 5408 C_ha_rtar_u

2116 5402 2569 5463 instrumentum
2600 5424 2671 5471 Ix,
2702 5409 2758 5460 et
2804 5406 3016 5460 librum
3048 5407 3127 5460 De
3149 5402 3462 5460 miraculis
3493 5404 3548 5458 S.
3583 5402 3734 5471 Maxi-

2114 5479 2259 5552 mini
2294 5479 2525 5552 abbatis
2552 5470 3165 5552 MitiacenriscaqujZ,
3196 5476 3298 5531 ubi
3327 5470 3734 5552 Bicliardusftl-

2113 5549 2239 5603 neri
2300 5549 2559 5603 Annonis
2612 5549 2839 5603 abbatis
2897 5545 3252 5613 interfuisse,
3313 5551 3373 5600 et
3428 5545 3735 5599 Amalricus

2112 5619 2496 5675 Floriacensis
2529 5620 2803 5685 decanos,
2850 5619 3064 5689 rejecto
3097 5616 3493 5672 Hermenaldo
3541 5626 3731 5668 mona—

2111 5692 2241 5762 cho,
2268 5690 2499 5748 Annoni
2521 5690 2876 5748 successisse
2909 5691 3294 5746 memoratur.
