  <div class='ocr_page' id='page_1' title='image "/cluster/home/n/w/nwhite01/storage/ocr_20150623/139/hvd.32044054759998/418.png"; bbox 0 0 3998 6166; ppageno 0'>
   <div class='ocr_carea' id='block_1_1' title="bbox 223 452 322 511">
    <p class='ocr_par' dir='ltr' id='par_1_1' title="bbox 223 452 322 511">
     <span class='ocr_line' id='line_1_1' title="bbox 223 452 322 511; baseline 0.02 -2"><span class='ocrx_word' id='word_1_1' title='bbox 223 452 322 511; x_wconf 65' lang='lat'>825</span> 
     </span>
    </p>
   </div>
   <div class='ocr_carea' id='block_1_2' title="bbox 1025 437 2780 502">
    <p class='ocr_par' dir='ltr' id='par_1_2' title="bbox 1025 437 2780 502">
     <span class='ocr_line' id='line_1_2' title="bbox 1025 437 2780 502; baseline 0 0"><span class='ocrx_word' id='word_1_2' title='bbox 1025 443 1112 502; x_wconf 83' lang='lat' dir='ltr'>DE</span> <span class='ocrx_word' id='word_1_3' title='bbox 1143 441 1517 501; x_wconf 75' lang='lat' dir='ltr'>MIRACULIS</span> <span class='ocrx_word' id='word_1_4' title='bbox 1549 442 1608 500; x_wconf 87' lang='lat' dir='ltr'>S.</span> <span class='ocrx_word' id='word_1_5' title='bbox 1645 439 2007 499; x_wconf 83' lang='lat' dir='ltr'>BENEDICTI</span> <span class='ocrx_word' id='word_1_6' title='bbox 2036 437 2218 497; x_wconf 80' lang='lat' dir='ltr'><strong>LIBRI</strong></span> <span class='ocrx_word' id='word_1_7' title='bbox 2242 439 2411 499; x_wconf 88' lang='lat' dir='ltr'>DUO.</span> <span class='ocrx_word' id='word_1_8' title='bbox 2442 469 2512 484; x_wconf 90' lang='lat'>--</span> <span class='ocrx_word' id='word_1_9' title='bbox 2552 438 2684 498; x_wconf 88' lang='lat' dir='ltr'>LIB.</span> <span class='ocrx_word' id='word_1_10' title='bbox 2711 437 2780 502; x_wconf 85' lang='lat' dir='ltr'>ll.</span> 
     </span>
    </p>
   </div>
   <div class='ocr_carea' id='block_1_3' title="bbox 226 568 3585 650">
    <p class='ocr_par' dir='ltr' id='par_1_3' title="bbox 226 568 3585 650">
     <span class='ocr_line' id='line_1_3' title="bbox 226 568 3585 650; baseline 0 -20"><span class='ocrx_word' id='word_1_11' title='bbox 226 581 460 650; x_wconf 85' lang='lat' dir='ltr'>patruus</span> <span class='ocrx_word' id='word_1_12' title='bbox 491 571 614 646; x_wconf 85' lang='lat' dir='ltr'>ejus</span> <span class='ocrx_word' id='word_1_13' title='bbox 645 571 908 640; x_wconf 81' lang='lat' dir='ltr'>Carolus,</span> <span class='ocrx_word' id='word_1_14' title='bbox 936 586 1110 644; x_wconf 83' lang='lat' dir='ltr'>quem</span> <span class='ocrx_word' id='word_1_15' title='bbox 1155 570 1443 642; x_wconf 90' lang='lat' dir='ltr'>privatum</span> <span class='ocrx_word' id='word_1_16' title='bbox 1477 571 1726 627; x_wconf 87' lang='lat' dir='ltr'>senuisse</span> <span class='ocrx_word' id='word_1_17' title='bbox 1752 587 1844 625; x_wconf 92' lang='lat' dir='ltr'>su-</span> <span class='ocrx_word' id='word_1_18' title='bbox 1865 575 1920 634; x_wconf 79' lang='grc' dir='ltr'><strong>Α</strong></span> <span class='ocrx_word' id='word_1_19' title='bbox 1948 571 2161 624; x_wconf 61' lang='lat' dir='ltr'>sanctas</span> <span class='ocrx_word' id='word_1_20' title='bbox 2176 569 2279 625; x_wconf 88' lang='lat' dir='ltr'>Dei</span> <span class='ocrx_word' id='word_1_21' title='bbox 2305 568 2612 624; x_wconf 89' lang='lat' dir='ltr'>Genitricis</span> <span class='ocrx_word' id='word_1_22' title='bbox 2641 568 3157 628; x_wconf 69' lang='lat' dir='ltr'>Mariteholoseriis</span> <span class='ocrx_word' id='word_1_23' title='bbox 3201 568 3406 644; x_wconf 89' lang='lat' dir='ltr'>palieis</span> <span class='ocrx_word' id='word_1_24' title='bbox 3445 573 3585 630; x_wconf 84' lang='lat' dir='ltr'>alio-</span> 
     </span>
    </p>
   </div>
   <div class='ocr_carea' id='block_1_4' title="bbox 229 660 1839 742">
    <p class='ocr_par' dir='ltr' id='par_1_4' title="bbox 229 660 1839 742">
     <span class='ocr_line' id='line_1_4' title="bbox 229 660 1839 742; baseline -0.005 -20"><span class='ocrx_word' id='word_1_25' title='bbox 229 684 326 742; x_wconf 87' lang='lat' dir='ltr'>pra</span> <span class='ocrx_word' id='word_1_26' title='bbox 351 663 803 739; x_wconf 71' lang='lat' dir='ltr'>przrlibavimus,</span> <span class='ocrx_word' id='word_1_27' title='bbox 847 660 1188 725; x_wconf 80' lang='lat' dir='ltr'>conabatur,</span> <span class='ocrx_word' id='word_1_28' title='bbox 1223 660 1267 714; x_wconf 90' lang='lat' dir='ltr'>si</span> <span class='ocrx_word' id='word_1_29' title='bbox 1308 666 1515 732; x_wconf 80' lang='lat' dir='ltr'>posset,</span> <span class='ocrx_word' id='word_1_30' title='bbox 1547 678 1579 715; x_wconf 90' lang='lat' dir='ltr'>a</span> <span class='ocrx_word' id='word_1_31' title='bbox 1625 661 1708 715; x_wconf 90' lang='lat' dir='ltr'>sui</span> <span class='ocrx_word' id='word_1_32' title='bbox 1740 677 1839 731; x_wconf 88' lang='lat' dir='ltr'>ge-</span> 
     </span>
    </p>
   </div>
   <div class='ocr_carea' id='block_1_5' title="bbox 232 749 1842 823">
    <p class='ocr_par' dir='ltr' id='par_1_5' title="bbox 232 749 1842 823">
     <span class='ocr_line' id='line_1_5' title="bbox 232 749 1842 823; baseline -0.005 -13"><span class='ocrx_word' id='word_1_33' title='bbox 232 756 377 810; x_wconf 84' lang='lat' dir='ltr'><strong>neris</strong></span> <span class='ocrx_word' id='word_1_34' title='bbox 404 754 738 809; x_wconf 81' lang='lat' dir='ltr'>auctoribus</span> <span class='ocrx_word' id='word_1_35' title='bbox 767 753 866 806; x_wconf 89' lang='lat' dir='ltr'>diu</span> <span class='ocrx_word' id='word_1_36' title='bbox 903 765 1226 823; x_wconf 80' lang='lat' dir='ltr'>possessum</span> <span class='ocrx_word' id='word_1_37' title='bbox 1260 749 1366 804; x_wconf 84' lang='lat' dir='ltr'>sibi</span> <span class='ocrx_word' id='word_1_38' title='bbox 1407 749 1694 804; x_wconf 89' lang='lat' dir='ltr'>vindicare</span> <span class='ocrx_word' id='word_1_39' title='bbox 1730 749 1842 803; x_wconf 88' lang='lat' dir='ltr'>im-</span> 
     </span>
    </p>
   </div>
   <div class='ocr_carea' id='block_1_6' title="bbox 233 837 1843 916">
    <p class='ocr_par' dir='ltr' id='par_1_6' title="bbox 233 837 1843 916">
     <span class='ocr_line' id='line_1_6' title="bbox 233 837 1843 916; baseline -0.004 -18"><span class='ocrx_word' id='word_1_40' title='bbox 233 843 482 916; x_wconf 83' lang='lat' dir='ltr'>perium;</span> <span class='ocrx_word' id='word_1_41' title='bbox 510 842 606 896; x_wconf 91' lang='lat' dir='ltr'>sed</span> <span class='ocrx_word' id='word_1_42' title='bbox 625 841 675 911; x_wconf 88' lang='lat' dir='ltr'>ej</span> <span class='ocrx_word' id='word_1_43' title='bbox 687 859 750 894; x_wconf 91' lang='lat' dir='ltr'>us</span> <span class='ocrx_word' id='word_1_44' title='bbox 763 841 1027 893; x_wconf 76' lang='lat' dir='ltr'>voluntas</span> <span class='ocrx_word' id='word_1_45' title='bbox 1046 837 1273 890; x_wconf 91' lang='lat' dir='ltr'>nullum</span> <span class='ocrx_word' id='word_1_46' title='bbox 1297 837 1534 891; x_wconf 74' lang='lat' dir='ltr'>sortitur</span> <span class='ocrx_word' id='word_1_47' title='bbox 1555 837 1843 892; x_wconf 80' lang='lat' dir='ltr'>effectum.</span> 
     </span>
    </p>
   </div>
   <div class='ocr_carea' id='block_1_7' title="bbox 235 925 1848 1000">
    <p class='ocr_par' dir='ltr' id='par_1_7' title="bbox 235 925 1848 1000">
     <span class='ocr_line' id='line_1_7' title="bbox 235 925 1848 1000; baseline -0.005 -14"><span class='ocrx_word' id='word_1_48' title='bbox 235 933 366 986; x_wconf 83' lang='lat' dir='ltr'>Nam</span> <span class='ocrx_word' id='word_1_49' title='bbox 398 929 595 984; x_wconf 85' lang='lat' dir='ltr'>Franci</span> <span class='ocrx_word' id='word_1_50' title='bbox 613 928 918 1000; x_wconf 89' lang='lat' dir='ltr'>primates,</span> <span class='ocrx_word' id='word_1_51' title='bbox 941 943 1009 981; x_wconf 93' lang='lat' dir='ltr'>eo</span> <span class='ocrx_word' id='word_1_52' title='bbox 1036 925 1264 992; x_wconf 90' lang='lat' dir='ltr'>relicto,</span> <span class='ocrx_word' id='word_1_53' title='bbox 1303 925 1377 979; x_wconf 93' lang='lat' dir='ltr'>ad</span> <span class='ocrx_word' id='word_1_54' title='bbox 1409 927 1712 997; x_wconf 88' lang='lat' dir='ltr'>Hugonem</span> <span class='ocrx_word' id='word_1_55' title='bbox 1749 925 1848 996; x_wconf 85' lang='lat' dir='ltr'>qui</span> 
     </span>
    </p>
   </div>
   <div class='ocr_carea' id='block_1_8' title="bbox 237 1014 1850 1086">
    <p class='ocr_par' dir='ltr' id='par_1_8' title="bbox 237 1014 1850 1086">
     <span class='ocr_line' id='line_1_8' title="bbox 237 1014 1850 1086; baseline -0.004 -12"><span class='ocrx_word' id='word_1_56' title='bbox 237 1023 497 1075; x_wconf 80' lang='lat' dir='ltr'>ducatum</span> <span class='ocrx_word' id='word_1_57' title='bbox 529 1016 781 1072; x_wconf 66' lang='lat' dir='ltr'>Francia:</span> <span class='ocrx_word' id='word_1_58' title='bbox 814 1019 1048 1069; x_wconf 87' lang='lat' dir='ltr'>strenue</span> <span class='ocrx_word' id='word_1_59' title='bbox 1081 1016 1218 1067; x_wconf 90' lang='lat' dir='ltr'>tunc</span> <span class='ocrx_word' id='word_1_60' title='bbox 1252 1014 1850 1086; x_wconf 88' lang='lat' dir='ltr'>gubernabat,magui</span> 
     </span>
    </p>
   </div>
   <div class='ocr_carea' id='block_1_9' title="bbox 237 1102 1850 1178">
    <p class='ocr_par' dir='ltr' id='par_1_9' title="bbox 237 1102 1850 1178">
     <span class='ocr_line' id='line_1_9' title="bbox 237 1102 1850 1178; baseline -0.003 -17"><span class='ocrx_word' id='word_1_61' title='bbox 237 1108 375 1162; x_wconf 90' lang='lat' dir='ltr'>illius</span> <span class='ocrx_word' id='word_1_62' title='bbox 403 1106 653 1178; x_wconf 82' lang='lat' dir='ltr'>Hugonis</span> <span class='ocrx_word' id='word_1_63' title='bbox 674 1105 884 1171; x_wconf 85' lang='lat' dir='ltr'>ﬁlium,</span> <span class='ocrx_word' id='word_1_64' title='bbox 908 1102 1207 1173; x_wconf 85' lang='lat' dir='ltr'>cujusjam</span> <span class='ocrx_word' id='word_1_65' title='bbox 1241 1103 1468 1157; x_wconf 81' lang='lat' dir='ltr'>mentio</span> <span class='ocrx_word' id='word_1_66' title='bbox 1487 1103 1637 1156; x_wconf 86' lang='lat' dir='ltr'>facta</span> <span class='ocrx_word' id='word_1_67' title='bbox 1662 1105 1766 1167; x_wconf 91' lang='lat' dir='ltr'>est,</span> <span class='ocrx_word' id='word_1_68' title='bbox 1791 1118 1850 1156; x_wconf 89' lang='lat' dir='ltr'>se</span> 
     </span>
    </p>
   </div>
   <div class='ocr_carea' id='block_1_10' title="bbox 239 1189 1850 1267">
    <p class='ocr_par' dir='ltr' id='par_1_10' title="bbox 239 1189 1850 1267">
     <span class='ocr_line' id='line_1_10' title="bbox 239 1189 1850 1267; baseline -0.005 -17"><span class='ocrx_word' id='word_1_69' title='bbox 239 1195 612 1262; x_wconf 82' lang='lat' dir='ltr'>conferentes,</span> <span class='ocrx_word' id='word_1_70' title='bbox 635 1209 771 1247; x_wconf 90' lang='lat' dir='ltr'>eum</span> <span class='ocrx_word' id='word_1_71' title='bbox 805 1192 1160 1267; x_wconf 72' lang='lat' dir='ltr'>Noviocomq</span> <span class='ocrx_word' id='word_1_72' title='bbox 1192 1189 1439 1260; x_wconf 82' lang='lat' dir='ltr'>(Noyon)</span> <span class='ocrx_word' id='word_1_73' title='bbox 1481 1191 1621 1245; x_wconf 92' lang='lat' dir='ltr'>solio</span> <span class='ocrx_word' id='word_1_74' title='bbox 1677 1189 1850 1243; x_wconf 88' lang='lat' dir='ltr'>subli-</span> 
     </span>
    </p>
   </div>
   <div class='ocr_carea' id='block_1_11' title="bbox 239 1276 1855 1354">
    <p class='ocr_par' dir='ltr' id='par_1_11' title="bbox 239 1276 1855 1354">
     <span class='ocr_line' id='line_1_11' title="bbox 239 1276 1855 1354; baseline -0.006 -14"><span class='ocrx_word' id='word_1_75' title='bbox 239 1289 391 1340; x_wconf 89' lang='lat' dir='ltr'>mant</span> <span class='ocrx_word' id='word_1_76' title='bbox 420 1283 601 1354; x_wconf 90' lang='lat' dir='ltr'>regio.</span> <span class='ocrx_word' id='word_1_77' title='bbox 635 1284 683 1335; x_wconf 89' lang='lat' dir='ltr'><strong>Is</strong></span> <span class='ocrx_word' id='word_1_78' title='bbox 715 1281 924 1336; x_wconf 90' lang='lat' dir='ltr'>eodem</span> <span class='ocrx_word' id='word_1_79' title='bbox 958 1297 1112 1334; x_wconf 87' lang='lat' dir='ltr'>anno</span> <span class='ocrx_word' id='word_1_80' title='bbox 1146 1279 1498 1334; x_wconf 81' lang='lat' dir='ltr'>Rotbertum</span> <span class='ocrx_word' id='word_1_81' title='bbox 1529 1279 1713 1332; x_wconf 82' lang='lat' dir='ltr'>lilium</span> <span class='ocrx_word' id='word_1_82' title='bbox 1747 1276 1855 1332; x_wconf 89' lang='lat' dir='ltr'>sibi</span> 
     </span>
    </p>
   </div>
   <div class='ocr_carea' id='block_1_12' title="bbox 237 1366 1855 1441">
    <p class='ocr_par' dir='ltr' id='par_1_12' title="bbox 237 1366 1855 1441">
     <span class='ocr_line' id='line_1_12' title="bbox 237 1366 1855 1441; baseline -0.006 -11"><span class='ocrx_word' id='word_1_83' title='bbox 237 1376 554 1430; x_wconf 76' lang='lat' dir='ltr'>consortem</span> <span class='ocrx_word' id='word_1_84' title='bbox 584 1369 750 1441; x_wconf 83' lang='lat' dir='ltr'>regni</span> <span class='ocrx_word' id='word_1_85' title='bbox 780 1369 942 1440; x_wconf 94' lang='lat' dir='ltr'>legit.</span> <span class='ocrx_word' id='word_1_86' title='bbox 976 1370 1043 1422; x_wconf 87' lang='lat' dir='ltr'>Et</span> <span class='ocrx_word' id='word_1_87' title='bbox 1059 1367 1212 1439; x_wconf 88' lang='lat' dir='ltr'>quia,</span> <span class='ocrx_word' id='word_1_88' title='bbox 1238 1369 1533 1438; x_wconf 89' lang='lat' dir='ltr'>quantum</span> <span class='ocrx_word' id='word_1_89' title='bbox 1553 1366 1625 1421; x_wconf 90' lang='lat' dir='ltr'>ad</span> <span class='ocrx_word' id='word_1_90' title='bbox 1656 1369 1855 1436; x_wconf 64' lang='lat' dir='ltr'>coeptas</span> 
     </span>
    </p>
   </div>
   <div class='ocr_carea' id='block_1_13' title="bbox 240 1454 1857 1527">
    <p class='ocr_par' dir='ltr' id='par_1_13' title="bbox 240 1454 1857 1527">
     <span class='ocr_line' id='line_1_13' title="bbox 240 1454 1857 1527; baseline -0.005 -12"><span class='ocrx_word' id='word_1_91' title='bbox 240 1463 313 1516; x_wconf 88' lang='lat' dir='ltr'>rei</span> <span class='ocrx_word' id='word_1_92' title='bbox 339 1476 570 1514; x_wconf 86' lang='lat' dir='ltr'>causam</span> <span class='ocrx_word' id='word_1_93' title='bbox 603 1458 836 1525; x_wconf 90' lang='lat' dir='ltr'>attinet,</span> <span class='ocrx_word' id='word_1_94' title='bbox 871 1458 939 1512; x_wconf 86' lang='lat' dir='ltr'>de</span> <span class='ocrx_word' id='word_1_95' title='bbox 972 1456 1202 1527; x_wconf 90' lang='lat' dir='ltr'>regibus</span> <span class='ocrx_word' id='word_1_96' title='bbox 1261 1455 1542 1520; x_wconf 82' lang='lat' dir='ltr'>diximus,</span> <span class='ocrx_word' id='word_1_97' title='bbox 1600 1454 1674 1508; x_wconf 88' lang='lat' dir='ltr'>ad</span> <span class='ocrx_word' id='word_1_98' title='bbox 1725 1469 1857 1508; x_wconf 90' lang='lat' dir='ltr'>eam</span> 
     </span>
    </p>
   </div>
   <div class='ocr_carea' id='block_1_14' title="bbox 241 1546 1196 1622">
    <p class='ocr_par' dir='ltr' id='par_1_14' title="bbox 241 1546 1196 1622">
     <span class='ocr_line' id='line_1_14' title="bbox 241 1546 1196 1622; baseline -0.008 -18"><span class='ocrx_word' id='word_1_99' title='bbox 241 1547 698 1622; x_wconf 86' lang='lat' dir='ltr'>proscquendam</span> <span class='ocrx_word' id='word_1_100' title='bbox 725 1546 1070 1600; x_wconf 89' lang='lat' dir='ltr'>veniendum</span> <span class='ocrx_word' id='word_1_101' title='bbox 1095 1547 1196 1598; x_wconf 91' lang='lat' dir='ltr'>est.</span> 
     </span>
    </p>
   </div>
   <div class='ocr_carea' id='block_1_15' title="bbox 306 1627 1856 1708">
    <p class='ocr_par' dir='ltr' id='par_1_15' title="bbox 306 1627 1856 1708">
     <span class='ocr_line' id='line_1_15' title="bbox 306 1627 1856 1708; baseline -0.006 -17"><span class='ocrx_word' id='word_1_102' title='bbox 306 1641 353 1692; x_wconf 84' lang='lat'>3.</span> <span class='ocrx_word' id='word_1_103' title='bbox 383 1637 565 1708; x_wconf 87' lang='lat' dir='ltr'>Igitur</span> <span class='ocrx_word' id='word_1_104' title='bbox 606 1634 869 1690; x_wconf 91' lang='lat' dir='ltr'>Oildoldo</span> <span class='ocrx_word' id='word_1_105' title='bbox 913 1633 1120 1688; x_wconf 86' lang='lat' dir='ltr'>abbate</span> <span class='ocrx_word' id='word_1_106' title='bbox 1147 1631 1202 1685; x_wconf 90' lang='lat' dir='ltr'>in</span> <span class='ocrx_word' id='word_1_107' title='bbox 1237 1630 1476 1686; x_wconf 83' lang='lat' dir='ltr'>Christo</span> <span class='ocrx_word' id='word_1_108' title='bbox 1507 1627 1856 1702; x_wconf 89' lang='lat' dir='ltr'>quiescente,</span> 
     </span>
    </p>
   </div>
   <div class='ocr_carea' id='block_1_16' title="bbox 240 1717 1862 1796">
    <p class='ocr_par' dir='ltr' id='par_1_16' title="bbox 240 1717 1862 1796">
     <span class='ocr_line' id='line_1_16' title="bbox 240 1717 1862 1796; baseline -0.005 -16"><span class='ocrx_word' id='word_1_109' title='bbox 240 1727 390 1780; x_wconf 74' lang='lat' dir='ltr'>Abbo</span> <span class='ocrx_word' id='word_1_110' title='bbox 420 1726 555 1796; x_wconf 74' lang='lat'>(30),</span> <span class='ocrx_word' id='word_1_111' title='bbox 589 1725 708 1778; x_wconf 91' lang='lat' dir='ltr'>Deo</span> <span class='ocrx_word' id='word_1_112' title='bbox 739 1727 797 1776; x_wconf 89' lang='lat' dir='ltr'>et</span> <span class='ocrx_word' id='word_1_113' title='bbox 826 1721 1156 1776; x_wconf 86' lang='lat' dir='ltr'>hominibus</span> <span class='ocrx_word' id='word_1_114' title='bbox 1185 1720 1274 1775; x_wconf 90' lang='lat' dir='ltr'>vir</span> <span class='ocrx_word' id='word_1_115' title='bbox 1340 1717 1626 1785; x_wconf 88' lang='lat' dir='ltr'>amabilis,</span> <span class='ocrx_word' id='word_1_116' title='bbox 1659 1735 1692 1771; x_wconf 93' lang='lat' dir='ltr'>a</span> <span class='ocrx_word' id='word_1_117' title='bbox 1751 1717 1862 1772; x_wconf 87' lang='lat' dir='ltr'>fra-</span> 
     </span>
    </p>
   </div>
   <div class='ocr_carea' id='block_1_17' title="bbox 241 1806 1858 1885">
    <p class='ocr_par' dir='ltr' id='par_1_17' title="bbox 241 1806 1858 1885">
     <span class='ocr_line' id='line_1_17' title="bbox 241 1806 1858 1885; baseline -0.005 -17"><span class='ocrx_word' id='word_1_118' title='bbox 241 1816 410 1869; x_wconf 82' lang='lat' dir='ltr'>tribus</span> <span class='ocrx_word' id='word_1_119' title='bbox 440 1814 686 1885; x_wconf 85' lang='lat' dir='ltr'>Hugone</span> <span class='ocrx_word' id='word_1_120' title='bbox 709 1814 1002 1866; x_wconf 89' lang='lat' dir='ltr'>annuente</span> <span class='ocrx_word' id='word_1_121' title='bbox 1056 1826 1192 1881; x_wconf 90' lang='lat' dir='ltr'>rege</span> <span class='ocrx_word' id='word_1_122' title='bbox 1226 1809 1471 1874; x_wconf 91' lang='lat' dir='ltr'>electus,</span> <span class='ocrx_word' id='word_1_123' title='bbox 1515 1807 1572 1862; x_wconf 92' lang='lat' dir='ltr'>in</span> <span class='ocrx_word' id='word_1_124' title='bbox 1611 1806 1858 1878; x_wconf 89' lang='lat' dir='ltr'>gradum</span> 
     </span>
    </p>
   </div>
   <div class='ocr_carea' id='block_1_18' title="bbox 241 1897 1228 1970">
    <p class='ocr_par' dir='ltr' id='par_1_18' title="bbox 241 1897 1228 1970">
     <span class='ocr_line' id='line_1_18' title="bbox 241 1897 1228 1970; baseline -0.006 -14"><span class='ocrx_word' id='word_1_125' title='bbox 241 1901 500 1956; x_wconf 85' lang='lat' dir='ltr'>successit</span> <span class='ocrx_word' id='word_1_126' title='bbox 555 1899 862 1955; x_wconf 90' lang='lat' dir='ltr'>monastici</span> <span class='ocrx_word' id='word_1_127' title='bbox 904 1897 1228 1970; x_wconf 90' lang='lat' dir='ltr'>regiminis.</span> 
     </span>
    </p>
   </div>
   <div class='ocr_carea' id='block_1_19' title="bbox 240 1983 1862 2061">
    <p class='ocr_par' dir='ltr' id='par_1_19' title="bbox 240 1983 1862 2061">
     <span class='ocr_line' id='line_1_19' title="bbox 240 1983 1862 2061; baseline -0.007 -16"><span class='ocrx_word' id='word_1_128' title='bbox 240 1992 384 2045; x_wconf 85' lang='lat' dir='ltr'>hunc</span> <span class='ocrx_word' id='word_1_129' title='bbox 414 2005 530 2061; x_wconf 93' lang='lat' dir='ltr'>quo</span> <span class='ocrx_word' id='word_1_130' title='bbox 564 1989 689 2042; x_wconf 72' lang='lat' dir='ltr'>haec</span> <span class='ocrx_word' id='word_1_131' title='bbox 712 1987 1012 2042; x_wconf 89' lang='lat' dir='ltr'>scribimus</span> <span class='ocrx_word' id='word_1_132' title='bbox 1041 2003 1197 2040; x_wconf 89' lang='lat' dir='ltr'>anno</span> <span class='ocrx_word' id='word_1_133' title='bbox 1231 1984 1334 2056; x_wconf 88' lang='lat' dir='ltr'>qui</span> <span class='ocrx_word' id='word_1_134' title='bbox 1355 1983 1463 2037; x_wconf 89' lang='lat' dir='ltr'>fuit</span> <span class='ocrx_word' id='word_1_135' title='bbox 1493 1983 1564 2036; x_wconf 93' lang='lat' dir='ltr'>ab</span> <span class='ocrx_word' id='word_1_136' title='bbox 1588 1985 1862 2036; x_wconf 89' lang='lat' dir='ltr'>Incarna-</span> 
     </span>
    </p>
   </div>
   <div class='ocr_carea' id='block_1_20' title="bbox 240 2069 1860 2144">
    <p class='ocr_par' dir='ltr' id='par_1_20' title="bbox 240 2069 1860 2144">
     <span class='ocr_line' id='line_1_20' title="bbox 240 2069 1860 2144; baseline -0.007 -11"><span class='ocrx_word' id='word_1_137' title='bbox 240 2080 392 2133; x_wconf 90' lang='lat' dir='ltr'>tione</span> <span class='ocrx_word' id='word_1_138' title='bbox 438 2076 680 2132; x_wconf 86' lang='lat' dir='ltr'>Domini</span> <span class='ocrx_word' id='word_1_139' title='bbox 736 2075 1079 2130; x_wconf 89' lang='lat' dir='ltr'>millesimus</span> <span class='ocrx_word' id='word_1_140' title='bbox 1143 2076 1406 2144; x_wconf 86' lang='lat' dir='ltr'>quartus,</span> <span class='ocrx_word' id='word_1_141' title='bbox 1457 2071 1513 2124; x_wconf 88' lang='lat' dir='ltr'>in</span> <span class='ocrx_word' id='word_1_142' title='bbox 1569 2069 1860 2124; x_wconf 66' lang='lat' dir='ltr'>Vasconias</span> 
     </span>
    </p>
   </div>
   <div class='ocr_carea' id='block_1_21' title="bbox 241 2158 1862 2238">
    <p class='ocr_par' dir='ltr' id='par_1_21' title="bbox 241 2158 1862 2238">
     <span class='ocr_line' id='line_1_21' title="bbox 241 2158 1862 2238; baseline -0.005 -18"><span class='ocrx_word' id='word_1_143' title='bbox 241 2167 494 2238; x_wconf 88' lang='lat' dir='ltr'>partibus</span> <span class='ocrx_word' id='word_1_144' title='bbox 525 2182 560 2219; x_wconf 90' lang='lat' dir='ltr'>a</span> <span class='ocrx_word' id='word_1_145' title='bbox 585 2164 823 2236; x_wconf 80' lang='lat' dir='ltr'>perfidis</span> <span class='ocrx_word' id='word_1_146' title='bbox 854 2163 1000 2218; x_wconf 92' lang='lat' dir='ltr'>illius</span> <span class='ocrx_word' id='word_1_147' title='bbox 1030 2161 1287 2216; x_wconf 84' lang='lat' dir='ltr'>nationis</span> <span class='ocrx_word' id='word_1_148' title='bbox 1309 2158 1662 2225; x_wconf 89' lang='lat' dir='ltr'>hominibus,</span> <span class='ocrx_word' id='word_1_149' title='bbox 1696 2159 1862 2213; x_wconf 89' lang='lat' dir='ltr'>nobis</span> 
     </span>
    </p>
   </div>
   <div class='ocr_carea' id='block_1_22' title="bbox 244 2247 1863 2327">
    <p class='ocr_par' dir='ltr' id='par_1_22' title="bbox 244 2247 1863 2327">
     <span class='ocr_line' id='line_1_22' title="bbox 244 2247 1863 2327; baseline -0.004 -19"><span class='ocrx_word' id='word_1_150' title='bbox 244 2253 642 2327; x_wconf 64' lang='lat' dir='ltr'>praesentibus,</span> <span class='ocrx_word' id='word_1_151' title='bbox 676 2253 1016 2307; x_wconf 86' lang='lat' dir='ltr'>innOcenter</span> <span class='ocrx_word' id='word_1_152' title='bbox 1035 2250 1277 2315; x_wconf 91' lang='lat' dir='ltr'>occisus,</span> <span class='ocrx_word' id='word_1_153' title='bbox 1309 2247 1863 2318; x_wconf 81' lang='lat' dir='ltr'>martyriisanguine</span> 
     </span>
    </p>
   </div>
   <div class='ocr_carea' id='block_1_23' title="bbox 245 2336 1859 2412">
    <p class='ocr_par' dir='ltr' id='par_1_23' title="bbox 245 2336 1859 2412">
     <span class='ocr_line' id='line_1_23' title="bbox 245 2336 1859 2412; baseline -0.006 -14"><span class='ocrx_word' id='word_1_154' title='bbox 245 2347 554 2408; x_wconf 89' lang='lat' dir='ltr'>laureatus,</span> <span class='ocrx_word' id='word_1_155' title='bbox 602 2341 676 2396; x_wconf 91' lang='lat' dir='ltr'>ad</span> <span class='ocrx_word' id='word_1_156' title='bbox 711 2357 887 2412; x_wconf 90' lang='lat' dir='ltr'>regna</span> <span class='ocrx_word' id='word_1_157' title='bbox 916 2343 1001 2395; x_wconf 88' lang='lat' dir='ltr'>est</span> <span class='ocrx_word' id='word_1_158' title='bbox 1031 2342 1258 2393; x_wconf 67' lang='lat' dir='ltr'>azterna</span> <span class='ocrx_word' id='word_1_159' title='bbox 1285 2354 1320 2392; x_wconf 92' lang='lat' dir='ltr'>a</span> <span class='ocrx_word' id='word_1_160' title='bbox 1359 2336 1577 2390; x_wconf 84' lang='lat' dir='ltr'>Christo</span> <span class='ocrx_word' id='word_1_161' title='bbox 1611 2339 1859 2391; x_wconf 89' lang='lat' dir='ltr'>vocatus.</span> 
     </span>
    </p>
   </div>
   <div class='ocr_carea' id='block_1_24' title="bbox 248 2422 1864 2502">
    <p class='ocr_par' dir='ltr' id='par_1_24' title="bbox 248 2422 1864 2502">
     <span class='ocr_line' id='line_1_24' title="bbox 248 2422 1864 2502; baseline -0.006 -17"><span class='ocrx_word' id='word_1_162' title='bbox 248 2434 306 2486; x_wconf 89' lang='lat' dir='ltr'>lu</span> <span class='ocrx_word' id='word_1_163' title='bbox 334 2432 496 2502; x_wconf 79' lang='lat' dir='ltr'>cujus</span> <span class='ocrx_word' id='word_1_164' title='bbox 528 2430 734 2484; x_wconf 89' lang='lat' dir='ltr'>diebus</span> <span class='ocrx_word' id='word_1_165' title='bbox 763 2447 852 2483; x_wconf 88' lang='lat' dir='ltr'>res</span> <span class='ocrx_word' id='word_1_166' title='bbox 877 2427 1178 2482; x_wconf 88' lang='lat' dir='ltr'>mirabiles</span> <span class='ocrx_word' id='word_1_167' title='bbox 1209 2442 1315 2496; x_wconf 89' lang='lat' dir='ltr'>per</span> <span class='ocrx_word' id='word_1_168' title='bbox 1359 2422 1864 2495; x_wconf 65' lang='lat' dir='ltr'>prmeminentissi-</span> 
     </span>
    </p>
   </div>
   <div class='ocr_carea' id='block_1_25' title="bbox 251 2511 1866 2582">
    <p class='ocr_par' dir='ltr' id='par_1_25' title="bbox 251 2511 1866 2582">
     <span class='ocr_line' id='line_1_25' title="bbox 251 2511 1866 2582; baseline -0.006 -7"><span class='ocrx_word' id='word_1_169' title='bbox 251 2537 405 2575; x_wconf 89' lang='lat' dir='ltr'>mum</span> <span class='ocrx_word' id='word_1_170' title='bbox 441 2522 679 2574; x_wconf 86' lang='lat' dir='ltr'>Patrem</span> <span class='ocrx_word' id='word_1_171' title='bbox 711 2519 972 2572; x_wconf 89' lang='lat' dir='ltr'>nostrum</span> <span class='ocrx_word' id='word_1_172' title='bbox 1029 2513 1432 2580; x_wconf 87' lang='lat' dir='ltr'>Benedictum,</span> <span class='ocrx_word' id='word_1_173' title='bbox 1479 2513 1550 2567; x_wconf 91' lang='lat' dir='ltr'>ab</span> <span class='ocrx_word' id='word_1_174' title='bbox 1599 2511 1866 2582; x_wconf 88' lang='lat' dir='ltr'>omnipo-</span> 
     </span>
    </p>
   </div>
   <div class='ocr_carea' id='block_1_26' title="bbox 256 2599 1870 2677">
    <p class='ocr_par' dir='ltr' id='par_1_26' title="bbox 256 2599 1870 2677">
     <span class='ocr_line' id='line_1_26' title="bbox 256 2599 1870 2677; baseline -0.005 -15"><span class='ocrx_word' id='word_1_175' title='bbox 256 2613 403 2662; x_wconf 90' lang='lat' dir='ltr'>tente</span> <span class='ocrx_word' id='word_1_176' title='bbox 435 2606 690 2662; x_wconf 88' lang='lat' dir='ltr'>Domino</span> <span class='ocrx_word' id='word_1_177' title='bbox 721 2609 993 2676; x_wconf 85' lang='lat' dir='ltr'>patratas,</span> <span class='ocrx_word' id='word_1_178' title='bbox 1029 2603 1321 2677; x_wconf 89' lang='lat' dir='ltr'>quiajam</span> <span class='ocrx_word' id='word_1_179' title='bbox 1355 2604 1488 2655; x_wconf 87' lang='lat' dir='ltr'>tunc</span> <span class='ocrx_word' id='word_1_180' title='bbox 1522 2617 1627 2655; x_wconf 88' lang='lat' dir='ltr'>nos</span> <span class='ocrx_word' id='word_1_181' title='bbox 1657 2599 1870 2654; x_wconf 91' lang='lat' dir='ltr'>intelli-</span> 
     </span>
    </p>
   </div>
   <div class='ocr_carea' id='block_1_27' title="bbox 259 2688 1867 2768">
    <p class='ocr_par' dir='ltr' id='par_1_27' title="bbox 259 2688 1867 2768">
     <span class='ocr_line' id='line_1_27' title="bbox 259 2688 1867 2768; baseline -0.006 -17"><span class='ocrx_word' id='word_1_182' title='bbox 259 2697 446 2768; x_wconf 86' lang='lat' dir='ltr'>gibilis</span> <span class='ocrx_word' id='word_1_183' title='bbox 460 2695 707 2766; x_wconf 81' lang='lat' dir='ltr'>contigit</span> <span class='ocrx_word' id='word_1_184' title='bbox 723 2694 1045 2766; x_wconf 83' lang='lat' dir='ltr'>pervenisse</span> <span class='ocrx_word' id='word_1_185' title='bbox 1061 2694 1138 2748; x_wconf 89' lang='lat' dir='ltr'>ad</span> <span class='ocrx_word' id='word_1_186' title='bbox 1179 2695 1363 2745; x_wconf 91' lang='lat' dir='ltr'>metas</span> <span class='ocrx_word' id='word_1_187' title='bbox 1396 2689 1596 2756; x_wconf 74' lang='lat' dir='ltr'>aetatis,</span> <span class='ocrx_word' id='word_1_188' title='bbox 1617 2688 1867 2755; x_wconf 90' lang='lat' dir='ltr'>certiori,</span> 
     </span>
    </p>
   </div>
   <div class='ocr_carea' id='block_1_28' title="bbox 260 2779 1687 2857">
    <p class='ocr_par' dir='ltr' id='par_1_28' title="bbox 260 2779 1687 2857">
     <span class='ocr_line' id='line_1_28' title="bbox 260 2779 1687 2857; baseline -0.006 -17"><span class='ocrx_word' id='word_1_189' title='bbox 260 2789 456 2857; x_wconf 89' lang='lat' dir='ltr'>utpote</span> <span class='ocrx_word' id='word_1_190' title='bbox 485 2783 771 2856; x_wconf 88' lang='lat' dir='ltr'>aliquibus</span> <span class='ocrx_word' id='word_1_191' title='bbox 791 2785 1128 2854; x_wconf 74' lang='lat' dir='ltr'>prmsentes,</span> <span class='ocrx_word' id='word_1_192' title='bbox 1153 2779 1470 2850; x_wconf 82' lang='lat' dir='ltr'>digerimus</span> <span class='ocrx_word' id='word_1_193' title='bbox 1521 2779 1687 2849; x_wconf 79' lang='lat' dir='ltr'>stylo.</span> 
     </span>
    </p>
   </div>
   <div class='ocr_carea' id='block_1_29' title="bbox 933 2871 1274 2926">
    <p class='ocr_par' dir='ltr' id='par_1_29' title="bbox 933 2871 1274 2926">
     <span class='ocr_line' id='line_1_29' title="bbox 933 2871 1274 2926; baseline -0.015 0"><span class='ocrx_word' id='word_1_194' title='bbox 933 2871 1164 2926; x_wconf 84' lang='lat' dir='ltr'>CAPUT</span> <span class='ocrx_word' id='word_1_195' title='bbox 1210 2871 1274 2922; x_wconf 92' lang='lat' dir='ltr'>ll.</span> 
     </span>
    </p>
   </div>
   <div class='ocr_carea' id='block_1_30' title="bbox 260 2952 1870 3042">
    <p class='ocr_par' dir='ltr' id='par_1_30' title="bbox 260 2952 1870 3042">
     <span class='ocr_line' id='line_1_30' title="bbox 260 2952 1870 3042; baseline -0.006 -26"><span class='ocrx_word' id='word_1_196' title='bbox 260 2960 609 3042; x_wconf 65' lang='lat' dir='ltr'>Flor-incensa</span> <span class='ocrx_word' id='word_1_197' title='bbox 640 2960 968 3042; x_wconf 57' lang='lat' dir='ltr'>ingendiztin.</span> <span class='ocrx_word' id='word_1_198' title='bbox 1023 2959 1345 3042; x_wconf 57' lang='lat' dir='ltr'>pparatus</span> <span class='ocrx_word' id='word_1_199' title='bbox 1374 2957 1587 3042; x_wconf 64' lang='lat' dir='ltr'>infesto</span> <span class='ocrx_word' id='word_1_200' title='bbox 1634 2952 1870 3010; x_wconf 84' lang='lat' dir='ltr'>transla-</span> 
     </span>
    </p>
   </div>
   <div class='ocr_carea' id='block_1_31' title="bbox 463 3031 1634 3088">
    <p class='ocr_par' dir='ltr' id='par_1_31' title="bbox 463 3031 1634 3088">
     <span class='ocr_line' id='line_1_31' title="bbox 463 3031 1634 3088; baseline -0.007 -1"><span class='ocrx_word' id='word_1_201' title='bbox 463 3032 652 3087; x_wconf 74' lang='lat' dir='ltr'>tionis.</span> <span class='ocrx_word' id='word_1_202' title='bbox 686 3031 1005 3088; x_wconf 73' lang='lat' dir='ltr'>Incendium</span> <span class='ocrx_word' id='word_1_203' title='bbox 1035 3031 1302 3084; x_wconf 70' lang='lat' dir='ltr'>divinitus</span> <span class='ocrx_word' id='word_1_204' title='bbox 1327 3031 1634 3083; x_wconf 82' lang='lat' dir='ltr'>restinctum</span> 
     </span>
    </p>
   </div>
   <div class='ocr_carea' id='block_1_32' title="bbox 322 3114 1871 3185">
    <p class='ocr_par' dir='ltr' id='par_1_32' title="bbox 322 3114 1871 3185">
     <span class='ocr_line' id='line_1_32' title="bbox 322 3114 1871 3185; baseline -0.005 -10"><span class='ocrx_word' id='word_1_205' title='bbox 322 3123 375 3175; x_wconf 73' lang='grc'>4.</span> <span class='ocrx_word' id='word_1_206' title='bbox 403 3121 656 3174; x_wconf 87' lang='lat' dir='ltr'>Festivus</span> <span class='ocrx_word' id='word_1_207' title='bbox 676 3119 879 3174; x_wconf 78' lang='lat' dir='ltr'>a-stivis</span> <span class='ocrx_word' id='word_1_208' title='bbox 892 3119 1192 3174; x_wconf 88' lang='lat' dir='ltr'>mensibus</span> <span class='ocrx_word' id='word_1_209' title='bbox 1206 3115 1593 3170; x_wconf 80' lang='lat' dir='ltr'>translationis</span> <span class='ocrx_word' id='word_1_210' title='bbox 1611 3114 1871 3185; x_wconf 91' lang='lat' dir='ltr'>ejusdem</span> 
     </span>
    </p>
   </div>
   <div class='ocr_carea' id='block_1_33' title="bbox 257 3183 1951 3281">
    <p class='ocr_par' dir='ltr' id='par_1_33' title="bbox 257 3183 1951 3281">
     <span class='ocr_line' id='line_1_33' title="bbox 257 3183 1951 3281; baseline -0.004 -18"><span class='ocrx_word' id='word_1_211' title='bbox 257 3208 486 3281; x_wconf 79' lang='lat' dir='ltr'>gloriosi</span> <span class='ocrx_word' id='word_1_212' title='bbox 515 3208 702 3262; x_wconf 88' lang='lat' dir='ltr'>Patris</span> <span class='ocrx_word' id='word_1_213' title='bbox 733 3225 926 3262; x_wconf 90' lang='lat' dir='ltr'>annuo</span> <span class='ocrx_word' id='word_1_214' title='bbox 960 3223 1223 3262; x_wconf 86' lang='lat' dir='ltr'>successu</span> <span class='ocrx_word' id='word_1_215' title='bbox 1245 3205 1580 3259; x_wconf 86' lang='lat' dir='ltr'>recurrebat</span> <span class='ocrx_word' id='word_1_216' title='bbox 1608 3202 1761 3269; x_wconf 89' lang='lat' dir='ltr'>dies;</span> <span class='ocrx_word' id='word_1_217' title='bbox 1801 3203 1873 3258; x_wconf 90' lang='lat' dir='ltr'>ad</span> <span class='ocrx_word' id='word_1_218' title='bbox 1903 3183 1951 3242; x_wconf 72' lang='grc' dir='ltr'>Ο</span> 
     </span>
    </p>
   </div>
   <div class='ocr_carea' id='block_1_34' title="bbox 257 3293 1873 3369">
    <p class='ocr_par' dir='ltr' id='par_1_34' title="bbox 257 3293 1873 3369">
     <span class='ocr_line' id='line_1_34' title="bbox 257 3293 1873 3369; baseline -0.004 -18"><span class='ocrx_word' id='word_1_219' title='bbox 257 3296 748 3369; x_wconf 88' lang='lat' dir='ltr'>cujusspectanda</span> <span class='ocrx_word' id='word_1_220' title='bbox 759 3296 1114 3367; x_wconf 87' lang='lat' dir='ltr'>gaudia,non</span> <span class='ocrx_word' id='word_1_221' title='bbox 1136 3295 1322 3348; x_wconf 92' lang='lat' dir='ltr'>solum</span> <span class='ocrx_word' id='word_1_222' title='bbox 1339 3293 1550 3364; x_wconf 90' lang='lat' dir='ltr'>quique</span> <span class='ocrx_word' id='word_1_223' title='bbox 1571 3307 1873 3363; x_wconf 84' lang='lat' dir='ltr'>pagcnses,</span> 
     </span>
    </p>
   </div>
   <div class='ocr_carea' id='block_1_35' title="bbox 256 3379 1874 3457">
    <p class='ocr_par' dir='ltr' id='par_1_35' title="bbox 256 3379 1874 3457">
     <span class='ocr_line' id='line_1_35' title="bbox 256 3379 1874 3457; baseline -0.003 -18"><span class='ocrx_word' id='word_1_224' title='bbox 256 3389 315 3439; x_wconf 90' lang='lat' dir='ltr'>ut</span> <span class='ocrx_word' id='word_1_225' title='bbox 339 3385 579 3457; x_wconf 88' lang='lat' dir='ltr'>quidam</span> <span class='ocrx_word' id='word_1_226' title='bbox 630 3384 693 3438; x_wconf 90' lang='lat' dir='ltr'>in</span> <span class='ocrx_word' id='word_1_227' title='bbox 747 3383 920 3455; x_wconf 88' lang='lat' dir='ltr'>ipsius</span> <span class='ocrx_word' id='word_1_228' title='bbox 971 3382 1144 3438; x_wconf 91' lang='lat' dir='ltr'>laude</span> <span class='ocrx_word' id='word_1_229' title='bbox 1175 3381 1255 3436; x_wconf 91' lang='lat' dir='ltr'>ait</span> <span class='ocrx_word' id='word_1_230' title='bbox 1285 3381 1509 3452; x_wconf 84' lang='lat' dir='ltr'>sapiens</span> <span class='ocrx_word' id='word_1_231' title='bbox 1539 3380 1618 3452; x_wconf 90' lang='lat' dir='ltr'>(S.</span> <span class='ocrx_word' id='word_1_232' title='bbox 1649 3379 1764 3434; x_wconf 84' lang='lat' dir='ltr'>Ono</span> <span class='ocrx_word' id='word_1_233' title='bbox 1809 3380 1874 3434; x_wconf 73' lang='lat' dir='ltr'>in</span> 
     </span>
    </p>
   </div>
   <div class='ocr_carea' id='block_1_36' title="bbox 254 3467 1878 3540">
    <p class='ocr_par' dir='ltr' id='par_1_36' title="bbox 254 3467 1878 3540">
     <span class='ocr_line' id='line_1_36' title="bbox 254 3467 1878 3540; baseline -0.004 -12"><span class='ocrx_word' id='word_1_234' title='bbox 254 3491 404 3528; x_wconf 77' lang='lat' dir='ltr'>scrm.</span> <span class='ocrx_word' id='word_1_235' title='bbox 433 3476 514 3528; x_wconf 90' lang='lat' dir='ltr'>De</span> <span class='ocrx_word' id='word_1_236' title='bbox 549 3475 751 3527; x_wconf 88' lang='lat' dir='ltr'>transl.</span> <span class='ocrx_word' id='word_1_237' title='bbox 786 3471 843 3525; x_wconf 92' lang='lat' dir='ltr'>S.</span> <span class='ocrx_word' id='word_1_238' title='bbox 879 3469 1434 3540; x_wconf 86' lang='lat' dir='ltr'>Benedicti),verum</span> <span class='ocrx_word' id='word_1_239' title='bbox 1466 3469 1629 3540; x_wconf 90' lang='lat' dir='ltr'>plebs</span> <span class='ocrx_word' id='word_1_240' title='bbox 1653 3467 1878 3522; x_wconf 90' lang='lat' dir='ltr'>urbana</span> 
     </span>
    </p>
   </div>
   <div class='ocr_carea' id='block_1_37' title="bbox 254 3555 1872 3629">
    <p class='ocr_par' dir='ltr' id='par_1_37' title="bbox 254 3555 1872 3629">
     <span class='ocr_line' id='line_1_37' title="bbox 254 3555 1872 3629; baseline -0.002 -14"><span class='ocrx_word' id='word_1_241' title='bbox 254 3561 507 3616; x_wconf 84' lang='lat' dir='ltr'>honestis</span> <span class='ocrx_word' id='word_1_242' title='bbox 528 3559 874 3614; x_wconf 86' lang='lat' dir='ltr'>clericorum</span> <span class='ocrx_word' id='word_1_243' title='bbox 904 3559 1264 3614; x_wconf 88' lang='lat' dir='ltr'>conﬂuxerat</span> <span class='ocrx_word' id='word_1_244' title='bbox 1292 3557 1550 3629; x_wconf 89' lang='lat' dir='ltr'>personis</span> <span class='ocrx_word' id='word_1_245' title='bbox 1581 3555 1872 3611; x_wconf 85' lang='lat' dir='ltr'>intlorata.</span> 
     </span>
    </p>
   </div>
   <div class='ocr_carea' id='block_1_38' title="bbox 257 3644 1874 3720">
    <p class='ocr_par' dir='ltr' id='par_1_38' title="bbox 257 3644 1874 3720">
     <span class='ocr_line' id='line_1_38' title="bbox 257 3644 1874 3720; baseline -0.003 -17"><span class='ocrx_word' id='word_1_246' title='bbox 257 3649 471 3714; x_wconf 88' lang='lat' dir='ltr'>Quibus</span> <span class='ocrx_word' id='word_1_247' title='bbox 497 3648 713 3720; x_wconf 80' lang='lat' dir='ltr'>vigiliis</span> <span class='ocrx_word' id='word_1_248' title='bbox 730 3648 1129 3704; x_wconf 85' lang='lat' dir='ltr'>insistentibus</span> <span class='ocrx_word' id='word_1_249' title='bbox 1155 3649 1451 3700; x_wconf 74' lang='lat' dir='ltr'>nocturnm</span> <span class='ocrx_word' id='word_1_250' title='bbox 1470 3644 1673 3709; x_wconf 90' lang='lat' dir='ltr'>laudis,</span> <span class='ocrx_word' id='word_1_251' title='bbox 1698 3660 1874 3714; x_wconf 89' lang='lat' dir='ltr'>quam</span> 
     </span>
    </p>
   </div>
   <div class='ocr_carea' id='block_1_39' title="bbox 259 3733 1875 3802">
    <p class='ocr_par' dir='ltr' id='par_1_39' title="bbox 259 3733 1875 3802">
     <span class='ocr_line' id='line_1_39' title="bbox 259 3733 1875 3802; baseline -0.004 -10"><span class='ocrx_word' id='word_1_252' title='bbox 259 3739 462 3792; x_wconf 85' lang='lat' dir='ltr'>devota</span> <span class='ocrx_word' id='word_1_253' title='bbox 477 3737 904 3792; x_wconf 90' lang='lat' dir='ltr'>monachorum</span> <span class='ocrx_word' id='word_1_254' title='bbox 927 3734 1468 3791; x_wconf 88' lang='lat' dir='ltr'>catervaitentidem</span> <span class='ocrx_word' id='word_1_255' title='bbox 1493 3733 1875 3802; x_wconf 85' lang='lat' dir='ltr'>undecunque</span> 
     </span>
    </p>
   </div>
   <div class='ocr_carea' id='block_1_40' title="bbox 259 3819 1876 3880">
    <p class='ocr_par' dir='ltr' id='par_1_40' title="bbox 259 3819 1876 3880">
     <span class='ocr_line' id='line_1_40' title="bbox 259 3819 1876 3880; baseline -0.002 -2"><span class='ocrx_word' id='word_1_256' title='bbox 259 3828 332 3880; x_wconf 87' lang='lat' dir='ltr'>ob</span> <span class='ocrx_word' id='word_1_257' title='bbox 366 3826 642 3880; x_wconf 57' lang='lat' dir='ltr'>laetitiam</span> <span class='ocrx_word' id='word_1_258' title='bbox 671 3828 844 3879; x_wconf 69' lang='lat' dir='ltr'>tantm</span> <span class='ocrx_word' id='word_1_259' title='bbox 867 3823 1250 3879; x_wconf 87' lang='lat' dir='ltr'>solemnitatis</span> <span class='ocrx_word' id='word_1_260' title='bbox 1279 3820 1643 3876; x_wconf 88' lang='lat' dir='ltr'>adventando</span> <span class='ocrx_word' id='word_1_261' title='bbox 1667 3819 1876 3874; x_wconf 90' lang='lat' dir='ltr'>nostris</span> 
     </span>
    </p>
   </div>
   <div class='ocr_carea' id='block_1_41' title="bbox 259 3908 1878 3984">
    <p class='ocr_par' dir='ltr' id='par_1_41' title="bbox 259 3908 1878 3984">
     <span class='ocr_line' id='line_1_41' title="bbox 259 3908 1878 3984; baseline -0.004 -16"><span class='ocrx_word' id='word_1_262' title='bbox 259 3915 494 3981; x_wconf 84' lang='lat' dir='ltr'>sociata,</span> <span class='ocrx_word' id='word_1_263' title='bbox 535 3913 596 3967; x_wconf 90' lang='lat' dir='ltr'>in</span> <span class='ocrx_word' id='word_1_264' title='bbox 646 3913 728 3966; x_wconf 88' lang='lat' dir='ltr'>sui</span> <span class='ocrx_word' id='word_1_265' title='bbox 766 3911 1109 3984; x_wconf 88' lang='lat' dir='ltr'>legislatoris</span> <span class='ocrx_word' id='word_1_266' title='bbox 1139 3912 1405 3981; x_wconf 84' lang='lat' dir='ltr'>explebat</span> <span class='ocrx_word' id='word_1_267' title='bbox 1431 3908 1760 3980; x_wconf 87' lang='lat' dir='ltr'>obsequela,</span> <span class='ocrx_word' id='word_1_268' title='bbox 1790 3924 1878 3962; x_wconf 91' lang='lat' dir='ltr'>re-</span> 
     </span>
    </p>
   </div>
   <div class='ocr_carea' id='block_1_42' title="bbox 260 3995 1877 4074">
    <p class='ocr_par' dir='ltr' id='par_1_42' title="bbox 260 3995 1877 4074">
     <span class='ocr_line' id='line_1_42' title="bbox 260 3995 1877 4074; baseline -0.004 -16"><span class='ocrx_word' id='word_1_269' title='bbox 260 4006 431 4073; x_wconf 88' lang='lat' dir='ltr'>pente</span> <span class='ocrx_word' id='word_1_270' title='bbox 454 4019 568 4074; x_wconf 90' lang='lat' dir='ltr'>per</span> <span class='ocrx_word' id='word_1_271' title='bbox 585 4000 944 4073; x_wconf 85' lang='lat' dir='ltr'>aquilonales</span> <span class='ocrx_word' id='word_1_272' title='bbox 960 4000 1209 4055; x_wconf 71' lang='lat' dir='ltr'>basilicre</span> <span class='ocrx_word' id='word_1_273' title='bbox 1224 3999 1505 4054; x_wconf 82' lang='lat' dir='ltr'>fenestras</span> <span class='ocrx_word' id='word_1_274' title='bbox 1524 3995 1707 4052; x_wconf 90' lang='lat' dir='ltr'>nocivi</span> <span class='ocrx_word' id='word_1_275' title='bbox 1728 3995 1877 4067; x_wconf 85' lang='lat' dir='ltr'>ignis</span> 
     </span>
    </p>
   </div>
   <div class='ocr_carea' id='block_1_43' title="bbox 261 4084 1877 4162">
    <p class='ocr_par' dir='ltr' id='par_1_43' title="bbox 261 4084 1877 4162">
     <span class='ocr_line' id='line_1_43' title="bbox 261 4084 1877 4162; baseline -0.004 -18"><span class='ocrx_word' id='word_1_276' title='bbox 261 4093 349 4144; x_wconf 86' lang='lat' dir='ltr'>lux</span> <span class='ocrx_word' id='word_1_277' title='bbox 368 4088 1295 4162; x_wconf 86' lang='lat' dir='ltr'>resplenduithorrenda.Quippe</span> <span class='ocrx_word' id='word_1_278' title='bbox 1318 4088 1376 4141; x_wconf 90' lang='lat' dir='ltr'>in</span> <span class='ocrx_word' id='word_1_279' title='bbox 1392 4087 1684 4160; x_wconf 88' lang='lat' dir='ltr'>quoddam</span> <span class='ocrx_word' id='word_1_280' title='bbox 1702 4084 1877 4139; x_wconf 88' lang='lat' dir='ltr'>fenile</span> 
     </span>
    </p>
   </div>
   <div class='ocr_carea' id='block_1_44' title="bbox 259 4174 1876 4251">
    <p class='ocr_par' dir='ltr' id='par_1_44' title="bbox 259 4174 1876 4251">
     <span class='ocr_line' id='line_1_44' title="bbox 259 4174 1876 4251; baseline -0.004 -17"><span class='ocrx_word' id='word_1_281' title='bbox 259 4196 386 4234; x_wconf 87' lang='lat' dir='ltr'>casu</span> <span class='ocrx_word' id='word_1_282' title='bbox 425 4178 674 4251; x_wconf 90' lang='lat' dir='ltr'>quidam</span> <span class='ocrx_word' id='word_1_283' title='bbox 695 4178 845 4249; x_wconf 80' lang='lat' dir='ltr'>ignis</span> <span class='ocrx_word' id='word_1_284' title='bbox 861 4178 1154 4245; x_wconf 91' lang='lat' dir='ltr'>decidens,</span> <span class='ocrx_word' id='word_1_285' title='bbox 1171 4177 1346 4232; x_wconf 89' lang='lat' dir='ltr'>aridis</span> <span class='ocrx_word' id='word_1_286' title='bbox 1365 4179 1562 4232; x_wconf 90' lang='lat' dir='ltr'>auctus</span> <span class='ocrx_word' id='word_1_287' title='bbox 1575 4174 1876 4244; x_wconf 87' lang='lat' dir='ltr'>fomentis,</span> 
     </span>
    </p>
   </div>
   <div class='ocr_carea' id='block_1_45' title="bbox 259 4261 1880 4338">
    <p class='ocr_par' dir='ltr' id='par_1_45' title="bbox 259 4261 1880 4338">
     <span class='ocr_line' id='line_1_45' title="bbox 259 4261 1880 4338; baseline -0.002 -18"><span class='ocrx_word' id='word_1_288' title='bbox 259 4266 698 4338; x_wconf 87' lang='lat' dir='ltr'>circumpositas</span> <span class='ocrx_word' id='word_1_289' title='bbox 723 4281 843 4320; x_wconf 90' lang='lat' dir='ltr'>sese</span> <span class='ocrx_word' id='word_1_290' title='bbox 871 4265 1100 4319; x_wconf 76' lang='lat' dir='ltr'>diffudit</span> <span class='ocrx_word' id='word_1_291' title='bbox 1125 4263 1184 4318; x_wconf 90' lang='lat' dir='ltr'>in</span> <span class='ocrx_word' id='word_1_292' title='bbox 1211 4265 1378 4318; x_wconf 63' lang='lat' dir='ltr'>(edes.</span> <span class='ocrx_word' id='word_1_293' title='bbox 1406 4263 1519 4318; x_wconf 83' lang='lat' dir='ltr'>Nec</span> <span class='ocrx_word' id='word_1_294' title='bbox 1577 4261 1880 4318; x_wconf 87' lang='lat' dir='ltr'>laborabat</span> 
     </span>
    </p>
   </div>
   <div class='ocr_carea' id='block_1_46' title="bbox 263 4349 1878 4425">
    <p class='ocr_par' dir='ltr' id='par_1_46' title="bbox 263 4349 1878 4425">
     <span class='ocr_line' id='line_1_46' title="bbox 263 4349 1878 4425; baseline -0.003 -17"><span class='ocrx_word' id='word_1_295' title='bbox 263 4356 528 4419; x_wconf 84' lang='lat' dir='ltr'>flamma,</span> <span class='ocrx_word' id='word_1_296' title='bbox 565 4356 629 4407; x_wconf 91' lang='lat' dir='ltr'>ut</span> <span class='ocrx_word' id='word_1_297' title='bbox 659 4371 788 4408; x_wconf 88' lang='lat' dir='ltr'>suas</span> <span class='ocrx_word' id='word_1_298' title='bbox 835 4355 1074 4425; x_wconf 88' lang='lat' dir='ltr'>augeret</span> <span class='ocrx_word' id='word_1_299' title='bbox 1104 4351 1271 4418; x_wconf 89' lang='lat' dir='ltr'>vires,</span> <span class='ocrx_word' id='word_1_300' title='bbox 1304 4368 1436 4405; x_wconf 91' lang='lat' dir='ltr'>cum</span> <span class='ocrx_word' id='word_1_301' title='bbox 1466 4349 1677 4406; x_wconf 63' lang='lat' dir='ltr'>aestatis</span> <span class='ocrx_word' id='word_1_302' title='bbox 1705 4350 1878 4405; x_wconf 92' lang='lat' dir='ltr'>ardor</span> 
     </span>
    </p>
   </div>
   <div class='ocr_carea' id='block_1_47' title="bbox 1947 659 3593 730">
    <p class='ocr_par' dir='ltr' id='par_1_47' title="bbox 1947 659 3593 730">
     <span class='ocr_line' id='line_1_47' title="bbox 1947 659 3593 730; baseline 0.004 -16"><span class='ocrx_word' id='word_1_303' title='bbox 1947 676 2195 730; x_wconf 89' lang='lat' dir='ltr'>rumque</span> <span class='ocrx_word' id='word_1_304' title='bbox 2209 660 2472 714; x_wconf 87' lang='lat' dir='ltr'>velorum</span> <span class='ocrx_word' id='word_1_305' title='bbox 2489 662 2611 714; x_wconf 89' lang='lat' dir='ltr'>tam</span> <span class='ocrx_word' id='word_1_306' title='bbox 2631 660 2842 715; x_wconf 90' lang='lat' dir='ltr'>decora</span> <span class='ocrx_word' id='word_1_307' title='bbox 2858 659 3138 716; x_wconf 90' lang='lat' dir='ltr'>introrsus</span> <span class='ocrx_word' id='word_1_308' title='bbox 3153 661 3593 720; x_wconf 86' lang='lat' dir='ltr'>circumamicta</span> 
     </span>
    </p>
   </div>
   <div class='ocr_carea' id='block_1_48' title="bbox 1949 748 3579 821">
    <p class='ocr_par' dir='ltr' id='par_1_48' title="bbox 1949 748 3579 821">
     <span class='ocr_line' id='line_1_48' title="bbox 1949 748 3579 821; baseline 0.001 -17"><span class='ocrx_word' id='word_1_309' title='bbox 1949 748 2499 815; x_wconf 88' lang='lat' dir='ltr'>varietate,utmulti</span> <span class='ocrx_word' id='word_1_310' title='bbox 2523 766 2731 804; x_wconf 91' lang='lat' dir='ltr'>eorum</span> <span class='ocrx_word' id='word_1_311' title='bbox 2759 750 2857 821; x_wconf 90' lang='lat' dir='ltr'>qui</span> <span class='ocrx_word' id='word_1_312' title='bbox 2888 751 2961 805; x_wconf 88' lang='lat' dir='ltr'>ad</span> <span class='ocrx_word' id='word_1_313' title='bbox 2993 751 3148 806; x_wconf 91' lang='lat' dir='ltr'>diem</span> <span class='ocrx_word' id='word_1_314' title='bbox 3181 753 3579 806; x_wconf 86' lang='lat' dir='ltr'>convenerant</span> 
     </span>
    </p>
   </div>
   <div class='ocr_carea' id='block_1_49' title="bbox 1948 836 3595 909">
    <p class='ocr_par' dir='ltr' id='par_1_49' title="bbox 1948 836 3595 909">
     <span class='ocr_line' id='line_1_49' title="bbox 1948 836 3595 909; baseline 0.001 -17"><span class='ocrx_word' id='word_1_315' title='bbox 1948 837 2162 893; x_wconf 91' lang='lat' dir='ltr'>festum</span> <span class='ocrx_word' id='word_1_316' title='bbox 2181 836 2512 892; x_wconf 85' lang='lat' dir='ltr'>faterentur</span> <span class='ocrx_word' id='word_1_317' title='bbox 2526 855 2832 909; x_wconf 88' lang='lat' dir='ltr'>nunquam</span> <span class='ocrx_word' id='word_1_318' title='bbox 2850 842 3021 894; x_wconf 89' lang='lat' dir='ltr'>antea</span> <span class='ocrx_word' id='word_1_319' title='bbox 3043 839 3118 893; x_wconf 91' lang='lat' dir='ltr'>sic</span> <span class='ocrx_word' id='word_1_320' title='bbox 3134 839 3412 894; x_wconf 91' lang='lat' dir='ltr'>decenter</span> <span class='ocrx_word' id='word_1_321' title='bbox 3437 856 3595 894; x_wconf 87' lang='lat' dir='ltr'>eam-</span> 
     </span>
    </p>
   </div>
   <div class='ocr_carea' id='block_1_50' title="bbox 1952 925 3593 998">
    <p class='ocr_par' dir='ltr' id='par_1_50' title="bbox 1952 925 3593 998">
     <span class='ocr_line' id='line_1_50' title="bbox 1952 925 3593 998; baseline 0 -18"><span class='ocrx_word' id='word_1_322' title='bbox 1952 926 2086 980; x_wconf 91' lang='lat' dir='ltr'>dem</span> <span class='ocrx_word' id='word_1_323' title='bbox 2118 925 2327 980; x_wconf 89' lang='lat' dir='ltr'>vidisse</span> <span class='ocrx_word' id='word_1_324' title='bbox 2349 929 2623 981; x_wconf 89' lang='lat' dir='ltr'>ornatam</span> <span class='ocrx_word' id='word_1_325' title='bbox 2661 927 3073 982; x_wconf 85' lang='lat' dir='ltr'>basilicam.Ad</span> <span class='ocrx_word' id='word_1_326' title='bbox 3093 929 3254 998; x_wconf 90' lang='lat' dir='ltr'>cujus</span> <span class='ocrx_word' id='word_1_327' title='bbox 3277 927 3593 998; x_wconf 89' lang='lat' dir='ltr'>pulchritu-</span> 
     </span>
    </p>
   </div>
   <div class='ocr_carea' id='block_1_51' title="bbox 1952 1013 3590 1087">
    <p class='ocr_par' dir='ltr' id='par_1_51' title="bbox 1952 1013 3590 1087">
     <span class='ocr_line' id='line_1_51' title="bbox 1952 1013 3590 1087; baseline 0.001 -19"><span class='ocrx_word' id='word_1_328' title='bbox 1952 1013 2154 1068; x_wconf 89' lang='lat' dir='ltr'>dinem</span> <span class='ocrx_word' id='word_1_329' title='bbox 2170 1015 2558 1082; x_wconf 89' lang='lat' dir='ltr'>decoris,cum</span> <span class='ocrx_word' id='word_1_330' title='bbox 2579 1015 2987 1087; x_wconf 89' lang='lat' dir='ltr'>lampadarum</span> <span class='ocrx_word' id='word_1_331' title='bbox 3007 1033 3072 1070; x_wconf 91' lang='lat' dir='ltr'>ac</span> <span class='ocrx_word' id='word_1_332' title='bbox 3085 1033 3389 1071; x_wconf 90' lang='lat' dir='ltr'>cereorum</span> <span class='ocrx_word' id='word_1_333' title='bbox 3402 1017 3590 1083; x_wconf 86' lang='lat' dir='ltr'>stella,</span> 
     </span>
    </p>
   </div>
   <div class='ocr_carea' id='block_1_52' title="bbox 1952 1103 3595 1177">
    <p class='ocr_par' dir='ltr' id='par_1_52' title="bbox 1952 1103 3595 1177">
     <span class='ocr_line' id='line_1_52' title="bbox 1952 1103 3595 1177; baseline 0.001 -21"><span class='ocrx_word' id='word_1_334' title='bbox 1952 1103 2104 1156; x_wconf 90' lang='lat' dir='ltr'>utsic</span> <span class='ocrx_word' id='word_1_335' title='bbox 2122 1103 2347 1157; x_wconf 90' lang='lat' dir='ltr'>dictum</span> <span class='ocrx_word' id='word_1_336' title='bbox 2361 1103 2938 1170; x_wconf 89' lang='lat' dir='ltr'>sit,area,accedebat</span> <span class='ocrx_word' id='word_1_337' title='bbox 2951 1122 3088 1160; x_wconf 91' lang='lat' dir='ltr'>auro</span> <span class='ocrx_word' id='word_1_338' title='bbox 3104 1122 3167 1160; x_wconf 91' lang='lat' dir='ltr'>ac</span> <span class='ocrx_word' id='word_1_339' title='bbox 3185 1105 3436 1177; x_wconf 89' lang='lat' dir='ltr'>gemmis</span> <span class='ocrx_word' id='word_1_340' title='bbox 3448 1122 3595 1176; x_wconf 68' lang='lat' dir='ltr'>prae-</span> 
     </span>
    </p>
   </div>
   <div class='ocr_carea' id='block_1_53' title="bbox 1953 1190 3593 1261">
    <p class='ocr_par' dir='ltr' id='par_1_53' title="bbox 1953 1190 3593 1261">
     <span class='ocr_line' id='line_1_53' title="bbox 1953 1190 3593 1261; baseline 0.001 -18"><span class='ocrx_word' id='word_1_341' title='bbox 1953 1190 2192 1261; x_wconf 85' lang='lat' dir='ltr'>fulgens</span> <span class='ocrx_word' id='word_1_342' title='bbox 2217 1208 2250 1244; x_wconf 90' lang='lat' dir='ltr'>a</span> <span class='ocrx_word' id='word_1_343' title='bbox 2269 1191 2463 1244; x_wconf 89' lang='lat' dir='ltr'>fronte</span> <span class='ocrx_word' id='word_1_344' title='bbox 2485 1192 2715 1260; x_wconf 86' lang='lat' dir='ltr'>lectica,</span> <span class='ocrx_word' id='word_1_345' title='bbox 2735 1194 3070 1248; x_wconf 88' lang='lat' dir='ltr'>thesaurum</span> <span class='ocrx_word' id='word_1_346' title='bbox 3082 1193 3330 1248; x_wconf 81' lang='lat' dir='ltr'>Arabico</span> <span class='ocrx_word' id='word_1_347' title='bbox 3357 1193 3593 1248; x_wconf 78' lang='lat' dir='ltr'>metallo</span> 
     </span>
    </p>
   </div>
   <div class='ocr_carea' id='block_1_54' title="bbox 1956 1278 3589 1351">
    <p class='ocr_par' dir='ltr' id='par_1_54' title="bbox 1956 1278 3589 1351">
     <span class='ocr_line' id='line_1_54' title="bbox 1956 1278 3589 1351; baseline 0.001 -20"><span class='ocrx_word' id='word_1_348' title='bbox 1956 1278 2257 1350; x_wconf 88' lang='lat' dir='ltr'>lapidique</span> <span class='ocrx_word' id='word_1_349' title='bbox 2291 1278 2732 1348; x_wconf 79' lang='lat' dir='ltr'>praeferendum</span> <span class='ocrx_word' id='word_1_350' title='bbox 2767 1282 2986 1351; x_wconf 88' lang='lat' dir='ltr'>topasio</span> <span class='ocrx_word' id='word_1_351' title='bbox 3019 1282 3078 1334; x_wconf 90' lang='lat' dir='ltr'>in</span> <span class='ocrx_word' id='word_1_352' title='bbox 3112 1297 3170 1335; x_wconf 91' lang='lat' dir='ltr'>se</span> <span class='ocrx_word' id='word_1_353' title='bbox 3198 1280 3476 1334; x_wconf 87' lang='lat' dir='ltr'>retinens.</span> <span class='ocrx_word' id='word_1_354' title='bbox 3523 1279 3589 1333; x_wconf 89' lang='lat' dir='ltr'><strong>Id</strong></span> 
     </span>
    </p>
   </div>
   <div class='ocr_carea' id='block_1_55' title="bbox 1957 1367 3596 1440">
    <p class='ocr_par' dir='ltr' id='par_1_55' title="bbox 1957 1367 3596 1440">
     <span class='ocr_line' id='line_1_55' title="bbox 1957 1367 3596 1440; baseline -0.001 -18"><span class='ocrx_word' id='word_1_355' title='bbox 1957 1367 2218 1440; x_wconf 91' lang='lat' dir='ltr'>primum</span> <span class='ocrx_word' id='word_1_356' title='bbox 2238 1383 2369 1420; x_wconf 90' lang='lat' dir='ltr'>cum</span> <span class='ocrx_word' id='word_1_357' title='bbox 2389 1369 2742 1423; x_wconf 82' lang='lat' dir='ltr'>caeterorum</span> <span class='ocrx_word' id='word_1_358' title='bbox 2763 1369 3017 1440; x_wconf 90' lang='lat' dir='ltr'>reliquiis</span> <span class='ocrx_word' id='word_1_359' title='bbox 3041 1371 3372 1423; x_wconf 89' lang='lat' dir='ltr'>sanctorum</span> <span class='ocrx_word' id='word_1_360' title='bbox 3391 1368 3596 1421; x_wconf 85' lang='lat' dir='ltr'>hume-</span> 
     </span>
    </p>
   </div>
   <div class='ocr_carea' id='block_1_56' title="bbox 1957 1453 3597 1526">
    <p class='ocr_par' dir='ltr' id='par_1_56' title="bbox 1957 1453 3597 1526">
     <span class='ocr_line' id='line_1_56' title="bbox 1957 1453 3597 1526; baseline -0.001 -17"><span class='ocrx_word' id='word_1_361' title='bbox 1957 1455 2036 1509; x_wconf 86' lang='lat' dir='ltr'>ris</span> <span class='ocrx_word' id='word_1_362' title='bbox 2055 1453 2383 1509; x_wconf 90' lang='lat' dir='ltr'>dolentium</span> <span class='ocrx_word' id='word_1_363' title='bbox 2397 1471 2644 1510; x_wconf 89' lang='lat' dir='ltr'>suorum</span> <span class='ocrx_word' id='word_1_364' title='bbox 2680 1457 2921 1512; x_wconf 83' lang='lat' dir='ltr'>oﬂ&#39;ertur</span> <span class='ocrx_word' id='word_1_365' title='bbox 2942 1458 3499 1526; x_wconf 88' lang='lat' dir='ltr'>servulorum,atque</span> <span class='ocrx_word' id='word_1_366' title='bbox 3519 1453 3597 1508; x_wconf 88' lang='lat' dir='ltr'>ad</span> 
     </span>
    </p>
   </div>
   <div class='ocr_carea' id='block_1_57' title="bbox 1960 1541 3594 1615">
    <p class='ocr_par' dir='ltr' id='par_1_57' title="bbox 1960 1541 3594 1615">
     <span class='ocr_line' id='line_1_57' title="bbox 1960 1541 3594 1615; baseline -0.002 -18"><span class='ocrx_word' id='word_1_367' title='bbox 1960 1542 2310 1598; x_wconf 90' lang='lat' dir='ltr'>orientalem</span> <span class='ocrx_word' id='word_1_368' title='bbox 2334 1543 2589 1598; x_wconf 85' lang='lat' dir='ltr'>ecclesiae</span> <span class='ocrx_word' id='word_1_369' title='bbox 2611 1549 2843 1615; x_wconf 90' lang='lat' dir='ltr'>partem</span> <span class='ocrx_word' id='word_1_370' title='bbox 2862 1545 2918 1599; x_wconf 94' lang='lat' dir='ltr'>in</span> <span class='ocrx_word' id='word_1_371' title='bbox 2938 1543 3270 1600; x_wconf 73' lang='lat' dir='ltr'>cmmeterio</span> <span class='ocrx_word' id='word_1_372' title='bbox 3287 1541 3594 1612; x_wconf 82' lang='lat' dir='ltr'>exponitur</span> 
     </span>
    </p>
   </div>
   <div class='ocr_carea' id='block_1_58' title="bbox 1959 1628 3596 1705">
    <p class='ocr_par' dir='ltr' id='par_1_58' title="bbox 1959 1628 3596 1705">
     <span class='ocr_line' id='line_1_58' title="bbox 1959 1628 3596 1705; baseline -0.001 -20"><span class='ocrx_word' id='word_1_373' title='bbox 1959 1631 2233 1686; x_wconf 87' lang='lat' dir='ltr'>fratrum.</span> <span class='ocrx_word' id='word_1_374' title='bbox 2266 1631 2403 1685; x_wconf 90' lang='lat' dir='ltr'>Inde</span> <span class='ocrx_word' id='word_1_375' title='bbox 2437 1632 2697 1687; x_wconf 87' lang='lat' dir='ltr'>universi</span> <span class='ocrx_word' id='word_1_376' title='bbox 2732 1634 2805 1688; x_wconf 90' lang='lat' dir='ltr'>ad</span> <span class='ocrx_word' id='word_1_377' title='bbox 2838 1633 3253 1705; x_wconf 90' lang='lat' dir='ltr'>deponendum</span> <span class='ocrx_word' id='word_1_378' title='bbox 3283 1628 3596 1685; x_wconf 90' lang='lat' dir='ltr'>sanctuarii</span> 
     </span>
    </p>
   </div>
   <div class='ocr_carea' id='block_1_59' title="bbox 1963 1716 3593 1792">
    <p class='ocr_par' dir='ltr' id='par_1_59' title="bbox 1963 1716 3593 1792">
     <span class='ocr_line' id='line_1_59' title="bbox 1963 1716 3593 1792; baseline -0.001 -19"><span class='ocrx_word' id='word_1_379' title='bbox 1963 1721 2239 1773; x_wconf 90' lang='lat' dir='ltr'>ornatum</span> <span class='ocrx_word' id='word_1_380' title='bbox 2278 1735 2380 1772; x_wconf 91' lang='lat' dir='ltr'>ora</span> <span class='ocrx_word' id='word_1_381' title='bbox 2405 1720 2855 1792; x_wconf 91' lang='lat' dir='ltr'>conversi,quod</span> <span class='ocrx_word' id='word_1_382' title='bbox 2885 1722 3063 1775; x_wconf 91' lang='lat' dir='ltr'>solers</span> <span class='ocrx_word' id='word_1_383' title='bbox 3093 1719 3441 1775; x_wconf 65' lang='lat' dir='ltr'>aedituorum</span> <span class='ocrx_word' id='word_1_384' title='bbox 3464 1716 3593 1771; x_wconf 89' lang='lat' dir='ltr'>dili-</span> 
     </span>
    </p>
   </div>
   <div class='ocr_carea' id='block_1_60' title="bbox 1961 1806 3596 1879">
    <p class='ocr_par' dir='ltr' id='par_1_60' title="bbox 1961 1806 3596 1879">
     <span class='ocr_line' id='line_1_60' title="bbox 1961 1806 3596 1879; baseline 0 -19"><span class='ocrx_word' id='word_1_385' title='bbox 1961 1806 2161 1878; x_wconf 86' lang='lat' dir='ltr'>gentia</span> <span class='ocrx_word' id='word_1_386' title='bbox 2174 1822 2280 1876; x_wconf 91' lang='lat' dir='ltr'>per</span> <span class='ocrx_word' id='word_1_387' title='bbox 2292 1808 2422 1860; x_wconf 92' lang='lat' dir='ltr'>octo</span> <span class='ocrx_word' id='word_1_388' title='bbox 2436 1807 2696 1877; x_wconf 86' lang='lat' dir='ltr'>spatium</span> <span class='ocrx_word' id='word_1_389' title='bbox 2712 1808 2936 1862; x_wconf 89' lang='lat' dir='ltr'>dierum</span> <span class='ocrx_word' id='word_1_390' title='bbox 2951 1809 3252 1879; x_wconf 89' lang='lat' dir='ltr'>eleganter</span> <span class='ocrx_word' id='word_1_391' title='bbox 3265 1806 3596 1876; x_wconf 87' lang='lat' dir='ltr'>compserat</span> 
     </span>
    </p>
   </div>
   <div class='ocr_carea' id='block_1_61' title="bbox 1317 1892 3588 1966">
    <p class='ocr_par' dir='ltr' id='par_1_61' title="bbox 1317 1892 3588 1966">
     <span class='ocr_line' id='line_1_61' title="bbox 1317 1892 3588 1966; baseline -0.002 -17"><span class='ocrx_word' id='word_1_392' title='bbox 1317 1895 1449 1961; x_wconf 87' lang='lat' dir='ltr'>Qui,</span> <span class='ocrx_word' id='word_1_393' title='bbox 1501 1895 1860 1966; x_wconf 65' lang='lat' dir='ltr'>praecedente</span> <span class='ocrx_word' id='word_1_394' title='bbox 1883 1904 1935 1964; x_wconf 83' lang='grc' dir='ltr'>Β</span> <span class='ocrx_word' id='word_1_395' title='bbox 1963 1894 2021 1948; x_wconf 92' lang='lat' dir='ltr'>id</span> <span class='ocrx_word' id='word_1_396' title='bbox 2038 1910 2143 1948; x_wconf 91' lang='lat' dir='ltr'>nos</span> <span class='ocrx_word' id='word_1_397' title='bbox 2157 1894 2336 1948; x_wconf 91' lang='lat' dir='ltr'>trium</span> <span class='ocrx_word' id='word_1_398' title='bbox 2359 1897 2458 1947; x_wconf 85' lang='lat' dir='ltr'>aut</span> <span class='ocrx_word' id='word_1_399' title='bbox 2486 1911 2606 1949; x_wconf 91' lang='lat' dir='ltr'>non</span> <span class='ocrx_word' id='word_1_400' title='bbox 2642 1897 2828 1950; x_wconf 92' lang='lat' dir='ltr'>multo</span> <span class='ocrx_word' id='word_1_401' title='bbox 2856 1896 3102 1966; x_wconf 90' lang='lat' dir='ltr'>amplius</span> <span class='ocrx_word' id='word_1_402' title='bbox 3133 1896 3385 1966; x_wconf 90' lang='lat' dir='ltr'>quatuor</span> <span class='ocrx_word' id='word_1_403' title='bbox 3413 1892 3588 1946; x_wconf 86' lang='lat' dir='ltr'>hora-</span> 
     </span>
    </p>
   </div>
   <div class='ocr_carea' id='block_1_62' title="bbox 1962 1981 3592 2054">
    <p class='ocr_par' dir='ltr' id='par_1_62' title="bbox 1962 1981 3592 2054">
     <span class='ocr_line' id='line_1_62' title="bbox 1962 1981 3592 2054; baseline -0.001 -18"><span class='ocrx_word' id='word_1_404' title='bbox 1962 1999 2094 2036; x_wconf 88' lang='lat' dir='ltr'>rum</span> <span class='ocrx_word' id='word_1_405' title='bbox 2115 1981 2301 2036; x_wconf 92' lang='lat' dir='ltr'>noctis</span> <span class='ocrx_word' id='word_1_406' title='bbox 2316 1981 2628 2036; x_wconf 90' lang='lat' dir='ltr'>intervallo</span> <span class='ocrx_word' id='word_1_407' title='bbox 2643 1981 3372 2054; x_wconf 87' lang='lat' dir='ltr'>deposuimus.Perspicere</span> <span class='ocrx_word' id='word_1_408' title='bbox 3386 1982 3511 2046; x_wconf 72' lang='lat' dir='ltr'>erat</span> <span class='ocrx_word' id='word_1_409' title='bbox 3526 1996 3592 2034; x_wconf 90' lang='lat' dir='ltr'>ac</span> 
     </span>
    </p>
   </div>
   <div class='ocr_carea' id='block_1_63' title="bbox 1964 2065 3593 2142">
    <p class='ocr_par' dir='ltr' id='par_1_63' title="bbox 1964 2065 3593 2142">
     <span class='ocr_line' id='line_1_63' title="bbox 1964 2065 3593 2142; baseline -0.001 -18"><span class='ocrx_word' id='word_1_410' title='bbox 1964 2086 2200 2142; x_wconf 89' lang='lat' dir='ltr'>gemere</span> <span class='ocrx_word' id='word_1_411' title='bbox 2232 2068 2457 2140; x_wconf 88' lang='lat' dir='ltr'>regiam</span> <span class='ocrx_word' id='word_1_412' title='bbox 2480 2069 2625 2140; x_wconf 73' lang='lat'>(30‘)</span> <span class='ocrx_word' id='word_1_413' title='bbox 2646 2070 2804 2124; x_wconf 89' lang='lat' dir='ltr'>illam</span> <span class='ocrx_word' id='word_1_414' title='bbox 2831 2071 3020 2125; x_wconf 82' lang='lat' dir='ltr'>Matris</span> <span class='ocrx_word' id='word_1_415' title='bbox 3040 2065 3295 2133; x_wconf 89' lang='lat' dir='ltr'>Domini,</span> <span class='ocrx_word' id='word_1_416' title='bbox 3319 2067 3593 2138; x_wconf 85' lang='lat' dir='ltr'>stigmata</span> 
     </span>
    </p>
   </div>
   <div class='ocr_carea' id='block_1_64' title="bbox 1963 2156 3588 2228">
    <p class='ocr_par' dir='ltr' id='par_1_64' title="bbox 1963 2156 3588 2228">
     <span class='ocr_line' id='line_1_64' title="bbox 1963 2156 3588 2228; baseline -0.001 -14"><span class='ocrx_word' id='word_1_417' title='bbox 1963 2159 2068 2214; x_wconf 68' lang='lat' dir='ltr'>via:</span> <span class='ocrx_word' id='word_1_418' title='bbox 2097 2157 2246 2211; x_wconf 86' lang='lat' dir='ltr'>illius</span> <span class='ocrx_word' id='word_1_419' title='bbox 2271 2174 2385 2228; x_wconf 91' lang='lat' dir='ltr'>qua</span> <span class='ocrx_word' id='word_1_420' title='bbox 2415 2159 2722 2228; x_wconf 91' lang='lat' dir='ltr'>quondam</span> <span class='ocrx_word' id='word_1_421' title='bbox 2776 2159 3016 2213; x_wconf 89' lang='lat' dir='ltr'>dilectus</span> <span class='ocrx_word' id='word_1_422' title='bbox 3069 2156 3320 2213; x_wconf 90' lang='lat' dir='ltr'>Domino</span> <span class='ocrx_word' id='word_1_423' title='bbox 3379 2156 3588 2212; x_wconf 72' lang='lat' dir='ltr'>coelum</span> 
     </span>
    </p>
   </div>
   <div class='ocr_carea' id='block_1_65' title="bbox 1966 2245 3590 2318">
    <p class='ocr_par' dir='ltr' id='par_1_65' title="bbox 1966 2245 3590 2318">
     <span class='ocr_line' id='line_1_65' title="bbox 1966 2245 3590 2318; baseline -0.001 -16"><span class='ocrx_word' id='word_1_424' title='bbox 1966 2246 2310 2302; x_wconf 90' lang='lat' dir='ltr'>Benedictus</span> <span class='ocrx_word' id='word_1_425' title='bbox 2341 2246 2687 2300; x_wconf 89' lang='lat' dir='ltr'>conscendit</span> <span class='ocrx_word' id='word_1_426' title='bbox 2719 2247 3016 2302; x_wconf 88' lang='lat' dir='ltr'>nocturnis</span> <span class='ocrx_word' id='word_1_427' title='bbox 3041 2247 3101 2301; x_wconf 92' lang='lat' dir='ltr'>in</span> <span class='ocrx_word' id='word_1_428' title='bbox 3129 2245 3390 2300; x_wconf 89' lang='lat' dir='ltr'>laudibus</span> <span class='ocrx_word' id='word_1_429' title='bbox 3440 2261 3590 2318; x_wconf 74' lang='lat' dir='ltr'>prte-</span> 
     </span>
    </p>
   </div>
   <div class='ocr_carea' id='block_1_66' title="bbox 1967 2333 3589 2403">
    <p class='ocr_par' dir='ltr' id='par_1_66' title="bbox 1967 2333 3589 2403">
     <span class='ocr_line' id='line_1_66' title="bbox 1967 2333 3589 2403; baseline -0.001 -13"><span class='ocrx_word' id='word_1_430' title='bbox 1967 2335 2412 2403; x_wconf 85' lang='lat' dir='ltr'>ferentem,post</span> <span class='ocrx_word' id='word_1_431' title='bbox 2435 2333 2739 2390; x_wconf 91' lang='lat' dir='ltr'>modicum</span> <span class='ocrx_word' id='word_1_432' title='bbox 2756 2337 3115 2392; x_wconf 90' lang='lat' dir='ltr'>desertarum</span> <span class='ocrx_word' id='word_1_433' title='bbox 3134 2335 3346 2390; x_wconf 68' lang='lat' dir='ltr'>aedium</span> <span class='ocrx_word' id='word_1_434' title='bbox 3376 2334 3589 2390; x_wconf 86' lang='lat' dir='ltr'>factam</span> 
     </span>
    </p>
   </div>
   <div class='ocr_carea' id='block_1_67' title="bbox 1969 2422 3593 2495">
    <p class='ocr_par' dir='ltr' id='par_1_67' title="bbox 1969 2422 3593 2495">
     <span class='ocr_line' id='line_1_67' title="bbox 1969 2422 3593 2495; baseline 0.001 -18"><span class='ocrx_word' id='word_1_435' title='bbox 1969 2423 2241 2478; x_wconf 88' lang='lat' dir='ltr'>similem.</span> <span class='ocrx_word' id='word_1_436' title='bbox 2273 2423 2341 2476; x_wconf 86' lang='lat' dir='ltr'>Et</span> <span class='ocrx_word' id='word_1_437' title='bbox 2372 2422 2510 2493; x_wconf 89' lang='lat' dir='ltr'>quia</span> <span class='ocrx_word' id='word_1_438' title='bbox 2542 2424 2722 2495; x_wconf 91' lang='lat' dir='ltr'>igneo</span> <span class='ocrx_word' id='word_1_439' title='bbox 2756 2427 2985 2480; x_wconf 83' lang='lat' dir='ltr'>fervore</span> <span class='ocrx_word' id='word_1_440' title='bbox 3015 2424 3074 2479; x_wconf 91' lang='lat' dir='ltr'>in</span> <span class='ocrx_word' id='word_1_441' title='bbox 3100 2422 3291 2478; x_wconf 88' lang='lat' dir='ltr'>vitreis</span> <span class='ocrx_word' id='word_1_442' title='bbox 3327 2422 3454 2494; x_wconf 90' lang='lat' dir='ltr'>jam</span> <span class='ocrx_word' id='word_1_443' title='bbox 3508 2423 3593 2478; x_wconf 89' lang='lat' dir='ltr'>fe-</span> 
     </span>
    </p>
   </div>
   <div class='ocr_carea' id='block_1_68' title="bbox 1970 2510 3594 2587">
    <p class='ocr_par' dir='ltr' id='par_1_68' title="bbox 1970 2510 3594 2587">
     <span class='ocr_line' id='line_1_68' title="bbox 1970 2510 3594 2587; baseline 0.001 -22"><span class='ocrx_word' id='word_1_444' title='bbox 1970 2511 2177 2566; x_wconf 89' lang='lat' dir='ltr'>nestris</span> <span class='ocrx_word' id='word_1_445' title='bbox 2202 2510 2509 2581; x_wconf 87' lang='lat' dir='ltr'>plumbum</span> <span class='ocrx_word' id='word_1_446' title='bbox 2541 2511 2754 2584; x_wconf 90' lang='lat' dir='ltr'>liquari</span> <span class='ocrx_word' id='word_1_447' title='bbox 2782 2530 2954 2587; x_wconf 88' lang='lat' dir='ltr'>posse</span> <span class='ocrx_word' id='word_1_448' title='bbox 3007 2511 3435 2584; x_wconf 86' lang='lat' dir='ltr'>conjiciebatur,</span> <span class='ocrx_word' id='word_1_449' title='bbox 3469 2527 3594 2565; x_wconf 86' lang='lat' dir='ltr'>ma-</span> 
     </span>
    </p>
   </div>
   <div class='ocr_carea' id='block_1_69' title="bbox 1968 2599 3594 2675">
    <p class='ocr_par' dir='ltr' id='par_1_69' title="bbox 1968 2599 3594 2675">
     <span class='ocr_line' id='line_1_69' title="bbox 1968 2599 3594 2675; baseline 0 -19"><span class='ocrx_word' id='word_1_450' title='bbox 1968 2601 2123 2656; x_wconf 91' lang='lat' dir='ltr'>xime</span> <span class='ocrx_word' id='word_1_451' title='bbox 2173 2615 2307 2653; x_wconf 92' lang='lat' dir='ltr'>cum</span> <span class='ocrx_word' id='word_1_452' title='bbox 2346 2599 2597 2656; x_wconf 89' lang='lat' dir='ltr'>victricis</span> <span class='ocrx_word' id='word_1_453' title='bbox 2625 2603 2886 2658; x_wconf 61' lang='lat' dir='ltr'>flammae</span> <span class='ocrx_word' id='word_1_454' title='bbox 2922 2618 3134 2675; x_wconf 86' lang='lat' dir='ltr'>vorago</span> <span class='ocrx_word' id='word_1_455' title='bbox 3165 2605 3370 2658; x_wconf 87' lang='lat' dir='ltr'>cuncta</span> <span class='ocrx_word' id='word_1_456' title='bbox 3397 2601 3594 2658; x_wconf 86' lang='lat' dir='ltr'>exina-</span> 
     </span>
    </p>
   </div>
   <div class='ocr_carea' id='block_1_70' title="bbox 1971 2687 3601 2764">
    <p class='ocr_par' dir='ltr' id='par_1_70' title="bbox 1971 2687 3601 2764">
     <span class='ocr_line' id='line_1_70' title="bbox 1971 2687 3601 2764; baseline 0.001 -20"><span class='ocrx_word' id='word_1_457' title='bbox 1971 2689 2249 2758; x_wconf 89' lang='lat' dir='ltr'>nirct,spe</span> <span class='ocrx_word' id='word_1_458' title='bbox 2282 2687 2555 2758; x_wconf 88' lang='lat' dir='ltr'>sublapsa</span> <span class='ocrx_word' id='word_1_459' title='bbox 2585 2691 2853 2746; x_wconf 88' lang='lat' dir='ltr'>mortalis</span> <span class='ocrx_word' id='word_1_460' title='bbox 2906 2691 3123 2762; x_wconf 87' lang='lat' dir='ltr'>auxilii,</span> <span class='ocrx_word' id='word_1_461' title='bbox 3149 2693 3399 2764; x_wconf 88' lang='lat' dir='ltr'>supellex</span> <span class='ocrx_word' id='word_1_462' title='bbox 3441 2688 3601 2747; x_wconf 87' lang='lat' dir='ltr'>varia</span> 
     </span>
    </p>
   </div>
   <div class='ocr_carea' id='block_1_71' title="bbox 1971 2775 3602 2847">
    <p class='ocr_par' dir='ltr' id='par_1_71' title="bbox 1971 2775 3602 2847">
     <span class='ocr_line' id='line_1_71' title="bbox 1971 2775 3602 2847; baseline 0.001 -15"><span class='ocrx_word' id='word_1_463' title='bbox 1971 2775 2327 2847; x_wconf 88' lang='lat' dir='ltr'>longiuscule</span> <span class='ocrx_word' id='word_1_464' title='bbox 2359 2791 2390 2828; x_wconf 92' lang='lat' dir='ltr'>a</span> <span class='ocrx_word' id='word_1_465' title='bbox 2423 2778 2788 2834; x_wconf 90' lang='lat' dir='ltr'>monasterio</span> <span class='ocrx_word' id='word_1_466' title='bbox 2837 2779 2998 2833; x_wconf 90' lang='lat' dir='ltr'>inter</span> <span class='ocrx_word' id='word_1_467' title='bbox 3047 2797 3376 2836; x_wconf 89' lang='lat' dir='ltr'>memorum</span> <span class='ocrx_word' id='word_1_468' title='bbox 3421 2781 3602 2836; x_wconf 79' lang='lat' dir='ltr'>densa</span> 
     </span>
    </p>
   </div>
   <div class='ocr_carea' id='block_1_72' title="bbox 1973 2863 3596 2943">
    <p class='ocr_par' dir='ltr' id='par_1_72' title="bbox 1973 2863 3596 2943">
     <span class='ocr_line' id='line_1_72' title="bbox 1973 2863 3596 2943; baseline 0.002 -24"><span class='ocrx_word' id='word_1_469' title='bbox 1973 2863 2273 2930; x_wconf 90' lang='lat' dir='ltr'>occulitur,</span> <span class='ocrx_word' id='word_1_470' title='bbox 2305 2878 2439 2916; x_wconf 89' lang='lat' dir='ltr'>cum</span> <span class='ocrx_word' id='word_1_471' title='bbox 2487 2869 2736 2934; x_wconf 90' lang='lat' dir='ltr'>repente</span> <span class='ocrx_word' id='word_1_472' title='bbox 2768 2865 2868 2920; x_wconf 91' lang='lat' dir='ltr'>uni</span> <span class='ocrx_word' id='word_1_473' title='bbox 2906 2881 2974 2920; x_wconf 87' lang='lat' dir='ltr'>ex</span> <span class='ocrx_word' id='word_1_474' title='bbox 2996 2868 3318 2937; x_wconf 87' lang='lat' dir='ltr'>abbatibus,</span> <span class='ocrx_word' id='word_1_475' title='bbox 3371 2869 3467 2943; x_wconf 91' lang='lat' dir='ltr'>qui</span> <span class='ocrx_word' id='word_1_476' title='bbox 3528 2883 3596 2922; x_wconf 91' lang='lat' dir='ltr'>ex</span> 
     </span>
    </p>
   </div>
   <div class='ocr_carea' id='block_1_73' title="bbox 1970 2950 3599 3014">
    <p class='ocr_par' dir='ltr' id='par_1_73' title="bbox 1970 2950 3599 3014">
     <span class='ocr_line' id='line_1_73' title="bbox 1970 2950 3599 3014; baseline 0.001 -6"><span class='ocrx_word' id='word_1_477' title='bbox 1970 2953 2168 3009; x_wconf 88' lang='lat' dir='ltr'>vicinis</span> <span class='ocrx_word' id='word_1_478' title='bbox 2189 2950 2462 3006; x_wconf 71' lang='lat' dir='ltr'>caanobiis</span> <span class='ocrx_word' id='word_1_479' title='bbox 2479 2952 2730 3008; x_wconf 90' lang='lat' dir='ltr'>emerito</span> <span class='ocrx_word' id='word_1_480' title='bbox 2753 2953 2885 3008; x_wconf 90' lang='lat' dir='ltr'>duci</span> <span class='ocrx_word' id='word_1_481' title='bbox 2904 2970 3006 3009; x_wconf 91' lang='lat' dir='ltr'>suo</span> <span class='ocrx_word' id='word_1_482' title='bbox 3025 2955 3320 3012; x_wconf 89' lang='lat' dir='ltr'>militaturi</span> <span class='ocrx_word' id='word_1_483' title='bbox 3354 2958 3599 3014; x_wconf 85' lang='lat' dir='ltr'>advene-</span> 
     </span>
    </p>
   </div>
   <div class='ocr_carea' id='block_1_74' title="bbox 1973 3038 3604 3119">
    <p class='ocr_par' dir='ltr' id='par_1_74' title="bbox 1973 3038 3604 3119">
     <span class='ocr_line' id='line_1_74' title="bbox 1973 3038 3604 3119; baseline 0 -22"><span class='ocrx_word' id='word_1_484' title='bbox 1973 3045 2126 3104; x_wconf 86' lang='lat' dir='ltr'>rant,</span> <span class='ocrx_word' id='word_1_485' title='bbox 2151 3038 2387 3096; x_wconf 91' lang='lat' dir='ltr'>nomine</span> <span class='ocrx_word' id='word_1_486' title='bbox 2401 3039 2699 3096; x_wconf 86' lang='lat' dir='ltr'>Rainardo</span> <span class='ocrx_word' id='word_1_487' title='bbox 2723 3042 2854 3113; x_wconf 82' lang='lat' dir='ltr'>(3t),</span> <span class='ocrx_word' id='word_1_488' title='bbox 2870 3041 3008 3098; x_wconf 90' lang='lat' dir='ltr'>visio</span> <span class='ocrx_word' id='word_1_489' title='bbox 3025 3060 3289 3116; x_wconf 69' lang='lat' dir='ltr'>superna:</span> <span class='ocrx_word' id='word_1_490' title='bbox 3332 3043 3604 3119; x_wconf 86' lang='lat' dir='ltr'>apparuit</span> 
     </span>
    </p>
   </div>
   <div class='ocr_carea' id='block_1_75' title="bbox 1976 3127 3602 3207">
    <p class='ocr_par' dir='ltr' id='par_1_75' title="bbox 1976 3127 3602 3207">
     <span class='ocr_line' id='line_1_75' title="bbox 1976 3127 3602 3207; baseline 0.001 -22"><span class='ocrx_word' id='word_1_491' title='bbox 1976 3127 2406 3186; x_wconf 89' lang='lat' dir='ltr'>consolationis.</span> <span class='ocrx_word' id='word_1_492' title='bbox 2435 3130 2679 3200; x_wconf 77' lang='lat' dir='ltr'>Aspexit</span> <span class='ocrx_word' id='word_1_493' title='bbox 2715 3148 2972 3204; x_wconf 84' lang='lat' dir='ltr'>namque</span> <span class='ocrx_word' id='word_1_494' title='bbox 2997 3149 3130 3188; x_wconf 90' lang='lat' dir='ltr'>cum</span> <span class='ocrx_word' id='word_1_495' title='bbox 3187 3135 3334 3203; x_wconf 89' lang='lat' dir='ltr'>aliis,</span> <span class='ocrx_word' id='word_1_496' title='bbox 3395 3133 3602 3207; x_wconf 89' lang='lat' dir='ltr'>quibus</span> 
     </span>
    </p>
   </div>
   <div class='ocr_carea' id='block_1_76' title="bbox 1975 3216 3604 3294">
    <p class='ocr_par' dir='ltr' id='par_1_76' title="bbox 1975 3216 3604 3294">
     <span class='ocr_line' id='line_1_76' title="bbox 1975 3216 3604 3294; baseline 0.001 -21"><span class='ocrx_word' id='word_1_497' title='bbox 1975 3220 2098 3273; x_wconf 63' lang='lat' dir='ltr'>haec</span> <span class='ocrx_word' id='word_1_498' title='bbox 2129 3217 2330 3270; x_wconf 90' lang='lat' dir='ltr'>datum</span> <span class='ocrx_word' id='word_1_499' title='bbox 2352 3218 2438 3269; x_wconf 85' lang='lat' dir='ltr'>est</span> <span class='ocrx_word' id='word_1_500' title='bbox 2468 3216 2836 3284; x_wconf 89' lang='lat' dir='ltr'>videre,duas</span> <span class='ocrx_word' id='word_1_501' title='bbox 2887 3221 3186 3276; x_wconf 88' lang='lat' dir='ltr'>columbas</span> <span class='ocrx_word' id='word_1_502' title='bbox 3234 3239 3407 3294; x_wconf 87' lang='lat' dir='ltr'>super</span> <span class='ocrx_word' id='word_1_503' title='bbox 3457 3220 3604 3277; x_wconf 89' lang='lat' dir='ltr'>nivis</span> 
     </span>
    </p>
   </div>
   <div class='ocr_carea' id='block_1_77' title="bbox 1977 3303 3599 3379">
    <p class='ocr_par' dir='ltr' id='par_1_77' title="bbox 1977 3303 3599 3379">
     <span class='ocr_line' id='line_1_77' title="bbox 1977 3303 3599 3379; baseline 0.002 -18"><span class='ocrx_word' id='word_1_504' title='bbox 1977 3306 2294 3361; x_wconf 88' lang='lat' dir='ltr'>candorem</span> <span class='ocrx_word' id='word_1_505' title='bbox 2354 3303 2694 3373; x_wconf 89' lang='lat' dir='ltr'>albicantes,</span> <span class='ocrx_word' id='word_1_506' title='bbox 2727 3324 2855 3379; x_wconf 67' lang='lat' dir='ltr'>quae</span> <span class='ocrx_word' id='word_1_507' title='bbox 2902 3308 3054 3363; x_wconf 91' lang='lat' dir='ltr'>trino</span> <span class='ocrx_word' id='word_1_508' title='bbox 3082 3309 3277 3364; x_wconf 83' lang='lat' dir='ltr'>volatu</span> <span class='ocrx_word' id='word_1_509' title='bbox 3309 3309 3599 3365; x_wconf 89' lang='lat' dir='ltr'>ambitum</span> 
     </span>
    </p>
   </div>
   <div class='ocr_carea' id='block_1_78' title="bbox 1977 3391 3596 3470">
    <p class='ocr_par' dir='ltr' id='par_1_78' title="bbox 1977 3391 3596 3470">
     <span class='ocr_line' id='line_1_78' title="bbox 1977 3391 3596 3470; baseline 0.001 -21"><span class='ocrx_word' id='word_1_510' title='bbox 1977 3391 2497 3462; x_wconf 87' lang='lat' dir='ltr'>circumcingentes</span> <span class='ocrx_word' id='word_1_511' title='bbox 2527 3396 2756 3468; x_wconf 90' lang='lat' dir='ltr'>templi,</span> <span class='ocrx_word' id='word_1_512' title='bbox 2785 3397 2856 3451; x_wconf 88' lang='lat' dir='ltr'>ad</span> <span class='ocrx_word' id='word_1_513' title='bbox 2901 3396 3160 3452; x_wconf 82' lang='lat' dir='ltr'>Africum</span> <span class='ocrx_word' id='word_1_514' title='bbox 3217 3399 3304 3453; x_wconf 93' lang='lat' dir='ltr'>sui</span> <span class='ocrx_word' id='word_1_515' title='bbox 3345 3397 3596 3470; x_wconf 87' lang='lat' dir='ltr'>impetus</span> 
     </span>
    </p>
   </div>
   <div class='ocr_carea' id='block_1_79' title="bbox 1978 3483 3594 3557">
    <p class='ocr_par' dir='ltr' id='par_1_79' title="bbox 1978 3483 3594 3557">
     <span class='ocr_line' id='line_1_79' title="bbox 1978 3483 3594 3557; baseline 0.001 -20"><span class='ocrx_word' id='word_1_516' title='bbox 1978 3483 2238 3537; x_wconf 89' lang='lat' dir='ltr'>direxere</span> <span class='ocrx_word' id='word_1_517' title='bbox 2256 3496 2508 3548; x_wconf 90' lang='lat' dir='ltr'>cursum,</span> <span class='ocrx_word' id='word_1_518' title='bbox 2539 3483 2636 3537; x_wconf 91' lang='lat' dir='ltr'>ubi</span> <span class='ocrx_word' id='word_1_519' title='bbox 2659 3484 2784 3554; x_wconf 88' lang='lat' dir='ltr'>jam</span> <span class='ocrx_word' id='word_1_520' title='bbox 2817 3485 3084 3557; x_wconf 82' lang='lat' dir='ltr'>proxima</span> <span class='ocrx_word' id='word_1_521' title='bbox 3103 3485 3330 3541; x_wconf 89' lang='lat' dir='ltr'>horreis</span> <span class='ocrx_word' id='word_1_522' title='bbox 3346 3487 3594 3540; x_wconf 86' lang='lat' dir='ltr'>fratrum</span> 
     </span>
    </p>
   </div>
   <div class='ocr_carea' id='block_1_80' title="bbox 1976 3568 3593 3644">
    <p class='ocr_par' dir='ltr' id='par_1_80' title="bbox 1976 3568 3593 3644">
     <span class='ocr_line' id='line_1_80' title="bbox 1976 3568 3593 3644; baseline 0.001 -20"><span class='ocrx_word' id='word_1_523' title='bbox 1976 3568 2250 3625; x_wconf 90' lang='lat' dir='ltr'>violentia</span> <span class='ocrx_word' id='word_1_524' title='bbox 2267 3568 2425 3622; x_wconf 89' lang='lat' dir='ltr'>stetit</span> <span class='ocrx_word' id='word_1_525' title='bbox 2470 3569 2694 3641; x_wconf 90' lang='lat' dir='ltr'>ignium</span> <span class='ocrx_word' id='word_1_526' title='bbox 2729 3615 2741 3640; x_wconf 92' lang='lat'>,</span> <span class='ocrx_word' id='word_1_527' title='bbox 2774 3589 2880 3628; x_wconf 90' lang='lat' dir='ltr'>nec</span> <span class='ocrx_word' id='word_1_528' title='bbox 2920 3573 3194 3628; x_wconf 88' lang='lat' dir='ltr'>divinitus</span> <span class='ocrx_word' id='word_1_529' title='bbox 3223 3573 3593 3644; x_wconf 87' lang='lat' dir='ltr'>designatum</span> 
     </span>
    </p>
   </div>
   <div class='ocr_carea' id='block_1_81' title="bbox 1977 3659 3594 3734">
    <p class='ocr_par' dir='ltr' id='par_1_81' title="bbox 1977 3659 3594 3734">
     <span class='ocr_line' id='line_1_81' title="bbox 1977 3659 3594 3734; baseline 0 -20"><span class='ocrx_word' id='word_1_530' title='bbox 1977 3675 2114 3714; x_wconf 89' lang='lat' dir='ltr'>ausa</span> <span class='ocrx_word' id='word_1_531' title='bbox 2136 3661 2222 3713; x_wconf 90' lang='lat' dir='ltr'>est</span> <span class='ocrx_word' id='word_1_532' title='bbox 2247 3659 2627 3729; x_wconf 74' lang='lat' dir='ltr'>praetergredi</span> <span class='ocrx_word' id='word_1_533' title='bbox 2684 3661 3028 3716; x_wconf 88' lang='lat' dir='ltr'>terminum.</span> <span class='ocrx_word' id='word_1_534' title='bbox 3075 3663 3322 3734; x_wconf 83' lang='lat' dir='ltr'>Jamque</span> <span class='ocrx_word' id='word_1_535' title='bbox 3350 3660 3594 3716; x_wconf 86' lang='lat' dir='ltr'>humani</span> 
     </span>
    </p>
   </div>
   <div class='ocr_carea' id='block_1_82' title="bbox 1976 3745 3593 3822">
    <p class='ocr_par' dir='ltr' id='par_1_82' title="bbox 1976 3745 3593 3822">
     <span class='ocr_line' id='line_1_82' title="bbox 1976 3745 3593 3822; baseline 0 -20"><span class='ocrx_word' id='word_1_536' title='bbox 1976 3748 2296 3802; x_wconf 87' lang='lat' dir='ltr'>cessaverat</span> <span class='ocrx_word' id='word_1_537' title='bbox 2320 3760 2413 3798; x_wconf 88' lang='lat' dir='ltr'>ars</span> <span class='ocrx_word' id='word_1_538' title='bbox 2452 3745 2692 3818; x_wconf 90' lang='lat' dir='ltr'>ingenii,</span> <span class='ocrx_word' id='word_1_539' title='bbox 2721 3749 3002 3820; x_wconf 88' lang='lat' dir='ltr'>laborque</span> <span class='ocrx_word' id='word_1_540' title='bbox 3032 3749 3452 3822; x_wconf 89' lang='lat' dir='ltr'>conquieverat</span> <span class='ocrx_word' id='word_1_541' title='bbox 3492 3749 3593 3802; x_wconf 89' lang='lat' dir='ltr'>ho-</span> 
     </span>
    </p>
   </div>
   <div class='ocr_carea' id='block_1_83' title="bbox 1979 3832 3586 3902">
    <p class='ocr_par' dir='ltr' id='par_1_83' title="bbox 1979 3832 3586 3902">
     <span class='ocr_line' id='line_1_83' title="bbox 1979 3832 3586 3902; baseline -0.001 -12"><span class='ocrx_word' id='word_1_542' title='bbox 1979 3835 2226 3900; x_wconf 90' lang='lat' dir='ltr'>minum,</span> <span class='ocrx_word' id='word_1_543' title='bbox 2260 3834 2323 3886; x_wconf 92' lang='lat' dir='ltr'>ut</span> <span class='ocrx_word' id='word_1_544' title='bbox 2354 3832 2540 3902; x_wconf 88' lang='lat' dir='ltr'>major</span> <span class='ocrx_word' id='word_1_545' title='bbox 2571 3834 2778 3889; x_wconf 67' lang='lat' dir='ltr'>divina:</span> <span class='ocrx_word' id='word_1_546' title='bbox 2813 3835 3202 3891; x_wconf 90' lang='lat' dir='ltr'>miserationis</span> <span class='ocrx_word' id='word_1_547' title='bbox 3236 3837 3416 3889; x_wconf 86' lang='lat' dir='ltr'>virtus</span> <span class='ocrx_word' id='word_1_548' title='bbox 3471 3837 3586 3889; x_wconf 90' lang='lat' dir='ltr'>cla-</span> 
     </span>
    </p>
   </div>
   <div class='ocr_carea' id='block_1_84' title="bbox 1978 3920 3592 3993">
    <p class='ocr_par' dir='ltr' id='par_1_84' title="bbox 1978 3920 3592 3993">
     <span class='ocr_line' id='line_1_84' title="bbox 1978 3920 3592 3993; baseline -0.001 -16"><span class='ocrx_word' id='word_1_549' title='bbox 1978 3925 2228 3978; x_wconf 88' lang='lat' dir='ltr'>resceret</span> <span class='ocrx_word' id='word_1_550' title='bbox 2255 3936 2358 3991; x_wconf 88' lang='lat' dir='ltr'>per</span> <span class='ocrx_word' id='word_1_551' title='bbox 2377 3920 2777 3976; x_wconf 89' lang='lat' dir='ltr'>beatissimum</span> <span class='ocrx_word' id='word_1_552' title='bbox 2824 3923 3224 3990; x_wconf 90' lang='lat' dir='ltr'>Benedictum,</span> <span class='ocrx_word' id='word_1_553' title='bbox 3258 3937 3433 3993; x_wconf 86' lang='lat' dir='ltr'>quem</span> <span class='ocrx_word' id='word_1_554' title='bbox 3486 3937 3592 3976; x_wconf 92' lang='lat' dir='ltr'>nos</span> 
     </span>
    </p>
   </div>
   <div class='ocr_carea' id='block_1_85' title="bbox 1977 4007 3588 4080">
    <p class='ocr_par' dir='ltr' id='par_1_85' title="bbox 1977 4007 3588 4080">
     <span class='ocr_line' id='line_1_85' title="bbox 1977 4007 3588 4080; baseline -0.002 -14"><span class='ocrx_word' id='word_1_555' title='bbox 1977 4009 2171 4066; x_wconf 90' lang='lat' dir='ltr'>miseri</span> <span class='ocrx_word' id='word_1_556' title='bbox 2187 4007 2644 4064; x_wconf 67' lang='lat' dir='ltr'>criminabantur</span> <span class='ocrx_word' id='word_1_557' title='bbox 2663 4009 2790 4064; x_wconf 92' lang='lat' dir='ltr'>iisse</span> <span class='ocrx_word' id='word_1_558' title='bbox 2808 4010 3270 4066; x_wconf 89' lang='lat' dir='ltr'>dormitum.Nec</span> <span class='ocrx_word' id='word_1_559' title='bbox 3287 4007 3588 4080; x_wconf 89' lang='lat' dir='ltr'>quidpiam</span> 
     </span>
    </p>
   </div>
   <div class='ocr_carea' id='block_1_86' title="bbox 1979 4097 3592 4171">
    <p class='ocr_par' dir='ltr' id='par_1_86' title="bbox 1979 4097 3592 4171">
     <span class='ocr_line' id='line_1_86' title="bbox 1979 4097 3592 4171; baseline -0.002 -16"><span class='ocrx_word' id='word_1_560' title='bbox 1979 4117 2181 4156; x_wconf 91' lang='lat' dir='ltr'>eorum</span> <span class='ocrx_word' id='word_1_561' title='bbox 2211 4115 2338 4171; x_wconf 76' lang='lat' dir='ltr'>quae</span> <span class='ocrx_word' id='word_1_562' title='bbox 2369 4097 2590 4154; x_wconf 91' lang='lat' dir='ltr'>ambitu</span> <span class='ocrx_word' id='word_1_563' title='bbox 2627 4100 2859 4154; x_wconf 89' lang='lat' dir='ltr'>claustri</span> <span class='ocrx_word' id='word_1_564' title='bbox 2921 4098 3339 4153; x_wconf 81' lang='lat' dir='ltr'>claudebantur</span> <span class='ocrx_word' id='word_1_565' title='bbox 3393 4097 3592 4151; x_wconf 88' lang='lat' dir='ltr'>ulllam</span> 
     </span>
    </p>
   </div>
   <div class='ocr_carea' id='block_1_87' title="bbox 1979 4184 3591 4259">
    <p class='ocr_par' dir='ltr' id='par_1_87' title="bbox 1979 4184 3591 4259">
     <span class='ocr_line' id='line_1_87' title="bbox 1979 4184 3591 4259; baseline -0.004 -15"><span class='ocrx_word' id='word_1_566' title='bbox 1979 4189 2259 4244; x_wconf 90' lang='lat' dir='ltr'>sustinere</span> <span class='ocrx_word' id='word_1_567' title='bbox 2277 4188 2588 4258; x_wconf 89' lang='lat' dir='ltr'>jacturam,</span> <span class='ocrx_word' id='word_1_568' title='bbox 2624 4204 2690 4243; x_wconf 90' lang='lat' dir='ltr'>ac</span> <span class='ocrx_word' id='word_1_569' title='bbox 2709 4188 2755 4242; x_wconf 91' lang='lat' dir='ltr'>si</span> <span class='ocrx_word' id='word_1_570' title='bbox 2786 4189 3015 4245; x_wconf 92' lang='lat' dir='ltr'>illarum</span> <span class='ocrx_word' id='word_1_571' title='bbox 3041 4184 3288 4259; x_wconf 89' lang='lat' dir='ltr'>angelici</span> <span class='ocrx_word' id='word_1_572' title='bbox 3327 4187 3591 4256; x_wconf 77' lang='lat' dir='ltr'>aspectus</span> 
     </span>
    </p>
   </div>
   <div class='ocr_carea' id='block_1_88' title="bbox 1977 4275 3333 4350">
    <p class='ocr_par' dir='ltr' id='par_1_88' title="bbox 1977 4275 3333 4350">
     <span class='ocr_line' id='line_1_88' title="bbox 1977 4275 3333 4350; baseline 0.001 -16"><span class='ocrx_word' id='word_1_573' title='bbox 1977 4279 2170 4334; x_wconf 88' lang='lat' dir='ltr'>volatu</span> <span class='ocrx_word' id='word_1_574' title='bbox 2193 4276 2383 4333; x_wconf 88' lang='lat' dir='ltr'>avium</span> <span class='ocrx_word' id='word_1_575' title='bbox 2411 4275 2839 4333; x_wconf 89' lang='lat' dir='ltr'>circumvallata</span> <span class='ocrx_word' id='word_1_576' title='bbox 2869 4280 3333 4350; x_wconf 88' lang='lat' dir='ltr'>protegerentur.</span> 
     </span>
    </p>
   </div>
   <div class='ocr_carea' id='block_1_89' title="bbox 2653 4383 3006 4438">
    <p class='ocr_par' dir='ltr' id='par_1_89' title="bbox 2653 4383 3006 4438">
     <span class='ocr_line' id='line_1_89' title="bbox 2653 4383 3006 4438; baseline 0 0"><span class='ocrx_word' id='word_1_577' title='bbox 2653 4383 2876 4438; x_wconf 86' lang='lat' dir='ltr'>CAPUT</span> <span class='ocrx_word' id='word_1_578' title='bbox 2916 4385 3006 4438; x_wconf 91' lang='lat' dir='ltr'><strong>IlI.</strong></span> 
     </span>
    </p>
   </div>
   <div class='ocr_carea' id='block_1_90' title="bbox 263 4437 1870 4526">
    <p class='ocr_par' dir='ltr' id='par_1_90' title="bbox 263 4437 1870 4512">
     <span class='ocr_line' id='line_1_90' title="bbox 263 4437 1870 4512; baseline -0.002 -16"><span class='ocrx_word' id='word_1_579' title='bbox 263 4447 553 4497; x_wconf 88' lang='lat' dir='ltr'>tectorum</span> <span class='ocrx_word' id='word_1_580' title='bbox 565 4442 691 4512; x_wconf 89' lang='lat' dir='ltr'>jam</span> <span class='ocrx_word' id='word_1_581' title='bbox 717 4443 1013 4496; x_wconf 88' lang='lat' dir='ltr'>torruisset</span> <span class='ocrx_word' id='word_1_582' title='bbox 1034 4439 1306 4507; x_wconf 93' lang='lat' dir='ltr'>culmina,</span> <span class='ocrx_word' id='word_1_583' title='bbox 1331 4444 1389 4494; x_wconf 94' lang='lat' dir='ltr'>et</span> <span class='ocrx_word' id='word_1_584' title='bbox 1423 4439 1629 4495; x_wconf 89' lang='lat' dir='ltr'>domus</span> <span class='ocrx_word' id='word_1_585' title='bbox 1650 4437 1870 4492; x_wconf 90' lang='lat' dir='ltr'>sibimet</span> 
     </span>
    </p>
   </div>
   <div class='ocr_carea' id='block_1_91' title="bbox 1974 4437 3587 4526">
    <p class='ocr_par' dir='ltr' id='par_1_91' title="bbox 1983 4437 3587 4526">
     <span class='ocr_line' id='line_1_91' title="bbox 1983 4437 3587 4526; baseline 0.002 -16"><span class='ocrx_word' id='word_1_586' title='bbox 1983 4454 2304 4510; x_wconf 74' lang='lat' dir='ltr'>Contractus</span> <span class='ocrx_word' id='word_1_587' title='bbox 2375 4461 2596 4510; x_wconf 81' lang='lat' dir='ltr'>erectus.</span> <span class='ocrx_word' id='word_1_588' title='bbox 2654 4437 2920 4525; x_wconf 46' lang='lat' dir='ltr'>Ingratus</span> <span class='ocrx_word' id='word_1_589' title='bbox 2954 4437 3132 4511; x_wconf 70' lang='lat' dir='ltr'>denuo</span> <span class='ocrx_word' id='word_1_590' title='bbox 3185 4457 3324 4513; x_wconf 75' lang='lat' dir='ltr'>male</span> <span class='ocrx_word' id='word_1_591' title='bbox 3379 4458 3587 4526; x_wconf 75' lang='lat' dir='ltr'>habet;</span> 
     </span>
    </p>
   </div>
   <div class='ocr_carea' id='block_1_92' title="bbox 266 4527 1882 4602">
    <p class='ocr_par' dir='ltr' id='par_1_92' title="bbox 266 4527 1882 4602">
     <span class='ocr_line' id='line_1_92' title="bbox 266 4527 1882 4602; baseline -0.002 -19"><span class='ocrx_word' id='word_1_592' title='bbox 266 4532 574 4602; x_wconf 66' lang='lat' dir='ltr'>copulata},</span> <span class='ocrx_word' id='word_1_593' title='bbox 590 4547 708 4583; x_wconf 89' lang='lat' dir='ltr'>una</span> <span class='ocrx_word' id='word_1_594' title='bbox 721 4529 881 4583; x_wconf 90' lang='lat' dir='ltr'>alteri</span> <span class='ocrx_word' id='word_1_595' title='bbox 901 4527 1211 4582; x_wconf 85' lang='lat' dir='ltr'>exustionis</span> <span class='ocrx_word' id='word_1_596' title='bbox 1222 4527 1578 4582; x_wconf 88' lang='lat' dir='ltr'>occasionem</span> <span class='ocrx_word' id='word_1_597' title='bbox 1596 4527 1882 4600; x_wconf 65' lang='lat' dir='ltr'>praeberet</span> 
     </span>
    </p>
   </div>
   <div class='ocr_carea' id='block_1_93' title="bbox 270 4615 1882 4687">
    <p class='ocr_par' dir='ltr' id='par_1_93' title="bbox 270 4615 1882 4687">
     <span class='ocr_line' id='line_1_93' title="bbox 270 4615 1882 4687; baseline -0.001 -17"><span class='ocrx_word' id='word_1_598' title='bbox 270 4619 519 4673; x_wconf 84' lang='lat' dir='ltr'>facilem.</span> <span class='ocrx_word' id='word_1_599' title='bbox 581 4619 807 4672; x_wconf 87' lang='lat' dir='ltr'>Interea</span> <span class='ocrx_word' id='word_1_600' title='bbox 887 4617 1322 4672; x_wconf 87' lang='lat' dir='ltr'>matutinalibus</span> <span class='ocrx_word' id='word_1_601' title='bbox 1392 4616 1599 4670; x_wconf 88' lang='lat' dir='ltr'>relictis</span> <span class='ocrx_word' id='word_1_602' title='bbox 1651 4615 1882 4687; x_wconf 85' lang='lat' dir='ltr'>hymnis</span> 
     </span>
    </p>
   </div>
   <div class='ocr_carea' id='block_1_94' title="bbox 271 4703 1882 4777">
    <p class='ocr_par' dir='ltr' id='par_1_94' title="bbox 271 4703 1882 4777">
     <span class='ocr_line' id='line_1_94' title="bbox 271 4703 1882 4777; baseline 0 -19"><span class='ocrx_word' id='word_1_603' title='bbox 271 4707 456 4760; x_wconf 83' lang='lat' dir='ltr'>cuncti</span> <span class='ocrx_word' id='word_1_604' title='bbox 485 4725 517 4759; x_wconf 88' lang='lat' dir='ltr'>e</span> <span class='ocrx_word' id='word_1_605' title='bbox 551 4705 726 4759; x_wconf 87' lang='lat' dir='ltr'>sacris</span> <span class='ocrx_word' id='word_1_606' title='bbox 751 4704 1055 4777; x_wconf 89' lang='lat' dir='ltr'>prosiliunt</span> <span class='ocrx_word' id='word_1_607' title='bbox 1073 4704 1365 4774; x_wconf 85' lang='lat' dir='ltr'>adytis,ad</span> <span class='ocrx_word' id='word_1_608' title='bbox 1397 4722 1498 4758; x_wconf 91' lang='lat' dir='ltr'>sua</span> <span class='ocrx_word' id='word_1_609' title='bbox 1522 4703 1761 4776; x_wconf 87' lang='lat' dir='ltr'>quisque</span> <span class='ocrx_word' id='word_1_610' title='bbox 1790 4707 1882 4758; x_wconf 90' lang='lat' dir='ltr'>tu-</span> 
     </span>
    </p>
   </div>
   <div class='ocr_carea' id='block_1_95' title="bbox 276 4791 1881 4847">
    <p class='ocr_par' dir='ltr' id='par_1_95' title="bbox 276 4791 1881 4847">
     <span class='ocr_line' id='line_1_95' title="bbox 276 4791 1881 4847; baseline 0 0"><span class='ocrx_word' id='word_1_611' title='bbox 276 4794 446 4847; x_wconf 87' lang='lat' dir='ltr'>tanda</span> <span class='ocrx_word' id='word_1_612' title='bbox 482 4793 620 4847; x_wconf 87' lang='lat' dir='ltr'>totis</span> <span class='ocrx_word' id='word_1_613' title='bbox 650 4793 854 4846; x_wconf 91' lang='lat' dir='ltr'>intenti</span> <span class='ocrx_word' id='word_1_614' title='bbox 877 4792 1105 4846; x_wconf 90' lang='lat' dir='ltr'>animis.</span> <span class='ocrx_word' id='word_1_615' title='bbox 1139 4791 1308 4846; x_wconf 86' lang='lat' dir='ltr'>Pauci</span> <span class='ocrx_word' id='word_1_616' title='bbox 1327 4792 1618 4846; x_wconf 87' lang='lat' dir='ltr'>seniorum</span> <span class='ocrx_word' id='word_1_617' title='bbox 1644 4807 1761 4846; x_wconf 89' lang='lat' dir='ltr'>una</span> <span class='ocrx_word' id='word_1_618' title='bbox 1779 4808 1881 4847; x_wconf 87' lang='lat' dir='ltr'>no-</span> 
     </span>
    </p>
   </div>
   <div class='ocr_carea' id='block_1_96' title="bbox 276 4879 1884 4952">
    <p class='ocr_par' dir='ltr' id='par_1_96' title="bbox 276 4879 1884 4952">
     <span class='ocr_line' id='line_1_96' title="bbox 276 4879 1884 4952; baseline 0.001 -19"><span class='ocrx_word' id='word_1_619' title='bbox 276 4880 492 4935; x_wconf 90' lang='lat' dir='ltr'>biscum</span> <span class='ocrx_word' id='word_1_620' title='bbox 526 4881 790 4952; x_wconf 71' lang='lat' dir='ltr'>pueritiae</span> <span class='ocrx_word' id='word_1_621' title='bbox 835 4880 894 4934; x_wconf 91' lang='lat' dir='ltr'>in</span> <span class='ocrx_word' id='word_1_622' title='bbox 929 4880 1094 4934; x_wconf 92' lang='lat' dir='ltr'>annis</span> <span class='ocrx_word' id='word_1_623' title='bbox 1120 4879 1442 4934; x_wconf 87' lang='lat' dir='ltr'>constitutis</span> <span class='ocrx_word' id='word_1_624' title='bbox 1496 4879 1884 4948; x_wconf 90' lang='lat' dir='ltr'>matutinales,</span> 
     </span>
    </p>
   </div>
   <div class='ocr_carea' id='block_1_97' title="bbox 277 4967 1884 5039">
    <p class='ocr_par' dir='ltr' id='par_1_97' title="bbox 277 4967 1884 5039">
     <span class='ocr_line' id='line_1_97' title="bbox 277 4967 1884 5039; baseline 0 -17"><span class='ocrx_word' id='word_1_625' title='bbox 277 4974 444 5038; x_wconf 85' lang='lat' dir='ltr'>prout</span> <span class='ocrx_word' id='word_1_626' title='bbox 474 4969 745 5039; x_wconf 82' lang='lat' dir='ltr'>exigebat</span> <span class='ocrx_word' id='word_1_627' title='bbox 766 4986 876 5037; x_wconf 86' lang='lat' dir='ltr'>res,</span> <span class='ocrx_word' id='word_1_628' title='bbox 905 4969 1258 5036; x_wconf 87' lang='lat' dir='ltr'>laudes,|icet</span> <span class='ocrx_word' id='word_1_629' title='bbox 1287 4968 1479 5021; x_wconf 88' lang='lat' dir='ltr'>minus</span> <span class='ocrx_word' id='word_1_630' title='bbox 1496 4967 1722 5023; x_wconf 89' lang='lat' dir='ltr'>decenti</span> <span class='ocrx_word' id='word_1_631' title='bbox 1748 4969 1884 5034; x_wconf 83' lang='lat' dir='ltr'>fine,</span> 
     </span>
    </p>
   </div>
   <div class='ocr_carea' id='block_1_98' title="bbox 277 5055 1888 5128">
    <p class='ocr_par' dir='ltr' id='par_1_98' title="bbox 277 5055 1888 5128">
     <span class='ocr_line' id='line_1_98' title="bbox 277 5055 1888 5128; baseline 0.002 -20"><span class='ocrx_word' id='word_1_632' title='bbox 277 5059 702 5113; x_wconf 88' lang='lat' dir='ltr'>concluscrunt.</span> <span class='ocrx_word' id='word_1_633' title='bbox 737 5058 873 5112; x_wconf 91' lang='lat' dir='ltr'>lude</span> <span class='ocrx_word' id='word_1_634' title='bbox 902 5057 973 5112; x_wconf 90' lang='lat' dir='ltr'>ad</span> <span class='ocrx_word' id='word_1_635' title='bbox 991 5055 1626 5126; x_wconf 86' lang='lat' dir='ltr'>subtrahendaignibus</span> <span class='ocrx_word' id='word_1_636' title='bbox 1646 5073 1888 5128; x_wconf 59' lang='lat' dir='ltr'>quasque</span> 
     </span>
    </p>
   </div>
   <div class='ocr_carea' id='block_1_99' title="bbox 278 5145 1892 5217">
    <p class='ocr_par' dir='ltr' id='par_1_99' title="bbox 278 5145 1892 5217">
     <span class='ocr_line' id='line_1_99' title="bbox 278 5145 1892 5217; baseline -0.001 -19"><span class='ocrx_word' id='word_1_637' title='bbox 278 5147 604 5200; x_wconf 86' lang='lat' dir='ltr'>necessaria</span> <span class='ocrx_word' id='word_1_638' title='bbox 635 5149 922 5217; x_wconf 65' lang='lat' dir='ltr'>promptae</span> <span class='ocrx_word' id='word_1_639' title='bbox 973 5147 1275 5200; x_wconf 89' lang='lat' dir='ltr'>vertuntur</span> <span class='ocrx_word' id='word_1_640' title='bbox 1327 5160 1551 5199; x_wconf 90' lang='lat' dir='ltr'>manus.</span> <span class='ocrx_word' id='word_1_641' title='bbox 1574 5145 1719 5198; x_wconf 85' lang='lat' dir='ltr'>Aula</span> <span class='ocrx_word' id='word_1_642' title='bbox 1765 5145 1892 5198; x_wconf 89' lang='lat' dir='ltr'>erat</span> 
     </span>
    </p>
   </div>
   <div class='ocr_carea' id='block_1_100' title="bbox 346 5301 1893 5374">
    <p class='ocr_par' dir='ltr' id='par_1_100' title="bbox 346 5301 1893 5374">
     <span class='ocr_line' id='line_1_100' title="bbox 346 5301 1893 5374; baseline 0.003 -23"><span class='ocrx_word' id='word_1_643' title='bbox 346 5303 460 5374; x_wconf 64' lang='lat'>(39)</span> <span class='ocrx_word' id='word_1_644' title='bbox 492 5305 660 5356; x_wconf 86' lang='lat' dir='ltr'>Anno</span> <span class='ocrx_word' id='word_1_645' title='bbox 678 5304 781 5374; x_wconf 78' lang='lat'>988</span> <span class='ocrx_word' id='word_1_646' title='bbox 814 5302 1056 5374; x_wconf 92' lang='lat' dir='ltr'>Oiboldo</span> <span class='ocrx_word' id='word_1_647' title='bbox 1088 5301 1352 5374; x_wconf 84' lang='lat' dir='ltr'>successit</span> <span class='ocrx_word' id='word_1_648' title='bbox 1372 5301 1538 5367; x_wconf 86' lang='lat' dir='ltr'>Albo,</span> <span class='ocrx_word' id='word_1_649' title='bbox 1562 5317 1693 5374; x_wconf 84' lang='lat' dir='ltr'>cum</span> <span class='ocrx_word' id='word_1_650' title='bbox 1724 5301 1893 5356; x_wconf 90' lang='lat' dir='ltr'>annis</span> 
     </span>
    </p>
   </div>
   <div class='ocr_carea' id='block_1_101' title="bbox 279 5372 1890 5443">
    <p class='ocr_par' dir='ltr' id='par_1_101' title="bbox 279 5372 1890 5443">
     <span class='ocr_line' id='line_1_101' title="bbox 279 5372 1890 5443; baseline 0.001 -19"><span class='ocrx_word' id='word_1_651' title='bbox 279 5372 568 5427; x_wconf 84' lang='lat' dir='ltr'>sexdecim</span> <span class='ocrx_word' id='word_1_652' title='bbox 593 5372 942 5443; x_wconf 83' lang='lat' dir='ltr'>Floriaceusi</span> <span class='ocrx_word' id='word_1_653' title='bbox 998 5373 1696 5443; x_wconf 68' lang='lat' dir='ltr'>monasteriopriefuerit,</span> <span class='ocrx_word' id='word_1_654' title='bbox 1734 5389 1890 5426; x_wconf 90' lang='lat' dir='ltr'>mor-</span> 
     </span>
    </p>
   </div>
   <div class='ocr_carea' id='block_1_102' title="bbox 279 5441 1890 5514">
    <p class='ocr_par' dir='ltr' id='par_1_102' title="bbox 279 5441 1890 5514">
     <span class='ocr_line' id='line_1_102' title="bbox 279 5441 1890 5514; baseline 0.003 -22"><span class='ocrx_word' id='word_1_655' title='bbox 279 5446 524 5514; x_wconf 78' lang='lat' dir='ltr'>tuusque</span> <span class='ocrx_word' id='word_1_656' title='bbox 556 5442 630 5496; x_wconf 90' lang='lat' dir='ltr'>sit</span> <span class='ocrx_word' id='word_1_657' title='bbox 661 5459 813 5497; x_wconf 89' lang='lat' dir='ltr'>anno</span> <span class='ocrx_word' id='word_1_658' title='bbox 841 5444 996 5511; x_wconf 73' lang='grc'>1004,</span> <span class='ocrx_word' id='word_1_659' title='bbox 1027 5446 1170 5496; x_wconf 89' lang='lat' dir='ltr'>teste</span> <span class='ocrx_word' id='word_1_660' title='bbox 1188 5441 1456 5514; x_wconf 81' lang='lat' dir='ltr'>Aimoino</span> <span class='ocrx_word' id='word_1_661' title='bbox 1474 5442 1532 5496; x_wconf 90' lang='lat' dir='ltr'>in</span> <span class='ocrx_word' id='word_1_662' title='bbox 1555 5443 1728 5512; x_wconf 90' lang='lat' dir='ltr'>ipsius</span> <span class='ocrx_word' id='word_1_663' title='bbox 1743 5443 1890 5498; x_wconf 86' lang='lat' dir='ltr'>Vita.</span> 
     </span>
    </p>
   </div>
   <div class='ocr_carea' id='block_1_103' title="bbox 361 5513 1893 5586">
    <p class='ocr_par' dir='ltr' id='par_1_103' title="bbox 361 5513 1893 5586">
     <span class='ocr_line' id='line_1_103' title="bbox 361 5513 1893 5586; baseline 0.001 -19"><span class='ocrx_word' id='word_1_664' title='bbox 361 5513 468 5586; x_wconf 67' lang='lat'>(30)</span> <span class='ocrx_word' id='word_1_665' title='bbox 503 5514 562 5566; x_wconf 93' lang='lat' dir='ltr'>ld</span> <span class='ocrx_word' id='word_1_666' title='bbox 598 5516 705 5586; x_wconf 85' lang='lat' dir='ltr'>est,</span> <span class='ocrx_word' id='word_1_667' title='bbox 741 5514 1034 5567; x_wconf 89' lang='lat' dir='ltr'>basilicam</span> <span class='ocrx_word' id='word_1_668' title='bbox 1061 5513 1464 5583; x_wconf 87' lang='lat' dir='ltr'>principalem,</span> <span class='ocrx_word' id='word_1_669' title='bbox 1531 5529 1657 5584; x_wconf 51' lang='lat' dir='ltr'>qua),</span> <span class='ocrx_word' id='word_1_670' title='bbox 1711 5514 1893 5568; x_wconf 73' lang='lat' dir='ltr'>beatae</span> 
     </span>
    </p>
   </div>
   <div class='ocr_carea' id='block_1_104' title="bbox 285 5585 1889 5654">
    <p class='ocr_par' dir='ltr' id='par_1_104' title="bbox 285 5585 1889 5654">
     <span class='ocr_line' id='line_1_104' title="bbox 285 5585 1889 5654; baseline 0 -14"><span class='ocrx_word' id='word_1_671' title='bbox 285 5585 472 5642; x_wconf 73' lang='lat' dir='ltr'>Marize</span> <span class='ocrx_word' id='word_1_672' title='bbox 507 5585 767 5654; x_wconf 71' lang='lat' dir='ltr'>Deipara&#39;:</span> <span class='ocrx_word' id='word_1_673' title='bbox 797 5588 1017 5638; x_wconf 84' lang='lat' dir='ltr'>sacrata</span> <span class='ocrx_word' id='word_1_674' title='bbox 1044 5586 1186 5646; x_wconf 87' lang='lat' dir='ltr'>erat,</span> <span class='ocrx_word' id='word_1_675' title='bbox 1223 5601 1554 5654; x_wconf 82' lang='lat' dir='ltr'>quanquam</span> <span class='ocrx_word' id='word_1_676' title='bbox 1573 5586 1712 5650; x_wconf 73' lang='lat' dir='ltr'>regia</span> <span class='ocrx_word' id='word_1_677' title='bbox 1747 5602 1889 5640; x_wconf 86' lang='lat' dir='ltr'>non-</span> 
     </span>
    </p>
   </div>
   <div class='ocr_carea' id='block_1_105' title="bbox 284 5654 1450 5725">
    <p class='ocr_par' dir='ltr' id='par_1_105' title="bbox 284 5654 1450 5725">
     <span class='ocr_line' id='line_1_105' title="bbox 284 5654 1450 5725; baseline -0.006 -12"><span class='ocrx_word' id='word_1_678' title='bbox 284 5673 583 5725; x_wconf 86' lang='lat' dir='ltr'>nunquam</span> <span class='ocrx_word' id='word_1_679' title='bbox 618 5655 871 5708; x_wconf 69' lang='lat' dir='ltr'>ecclesize</span> <span class='ocrx_word' id='word_1_680' title='bbox 895 5659 1121 5724; x_wconf 85' lang='lat' dir='ltr'>portam</span> <span class='ocrx_word' id='word_1_681' title='bbox 1150 5654 1450 5722; x_wconf 82' lang='lat' dir='ltr'>signiﬁcat.</span> 
     </span>
    </p>
   </div>
   <div class='ocr_carea' id='block_1_106' title="bbox 431 5723 1893 5796">
    <p class='ocr_par' dir='ltr' id='par_1_106' title="bbox 431 5723 1893 5796">
     <span class='ocr_line' id='line_1_106' title="bbox 431 5723 1893 5796; baseline -0.001 -16"><span class='ocrx_word' id='word_1_682' title='bbox 431 5723 542 5792; x_wconf 61' lang='lat' dir='ltr'>illi)</span> <span class='ocrx_word' id='word_1_683' title='bbox 573 5726 696 5778; x_wconf 84' lang='lat' dir='ltr'>Duo</span> <span class='ocrx_word' id='word_1_684' title='bbox 728 5728 852 5796; x_wconf 84' lang='lat' dir='ltr'>tum</span> <span class='ocrx_word' id='word_1_685' title='bbox 878 5723 1153 5796; x_wconf 85' lang='lat' dir='ltr'>temporis</span> <span class='ocrx_word' id='word_1_686' title='bbox 1173 5725 1407 5796; x_wconf 83' lang='lat' dir='ltr'>abbates</span> <span class='ocrx_word' id='word_1_687' title='bbox 1435 5723 1694 5796; x_wconf 77' lang='lat' dir='ltr'>ejusdem</span> <span class='ocrx_word' id='word_1_688' title='bbox 1709 5726 1893 5796; x_wconf 85' lang='lat' dir='ltr'>nomi-</span> 
     </span>
    </p>
   </div>
   <div class='ocr_carea' id='block_1_107' title="bbox 281 5793 1893 5867">
    <p class='ocr_par' dir='ltr' id='par_1_107' title="bbox 281 5793 1893 5867">
     <span class='ocr_line' id='line_1_107' title="bbox 281 5793 1893 5867; baseline -0.004 -11"><span class='ocrx_word' id='word_1_689' title='bbox 281 5799 373 5856; x_wconf 89' lang='lat' dir='ltr'>nis</span> <span class='ocrx_word' id='word_1_690' title='bbox 405 5796 681 5852; x_wconf 82' lang='lat' dir='ltr'>videbant</span> <span class='ocrx_word' id='word_1_691' title='bbox 711 5796 770 5849; x_wconf 86' lang='lat' dir='ltr'>in</span> <span class='ocrx_word' id='word_1_692' title='bbox 803 5793 1015 5851; x_wconf 73' lang='lat' dir='ltr'>vicinis</span> <span class='ocrx_word' id='word_1_693' title='bbox 1041 5795 1426 5867; x_wconf 84' lang='lat' dir='ltr'>monasteriis,</span> <span class='ocrx_word' id='word_1_694' title='bbox 1456 5793 1805 5852; x_wconf 87' lang='lat' dir='ltr'>Ferrariensi</span> <span class='ocrx_word' id='word_1_695' title='bbox 1837 5802 1893 5851; x_wconf 89' lang='lat' dir='ltr'>et</span> 
     </span>
    </p>
   </div>
   <div class='ocr_carea' id='block_1_108' title="bbox 2565 4527 3033 4581">
    <p class='ocr_par' dir='ltr' id='par_1_108' title="bbox 2565 4527 3033 4581">
     <span class='ocr_line' id='line_1_108' title="bbox 2565 4527 3033 4581; baseline 0.004 -3"><span class='ocrx_word' id='word_1_696' title='bbox 2565 4527 2756 4580; x_wconf 80' lang='lat' dir='ltr'>iterum</span> <span class='ocrx_word' id='word_1_697' title='bbox 2793 4530 3033 4581; x_wconf 71' lang='lat' dir='ltr'>sanatus.</span> 
     </span>
    </p>
   </div>
   <div class='ocr_carea' id='block_1_109' title="bbox 2054 4612 3590 4673">
    <p class='ocr_par' dir='ltr' id='par_1_109' title="bbox 2054 4612 3590 4673">
     <span class='ocr_line' id='line_1_109' title="bbox 2054 4612 3590 4673; baseline 0.004 -6"><span class='ocrx_word' id='word_1_698' title='bbox 2054 4617 2106 4667; x_wconf 77' lang='lat'>5.</span> <span class='ocrx_word' id='word_1_699' title='bbox 2142 4612 2356 4669; x_wconf 82' lang='lat' dir='ltr'>Nostris</span> <span class='ocrx_word' id='word_1_700' title='bbox 2389 4613 2562 4668; x_wconf 91' lang='lat' dir='ltr'>modo</span> <span class='ocrx_word' id='word_1_701' title='bbox 2595 4614 2793 4669; x_wconf 89' lang='lat' dir='ltr'>diebus</span> <span class='ocrx_word' id='word_1_702' title='bbox 2817 4615 3590 4673; x_wconf 81' lang='lat' dir='ltr'>ArchembertumAntissio-</span> 
     </span>
    </p>
   </div>
   <div class='ocr_carea' id='block_1_110' title="bbox 1985 4701 3590 4761">
    <p class='ocr_par' dir='ltr' id='par_1_110' title="bbox 1985 4701 3590 4761">
     <span class='ocr_line' id='line_1_110' title="bbox 1985 4701 3590 4761; baseline 0.003 -5"><span class='ocrx_word' id='word_1_703' title='bbox 1985 4701 2530 4758; x_wconf 89' lang='lat' dir='ltr'>dorensisterritorii</span> <span class='ocrx_word' id='word_1_704' title='bbox 2550 4701 2800 4758; x_wconf 87' lang='lat' dir='ltr'>incolam</span> <span class='ocrx_word' id='word_1_705' title='bbox 2831 4703 3002 4758; x_wconf 89' lang='lat' dir='ltr'>fuisse</span> <span class='ocrx_word' id='word_1_706' title='bbox 3048 4703 3312 4759; x_wconf 90' lang='lat' dir='ltr'>novimus</span> <span class='ocrx_word' id='word_1_707' title='bbox 3368 4705 3590 4761; x_wconf 91' lang='lat' dir='ltr'>diutino</span> 
     </span>
    </p>
   </div>
   <div class='ocr_carea' id='block_1_111' title="bbox 1984 4790 3593 4862">
    <p class='ocr_par' dir='ltr' id='par_1_111' title="bbox 1984 4790 3593 4862">
     <span class='ocr_line' id='line_1_111' title="bbox 1984 4790 3593 4862; baseline 0.004 -19"><span class='ocrx_word' id='word_1_708' title='bbox 1984 4790 2262 4862; x_wconf 89' lang='lat' dir='ltr'>languore</span> <span class='ocrx_word' id='word_1_709' title='bbox 2275 4791 2522 4862; x_wconf 88' lang='lat' dir='ltr'>graviter</span> <span class='ocrx_word' id='word_1_710' title='bbox 2539 4791 2817 4846; x_wconf 87' lang='lat' dir='ltr'>afﬂictum</span> <span class='ocrx_word' id='word_1_711' title='bbox 2837 4809 2852 4859; x_wconf 92' lang='lat'><strong>;</strong></span> <span class='ocrx_word' id='word_1_712' title='bbox 2870 4792 2959 4846; x_wconf 92' lang='lat' dir='ltr'>cui</span> <span class='ocrx_word' id='word_1_713' title='bbox 2984 4808 3116 4846; x_wconf 91' lang='lat' dir='ltr'>cum</span> <span class='ocrx_word' id='word_1_714' title='bbox 3147 4793 3469 4848; x_wconf 85' lang='lat' dir='ltr'>amicorum</span> <span class='ocrx_word' id='word_1_715' title='bbox 3489 4809 3593 4849; x_wconf 87' lang='lat' dir='ltr'>seu</span> 
     </span>
    </p>
   </div>
   <div class='ocr_carea' id='block_1_112' title="bbox 1987 4879 3594 4951">
    <p class='ocr_par' dir='ltr' id='par_1_112' title="bbox 1987 4879 3594 4951">
     <span class='ocr_line' id='line_1_112' title="bbox 1987 4879 3594 4951; baseline 0.004 -20"><span class='ocrx_word' id='word_1_716' title='bbox 1987 4879 2452 4951; x_wconf 86' lang='lat' dir='ltr'>propinquorum</span> <span class='ocrx_word' id='word_1_717' title='bbox 2491 4881 2672 4935; x_wconf 89' lang='lat' dir='ltr'>solers</span> <span class='ocrx_word' id='word_1_718' title='bbox 2688 4879 2958 4934; x_wconf 88' lang='lat' dir='ltr'>defuisset</span> <span class='ocrx_word' id='word_1_719' title='bbox 2977 4897 3134 4947; x_wconf 91' lang='lat' dir='ltr'>cura,</span> <span class='ocrx_word' id='word_1_720' title='bbox 3156 4879 3235 4935; x_wconf 91' lang='lat' dir='ltr'>ita</span> <span class='ocrx_word' id='word_1_721' title='bbox 3250 4880 3476 4936; x_wconf 87' lang='lat' dir='ltr'>assidua</span> <span class='ocrx_word' id='word_1_722' title='bbox 3495 4897 3594 4937; x_wconf 91' lang='lat' dir='ltr'>cu-</span> 
     </span>
    </p>
   </div>
   <div class='ocr_carea' id='block_1_113' title="bbox 1988 4966 3598 5039">
    <p class='ocr_par' dir='ltr' id='par_1_113' title="bbox 1988 4966 3598 5039">
     <span class='ocr_line' id='line_1_113' title="bbox 1988 4966 3598 5039; baseline 0.002 -18"><span class='ocrx_word' id='word_1_723' title='bbox 1988 4966 2222 5022; x_wconf 90' lang='lat' dir='ltr'>batione</span> <span class='ocrx_word' id='word_1_724' title='bbox 2237 4967 2484 5022; x_wconf 90' lang='lat' dir='ltr'>curvatis</span> <span class='ocrx_word' id='word_1_725' title='bbox 2514 4967 2761 5039; x_wconf 91' lang='lat' dir='ltr'>genibus</span> <span class='ocrx_word' id='word_1_726' title='bbox 2786 4966 2939 5022; x_wconf 87' lang='lat' dir='ltr'>coxis</span> <span class='ocrx_word' id='word_1_727' title='bbox 2961 4967 3116 5023; x_wconf 66' lang='lat' dir='ltr'>tibia:</span> <span class='ocrx_word' id='word_1_728' title='bbox 3141 4968 3507 5024; x_wconf 72' lang='lat' dir='ltr'>adhzeserunt</span> <span class='ocrx_word' id='word_1_729' title='bbox 3532 4972 3598 5025; x_wconf 88' lang='lat' dir='ltr'>ut</span> 
     </span>
    </p>
   </div>
   <div class='ocr_carea' id='block_1_114' title="bbox 1992 5054 3593 5128">
    <p class='ocr_par' dir='ltr' id='par_1_114' title="bbox 1992 5054 3593 5128">
     <span class='ocr_line' id='line_1_114' title="bbox 1992 5054 3593 5128; baseline 0.002 -20"><span class='ocrx_word' id='word_1_730' title='bbox 1992 5054 2361 5110; x_wconf 91' lang='lat' dir='ltr'>latitudinem</span> <span class='ocrx_word' id='word_1_731' title='bbox 2375 5057 2586 5128; x_wconf 71' lang='lat' dir='ltr'>palmae</span> <span class='ocrx_word' id='word_1_732' title='bbox 2606 5054 2858 5110; x_wconf 87' lang='lat' dir='ltr'>hominis</span> <span class='ocrx_word' id='word_1_733' title='bbox 2873 5057 3330 5112; x_wconf 86' lang='lat' dir='ltr'>subtererescens</span> <span class='ocrx_word' id='word_1_734' title='bbox 3354 5057 3593 5113; x_wconf 84' lang='lat' dir='ltr'>excede-</span> 
     </span>
    </p>
   </div>
   <div class='ocr_carea' id='block_1_115' title="bbox 1991 5143 3600 5217">
    <p class='ocr_par' dir='ltr' id='par_1_115' title="bbox 1991 5143 3600 5217">
     <span class='ocr_line' id='line_1_115' title="bbox 1991 5143 3600 5217; baseline 0.001 -19"><span class='ocrx_word' id='word_1_735' title='bbox 1991 5146 2080 5199; x_wconf 85' lang='lat' dir='ltr'>ret</span> <span class='ocrx_word' id='word_1_736' title='bbox 2095 5143 2438 5209; x_wconf 86' lang='lat' dir='ltr'>caro.Quem</span> <span class='ocrx_word' id='word_1_737' title='bbox 2459 5143 2598 5199; x_wconf 90' lang='lat' dir='ltr'>dum</span> <span class='ocrx_word' id='word_1_738' title='bbox 2616 5147 2885 5216; x_wconf 88' lang='lat' dir='ltr'>parentes</span> <span class='ocrx_word' id='word_1_739' title='bbox 2906 5145 2978 5201; x_wconf 89' lang='lat' dir='ltr'>ad</span> <span class='ocrx_word' id='word_1_740' title='bbox 2999 5145 3295 5217; x_wconf 85' lang='lat' dir='ltr'>cujusdam</span> <span class='ocrx_word' id='word_1_741' title='bbox 3313 5145 3494 5201; x_wconf 90' lang='lat' dir='ltr'>sancti</span> <span class='ocrx_word' id='word_1_742' title='bbox 3513 5145 3600 5201; x_wconf 89' lang='lat' dir='ltr'>Si-</span> 
     </span>
    </p>
   </div>
   <div class='ocr_carea' id='block_1_116' title="bbox 1993 5301 3598 5360">
    <p class='ocr_par' dir='ltr' id='par_1_116' title="bbox 1993 5301 3598 5360">
     <span class='ocr_line' id='line_1_116' title="bbox 1993 5301 3598 5360; baseline 0.002 -3"><span class='ocrx_word' id='word_1_743' title='bbox 1993 5301 2312 5358; x_wconf 90' lang='lat' dir='ltr'>Senonensi</span> <span class='ocrx_word' id='word_1_744' title='bbox 2334 5301 2526 5356; x_wconf 91' lang='lat' dir='ltr'>Sancti</span> <span class='ocrx_word' id='word_1_745' title='bbox 2547 5301 3046 5358; x_wconf 86' lang='lat' dir='ltr'>Petri.Rainardus</span> <span class='ocrx_word' id='word_1_746' title='bbox 3059 5301 3406 5358; x_wconf 89' lang='lat' dir='ltr'>Senonensis</span> <span class='ocrx_word' id='word_1_747' title='bbox 3417 5302 3598 5360; x_wconf 88' lang='lat' dir='ltr'>abbas</span> 
     </span>
    </p>
   </div>
   <div class='ocr_carea' id='block_1_117' title="bbox 1991 5373 3596 5444">
    <p class='ocr_par' dir='ltr' id='par_1_117' title="bbox 1991 5373 3596 5444">
     <span class='ocr_line' id='line_1_117' title="bbox 1991 5373 3596 5444; baseline 0.002 -16"><span class='ocrx_word' id='word_1_748' title='bbox 1991 5374 2181 5428; x_wconf 84' lang='lat' dir='ltr'>fuerat</span> <span class='ocrx_word' id='word_1_749' title='bbox 2227 5373 2461 5444; x_wconf 90' lang='lat' dir='ltr'>quidem</span> <span class='ocrx_word' id='word_1_750' title='bbox 2527 5374 2704 5444; x_wconf 87' lang='lat' dir='ltr'>abbas</span> <span class='ocrx_word' id='word_1_751' title='bbox 2739 5375 2984 5430; x_wconf 79' lang='lat' dir='ltr'>ccenobii</span> <span class='ocrx_word' id='word_1_752' title='bbox 3027 5373 3255 5428; x_wconf 67' lang='lat' dir='ltr'>Sancta:</span> <span class='ocrx_word' id='word_1_753' title='bbox 3300 5375 3596 5431; x_wconf 64' lang='lat' dir='ltr'>Columbae</span> 
     </span>
    </p>
   </div>
   <div class='ocr_carea' id='block_1_118' title="bbox 1993 5443 3595 5568">
    <p class='ocr_par' dir='ltr' id='par_1_118' title="bbox 1993 5443 3595 5568">
     <span class='ocr_line' id='line_1_118' title="bbox 1993 5443 3595 5568; baseline 0.003 -70"><span class='ocrx_word' id='word_1_754' title='bbox 1993 5460 2175 5568; x_wconf 68' lang='lat' dir='ltr'>prope</span> <span class='ocrx_word' id='word_1_755' title='bbox 2206 5443 2464 5498; x_wconf 71' lang='lat' dir='ltr'>Sénonas</span> <span class='ocrx_word' id='word_1_756' title='bbox 2497 5460 2510 5509; x_wconf 92' lang='lat'><strong>;</strong></span> <span class='ocrx_word' id='word_1_757' title='bbox 2535 5445 2634 5498; x_wconf 91' lang='lat' dir='ltr'>sed</span> <span class='ocrx_word' id='word_1_758' title='bbox 2663 5443 2902 5499; x_wconf 91' lang='lat' dir='ltr'>Sevinus</span> <span class='ocrx_word' id='word_1_759' title='bbox 2918 5445 3376 5516; x_wconf 79' lang='lat' dir='ltr'>archiepiscopus</span> <span class='ocrx_word' id='word_1_760' title='bbox 3400 5463 3595 5503; x_wconf 67' lang='lat' dir='ltr'>coeno-</span> 
     </span>
     <span class='ocr_line' id='line_1_119' title="bbox 2035 5515 3595 5568; baseline 0 0"><span class='ocrx_word' id='word_1_761' title='bbox 2035 5515 2072 5568; x_wconf 90' lang='lat' dir='ltr'>ii</span> <span class='ocrx_word' id='word_1_762' title='bbox 2105 5515 2294 5568; x_wconf 81' lang='lat' dir='ltr'>Sancti</span> <span class='ocrx_word' id='word_1_763' title='bbox 2338 5515 2485 5568; x_wconf 91' lang='lat' dir='ltr'>Petri</span> <span class='ocrx_word' id='word_1_764' title='bbox 2516 5515 2886 5568; x_wconf 89' lang='lat' dir='ltr'>instaurator.</span> <span class='ocrx_word' id='word_1_765' title='bbox 2941 5516 3084 5568; x_wconf 92' lang='lat' dir='ltr'>istuc</span> <span class='ocrx_word' id='word_1_766' title='bbox 3127 5517 3412 5568; x_wconf 77' lang='lat' dir='ltr'>monachos</span> <span class='ocrx_word' id='word_1_767' title='bbox 3439 5535 3595 5568; x_wconf 74' lang='lat' dir='ltr'>rem-</span> 
     </span>
    </p>
   </div>
   <div class='ocr_carea' id='block_1_119' title="bbox 2035 5515 3600 5590">
    <p class='ocr_par' dir='ltr' id='par_1_119' title="bbox 2035 5515 3600 5590">
     <span class='ocr_line' id='line_1_120' title="bbox 2035 5515 3600 5590; baseline -0.003 -23"><span class='ocrx_word' id='word_1_768' title='bbox 2035 5515 2072 5568; x_wconf 90' lang='lat' dir='ltr'>ii</span> <span class='ocrx_word' id='word_1_769' title='bbox 2105 5515 2294 5570; x_wconf 80' lang='lat' dir='ltr'>Sancti</span> <span class='ocrx_word' id='word_1_770' title='bbox 2338 5515 2485 5590; x_wconf 78' lang='lat' dir='ltr'>Petri</span> <span class='ocrx_word' id='word_1_771' title='bbox 2516 5515 2891 5590; x_wconf 67' lang='lat' dir='ltr'>ipstaurator,</span> <span class='ocrx_word' id='word_1_772' title='bbox 2941 5515 3414 5590; x_wconf 28' lang='lat' dir='ltr'>ist‘uc_’monqchos</span> <span class='ocrx_word' id='word_1_773' title='bbox 3439 5535 3600 5590; x_wconf 62' lang='grc' dir='ltr'>γεσυ-</span> 
     </span>
    </p>
   </div>
   <div class='ocr_carea' id='block_1_120' title="bbox 1997 5584 3600 5644">
    <p class='ocr_par' dir='ltr' id='par_1_120' title="bbox 1997 5584 3600 5644">
     <span class='ocr_line' id='line_1_121' title="bbox 1997 5584 3600 5644; baseline 0.002 -4"><span class='ocrx_word' id='word_1_774' title='bbox 1997 5585 2139 5640; x_wconf 78' lang='lat' dir='ltr'>lares</span> <span class='ocrx_word' id='word_1_775' title='bbox 2169 5602 2234 5641; x_wconf 74' lang='lat' dir='ltr'>ex</span> <span class='ocrx_word' id='word_1_776' title='bbox 2263 5586 2492 5639; x_wconf 74' lang='lat' dir='ltr'>coenobio</span> <span class='ocrx_word' id='word_1_777' title='bbox 2512 5585 2573 5639; x_wconf 90' lang='lat' dir='ltr'>S.</span> <span class='ocrx_word' id='word_1_778' title='bbox 2608 5585 2892 5640; x_wconf 75' lang='lat' dir='ltr'>Benedicti</span> <span class='ocrx_word' id='word_1_779' title='bbox 2909 5590 2958 5638; x_wconf 81' lang='lat' dir='ltr'>et</span> <span class='ocrx_word' id='word_1_780' title='bbox 2985 5585 3046 5638; x_wconf 92' lang='lat' dir='ltr'>S.</span> <span class='ocrx_word' id='word_1_781' title='bbox 3071 5584 3232 5640; x_wconf 79' lang='lat' dir='ltr'>Petri</span> <span class='ocrx_word' id='word_1_782' title='bbox 3248 5584 3600 5644; x_wconf 61' lang='lat' dir='ltr'>Cluniascen-</span> 
     </span>
    </p>
   </div>
   <div class='ocr_carea' id='block_1_121' title="bbox 1993 5655 3597 5728">
    <p class='ocr_par' dir='ltr' id='par_1_121' title="bbox 1993 5655 3597 5728">
     <span class='ocr_line' id='line_1_122' title="bbox 1993 5655 3597 5728; baseline 0.006 -20"><span class='ocrx_word' id='word_1_783' title='bbox 1993 5659 2061 5709; x_wconf 70' lang='lat' dir='ltr'>sis</span> <span class='ocrx_word' id='word_1_784' title='bbox 2085 5657 2763 5728; x_wconf 52' lang='lat' dir='ltr'>adducerentesteClario</span> <span class='ocrx_word' id='word_1_785' title='bbox 2787 5655 3142 5728; x_wconf 80' lang='lat' dir='ltr'>monachoin</span> <span class='ocrx_word' id='word_1_786' title='bbox 3172 5656 3478 5728; x_wconf 85' lang='lat' dir='ltr'>Chronico,</span> <span class='ocrx_word' id='word_1_787' title='bbox 3501 5659 3597 5717; x_wconf 87' lang='lat' dir='ltr'>ubi</span> 
     </span>
    </p>
   </div>
   <div class='ocr_carea' id='block_1_122' title="bbox 1998 5725 3284 5782">
    <p class='ocr_par' dir='ltr' id='par_1_122' title="bbox 1998 5725 3284 5782">
     <span class='ocr_line' id='line_1_123' title="bbox 1998 5725 3284 5782; baseline 0 -2"><span class='ocrx_word' id='word_1_788' title='bbox 1998 5727 2312 5782; x_wconf 83' lang='lat' dir='ltr'>Raiuardus</span> <span class='ocrx_word' id='word_1_789' title='bbox 2340 5727 2444 5782; x_wconf 88' lang='lat' dir='ltr'>iste</span> <span class='ocrx_word' id='word_1_790' title='bbox 2470 5727 2676 5781; x_wconf 87' lang='lat' dir='ltr'>dicitur</span> <span class='ocrx_word' id='word_1_791' title='bbox 2705 5725 2912 5781; x_wconf 74' lang='lat' dir='ltr'>obiisse</span> <span class='ocrx_word' id='word_1_792' title='bbox 2943 5741 3096 5782; x_wconf 89' lang='lat' dir='ltr'>anno</span> <span class='ocrx_word' id='word_1_793' title='bbox 3131 5727 3284 5781; x_wconf 78' lang='lat'>1025.</span> 
     </span>
    </p>
   </div>
  </div>
