3934 6176
497 425 608 487 .21

1606 414 1879 475 AlMOtNl
1919 413 2231 476 MONACHI
2269 413 2767 477 FLORIACENSIS

505 539 856 617 meonis(32)
880 538 1404 615 sepulcrum,quod
1425 538 1737 597 sanitatum
1756 540 1942 612 gratia
1965 540 2118 596 illus-
2143 546 2196 604 Α
2224 538 2296 593 ad
2323 537 2672 592 memoriam
2718 536 2802 606 (id
2840 542 2915 592 est
2943 531 3253 609 ecclesiam)
3304 534 3506 610 inclyte
3542 537 3741 613 Virginis

501 635 643 693 trari
658 634 819 689 fama
830 632 1103 703 vulgante
1123 628 1646 695 didicerant,effere
1660 630 2116 695 destinavissent,

504 740 572 781 eo
595 721 752 794 quod
791 721 945 776 intra
990 735 1152 773 suam
1187 734 1308 773 esse
1336 718 1658 790 regionem,
1700 718 1901 773 abnuit
1942 734 2117 787 aeger,

498 829 677 885 seque
707 812 782 867 ad
814 810 1174 865 Floriacense
1224 808 1489 879 poposcit
1530 808 1735 863 deduci
1767 807 2117 863 coenobium.

500 902 708 957 Aiebat
728 915 981 970 namque
998 914 1101 970 per
1116 901 1466 952 nocturnum
1483 914 1543 952 se
1568 896 1925 968 conspexisse
1957 913 2121 968 sopo-

502 1007 656 1057 rem,
682 988 822 1061 quia
837 1003 904 1042 eo
927 989 1114 1041 stante
1139 1002 1209 1040 an
1221 988 1274 1039 te
1288 985 1730 1040 sacratissimam
1747 985 1933 1040 Patris
1947 986 2123 1039 Bene-

502 1079 638 1135 dicti
652 1077 919 1132 tumbam
936 1091 1134 1130 coram
1158 1076 1337 1129 altare
1354 1076 1639 1145 praecelsas
1652 1074 1897 1144 Virginis
1907 1072 2116 1139 Maria,

498 1168 675 1225 rectis
688 1164 913 1222 constiti
924 1168 1038 1219 sset
1059 1163 1290 1235 plantis,
1313 1164 1392 1217 im
1402 1164 1700 1233 mensique
1714 1163 1934 1217 decoris
1952 1161 2121 1215 intui-

502 1260 595 1313 tus
610 1260 757 1312 esset
774 1255 1068 1311 basilicam
1083 1294 1097 1320 ,
1127 1269 1197 1308 ex
1220 1269 1333 1325 qua
1358 1251 1724 1306 sibiexeundi
1746 1251 1985 1305 facultas
2016 1267 2119 1305 ne-

503 1346 768 1418 gabatur.
796 1346 910 1399 Nec
939 1359 1089 1399 vana
1108 1342 1205 1397 illa
1224 1340 1432 1413 quibus
1479 1357 1629 1411 saepe
1657 1340 1910 1394 ludimur
1956 1339 2117 1394 fuere

501 1435 761 1502 somnia;
791 1435 912 1501 sed,
932 1432 1251 1505 opitulante
1277 1432 1395 1486 Deo
1426 1430 1984 1500 suifragantibusque
2003 1446 2120 1483 me-

505 1524 630 1583 ritis
657 1523 890 1595 Regina:
910 1522 1201 1597 virginum
1212 1537 1276 1574 ac
1291 1518 1734 1574 eminentissimi
1758 1518 2116 1582 confessoris,

504 1612 797 1668 salubrem
832 1611 1089 1665 habuere
1140 1608 1562 1679 operationem.
1619 1606 1877 1677 Denique
1930 1608 2117 1660 locato

502 1701 681 1758 asello
710 1700 785 1755 ad
821 1698 1211 1753 desideratum
1244 1697 1509 1751 devectus
1536 1697 1748 1761 locum,
1778 1712 1812 1749 a
1846 1695 2120 1764 proximis

505 1789 602 1860 qui
621 1805 756 1844 eum
768 1787 1143 1853 deduxerant,
1168 1801 1272 1857 pro
1289 1784 1507 1840 foribus
1523 1783 1862 1839 monasterii
1882 1784 2119 1854 exponi-

2223 626 2411 681 Mariaa
2444 625 2731 693 deferens,
2751 629 2884 680 ante
2909 626 3230 696 sepulcrum
3247 625 3459 696 gloriosi
3470 628 3745 687 confessoris

2226 716 2430 770 Christi
2449 715 2737 769 Benedicti
2753 715 3031 781 accendit;
3047 715 3439 786 adhaerensque
3454 717 3745 785 pavimento,

2221 804 2447 859 veniam
2463 805 2700 859 admissi
2713 808 2905 858 reatus
2917 820 3048 857 cum
3059 802 3521 873 redintegratione
3531 808 3750 876 poscebat

2221 894 2707 965 sospitatis.Facto
2730 908 2868 963 ergo
2884 894 3014 946 voto
3030 906 3322 962 nunquam
3336 908 3389 945 se
3411 908 3471 945 ex
3489 892 3665 948 eodem
3678 912 3746 950 re-

2221 999 2515 1037 cessurum
2543 982 2687 1047 vico,
2712 978 3230 1052 gressuummeruit
3244 978 3493 1033 redonari
3513 980 3752 1052 integerri-

2220 1088 2317 1126 mo
2353 1070 2904 1142 supplementoJloc
2928 1084 3034 1122 nos
3053 1068 3125 1122 ab
3157 1067 3325 1137 ipsius
3352 1067 3662 1138 contigitore
3682 1088 3754 1125 au-

2222 1160 2345 1214 dire
2378 1176 2446 1213 eo
2478 1160 2599 1231 ipso
2628 1159 2719 1213 dic
2751 1173 2862 1229 quo
2878 1158 2998 1211 hinc
3013 1156 3286 1226 coepimus
3311 1156 3538 1210 scribere
3562 1157 3756 1229 :eiquo—

2220 1264 2332 1319 que
2347 1247 2671 1302 narrationi
2687 1247 3003 1300 interfuere
3033 1243 3429 1300 Constantinus
3445 1244 3549 1314 (34)
3574 1245 3759 1316 presby-

2220 1352 2308 1403 ter
2371 1338 2429 1389 et
2483 1334 2800 1401 Letherius,
2834 1334 2987 1401 levit,
3020 1333 3206 1404 gradu
3262 1331 3557 1386 monachus
3585 1332 3759 1398 habitu,

2218 1422 2719 1494 suscipiendorum
2732 1422 3022 1493 hospitum
3038 1425 3170 1475 tunc
3186 1420 3473 1491 delegatus
3483 1419 3760 1475 ministerio.

2218 1581 2477 1651 Sncergis'
2520 1581 2671 1651 situs.
2712 1580 2961 1635 Otherius
3006 1579 3365 1651 parailyticus,
3424 1575 3766 1651 Caputcervium

2293 1647 2446 1707 vov'et
2492 1650 2555 1706 S.
2582 1650 2867 1704 Benedicto
2895 1668 2912 1714 ;
2942 1647 3088 1719 facta
3117 1647 3255 1703 dena
3284 1665 3402 1701 mox
3425 1647 3636 1703 sanatus.
3661 1647 3762 1702 Alia

2509 1722 2717 1807 relatio.
2735 1722 2802 1775 de
2816 1718 3128 1807 “traditione
3166 1719 3314 1807 illius
3329 1718 3544 1807 praedii:

2292 1797 2346 1847 7.
2380 1794 2450 1846 Et
2476 1793 2632 1864 quia,
2666 1795 2728 1846 ut
2746 1792 2925 1847 refert
2943 1793 3141 1846 beatus
3161 1806 3313 1863 papa
3324 1788 3607 1861 Gregorius
3633 1788 3768 1859 (lib.u

502 1881 618 1933 tur.
652 1876 813 1933 Unde
835 1876 969 1947 quia
993 1875 1244 1930 necdum
1273 1872 1560 1928 scamellis
1588 1889 1717 1927 usus
1740 1875 1950 1939 fuerat,
1973 1872 2120 1927 nati-
2147 1867 2200 1926 B
2220 1881 2372 1938 Dial,
2396 1897 2522 1951 cap,
2546 1880 2695 1951 ult"),
2711 1879 2893 1934 sancti
2912 1882 3195 1950 martyres
3210 1877 3589 1949 frequentium
3612 1879 3766 1930 οεωιι.

500 1965 612 2020 bus
628 1966 913 2037 reptando
927 1980 992 2019 ac
1009 1963 1297 2030 manibus,
1322 1962 1396 2017 ad
1412 1978 1597 2016 unum
1610 1978 1642 2016 e
1663 1961 1906 2033 publicis
1923 1978 1983 2015 se
1998 1978 2125 2030 pro-

506 2054 740 2110 trahens
752 2052 1166 2123 pistrinum,ab
1184 2052 1307 2122 ejus
1324 2050 1562 2105 custode
1578 2048 1957 2105 humanitatis
1970 2064 2035 2103 co
2044 2066 2125 2104 m-

505 2140 773 2215 passione
803 2143 1094 2212 susceptus
1117 2143 1227 2203 est;
1258 2139 1354 2194 ubi
1376 2139 1473 2194 diu
1493 2138 1806 2193 curationis
1836 2154 1952 2191 suae
1984 2154 2124 2213 prae-

503 2230 771 2286 stolando
792 2228 1128 2295 adventum,
1169 2227 1452 2282 desiderio
1499 2242 1769 2281 accensus
1803 2229 1886 2280 est
1916 2226 2126 2279 adeun-

507 2318 569 2375 di
603 2317 794 2374 Matris
832 2316 1039 2372 Christi
1096 2317 1311 2384 aulam,
1352 2315 1411 2370 in
1460 2331 1574 2386 qua
1621 2330 1751 2385 spes
1794 2312 2126 2368 directionis

502 2405 634 2476 ejus
653 2408 880 2461 sanctus
899 2403 1141 2476 quiescit
1157 2402 1703 2465 Benedictus.Quam
1720 2402 2123 2471 introgressus,

517 2494 811 2549 minutum
841 2493 932 2564 [αι.
949 2534 963 2560 ,
985 2492 1295 2552 minutam]
1320 2490 1425 2544 sibi
1451 2506 1484 2544 a
1499 2490 1708 2545 vicario
1724 2490 1982 2560 ejusdem
1997 2489 2123 2557 vici,

514 2580 896 2639 Ermenfredo
922 2579 1184 2642 nomine,
1199 2579 1442 2634 obtentu
1462 2578 1863 2633 transmissum
1882 2579 2129 2632 eleemo-

514 2687 672 2744 synas
694 2669 920 2737 altario,
947 2668 1103 2741 quod
1123 2670 1242 2724 Deo
1254 2667 1363 2724 sub
1394 2667 1680 2721 honorem
1695 2669 1908 2720 sanctae
1939 2665 2127 2721 Mariae

513 2759 896 2829 omniumque
939 2758 1269 2812 sanctorum
1305 2753 1597 2824 virginum
1619 2753 1869 2809 dicatum
1894 2756 1999 2820 est,
2032 2771 2128 2807 su-

515 2863 837 2921 perponere
852 2844 1112 2915 cupiens,
1138 2843 1316 2899 sensit
1330 2859 1461 2898 suos
1475 2842 1677 2897 resolvi
1704 2857 1927 2901 nervos.
1946 2843 2121 2898 Cum-

509 2952 622 3007 que
642 2924 1148 3004 circumspectaret
1164 2931 1259 3002 qui
1279 2931 1388 2986 sibi
1403 2930 1681 2984 auxilium
1704 2930 1915 2998 ferret;
1938 2946 1971 2985 a
1996 2946 2119 2984 ma-

507 3023 799 3079 triculario
831 3020 1083 3077 ecclesiae
1100 3021 1370 3086 elevatus,
1388 3019 1690 3073 scamellos
1721 3018 1958 3091 quidem
1998 3034 2128 3072 suos

509 3112 783 3169 cancellts
806 3108 1135 3175 sanctuarii,
1175 3124 1385 3163 munus
1423 3123 1581 3175 vero,
1603 3108 1757 3162 haud
1787 3123 1946 3162 secus
1993 3123 2128 3178 qua-

515 3201 723 3256 drante
743 3197 893 3254 illius
908 3195 1257 3268 evangelicae
1285 3194 1489 3261 viduas,
1527 3193 1748 3249 Christo
1776 3194 2125 3265 acceptabile

511 3289 681 3347 altari
694 3285 989 3360 imposuit;
1000 3285 1208 3341 dehinc
1222 3283 1386 3339 humi
1398 3286 1718 3354 prostratus
1731 3300 1861 3338 cum
1875 3282 2126 3339 orationi

515 3376 885 3445 incubuisset,
912 3373 1264 3431 resolutusin
1285 3374 1733 3436 somnum,salso
1758 3373 2127 3443 perfunditur

510 3465 1122 3537 sudore.Experrectus
1148 3465 1367 3529 autem,
1389 3478 1507 3516 non
1521 3462 1647 3533 jam
1676 3462 1981 3517 scamellos
1999 3478 2128 3532 pos-

519 3569 676 3621 cens,
706 3552 808 3608 sed
844 3552 1045 3607 baculo
1082 3567 1116 3606 a
1160 3550 1414 3622 quodam
1473 3549 1971 3604 circumstantium
2020 3550 2127 3605 sibi

510 3644 780 3715 porrecto
798 3642 985 3695 semet
1001 3638 1430 3707 sustentans,ad
1446 3636 1760 3708 hospitium
1785 3637 2130 3711 abiit,pede-

513 3732 841 3802 tentimque
860 3726 1222 3783 firmissimas
1243 3726 1580 3781 ambulandi
1600 3725 1747 3781 vires
1764 3726 2008 3798 adeptus
2022 3728 2126 3782 est.

580 3822 633 3874 6.
673 3818 931 3889 Cumque
969 3816 1235 3872 sensisset
1262 3814 1493 3888 copiam
1553 3814 1873 3887 peragendi
1909 3814 2133 3870 itineris

513 3908 744 3967 sibimet
779 3924 900 3962 non
933 3906 1153 3973 deesse,
1187 3904 1445 3977 ingratus
1465 3904 1684 3972 salutis,
1708 3904 1923 3975 absque
1952 3903 2128 3958 licen-

512 3994 846 4068 tiahospitis
872 3996 963 4051 vel
990 3996 1324 4050 sanctorum
1341 3993 1438 4065 qui
1464 3993 1515 4047 ei
1540 3993 1783 4048 medela:
1811 3992 2130 4047 tribuerant

513 4084 854 4152 efﬁcaciam,
902 4084 1055 4139 clam
1085 4081 1392 4149 abscessit;
1425 4079 1774 4151 veniensque
1806 4079 1880 4134 ad
1933 4080 2128 4135 villam

514 4172 889 4249 quaDomini
907 4171 1057 4244 petri
1083 4170 1445 4240 (Dompz'erre)
1475 4167 1705 4231 dicitur,
1730 4168 1935 4223 iterato
1968 4169 2128 4224 debi-

511 4264 581 4320 lis
626 4261 908 4319 redditur.
949 4258 1053 4315 Cui
1092 4258 1416 4329 presbyter,
1446 4256 1639 4313 Teudo
1667 4256 1930 4324 nomine,
1953 4257 2049 4328 qui
2080 4256 2132 4311 ei

515 4354 711 4408 locum
728 4347 990 4404 metandi
1003 4345 1062 4402 in
1081 4363 1184 4402 sua
1199 4348 1561 4401 concesserat
1590 4345 1787 4413 domo,
1804 4346 1886 4400 ita
1912 4348 2134 4401 locutus

2224 1970 2371 2025 dunt
2396 1968 2681 2024 miracula
2707 1968 2803 2023 ubi
2822 1984 3027 2023 eorum
3053 1969 3285 2021 tantum
3312 1966 3547 2021 habetur
3594 1979 3771 2018 memo-

2224 2058 2333 2125 ria,
2362 2074 2538 2129 quam
2582 2057 2680 2112 ubi
2718 2073 2922 2112 eorum
2953 2071 3114 2111 sacra
3133 2056 3533 2110 conservantur
3563 2066 3774 2124 corpora,

2225 2146 2409 2217 liquet
2432 2146 2587 2200 idem
2621 2145 2691 2199 de
2715 2144 2936 2199 caeteris
2966 2143 3294 2214 intelligere
3314 2142 3534 2208 sanctis,
3582 2139 3777 2194 maxime

2227 2250 2295 2288 ex
2324 2235 2434 2288 hoc
2458 2236 2621 2305 patre
2654 2236 2852 2288 nostro
2883 2231 3281 2303 multipliciter
3347 2228 3634 2285 excolendo
3682 2243 3777 2281 san-

2229 2322 2482 2377 ctissimo
2552 2321 2881 2377 Benedicto.
2916 2321 3089 2391 Cujus
3125 2318 3590 2375 excellentissima
3630 2317 3778 2387 signo-

2230 2427 2386 2479 rum,
2416 2428 2450 2465 a
2473 2411 2591 2465 Deo
2623 2428 2727 2482 per
2758 2410 2879 2481 ejus
2901 2408 3177 2463 meritum
3200 2407 3324 2463 aliis
3342 2407 3403 2462 in
3423 2406 3552 2462 locis
3577 2407 3777 2477 patrato-

2230 2515 2385 2567 rum,
2420 2498 2639 2554 notitim
2668 2501 3033 2570 posterorum
3050 2496 3284 2551 tradere
3302 2498 3496 2550 noster
3521 2494 3672 2566 gestit
3695 2490 3783 2547 ani-

2231 2603 2380 2642 mus.
2414 2585 2855 2658 Caputcervium
2903 2584 3172 2656 (Sacerge)
3217 2584 3424 2639 dicitur
3455 2581 3705 2654 praadium
3740 2579 3782 2633 in

2228 2675 2441 2730 ﬁnibus
2459 2674 2781 2747 Biturigum
2797 2674 2990 2740 situm,
3022 2672 3398 2727 Lemovicinis
3427 2671 3741 2740 contingum,
3761 2683 3785 2721 ει

2230 2780 2343 2836 quo
2377 2764 2562 2818 vicina
2590 2763 2771 2835 regio,
2800 2765 3068 2834 corrupto
3099 2761 3400 2829 vocabulo,
3436 2756 3781 2831 Capcergensis

2228 2852 2530 2907 vocitatur.
2563 2852 2690 2906 Hoc
2718 2852 2791 2906 ad
2822 2849 3145 2906 dominium
3176 2849 3545 2905 Floriacensis
3571 2844 3785 2911 ccenobii,

2231 2939 2617 3011 omnipotenti
2665 2942 2781 2995 Deo
2821 2940 2924 2994 sub
2955 2937 3195 2994 nomine
3256 2940 3542 3009 perpetem
3590 2933 3784 3005 Virginis

2227 3030 2414 3085 Mariae
2464 3029 2924 3101 sanctissimique
2970 3026 3266 3081 Benedicti
3295 3026 3561 3092 dicatum,
3596 3025 3687 3080 hac
3732 3021 3784 3076 de

2228 3134 2397 3173 causa
2426 3118 2611 3171 relatu
2658 3116 2955 3171 seniorum
2986 3114 3148 3170 valde
3207 3114 3588 3188 antiquorum
3638 3126 3789 3184 perve-

2228 3207 2377 3262 nisse
2405 3205 2819 3277 comperimus.

2298 3297 2351 3351 8.
2382 3294 2514 3364 Ejus
2543 3292 2915 3365 possessionis
2937 3292 3208 3348 dominus
3229 3293 3377 3349 0the
3401 3292 3515 3348 rius
3534 3289 3789 3350 dicebatur,

2226 3382 2377 3437 inter
2404 3382 2773 3456 Aquitanicos
2819 3381 3095 3453 primates
3144 3383 3304 3437 clara
3355 3378 3649 3437 nobilitatis
3697 3374 3788 3449 pol-

2228 3473 2354 3526 lens
2379 3471 2665 3542 proSapia.
2688 3472 2735 3524 ls
2764 3486 2797 3524 a
2812 3469 3437 3541 primaevaajuventutis
3462 3469 3598 3524 ﬂore
3624 3465 3791 3539 paraly-

2228 3560 2303 3616 sis
2322 3575 2619 3632 percussus
2638 3560 2938 3630 languore,
2981 3574 3267 3614 manuum
3292 3575 3357 3614 ac
3398 3557 3606 3631 pedum
3629 3563 3786 3607 carue-

2229 3648 2633 3720 ratjuvamine
2657 3664 2672 3715 ;
2699 3647 2873 3702 solius
2902 3647 2983 3701 illi
3012 3646 3249 3718 linguae,
3278 3646 3506 3702 auditus
3530 3654 3727 3718 quoque
3747 3646 3792 3688 δε

2230 3737 2403 3803 visus,
2428 3754 2496 3792 ex
2528 3739 2693 3809 parte
2726 3735 3042 3790 manebant
3070 3735 3282 3791 ofﬁcia.
3310 3734 3539 3791 Diutino
3565 3730 3714 3802 igitur
3734 3724 3788 3777 Ιεο

2232 3824 2451 3880 berans
2479 3822 2708 3888 morbo,
2743 3821 2883 3875 dum
2914 3837 3061 3875 vana
3099 3821 3465 3876 medicorum
3494 3817 3665 3874 studia
3688 3824 3789 3883 pro-

2233 3910 2463 3983 pensius
2484 3910 2590 3965 sibi
2608 3909 2865 3964 adhibita
2884 3908 3027 3963 nihil
3053 3908 3431 3964 intellexisset
3465 3905 3701 3963 conferre
3720 3913 3786 3950 va-

2232 3998 2527 4065 letudinis,
2560 3997 2756 4053 audita
2784 3998 2943 4052 fama
2967 3997 3408 4065 miraculorum,
3444 4012 3566 4069 qua:
3586 3990 3790 4049 Salvato-

2231 4087 2308 4141 ris
2342 4086 2523 4141 nostri
2549 4085 2976 4158 omnipotentia
3005 4086 3157 4158 apud
3201 4084 3579 4141 sacratissima
3604 4070 3786 4153 patroni

2233 4174 2562 4230 communis
2610 4174 2903 4228 Benedicti
2933 4174 3289 4229 creberrime
3332 4176 3469 4228 tunc
3498 4166 3789 4242 operabatur

2234 4280 2379 4331 ossa,
2411 4262 2492 4317 ait
2509 4262 2696 4317 suis:«
2728 4262 3237 4329 Videtis,ﬁdissimi
3270 4262 3436 4328 mihi,
3464 4260 3672 4329 vitaque
3700 4251 3793 4322 ipsa

2236 4367 2350 4424 qua
2380 4366 2533 4405 nunc
2562 4351 2725 4405 fruor
2747 4350 3073 4406 miserrima
3120 4350 3418 4405 chariores
3468 4344 3645 4410 amici,
3677 4333 3794 4413 quod

516 4443 605 4495 est
630 4455 643 4494 :
665 4434 1236 4506 «Quid,inquit,mali
1258 4433 1713 4502 commeruisti,o
1729 4435 1998 4502 homo,ut
2017 4436 2137 4489 lan-
2158 4458 2212 4518 D
2238 4438 2543 4493 medicinas
2564 4438 2839 4509 impensis
2869 4437 3011 4492 nihil
3034 4436 3297 4508 proﬁcio,
3321 4437 3441 4492 imo
3465 4436 3522 4490 in
3548 4434 3654 4489 dies
3670 4440 3794 4496 argn-

518 4542 765 4599 guorem
778 4523 1089 4597 pristinum
1110 4522 1323 4578 evitare
1346 4522 1952 4595 nequas?»Respondit
1965 4523 2059 4578 ille
2076 4541 2135 4579 se

518 4616 645 4671 sine
675 4613 994 4687 gratiarum
1015 4611 1283 4667 actionea
1299 4612 1508 4667 sanctis
1531 4628 1646 4666 suae
1669 4611 1979 4667 curationis
2002 4628 2133 4684 pro-

521 4702 802 4760 visoribus
830 4700 1147 4757 recessisse.
1188 4701 1416 4755 Interea
1449 4699 1711 4773 sequenti
1753 4703 1941 4767 nocte,
1974 4700 2134 4770 quie-

517 4791 698 4848 scenti
721 4789 772 4847 ei
791 4788 1258 4861 videbaturquod
1283 4789 1458 4843 sacris
1495 4805 1530 4843 a
1558 4788 1764 4861 quibus
1795 4788 2138 4844 discessisset

518 4880 660 4937 locis
689 4881 905 4935 uetaret
936 4876 1263 4944 incolumis,
1311 4880 1516 4932 tenens
1549 4878 1843 4933 lucernam
1879 4879 1995 4946 (33)
2018 4894 2136 4949 prae

516 4970 811 5035 manibus,
850 4968 1033 5021 status
1088 4965 1174 5020 sui
1224 4982 1517 5021 mensuras
1575 4967 1880 5038 aequalem.
1921 4965 2138 5020 Monitu

519 5057 698 5132 igitur
724 5059 783 5112 et
802 5053 1089 5127 adiutorio
1121 5054 1383 5125 praedicti
1410 5054 1721 5110 sacerdotis
1747 5068 1996 5109 carrucae
2026 5054 2138 5108 im-

519 5144 761 5220 positus,
793 5143 868 5200 ad
895 5143 1023 5198 loca
1053 5142 1211 5197 male
1240 5158 1276 5197 a
1298 5159 1359 5198 se
1407 5142 1635 5198 deserta
1688 5141 1998 5196 reducitur.
2027 5142 2138 5197 De-

519 5251 686 5292 mum
708 5234 969 5305 emptam
989 5246 1212 5298 ceram,
1221 5230 1384 5302 juxta
1400 5231 1815 5301 prmostensam
1832 5228 2133 5298 visionem,

587 5391 708 5464 (32)
755 5392 895 5464 Quis
922 5391 994 5447 sit
1046 5390 1276 5445 sanctus
1312 5388 1418 5443 iste
1450 5387 1709 5456 Simeon,
1738 5388 2003 5444 nondum
2049 5389 2138 5444 di-

524 5463 696 5535 scere:
713 5463 895 5535 potui.

594 5529 796 5606 (33)Ἰά
822 5536 938 5606 γεεί
979 5547 1233 5606 cereum.
1287 5529 1377 5606 Sic
1404 5530 1477 5585 ad
1525 5544 1861 5606 mensuram
1887 5530 2141 5587 hominis

525 5601 864 5677 aegrotantis
883 5619 1085 5677 cereos
1111 5601 1373 5677 formari
1404 5617 1536 5677 mos
1553 5604 1696 5677 erat.

598 5671 715 5749 (34)
744 5676 840 5733 An
871 5673 1278 5732 Constantinus
1298 5672 1686 5744 scholasticus,
1713 5671 1786 5730 ad
1818 5688 1992 5746 quem
2045 5688 2139 5728 ex-

2236 4526 2450 4582 tudinis
2489 4525 2847 4597 protrahitur
2878 4526 3201 4598 longitudo.
3243 4526 3600 4598 Quapropter
3640 4518 3679 4573 si
3710 4527 3794 4587 qua

2236 4632 2334 4671 vos
2345 4632 2483 4670 cura
2500 4614 2670 4670 vestri
2691 4614 2879 4686 tangit
2898 4614 3134 4682 Otheril,
3162 4630 3455 4681 mearum,
3494 4623 3684 4684 quaeso,
3710 4599 3793 4657 mi-

2235 4706 2495 4758 serantes
2530 4717 2945 4768 aerumnarum,
2979 4701 3149 4756 celeri
3171 4702 3315 4756 calle
3337 4700 3647 4772 sepulcrum
3671 4689 3793 4747 adire

2237 4794 2434 4845 curate
2462 4789 2696 4862 gloriosi
2739 4789 3083 4845 confessoris
3114 4788 3323 4845 Christi
3355 4783 3649 4844 Benedicti.
3672 4780 3723 4834 Et
3741 4790 3793 4828 ne

2236 4880 2386 4935 forte
2413 4894 2512 4934 vos
2537 4878 2885 4933 conturbent
2917 4877 3116 4949 ignota
3143 4872 3393 4944 viarum,
3427 4876 3615 4932 scitote
3664 4867 3791 4937 Lige-

2238 4967 2339 5022 rici
2359 4966 2547 5021 amnis
2575 4967 2648 5038 (la
2668 4965 2843 5032 Loz're)
2878 4965 3093 5033 littora,
3114 4981 3453 5038 pagumque
3478 4958 3794 5018 Aurelianen

2238 5072 2381 5124 sem,
2408 5056 2516 5110 hoc
2535 5037 2813 5127 praeclaro
2834 5052 3099 5109 irradiari
3120 5037 3417 5109 thesauro.
3441 5052 3501 5107 Id
3530 5046 3660 5105 mihi
3681 5037 3789 5098 divi-

2237 5161 2377 5200 num
2398 5141 2807 5216 prsenuntiavit
2833 5143 3155 5211 oraculum,
3193 5142 3336 5197 dum
3364 5142 3539 5197 fessos
3576 5138 3711 5191 artus
3726 5142 3793 5180 so-

2236 5232 2363 5306 pori
2379 5232 2768 5300 mandassem,
2800 5230 3009 5287 debere
3039 5246 3136 5285 me
3164 5246 3232 5286 eo
3266 5246 3400 5285 cum
3421 5227 3561 5284 votis
3586 5220 3791 5291 dirigere

2241 5392 2393 5463 stant
2434 5391 2625 5463 plures
2649 5388 2908 5463 Gerberti
2938 5387 3263 5463 epistolae"?
3284 5382 3665 5463 Constantibgl‘s
3690 5386 3792 5463 ﬁt?

2240 5448 2732 5533 sbytcr‘laudatur
2762 5460 2821 5514 in
2852 5448 2997 5533 librd
3039 5459 3130 5533 _d_e
3182 5457 3313 5533 Vita
3348 5448 3792 5533 sanctiﬁbboﬂiﬁ

2240 5523 2367 5605 cap.
2404 5536 2488 5600 l0,
2523 5532 2620 5585 ubi
2653 5530 2931 5605 Bern‘ardi
2962 5528 3348 5605 Bellilocensis
3389 5523 3599 5582 abbatis
3640 5525 3793 5573 comes

2239 5599 2421 5659 Italiae
2453 5599 2942 5676 peregrinationis
2971 5600 3142 5656 fuisse
3172 5599 3395 5655 dicitur.
