3934 6176
265 439 347 498 sio
1024 431 1117 490 DE
1146 429 1522 491 mamlius
1552 429 1613 491 s.
1645 429 2007 491 BENEDIC’I‘I
2036 418 2225 491 LIBRI
2249 425 2416 489 Duo.
2444 458 2513 471 -
2541 427 2671 487 LIB.
2702 426 2769 483 ιι.

3447 429 3559 489 830

260 573 385 616 mea
403 552 681 627 petitores
708 552 925 623 salutis,
950 553 1085 627 quia
1127 553 1263 610 inde
1289 553 1476 608 forem
1530 553 1846 625 adepturus
1870 558 1925 621 Α
1952 551 2118 617 Quod
2146 567 2280 609 vero
2315 550 2376 605 in
2405 549 2528 622 ipse
2553 548 2736 622 regali
2765 541 3057 622 praecepto
3101 546 3416 608 Aetharius
3447 552 3564 625 (37)

262 643 567 702 remedium
602 643 883 700 sanitatis.
919 644 984 698 Et
1020 643 1155 714 quia
1181 644 1334 698 solus
1363 659 1491 697 cum
1524 642 1854 697 dulcissima

260 734 524 807 genitrice
556 732 767 799 recedi,
812 736 976 804 patre
1018 733 1252 786 orbatus
1291 734 1346 785 et
1396 730 1691 797 fratribus,
1732 731 1855 802 ipsa

261 840 357 879 non
379 823 696 887 abnuente,
728 838 927 875 verum
978 822 1085 875 hoc
1118 820 1302 891 ipsum
1338 819 1463 874 ﬁeri
1492 820 1689 874 sedule
1754 818 1853 873 de-

258 911 720 984 poscente,voveo
748 911 861 964 Deo
886 912 943 962 et
965 908 1091 979 jam
1120 908 1272 962 dicte
1307 908 1494 963 exime
1516 906 1846 973 Benedicto,

257 998 597 1053 hereditatis
630 1014 772 1052 mea:
804 996 1718 1069 portionem,cuiCaputcervium
1751 1014 1851 1049 no-

256 1104 377 1141 men
411 1090 519 1151 est,
544 1102 675 1139 cum
722 1085 989 1139 omnibus
1020 1084 1092 1137 ad
1123 1101 1253 1138 eam
1311 1085 1752 1155 pertinentibus,
1786 1099 1854 1138 eo

259 1173 511 1230 videlicet
544 1176 744 1226 tenore
767 1176 827 1226 ut
859 1171 1190 1242 superstites
1224 1173 1396 1226 ambo
1433 1172 1853 1225 usumfructum

254 1279 309 1318 ac
325 1260 632 1335 praasentis
661 1259 788 1315 vitae
822 1260 1179 1314 exactionem
1211 1260 1553 1326 retinentes,
1583 1259 1858 1314 fratribus

253 1348 698 1405 Fleriacensibus
752 1353 881 1419 post
924 1349 1104 1403 nostri
1155 1348 1595 1403 dissolutionem
1652 1350 1858 1402 cuncta

252 1436 465 1493 restitui
489 1435 1140 1508 faciamus.Speetenim
1164 1435 1537 1507 suscipiendae
1557 1435 1733 1505 prolis
1754 1450 1858 1507 per

256 1542 415 1597 supra
437 1527 829 1579 memoratam
851 1524 1107 1596 privatus
1134 1524 1566 1590 revelationem,
1584 1522 1855 1577 sollicitu-

257 1615 440 1671 dinem
466 1613 746 1668 ducendte
798 1613 989 1667 uxoris
1019 1613 1274 1667 funditus
1305 1612 1509 1683 abjeci.
1544 1613 1859 1683 Properate

449 1701 878 1774 quantocius.et
905 1701 1100 1755 vestris
1117 1716 1532 1771 servorumque
1563 1698 1665 1755 Dei
1718 1698 1858 1753 inibi

261 1789 582 1862 degentium
604 1790 867 1861 precibus
898 1804 1069 1859 opem
1102 1788 1417 1858 efﬂagitate
1450 1786 1684 1842 misero.
1719 1808 1747 1836 »

322 1882 372 1944 9,
411 1877 673 1947 Acceptis
724 1878 846 1947 ejus
892 1876 1089 1930 fideles
1143 1875 1479 1946 hujusmedi
1532 1873 1858 1948 praeceptis,

1954 644 2212 707 vocatur,
2258 638 2608 710 permutatio
2651 640 2913 693 veterum
2955 638 3093 694 facit
3125 640 3457 708 verborum,
3507 643 3573 696 ut

1961 732 2092 800 post
2121 728 2289 782 latius
2316 727 2704 783 ostendemus.
2729 728 2864 783 Post
2888 727 3047 797 cujus
3078 729 3568 794 excessum,vicini

1957 817 2171 890 quique
2198 816 2305 869 hoc
2353 816 2433 869 eis
2482 813 2766 886 praedium
2810 816 3035 870 auferre
3083 816 3292 886 moliti,
3345 816 3419 873 ad
3460 815 3568 875 sibi

1957 905 2096 960 utile
2124 906 2441 975 coegerunt
2469 902 2758 958 declinare
2778 904 3102 963 consilium.

1959 1065 2259 1124 Ademarus
2291 1061 2545 1118 Br-ucciae
2574 1069 2624 1117 et
2657 1060 3048 1132 Capitiscervii
3077 1065 3310 1119 invasor.
3340 1063 3567 1121 Othert'o

2020 1135 2313 1206 praeposito
2334 1134 2628 1206 Hugonem
2646 1134 2910 1206 ltortttnte,
2941 1136 3055 1206 piso
3067 1135 3350 1206 accidente
3374 1136 3567 1192 Terri-

2028 1203 2114 1260 tus
2136 1203 2347 1260 audito
2387 1204 2604 1257 nomine
2646 1203 2709 1257 S.
2766 1204 3067 1260 Benedicti.
3102 1204 3291 1261 Castrt'
3316 1206 3383 1261 de
3419 1206 3570 1264 Salis

2031 1280 2176 1332 situs.
2229 1275 2534 1330 Ademarus
2563 1275 2774 1347 tandem
2804 1278 2975 1330 victus
3023 1283 3071 1331 et
3112 1284 3313 1347 captus,
3353 1278 3570 1347 favente

2027 1364 2257 1419 superna
2279 1348 2505 1410 virtute;
2522 1347 2655 1402 socii
2675 1346 2853 1400 itidem
2884 1348 3151 1417 castigati.

2036 1439 2118 1489 Η.
2154 1433 2434 1505 Denique,
2482 1436 2546 1487 ut
2586 1433 2896 1505 superioris
2943 1434 3275 1491 continetur
3314 1436 3460 1493 serie
3508 1437 3572 1493 li.

1956 1524 2046 1577 bri
2073 1522 2206 1594 (cap.
2238 1522 2349 1593 15),
2376 1521 2716 1576 habitaculis
2738 1523 3077 1579 monachico
3098 1524 3368 1595 congruis
3381 1524 3571 1580 ordini

1957 1611 2099 1666 inibi
2119 1609 2480 1677 constructis,
2499 1626 2663 1680 spem
2677 1609 3086 1683 potiendarum
3099 1629 3296 1667 rerum
3313 1612 3572 1685 ipsarum

1958 1698 2297 1754 adversariis
2342 1698 2619 1753 sustulere
2651 1715 2830 1771 usque
2870 1699 2944 1754 ad
2991 1704 3262 1771 tempera
3309 1702 3570 1761 llotberti

1957 1786 2110 1857 regis
2123 1786 2223 1840 ﬁlii
2240 1786 2514 1858 Hugenis.
2537 1785 2659 1849 Quo
2682 1802 2827 1840 enus
2848 1787 3569 1860 gubernandisuscipiente

1959 1874 2146 1945 regni,
2178 1875 2500 1929 Ademarus
2540 1872 2778 1945 quidam
2802 1875 3043 1945 juventa
3085 1877 3418 1950 pariterque
3444 1893 3570 1932 cor-

266 1982 383 2020 cum
412 1964 617 2018 wantis
646 1964 759 2035 (35)
789 1962 964 2036 ipsius
980 1980 1119 2017 auro
1149 1962 1389 2030 ornatis,
1425 1979 1529 2034 per
1581 1947 1734 2033 quos
1756 1962 1857 2016 de-
1882 1947 1933 2005 Β
1961 1962 2118 2035 poris
2139 1963 2321 2017 elatus
2345 1962 2558 2029 forma,
2584 1962 2743 2032 cujus
2766 1963 2995 2033 genitor
3010 1947 3292 2031 Wildo,in
3316 1947 3457 2020 urbe
3476 1965 3578 2022 Le-

264 2054 556 2108 nationem
587 2056 1045 2108 memoratarum
1070 2068 1267 2106 rerum
1289 2051 1465 2106 sacris
1487 2051 1860 2123 imponerent

265 2142 550 2207 altaribus,
580 2142 793 2213 absque
815 2141 1087 2196 dilatione
1102 2140 1499 2194 venerandum
1519 2139 1735 2194 adeunt
1751 2154 1860 2193 cm-

258 2230 511 2298 nebium,
545 2226 821 2284 mandata
852 2244 1163 2301 precesque
1203 2229 1288 2282 sui
1339 2227 1563 2282 domini
1616 2230 1858 2281 catervas

256 2318 674 2373 innetescentcs
701 2318 970 2372 fratrum.
1001 2315 1375 2371 Memorabite
1402 2316 1555 2370 dictu
1580 2315 1594 2368 !
1652 2316 1858 2370 eadem

258 2405 361 2471 die,
391 2406 630 2477 ipsoque
657 2406 812 2459 horae
836 2407 1157 2470 momento,
1191 2422 1304 2476 quo
1338 2403 1436 2475 qui
1463 2403 1621 2459 missi
1667 2406 1853 2470 erant,

254 2494 463 2548 donum
490 2510 624 2547 cum
654 2492 1010 2547 orationibus
1040 2495 1173 2546 ante
1206 2492 1390 2546 sancti
1428 2493 1857 2563 praesentarunt

256 2583 558 2649 tumulum,
592 2598 748 2652 aeger
768 2580 862 2652 qui
885 2580 1205 2652 nonaginta
1236 2579 1488 2635 millibus
1512 2580 1743 2650 jacebat
1762 2596 1854 2634 se-

255 2673 441 2724 motus
470 2686 502 2723 a
532 2671 659 2723 loco
686 2668 1122 2740 integerrimam
1145 2668 1384 2741 adeptus
1401 2672 1487 2723 est
1511 2667 1822 2723 sanitatem
1838 2710 1851 2723 .

255 2756 358 2821 Qui
374 2758 607 2812 laudum
622 2758 739 2812 Deo
752 2756 1041 2829 praeconia
1053 2760 1364 2829 sancteque
1386 2757 1528 2812 dans
1544 2756 1854 2812 Benedicto

258 2846 567 2915 gratiarum
584 2845 828 2912 cantica,
857 2845 1277 2899 exercitationis
1302 2845 1694 2899 venationisve
1719 2861 1852 2916 gra-

259 2933 339 2986 tia
354 2935 614 2988 silvarum
636 2933 801 3005 petiit
852 2933 1174 2988 abdita.Cui
1206 2933 1349 2987 dum
1396 2934 1588 2988 studet
1618 2950 1860 3007 operam

267 3022 396 3076 dare
423 3022 525 3091 rei,
553 3022 799 3077 occurrit
818 3022 931 3077 suis
950 3040 984 3077 a
1014 3026 1211 3077 nostro
1263 3023 1662 3079 remeantibus
1731 3040 1861 3078 m0-

266 3112 722 3185 nasterie,quem
776 3111 856 3167 illi
905 3104 1216 3183 conspicati
1269 3112 1586 3184 equitando
1642 3114 1859 3166 saltum

256 3215 573 3272 peragrare,
601 3204 834 3272 stupore
866 3201 1087 3272 ingenti
1136 3200 1381 3271 perculsi
1410 3203 1567 3268 sunt,
1600 3201 1860 3255 videntes

254 3285 562 3355 hominem,
592 3289 813 3344 dudum
836 3289 1049 3360 absque
1081 3288 1317 3343 alterius
1346 3288 1695 3344 adminiculo
1729 3288 1859 3342 ele-

254 3376 399 3431 ctulo
421 3394 535 3431 non
552 3378 842 3431 valentem
873 3381 1271 3448 surgere,tunc
1299 3394 1417 3432 non
1448 3378 1634 3432 solum
1664 3375 1847 3431 firmi-

250 3466 341 3517 ter
366 3464 647 3531 incedere,
680 3482 879 3520 verum
913 3465 1091 3519 etiam
1127 3482 1340 3537 equum
1388 3482 1556 3520 cursu
1587 3465 1855 3536 fatigare.

258 3548 643 3609 Hasitantibus
660 3552 777 3608 illis
801 3555 859 3607 et
883 3554 1066 3607 vultus
1089 3553 1471 3609 similitudine
1503 3571 1562 3608 se
1590 3555 1859 3624 deceptos

274 3641 697 3709 autumantibus,
734 3642 966 3697 obvium
997 3658 1055 3695 se
1086 3640 1177 3695 ille
1216 3642 1676 3714 gratulabundus
1690 3642 1859 3697 offert

274 3723 481 3801 Inquirit
502 3729 714 3785 deinde
738 3729 1034 3784 sollicitius
1061 3729 1216 3785 diem
1251 3748 1365 3804 quo
1384 3747 1486 3802 pro
1521 3746 1580 3784 se
1602 3733 1733 3784 veta
1753 3731 1861 3785 sol-

274 3813 487 3886 Vissent;
519 3818 826 3891 ipsumque
858 3818 1028 3872 fuisse
1071 3818 1386 3874 certissime
1428 3819 1714 3890 comperit
1743 3835 1857 3891 quo

275 3902 353 3958 sibi
372 3908 613 3961 salutem
647 3904 922 3976 obtigisse
944 3906 1254 3978 gaudebat.

328 3997 401 4049 10.
438 3995 580 4049 Huic
607 3995 861 4067 antiquae
887 3999 1149 4049 veterum
1172 3993 1443 4050 relationi
1479 3994 1735 4051 virorum
1760 4012 1853 4051 re-

275 4083 537 4154 pugnabat
580 4082 872 4154 antiquius
926 4084 1079 4138 tertii
1129 4082 1365 4138 Cletarii
1405 4084 1514 4156 (36)
1556 4084 1710 4157 regis
1729 4083 1850 4139 edi-

276 4171 420 4242 ctum,
450 4173 511 4227 in
561 4188 675 4244 quo
720 4171 1050 4227 continetur
1081 4172 1238 4245 quod
1288 4176 1645 4228 memoratus
1677 4173 1849 4229 Othe-

272 4251 359 4313 I'ius
378 4260 447 4314 ob
477 4258 788 4331 perfidiam
819 4259 891 4314 ab
925 4259 1050 4331 ipse
1080 4276 1217 4332 rege
1240 4259 1486 4315 interfici
1515 4261 1705 4332 jussus
1736 4260 1846 4329 sit;

264 4345 521 4421 mbusque
566 4348 690 4418 ejus
722 4348 990 4403 omnibus
1020 4348 1362 4415 conﬁscatis,
1395 4348 1535 4403 illud
1564 4348 1851 4420 praedium

262 4429 324 4486 ab
344 4436 543 4491 eodem
575 4436 857 4509 principe,
886 4439 1084 4491 sancto
1115 4440 1201 4492 est
1223 4436 1531 4491 Benedicto
1555 4438 1849 4492 collatum.

1958 2051 2250 2106 mevicina
2280 2049 2628 2105 vicecemitis
2649 2050 2999 2122 fungebatur
3013 2052 3258 2120 honore,
3285 2053 3573 2108 nefarium

1959 2139 2193 2193 molitus
2211 2141 2297 2193 est
2317 2140 2516 2192 scelus.
2539 2138 2797 2210 Namque
2816 2138 3190 2196 Lemovicinis
3202 2156 3574 2213 nequaquam

1960 2230 2268 2282 contentus
2297 2226 2668 2281 facultatibus
2704 2243 2771 2281 ex
2810 2231 3053 2298 paterna
3082 2229 3190 2283 sibi
3236 2228 3575 2285 haereditate

1952 2316 2084 2388 jure
2098 2314 2558 2387 suppetentibus,
2575 2316 2714 2370 dum
2727 2319 2990 2371 cerneret
3004 2333 3378 2372 numerosam
3392 2318 3577 2373 cohae-

1958 2406 2098 2459 redu
2108 2421 2164 2459 m
2178 2406 2427 2459 fratrum
2441 2420 2679 2460 suorum
2692 2422 3047 2460 succrescere
3059 2405 3385 2477 stirpem,in
3398 2406 3579 2462 subri-

1957 2493 2198 2564 piendas
2214 2510 2304 2547 res
2318 2493 2533 2547 alienas
2548 2492 2808 2547 animum
2824 2492 3331 2566 intendit,dolique
3350 2494 3577 2562 artifex,

1957 2584 2211 2636 castrum
2252 2581 2410 2652 quod
2457 2598 2491 2635 a
2536 2580 2840 2635 rusticanis
2865 2581 3098 2637 Bruccia
3117 2582 3225 2653 (38)
3256 2581 3464 2638 dicitur
3486 2582 3575 2638 in-

1959 2685 2208 2740 gressus,
2241 2668 2548 2723 deminum
2576 2685 2636 2723 se
2664 2669 2893 2740 agebat.
2918 2670 3052 2723 Erat
3083 2669 3143 2724 in
3176 2687 3244 2725 ea
3261 2669 3576 2743 provincia,

1957 2758 2043 2813 vir
2060 2756 2299 2829 quidam
2316 2756 2473 2810 haud
2499 2758 2949 2812 contemnendae
2973 2758 3272 2828 potentias,
3291 2759 3450 2831 Hugo
3476 2776 3578 2815 no-

1961 2846 2141 2913 mine,
2179 2844 2271 2900 cui
2299 2845 2494 2899 media
2518 2862 2649 2916 pars
2680 2845 2853 2918 ipsius
2878 2845 3046 2899 castri
3078 2846 3450 2902 hmreditaria
3469 2848 3574 2902 ob-

1959 2937 2200 2990 venerat
2241 2934 2617 2989 successione.
2672 2934 2827 2988 Hanc
2858 2933 2975 3004 ille,
3027 2933 3109 2989 uti
3153 2938 3211 2990 et
3260 2952 3390 2990 eam
3445 2952 3574 3008 qua:

1960 3023 2289 3094 genitorem
2308 3023 2677 3094 cempetebat
2693 3038 2881 3088 suum,
2899 3039 3038 3077 ausu
3050 3022 3362 3077 temerario
3378 3038 3577 3093 perva—

1962 3111 2065 3165 dit.
2093 3110 2236 3166 Tote
2280 3111 2474 3181 itaque
2509 3110 2723 3180 potitus
2749 3113 2957 3173 castro,
2984 3110 3179 3182 copias
3208 3110 3459 3166 duorum
3480 3127 3577 3165 ce-

1962 3199 2171 3254 mitum
2222 3198 2318 3269 qui
2364 3215 2497 3252 eum
2560 3197 2697 3252 inde
2750 3199 2965 3268 pellere
3024 3198 3382 3267 nitebantur,
3436 3197 3573 3253 Wil-

1958 3288 2120 3342 lelmi
2150 3289 2257 3358 (39)
2291 3286 2557 3342 videlicet
2588 3286 2975 3355 Pictaviensis,
3008 3290 3066 3343 et
3114 3287 3352 3343 Bosenis
3377 3289 3578 3344 Petra-

1960 3375 2163 3447 gorici,
2202 3392 2306 3448 per
2345 3374 2678 3447 quindecim
2728 3375 2955 3432 dierum
3002 3377 3243 3431 eludens
3298 3375 3575 3449 spatium,

1962 3464 2327 3520 obsidionem
2343 3480 2441 3519 eos
2458 3465 2678 3519 solvere
2698 3464 2916 3536 coegit:
2952 3482 3066 3538 qua
3086 3465 3362 3520 liberatus
3386 3482 3581 3521 neces-

1958 3552 2424 3619 sitate,audende
2442 3552 2669 3623 majora
2691 3552 3076 3625 municipium
3092 3553 3272 3608 Patris
3286 3553 3579 3609 Benedicti

1960 3645 2205 3713 quatuor
2216 3643 2274 3695 et
2286 3640 2458 3695 semis
2470 3640 2721 3695 millibus
2740 3645 3101 3697 amemorate
3118 3641 3334 3697 distans
3346 3642 3576 3699 castello

1960 3730 2285 3784 absentiam
2314 3728 2608 3801 praepositi
2635 3728 2853 3785 Otherii
2869 3734 3206 3801 aucupatus,
3228 3730 3580 3786 latrocinan-

1960 3815 2104 3872 tium
2123 3833 2286 3871 more
2311 3816 2657 3888 ingreditur.
2674 3816 2977 3888 Municipie
3001 3816 3083 3871 illi
3101 3818 3413 3889 antiquitas
3436 3818 3580 3873 Salis

1959 3920 2176 3959 nomen
2196 3903 2700 3975 indiderat,eeque
2716 3904 2985 3958 monachi
3002 3903 3423 3959 habitationem
3440 3905 3577 3959 assi-

1958 3992 2134 4046 duam
2167 4009 2201 4046 a
2244 3991 2618 4063 Caputcervio
2671 3994 3191 4059 commutaverant,
3238 4008 3306 4046 eo
3339 3991 3495 4065 quod
3530 3991 3577 4046 is

1955 4080 2113 4135 locus
2142 4096 2363 4153 magna
2393 4097 2461 4135 ex
2490 4083 2657 4150 parte
2688 4082 2898 4133 natura
2923 4079 3076 4134 foret
3108 4078 3387 4137 munitus.
3414 4080 3577 4134 Hunc

1951 4169 2227 4241 praefatus
2257 4168 2581 4223 Ademarus
2602 4167 2837 4235 idcirco,
2872 4169 2935 4223 ut
2952 4168 3219 4240 pestipse
3247 4166 3466 4234 retulit,
3486 4167 3577 4223 in-

1952 4258 2161 4313 vadere
2194 4256 2349 4312 uisus
2368 4259 2473 4324 est,
2508 4259 2571 4312 ut
2600 4255 2779 4328 cepiis
2807 4255 3087 4311 frumenti
3118 4272 3182 4311 ac
3213 4254 3352 4325 vini,
3389 4272 3519 4329 quia
3546 4272 3582 4311 a

1953 4345 2491 4418 circumjacentibus
2510 4343 2868 4400 incolisinibi
2883 4345 2954 4400 ob
2970 4346 3234 4400 tutamen
3245 4347 3582 4401 sanctorum

1953 4435 2214 4491 locorum
2233 4436 2551 4507 aggregata
2569 4435 2736 4490 erant
2772 4450 3025 4507 pervasa:
3048 4432 3574 4507 Brucciazinepiam

252 4513 431 4577 Ithec
454 4527 544 4578 est
574 4505 730 4597 quod
753 4505 811 4579 in
843 4505 1096 4597 quadam
1129 4525 1418 4581 sententia
1431 4526 1603 4597 primi
1619 4526 1750 4581 libri
1776 4527 1855 4581 le-
1878 4505 1931 4564 D
1954 4505 2655 4590 sublevaret—{reﬂantem
2681 4505 2817 4578 vera
2850 4524 2912 4577 ut
2961 4521 3313 4578 arctissimos
3357 4505 3579 4597 posses-

248 4605 392 4671 Sltur
412 4613 510 4685 (V.
543 4612 909 4682 Andrevatd.,
942 4630 1071 4686 cap,
1105 4614 1193 4682 38)
1250 4614 1853 4685 Caputcerviumlibe-

234 4700 461 4757 ralitate
494 4701 659 4773 regia
672 4702 1057 4758 Floriacenses
1090 4703 1478 4776 promeruisse
1513 4704 1855 4759 fratres.Po-

240 4784 357 4844 luit
384 4796 578 4847 tamen
607 4791 732 4846 ﬁeri
766 4796 828 4847 ut
857 4796 985 4866 post
997 4792 1149 4847 hanc
1162 4809 1339 4865 quam
1373 4808 1526 4846 nunc
1551 4793 1857 4847 retulimus

227 4868 643 4947 donationem,
673 4879 791 4949 ipse
808 4879 1073 4935 Otherius
1092 4881 1243 4952 apud
1264 4896 1469 4952 regem
1500 4880 1854 4936 infidelitatis

220 4957 603 5023 insimulatus
607 4969 915 5039 juberetur
933 4969 1261 5036 interﬁci,et
1290 4967 1451 5042 quasi
1471 4985 1538 5023 ex
1554 4986 1656 5024 sua
1688 4974 1853 5042 parte

214 5056 505 5111 eamdem
522 5057 721 5112 villam
738 5057 896 5112 idem
923 5074 1021 5112 rex
1035 5061 1233 5113 nostro
1247 5057 1538 5112 conferret
1564 5058 1849 5114 coenobio.

325 5178 427 5251 (35)
465 5180 629 5235 Ritus
658 5179 1008 5235 investituraa
1039 5197 1139 5235 seu
1186 5179 1529 5251 traditionis,
1546 5196 1652 5251 per
1698 5198 1852 5235 wan-

197 5247 425 5334 tosgnd‘
438 5251 1135 5334 est'ehirethecaspassim
1159 5250 1365 5334 obvius.
1382 5247 1849 5334 apud—auctores.

327 5323 673 5394 (36)_lslilius
692 5326 817 5375 erat
833 5321 1101 5394 Clo‘dovei
1134 5321 1390 5394 secundi,
1423 5321 1585 5394 cujus
1636 5322 1853 5394 princi-

182 5392 572 5509 pgtgalflacta
603 5396 688 5447 est
719 5392 1015 5447 translatio
1066 5392 1320 5462 corporis
1359 5392 1539 5447 sancti
1564 5392 1857 5450 Benedicti

204 5475 241 5509 ι
455 5480 591 5509 lam-

204 5471 311 5511 an
352 5463 591 5519 Galliam.

300 5524 427 5616 -ςδη
456 5532 975 5616 Nequenotharii,‘
1004 5550 1190 5616 neque
1221 5533 1452 5616 Otii-ierit
1481 5535 1613 5616 ulla
1641 5534 1860 5616 mentio

452 5598 577 5660 neri
594 5605 785 5672 fallor,
827 5598 980 5676 apud
1009 5598 1225 5660 veteres
1276 5603 1509 5661 Hitorias
1575 5606 1858 5663 Francicee

220 5716 259 5726 ν
366 5683 403 5737 Ip
423 5691 570 5730 ores.

216 5691 321 5726 5-1-3
330 5691 374 5717 1'
380 5691 570 5730 νισι-οδ.

1961 4613 2137 4670 sienis
2160 4632 2276 4669 suae
2302 4613 2445 4668 fines
2474 4612 2783 4684 ampliaret
2808 4629 3049 4686 eperam
3090 4612 3285 4668 dabat.

2034 4706 2121 4757 l2.
2155 4702 2397 4757 Interim
2432 4702 2772 4773 praepositus
2818 4701 2928 4756 loci
2950 4701 3262 4773 jamdictus
3288 4700 3577 4772 Otherius,

1958 4795 2137 4848 tantae
2185 4791 2529 4846 calamitatis
2572 4794 2807 4863 accepto
2852 4790 3079 4857 nuntio,
3135 4790 3336 4847 delere
3383 4790 3578 4846 cordis

1958 4883 2144 4936 tactus
2173 4879 2517 4935 intrinsecus
2532 4879 2687 4951 quod
2699 4879 3176 4935 commendatum
3197 4878 3304 4933 sibi
3332 4896 3366 4935 a
3394 4895 3567 4936 vene-

1956 4969 2126 5025 rabili
2153 4968 2359 5024 abbate
2380 4969 2619 5024 Abbene
2637 4970 2774 5023 tunc
2790 4967 3240 5023 Fleriacensium
3268 4972 3497 5025 rectore
3522 4970 3584 5023 et

1954 5057 2230 5113 fratribus
2248 5057 2441 5111 locum
2470 5055 2731 5111 funditus
2760 5056 3014 5112 amisisse
3044 5056 3361 5126 videretur,
3393 5055 3453 5111 in
3484 5056 3573 5111 di-

2027 5179 2138 5253 (3_8)
2168 5179 2372 5235 Broct'a
2403 5186 2641 5253 castrum
2666 5179 3012 5253 vocaturab
3043 5179 3333 5253 Ademaro
3364 5192 3571 5253 mena-

1956 5246 2062 5328 eho
2082 5246 2324 5328 interno
2347 5248 3248 5328 ll.l_3i_bliothecte_l_sabbeanaa_,ubi
3270 5249 3392 5318 ejus
3403 5246 3578 5328 castri

1957 5321 2206 5399 obsessio
2232 5322 2594 5399 describitur,
2609 5338 2727 5377 non
2748 5320 2880 5388 alia,
2903 5321 3226 5399 utvidetur,
3249 5333 3426 5399 quam
3446 5320 3575 5399 ista,

1957 5392 2196 5465 tametsi
2218 5409 2336 5449 non
2348 5410 2451 5465 per
2465 5393 2824 5465 Ademarum
2841 5393 3027 5465 soluta
3042 5391 3213 5465 fuisse
3236 5389 3570 5465 dicitur_,sed

2001 5481 2067 5518 er
2093 5460 2640 5539 Aidonempatrem,
2657 5462 3093 5539 nullaademari
3107 5461 3258 5539 faeta
3272 5460 3571 5539 mentione

1962 5532 2112 5605 Lege
2143 5532 2409 5615 Aimeini'
2427 5535 2525 5590 lib.
2559 5553 2596 5601 ι,
2627 5552 2751 5606 cap.
2790 5536 2876 5597 16,
2908 5548 3118 5656 “supra.
3152 5532 3373 5612 Brocia,
3404 5532 3573 5602 vulgo

1962 5605 2210 5671 Brousse,
2233 5606 2458 5675 adjacet
2484 5610 2672 5661 castro
2700 5606 2943 5675 SalenSi,
3009 5618 3051 5675 9_
3072 5618 3190 5674 quo
3220 5601 3391 5657 infra.
3477 5668 3488 5675 _

2034 5641 2216 5802 (ἶλξῖἷέ
2233 5641 3203 5742 ἶὶνυἾὲἷέιιῖιέδὲἕτέἔὲἒὲῖιῖἲι“ἓιᾶἴιέ,
3220 5641 3569 5731 ’ἕῖιῖὸωίηο

2034 5762 2107 5802 Lar
2134 5763 2220 5802 us.
2980 5797 2992 5802 -

1962 5762 2220 5819 quartus.
