3998 6166
186 560 330 650 ;etro
361 590 588 662 agebat.
619 585 888 653 Cumque
914 577 1114 648 ignem
1141 571 1557 631 convalescere,
1572 560 1787 635 jacula-

191 699 288 754 que
316 695 418 733 sua
447 679 505 732 in
532 675 765 729 irritum
788 667 994 724 cadere
1013 657 1294 734 oppidani
1317 655 1643 717 cernerent,
1674 649 1792 703 for-

194 769 458 825 midinem
486 761 696 818 animis
716 758 1045 818 induentes,
1071 751 1356 804 introrsus
1391 745 1610 814 fugere.
1633 737 1796 793 Sedi-

196 857 338 912 tiosis
356 851 656 910 ecclesiam
690 843 1041 920 petentibus,
1077 836 1262 892 nostri
1292 853 1327 888 a
1351 837 1516 903 tergo
1546 842 1796 898 sequun-

197 953 277 999 tur
300 941 589 1004 attentius,
613 912 891 1005 caesisque
915 933 973 985 in
995 925 1242 982 introitu
1263 924 1447 994 porta:
1473 912 1798 988 aliquantis,

196 1051 285 1088 eos
312 1029 406 1102 qui
438 1026 734 1083 basilicam
776 1004 1055 1092 petebant
1100 1011 1572 1072 insectabantur;
1606 1004 1665 1057 in
1693 1016 1805 1072 qua

202 1138 307 1176 non
324 1122 506 1174 tutam
531 1114 636 1170 sibi
654 1110 946 1166 latebram
963 1105 1089 1160 fore
1111 1098 1444 1171 auspicatus
1463 1095 1804 1154 Ademarus,

201 1210 390 1264 turrim
406 1206 660 1277 ligneam
679 1201 750 1255 de
770 1214 885 1270 qua
905 1195 1070 1265 signa
1087 1186 1526 1261 dependebant,
1549 1196 1681 1235 cum
1714 1193 1809 1231 sex

198 1297 394 1351 faction
405 1295 449 1349 is
461 1310 574 1348 suae
588 1288 754 1344 sociis
765 1268 1178 1341 formidolosus
1192 1272 1558 1330 conscendit.
1575 1268 1656 1323 lbi
1674 1282 1813 1338 quo-

200 1401 300 1456 que
325 1400 383 1437 se
401 1384 577 1436 latere
611 1392 774 1450 posse
805 1370 1097 1430 diffidens,
1129 1367 1288 1420 tecta
1324 1376 1491 1416 more
1518 1355 1814 1412 architecti

203 1439 654 1545 perambulabat,
675 1466 862 1521 donec
879 1461 950 1514 ab
974 1459 1210 1527 tlugone
1231 1451 1341 1523 qui
1365 1444 1670 1504 studiosius
1686 1439 1816 1496 reli-

203 1563 323 1634 quis
357 1575 492 1614 eum
522 1552 926 1624 investigabat,
959 1547 1128 1610 visus,
1162 1544 1343 1612 pacta
1375 1537 1503 1590 vitae
1535 1550 1599 1587 ac
1631 1545 1817 1584 mem-

205 1653 435 1706 brorum
470 1644 774 1700 securitate
819 1640 1018 1710 captus
1059 1637 1162 1687 est.
1215 1628 1372 1682 Cum
1419 1639 1532 1695 quo
1565 1620 1818 1691 quinque

205 1735 732 1805 commanipulares
744 1747 808 1784 ex
823 1719 1312 1781 eminentioribus
1327 1713 1470 1770 tenti
1490 1712 1642 1773 sunt,
1659 1707 1818 1773 Hugo

959 348 1054 414 DE
1078 346 1445 412 MIRACULIS
1478 345 1537 404 s.
1565 325 1921 402 BENEDIC’l‘l
1949 337 2132 394 nam
2161 323 2328 394 DUO.
2372 364 2439 378 -
2462 333 2601 391 LlB.
2637 333 2702 388 ιι.

3414 325 3531 390 83?:

439 495 665 572 ignium
697 489 886 568 portis
905 485 1227 558 ingerebat,
1259 477 1487 536 hostilia
1506 491 1640 531 vero
1671 471 1787 526 tela
1805 470 1863 530 Α
1893 463 2194 566 Siquidem
2217 463 2544 520 Guidonem
2559 479 2681 517 non
2693 463 2926 515 tantum
2941 457 3222 515 orationis
3242 459 3529 530 quantum

1895 553 2391 619 dissimulationis,
2424 551 2589 624 quasi
2617 549 2867 604 nesciret
2889 566 3018 621 quas
3050 566 3084 603 a
3117 547 3236 602 filio
3262 563 3534 618 gereren-

1893 648 2009 710 tur,
2043 641 2523 714 gratia,Bomam
2567 638 2896 709 profectum
2958 634 3539 692 morbusadeovitili-

1897 731 2049 804 ginis
2079 729 2401 784 debilitavit
2433 733 2638 782 utnon
2657 726 2822 780 aliter
2839 743 3014 798 quam
3031 725 3313 779 inlectica
3340 723 3412 778 ad
3430 739 3537 777 sua

1898 818 2130 891 regredi
2171 815 2733 873 valeret.Giraldum
2776 831 2910 869 vero
2965 813 3211 868 obtentu
3270 811 3535 882 ejusdem

1900 906 2292 962 simulationis
2308 904 2465 976 apud
2487 902 2810 958 Pictavium
2827 903 3141 972 degentem
3171 904 3229 956 et
3261 900 3344 954 rei
3361 915 3536 952 even-

1903 1000 2030 1050 tum
2103 995 2571 1066 przestolantem,
2627 991 2788 1045 ferox
2846 1007 3026 1062 equus
3087 988 3382 1042 mordicus
3436 1002 3543 1056 per

1906 1100 2112 1140 coxam
2145 1085 2471 1154 arreptum,
2526 1095 2638 1151 per
2692 1079 2914 1151 aliquot
2963 1078 3082 1132 dies
3138 1079 3288 1131 lecto
3329 1074 3542 1128 cubare

1909 1173 2123 1244 coegit.
2159 1172 2526 1225 Hildebertus
2564 1184 2800 1240 quoque
2832 1162 3390 1237 Argentomagensis
3412 1161 3542 1229 [Bo~

1915 1278 2029 1316 δειο
2053 1259 2349 1331 Argensis]
2379 1257 2599 1324 incola,
2626 1256 2800 1326 hujus
2843 1251 3110 1308 factionis
3131 1250 3389 1322 signifer,
3446 1247 3544 1318 qui

1917 1349 2074 1420 pacis
2107 1347 2336 1402 medius
2356 1346 2552 1418 palam
2568 1344 2811 1416 quidem
2836 1341 3139 1396 videbatur
3162 1339 3308 1406 fore,
3326 1337 3548 1392 occulte

1920 1440 2115 1492 autem
2150 1435 2550 1506 proditionem
2579 1434 2796 1498 alebat,
2819 1430 2955 1501 igne
2987 1427 3183 1483 divino
3215 1427 3274 1480 in
3316 1423 3551 1479 maxilla

1920 1526 2178 1592 adustus,
2241 1539 2419 1594 usque
2466 1522 2545 1576 ad
2606 1521 2764 1576 diem
2805 1533 2921 1572 sua:
2967 1515 3172 1572 mortis
3223 1510 3552 1568 iucurabilis

1920 1612 2328 1685 perseveravit,
2360 1610 2541 1678 itaut,
2572 1611 2886 1678 consumpt
2899 1603 3340 1672 acarne,dentes
3359 1599 3550 1670 specio

1921 1697 2236 1753 miserabili
2263 1696 2769 1750 nudarentur.Per
2790 1692 2988 1748 omnia
3019 1689 3358 1746 benedictus
3382 1689 3550 1751 Deus,

204 1828 465 1882 videlicet
489 1780 556 1879 sic
567 1780 1025 1876 Archembaldus
1047 1812 1116 1865 de
1139 1806 1413 1868 Buciaco,
1429 1797 1748 1854 Bainardus
1765 1796 1823 1846 et
1852 1797 1901 1856 Β
1921 1788 2017 1858 qui
2051 1787 2158 1842 sibi
2189 1783 2585 1854 beneplacitos
2612 1782 2839 1837 assidue
2867 1780 3138 1834 miriﬁcat
3160 1780 3409 1833 sanctos.

201 1917 498 1971 Americus
524 1913 706 1966 frater
731 1909 871 1978 ejus,
895 1903 995 1957 ﬁlii
1017 1882 1822 1978 Heldegariihaudignobilis

204 2005 303 2060 viri
346 1993 924 2073 Argentomagensis,
968 1993 1141 2060 atque
1187 1979 1456 2037 Giraldus
1491 1971 1821 2036 Tirinensis,

201 2095 284 2148 his
313 2089 591 2161 exceptis,
623 2101 767 2158 quos
816 2083 912 2136 aut
964 2078 1162 2132 minor
1187 2067 1474 2143 potentia,
1507 2068 1605 2118 aut
1635 2061 1827 2116 minus

206 2183 427 2252 pollens
451 2147 523 2231 de
557 2147 860 2229 nobilitate
877 2167 1190 2242 parentum
1210 2155 1446 2227 sanguis
1464 2155 1672 2207 nostrae
1695 2147 1828 2202 subs

207 2269 376 2323 traxit
409 2265 656 2330 notitias,
683 2241 929 2332 quorum
964 2266 1244 2309 numerus
1289 2246 1362 2299 ad
1410 2241 1611 2314 viginti
1661 2243 1718 2293 et
1761 2253 1829 2290 eo

209 2356 462 2429 amplius
480 2353 656 2408 fuisse
675 2349 949 2410 refertur,-
978 2340 1112 2413 equi
1144 2335 1299 2408 capti
1325 2347 1568 2386 numero
1600 2330 1831 2381 centum

209 2444 430 2517 viginti,
451 2445 673 2514 praeter
702 2453 798 2491 eos
813 2434 910 2506 qui
947 2431 1034 2485 vel
1081 2445 1117 2482 a
1142 2422 1450 2480 victoribus
1472 2417 1673 2472 furtim
1699 2415 1830 2468 sub-

215 2500 390 2596 diicti,
416 2500 509 2585 vel
536 2546 572 2582 a
599 2526 758 2580 victis
781 2500 918 2593 fuga
976 2517 1087 2573 sibi
1147 2507 1578 2568 consulentibus
1604 2500 1834 2557 abducti

215 2589 386 2689 sunt,
411 2637 443 2674 e
473 2617 682 2691 quibus
711 2617 769 2667 et
791 2589 1104 2665 multitudo
1136 2599 1391 2656 hostium
1408 2593 1599 2664 colligi
1625 2589 1830 2662 potuit,

216 2712 463 2781 etvirtus
479 2720 731 2776 superna
746 2699 1076 2771 pariterque
1091 2684 1638 2746 excellentissimum
1654 2677 1834 2733 Patris

219 2797 513 2855 Benedicti
547 2793 821 2848 meritum
851 2785 1156 2841 evidenter
1187 2775 1443 2848 agnosci,
1475 2771 1628 2844 quod
1652 2787 1685 2823 a
1713 2771 1836 2820 tam

221 2889 414 2962 paucis
442 2883 769 2941 exercitatae
793 2876 1014 2932 militite
1062 2871 1198 2927 viris
1231 2862 1536 2921 adversarii
1567 2858 1744 2929 copiis
1774 2872 1838 2911 ac

219 2945 432 3034 batura
457 2970 670 3028 muniti
701 2966 808 3022 loci
838 2969 960 3020 tam
978 2961 1148 3016 facile
1172 2957 1287 3011 sint
1313 2945 1734 3026 superati.lllud
1752 2945 1839 2999 ni-

224 3066 539 3122 hilominus
579 3058 766 3132 gratia
798 3055 900 3109 Dei
940 3048 1198 3124 gratuita
1227 3043 1391 3099 nobis
1413 3041 1686 3096 collatum
1718 3052 1838 3089 cre-

223 3158 416 3210 dimus
445 3123 610 3223 quod
632 3145 886 3202 hostium
915 3123 1160 3211 triginta
1192 3132 1467 3188 militibus
1497 3123 1834 3201 peremptis,

225 3248 562 3300 nostrorum
595 3249 770 3291 nemo
800 3234 1004 3286 saltem
1032 3224 1363 3281 vulneratus
1395 3222 1500 3285 est,
1533 3215 1714 3270 tribus
1745 3229 1840 3265 ex-

226 3335 425 3408 ceptis,
454 3345 606 3385 unus
634 3323 898 3379 videlicet
917 3314 1269 3373 militaribus
1281 3309 1504 3365 deditus
1522 3301 1842 3375 stipendiis,

228 3391 326 3497 qui
355 3391 560 3477 lethali
583 3414 818 3482 accepto
847 3409 1085 3463 vulnere
1115 3401 1189 3458 ad
1205 3398 1440 3472 propria
1469 3394 1699 3449 rediens
1729 3391 1846 3444 vita

227 3479 492 3575 decessit,
521 3523 589 3562 ac
620 3479 737 3557 duo
789 3497 1155 3569 agriculturaa
1204 3489 1394 3560 potius
1426 3500 1601 3557 quam
1629 3479 1847 3536 bellicis

229 3567 388 3657 dedit
416 3567 746 3667 stipendiis,
773 3567 870 3658 qui
901 3599 1032 3638 cum
1065 3577 1260 3633 multis
1281 3576 1404 3630 aliis
1429 3572 1568 3627 artis
1597 3567 1849 3624 homini-

229 3691 334 3745 bus
347 3689 510 3743 fama
540 3678 726 3754 praelii
747 3673 934 3739 exciti,
955 3668 1288 3724 auxiliatum
1310 3661 1519 3717 nostris
1549 3661 1848 3720 venerant;

233 3780 370 3833 dum
397 3772 658 3831 nimium
681 3764 896 3836 rapinae
927 3758 1183 3822 student,
1210 3753 1495 3808 incertum
1527 3764 1560 3802 a
1585 3745 1750 3801 sociis
1777 3761 1852 3799 an

233 3869 304 3924 ab
334 3861 632 3921 extraneis
684 3834 1022 3922 interempti
1073 3845 1223 3900 sunt.
1275 3843 1392 3896 Hoc
1441 3839 1636 3908 itaque
1676 3834 1853 3889 modo

236 3961 491 4011 castrum
526 3951 684 4005 intra
707 3947 926 3998 sextam
949 3936 1063 3992 diei
1095 3950 1207 4006 quo
1231 3932 1484 4002 primum
1507 3927 1588 3980 ibi
1606 3924 1852 3978 advene-

239 4049 371 4102 rant
390 4045 608 4098 horam
621 4035 917 4102 receptum
932 4022 1253 4093 nostrisque
1270 4017 1561 4074 redditum
1577 4015 1681 4080 est,
1702 4028 1855 4068 anno

243 4123 670 4191 lncarnationis
698 4116 1014 4175 Dominicze
1041 4109 1364 4168 millesimo.

316 4227 401 4276 l7.
447 4217 521 4270 Et
549 4229 624 4268 ne
646 4210 771 4278 quis
795 4204 1042 4261 aestimet
1069 4201 1294 4254 tantam
1323 4193 1625 4249 victoriam
1671 4189 1863 4245 homi-

249 4326 391 4366 num
417 4303 620 4379 potius
642 4295 834 4354 virtuti
855 4307 1030 4366 quam
1049 4286 1254 4344 divinae
1277 4282 1483 4341 ascribi
1518 4281 1729 4336 debere
1749 4279 1862 4333 lar-

2575 1870 2802 1925 CAPUT
2821 1869 2906 1922 VI.

1960 1963 2223 2022 Ademari
2251 1967 2487 2016 castrum
2519 1959 2791 2014 dirutum.
2823 1958 3014 2029 Equus
3044 1975 3072 2010 ε
3087 1961 3253 2026 puteo
3301 1953 3518 2009 eductus

2003 2055 2088 2107 19.
2128 2051 2272 2115 Quia
2300 2064 2438 2103 vero
2457 2049 2647 2102 semel
2676 2040 3313 2119 Aquitaniamingressi
3333 2057 3552 2108 sumus,

1931 2158 2048 2196 non
2080 2140 2152 2194 ab
2197 2155 2260 2192 re
2292 2153 2414 2192 esse
2434 2136 2690 2202 videtur,
2745 2135 2791 2188 si
2844 2133 2927 2188 rei
2957 2135 3134 2204 gestas
3184 2129 3555 2194 miraculum,

1933 2230 2089 2303 quod
2120 2228 2262 2284 ordo
2294 2242 2607 2281 causarum
2654 2223 2938 2296 superiori
2968 2221 3163 2292 paucis
3194 2218 3556 2274 elabentibus

1934 2317 2100 2373 annis
2129 2314 2456 2380 subnexuit,
2505 2312 3001 2368 enarraverimus.
3028 2309 3260 2378 Captus,
3291 2310 3354 2361 ut
3386 2323 3558 2379 supra

1936 2407 2155 2462 dictum
2203 2406 2307 2468 est,
2351 2403 2688 2457 Ademarus
2752 2401 2826 2455 ab
2871 2399 3136 2469 Hugone,
3191 2395 3264 2450 ad
3307 2399 3559 2450 castrum

1935 2494 2185 2549 Bruccize
2212 2491 2493 2545 deductus
2518 2495 2629 2544 est.
2653 2490 2716 2544 ld
2745 2487 3017 2543 Giraldus
3042 2484 3274 2557 quidam
3301 2485 3561 2556 partibus

1934 2583 2133 2637 favens
2182 2577 2596 2632 Ademarianis
2651 2577 2919 2642 tenebat,
2971 2574 3206 2630 exclusis
3250 2573 3563 2630 factoribus

1933 2667 2295 2731 [fautoribus]
2323 2665 2608 2736 Hugonis,
2645 2665 2746 2737 qui
2773 2667 3012 2736 partem
3035 2664 3291 2735 ejusdem
3307 2663 3478 2721 castri
3489 2662 3562 2718 ab

1934 2759 2224 2812 Ademaro
2250 2754 2356 2808 sidi
2378 2759 2739 2827 praereptam
2770 2770 2896 2808 non
2930 2754 3568 2827 mediocriterindigna-

1938 2849 2128 2902 batur.
2165 2841 2425 2912 Denique
2469 2843 2756 2896 eumdem
2781 2842 3085 2912 juvenem,
3137 2859 3310 2915 quem
3333 2847 3566 2914 captum

1939 2933 2211 2997 habebat,
2244 2946 2274 2984 e
2301 2927 2546 2999 regione
2581 2944 2913 2994 murorum,
2949 2931 3100 2983 unde
3127 2946 3163 2984 a
3209 2931 3324 2985 suis
3354 2927 3568 2986 intueri

1944 3025 2154 3094 posset,
2189 3017 2392 3074 deduci
2420 3017 3224 3089 praacipiens,interminatus
3244 3023 3329 3074 est
3342 3036 3403 3074 se
3442 3018 3567 3088 ejus

1944 3113 2116 3182 caput
2137 3105 2548 3172 abscissurum,
2575 3105 2638 3158 ni
2671 3106 2968 3159 maturato
2991 3105 3100 3160 sibi
3143 3107 3566 3162 munitionibus

1945 3199 2237 3255 cederent.
2271 3193 2394 3257 Qua
2413 3209 2506 3246 res
2523 3193 2820 3247 Giraldum
2837 3196 2896 3247 et
2920 3208 3020 3247 eos
3047 3192 3145 3264 qui
3175 3192 3332 3250 intus
3376 3199 3567 3263 erant,

1945 3286 2195 3360 graviter
2235 3281 2569 3355 perterruit,
2641 3281 2896 3336 maxime
2951 3279 3214 3336 videntes
3262 3283 3569 3339 dominum

1946 3393 2113 3433 suum
2142 3388 2276 3428 cum
2307 3373 2393 3425 tot
2409 3369 2717 3424 exercitate
2747 3369 2971 3424 militiae
2991 3369 3246 3440 egregiis
3266 3370 3566 3427 bellatori-

1947 3466 2053 3520 bus
2072 3463 2260 3518 subita
2284 3474 2480 3514 rerum
2513 3457 2886 3513 conversione
2917 3457 3006 3526 dej
3017 3460 3232 3512 ectum.
3259 3458 3422 3515 Unde
3445 3476 3564 3515 non

1949 3555 2135 3609 solum
2162 3548 2462 3622 oppidum,
2490 3547 2593 3600 sed
2623 3547 2799 3601 etiam
2817 3562 2876 3601 se
2908 3561 3128 3616 suaque
3161 3546 3363 3601 omnia
3381 3547 3566 3602 territi

1952 3641 2247 3697 dedidere.
2279 3637 2440 3706 Hugo
2487 3635 2707 3708 potitus
2746 3638 2957 3701 castro,
2992 3632 3204 3687 turrim
3242 3650 3372 3706 quae
3423 3635 3570 3706 juris

1952 3727 2224 3785 Ademari
2255 3725 2426 3779 fuisse
2476 3723 2801 3789 videbatur,
2832 3721 3144 3776 confestim
3176 3721 3372 3776 diruit.
3404 3723 3572 3779 Juxta

1956 3834 2088 3874 eam
2114 3817 2363 3871 cisterna
2383 3814 2508 3865 erat
2564 3811 2639 3865 ad
2669 3809 3023 3881 colligendas
3072 3807 3353 3864 imbrium
3392 3826 3570 3882 aquas

1959 3907 2182 3972 effossa,
2214 3897 2601 3974 quadraginta
2631 3898 2888 3970 quinque
2915 3900 2973 3951 et
2995 3911 3065 3950 eo
3106 3895 3570 3967 ampliuscubitis

1957 3996 2015 4051 in
2043 3989 2398 4067 profundum
2418 3991 2646 4060 patens.

2031 4087 2120 4141 20.
2148 4083 2314 4137 Forte
2340 4079 2470 4149 post
2499 4073 2735 4147 aliquod
2757 4070 3036 4144 temporis
3073 4073 3325 4143 spatium
3357 4073 3469 4128 duo
3501 4091 3568 4129 ex

1960 4173 2232 4230 fratribus
2256 4165 2466 4223 nostris
2491 4163 2643 4235 apud
2695 4162 3090 4215 memoratum
3144 4161 3325 4216 sancti
3383 4164 3569 4219 Patris

1965 4259 2254 4318 Benedicti
2283 4255 2515 4311 Salense
2541 4248 2958 4307 monasterium
2971 4247 3332 4320 degentibus,
3356 4250 3572 4307 utilita-

257 4339 391 4366 uuux
461 4339 620 4360 υυιυιο
651 4339 717 4354 u-
732 4339 834 4352 vuv-
857 4339 1030 4366 εει-ην.---
1055 4339 1106 4344 ..-
1147 4339 1199 4340 ην
1284 4339 1306 4341 ν

257 4339 486 4470 gitiodi,
523 4390 670 4444 sciat
697 4387 953 4456 ipsorum
986 4375 1150 4432 nobis
1196 4372 1477 4428 relatione
1508 4365 1836 4424 adversorio

1967 4354 2040 4408 tis
2060 4345 2396 4406 monasterii
2411 4341 2935 4416 gratia,praefatum
2950 4339 3256 4410 Hugonem
3274 4339 3570 4397 Brucciam

1965 4445 2103 4470 4......
2133 4438 2479 4470 ξηηηιοηιοπι
2507 4432 2773 4470 ειη-Πριηιηὶ
2796 4450 2808 4462 ο
2839 4429 2913 4470 nh
2943 4429 3461 4470 nninannllnnninm
3477 4447 3570 4470 QII-

268 4750 571 4808 sentirent.
606 4741 829 4796 Animae
861 4746 1089 4806 quoque
1120 4730 1556 4801 peremptorum
1588 4724 1870 4776 nocturno

270 4846 533 4911 tempore
553 4835 613 4888 in
629 4827 832 4884 eadem
847 4823 981 4877 villa
993 4819 1349 4891 quiescentes
1362 4812 1626 4867 homines
1639 4826 1873 4865 somnos

274 4898 545 4999 rum‘pere
565 4915 876 4989 saepissime
906 4908 1214 4980 cogebant,
1250 4900 1518 4958 flebiliter
1547 4898 1872 4954 oberrando

275 5013 642 5072 inclimantes
669 5021 728 5058 se
749 5001 985 5057 miseras
1018 4997 1142 5050 fore
1168 4993 1348 5065 (esse),
1372 5006 1498 5061 qua:
1519 4986 1874 5042 excellentis-

279 5105 400 5160 simi
434 5098 623 5157 Patris
649 5087 937 5149 Benedicti
964 5101 1055 5140 res
1081 5079 1391 5156 pervadere
1424 5094 1541 5131 non
1570 5075 1877 5132 dubitavis-

282 5198 421 5249 sent.

351 5286 436 5338 18.
471 5279 587 5334 Nec
617 5272 796 5330 Guido
812 5267 1039 5342 genitor
1052 5258 1344 5325 Ademari,
1367 5257 1480 5312 sive
1503 5256 1676 5310 etiam
1701 5253 1880 5308 Giral-

287 5373 386 5428 dus
409 5372 595 5425 frater
624 5365 766 5434 ejus,
813 5357 1092 5431 patrimus
1133 5352 1259 5422 jam
1306 5347 1438 5401 dicti
1483 5342 1880 5408 adolescentis,

1969 4620 2498 4674 sibimetconnexos
2510 4611 2569 4665 in
2582 4607 2953 4664 inferioribus
2969 4606 3573 4677 reliquerunt.Horum

1971 4726 2119 4764 unus
2148 4702 2354 4779 quietis
2381 4699 2710 4773 impatiens,
2732 4695 2872 4750 dum
2901 4695 3012 4748 huc
3049 4694 3295 4767 illucque
3325 4697 3575 4751 errando

1971 4797 2191 4854 socium
2223 4789 2418 4857 trahit,
2453 4791 2748 4858 postrema
2765 4782 3024 4854 corporis
3049 4786 3210 4853 parte
3241 4781 3299 4837 in
3317 4783 3577 4854 superius

1976 4886 2342 4943 nominatam
2359 4879 2668 4934 cisternam
2697 4872 2932 4938 labitur,
2956 4887 3059 4925 nec
3087 4869 3321 4924 alterius
3350 4888 3459 4944 ope
3477 4873 3577 4944 ju_

1974 4976 2097 5031 vari
2115 4972 2290 5029 valuit
2309 4969 2449 5042 quin
2471 4965 2545 5021 ad
2562 4963 2808 5019 fundum
2833 4970 3009 5032 usque
3027 4959 3579 5018 decideret.Clamor

1975 5065 2126 5121 illico
2151 5057 2500 5117 intuentium
2521 5053 2702 5108 oritur
2713 5064 2927 5121 equum
2950 5047 3368 5102 monachorum
3397 5048 3455 5102 in
3478 5067 3582 5120 pu-

1978 5157 2138 5210 teum
2171 5166 2292 5205 esse
2315 5149 2562 5216 lapsum.
2593 5140 2894 5194 Tumultus
2913 5147 3144 5191 causam
3163 5136 3324 5206 Hugo
3337 5136 3578 5192 sollicite

1980 5239 2340 5316 perquirens,
2354 5232 2452 5287 ubi
2477 5231 2692 5285 damna
2704 5227 2847 5299 lapsi
2871 5223 3137 5280 animalis
3157 5222 3394 5293 reperit,
3406 5223 3580 5279 vehe-

1983 5310 2213 5388 menter
2240 5320 2504 5388 indoluit,
2537 5318 2694 5390 quod
2716 5317 2776 5371 hi
2815 5315 2914 5387 qui
2940 5329 3075 5368 eum
3105 5310 3369 5366 visitandi
3394 5313 3581 5382 gratia

289 5402 386 5428 uua
410 5402 584 5425 ,ιιαιιῡι
624 5402 766 5434 υδυιυ,
813 5402 1088 5431 ιιι-ν-.-..--
1133 5402 1216 5422 0-”
1869 5402 1878 5408 '

289 5449 950 5516 immunesmiseriarum
967 5445 1372 5506 fuere;verum
1389 5431 1563 5488 secuti
1585 5429 1886 5502 participes
1986 5419 2248 5477 adierant
2263 5408 2534 5468 monachi
2567 5414 2745 5480 (aeger
2776 5405 2988 5477 quippe
3015 5403 3182 5469 erat),
3209 5404 3435 5482 tantam
3449 5402 3584 5458 fuis-

2095 5512 2104 5516 ‘
2275 5503 2284 5512 ⁸
2320 5503 2330 5512 ⁸
2409 5503 2422 5516 ι
2491 5514 2522 5516 η
2555 5514 2588 5516 __
2648 5498 2842 5516 IL-._-_A
2877 5488 3034 5516 ___n_;
3065 5489 3311 5516 :mnln‘n‘
3333 5492 3394 5516 ..ι
3452 5507 3547 5516 -..-

290 5551 408 5621 ejus
436 5549 602 5602 fuere
622 5537 864 5604 consilii,
881 5534 959 5589 sic
991 5543 1238 5602 quoque,
1253 5523 1353 5579 Dei
1366 5521 1684 5593 justissima
1700 5518 1888 5589 dispo-

293 5609 466 5696 nente
515 5624 897 5708 providentia,
943 5617 1332 5692 periculorum
1378 5611 1537 5668 fuere
1574 5609 1887 5664 consortes.

1987 5512 2115 5565 sent
2142 5503 2291 5578 passi
2309 5503 2620 5572 jacturam.
2648 5498 2845 5565 Itaque
2877 5488 3038 5546 uxori
3065 5489 3316 5559 imperat
3333 5492 3418 5557 ut,
3449 5507 3581 5548 evo-

1991 5597 2131 5654 catis
2147 5575 2433 5669 iuvenum
2454 5582 2890 5650 robustioribus,
2905 5575 3212 5634 seminecis
3240 5577 3374 5651 equi
3409 5580 3584 5638 cada.
