3998 6166
526 336 633 395 835

531 543 858 601 sevestibus
884 540 1095 608 induit,
1132 557 1263 596 eam
1289 544 1514 596 secutus
1542 541 1825 597 inclinans
1854 560 1913 599 se
1950 544 2023 599 ad
2074 561 2136 600 os

508 632 706 706 .putei,
738 632 925 686 solum
951 629 1232 702 equinum
1276 634 1449 702 caput
1496 631 1660 703 aquis
1706 631 1966 687 eminere
1999 648 2133 703 pro-

524 722 728 794 spexit,
759 718 995 791 reliquis
1014 719 1295 774 membris
1314 736 1447 775 cum
1468 720 1607 775 sella
1618 720 1866 793 lymphis
1898 722 2133 792 opertis,

524 812 585 864 et
614 808 687 863 ad
736 808 1176 863 circumstantes
1204 824 1540 864 conversus:
1564 809 1680 880 Hic,
1716 810 1926 881 inquit,
1956 827 2139 882 equus

522 898 677 952 sellae
695 896 965 968 deinceps
979 913 1282 968 nunquam
1299 899 1509 952 sentiet
1522 913 1724 953 onus.»
1741 898 1829 952 Ad
1845 915 2020 970 quem
2036 915 2137 953 mu

519 984 702 1041 lier:«
726 986 896 1052 Num,
924 985 1025 1053 ait,
1055 985 1149 1040 ille
1188 1002 1362 1040 senex
1427 985 1789 1049 Benedictus,
1824 987 1921 1058 qui
1972 987 2137 1042 tibia

523 1075 774 1132 Domino
821 1075 1125 1131 victoriam
1167 1076 1417 1131 obtinuit
1448 1092 1515 1131 ex
1545 1076 1820 1143 hostibus,
1874 1079 1997 1131 tam
2050 1080 2136 1131 est

518 1162 805 1221 invalidus
856 1168 920 1220 ut
964 1166 1280 1235 impetrare
1308 1168 1560 1237 nequeat
1589 1168 1872 1237 quatenus
1897 1165 2133 1237 proprio

520 1252 764 1309 animali
805 1269 937 1308 suus
981 1254 1288 1309 revehatur
1315 1252 1673 1308 monachus?
1698 1252 1836 1307 )Ad
1867 1254 1990 1308 haec
2037 1253 2132 1307 ille

522 1340 793 1397 difﬁdens
813 1358 827 1396 :
850 1360 878 1393 α
905 1340 986 1408 Si,
1018 1341 1225 1412 inquit,
1255 1342 1380 1396 haec
1406 1341 1499 1395 ille
1530 1340 1881 1413 impetrarit,
1911 1340 2132 1395 caeteris

520 1430 764 1501 praelato
783 1428 1145 1499 sanctis,ejus
1173 1445 1267 1483 me
1298 1428 1666 1484 committam
1697 1428 1933 1484 tutioni.
1965 1450 1992 1477 »
2023 1428 2135 1483 Ad-

519 1517 698 1574 motis
726 1517 903 1588 igitur
941 1517 1125 1579 scalis,
1156 1517 1451 1572 descendit
1481 1517 1951 1588 quidam,audaci
1997 1517 2132 1571 ﬁsus

511 1605 772 1678 juventa,
799 1604 897 1676 qui
927 1621 1141 1677 equum
1172 1608 1640 1677 peropportunas
1659 1604 1915 1676 corporis
1942 1608 2133 1676 partes

521 1693 756 1749 funibus
785 1693 1012 1765 ligaret,
1028 1710 1141 1764 quo
1170 1693 1390 1748 facilius
1419 1694 1583 1748 educi
1614 1694 2044 1766 posset.Verum
2063 1709 2132 1748 eo

1642 326 1908 389 MMOINI
1928 324 2251 392 HONACHI
2276 332 2772 395 FLORIACENSIS
3749 337 3833 394 836

422 489 427 497 -
530 472 669 513 vere
686 453 861 528 puteo
906 446 1158 508 abstrahi
1178 451 1371 508 faciat.
1411 453 1534 525 Ipse
1566 455 1696 525 post
1706 454 2005 526 paululum
2039 453 2136 510 ubi
2158 459 2216 520 Α
2240 458 2565 532 exponitur,
2591 458 2663 514 ad
2680 472 2853 531 quem
2866 451 3233 512 honorabilis
3265 454 3354 511 vir
3373 455 3538 527 Hugo
3564 455 3832 523 accedens,

2235 564 2484 620 eumque
2504 549 2666 619 virga
2694 552 2958 618 tangens,
2991 546 3062 600 ad
3087 545 3546 600 circumstantes
3577 544 3680 600 ait:
3703 547 3833 599 «Hic

2236 637 2530 693 reviviscet
2551 653 2874 708 nunquam.
2902 636 3094 690 nTunc
3131 652 3326 706 equus
3356 634 3694 705 quibusdam
3721 651 3833 690 eum

2232 725 2657 780 sublevantibus
2713 742 2749 779 a
2817 728 2992 792 terra,
3063 738 3195 779 sese
3259 721 3498 795 erigens
3552 723 3826 785 concussit,

2241 830 2566 885 aquamque
2592 831 2769 887 quam
2829 812 3040 867 invitus
3088 813 3409 872 hauserat,
3463 813 3566 882 per
3614 814 3837 864 meatum

2238 902 2420 957 urina:
2447 902 2699 974 digessit.
2733 901 2954 957 Alacris
2992 900 3149 956 illico
3204 899 3429 955 mulier
3472 897 3558 952 his
3585 898 3756 953 verbis
3775 900 3840 953 vi-

2236 1007 2368 1045 rum
2408 992 2716 1063 arguebat:
2772 1011 2801 1040 «
2829 991 2933 1057 En,
2985 988 3085 1056 ait,
3120 987 3543 1059 experimento
3571 986 3675 1039 hoc
3704 984 3830 1040 disce

2238 1080 2612 1135 Benedictum
2645 1079 2745 1134 Dei
2772 1079 3059 1134 famulum
3091 1076 3362 1132 ﬁdeliter
3383 1091 3445 1129 se
3461 1073 3840 1137 invocantibus,

2234 1168 2522 1241 praecipue
2538 1168 2653 1223 suis
2670 1168 2920 1233 famulis,
2955 1170 3174 1238 praesto
3195 1182 3349 1221 esse.
3391 1184 3414 1214 ι
3437 1164 3663 1218 Plausus
3686 1164 3839 1218 conti-

2234 1273 2351 1312 nuo
2378 1273 2445 1311 ac
2469 1273 2571 1311 vox
2600 1256 2819 1311 laetitiae
2849 1259 2973 1311 toto
3024 1254 3312 1309 oriuntur
3363 1255 3576 1318 castro,
3630 1250 3836 1305 Benedi-

2233 1348 2391 1400 ctum
2452 1344 2836 1410 laudantium,
2904 1344 3227 1398 Benedicto
3286 1341 3515 1414 gratias
3574 1339 3835 1410 agentium

2235 1434 2395 1504 quod
2404 1433 2533 1502 jam
2558 1432 2795 1497 viveret,
2821 1432 2977 1503 quod
2994 1431 3121 1502 jam
3150 1428 3420 1502 propriis
3441 1427 3676 1500 pedibus
3694 1443 3839 1499 equus

2232 1520 2487 1575 vaderet.
2516 1520 2667 1574 Sane
2693 1519 2965 1590 religiosa
2994 1518 3253 1585 femina,
3282 1516 3426 1588 quia
3452 1517 3637 1571 hiems
3665 1514 3837 1574 eratin

2236 1609 2431 1680 aprica
2477 1608 2652 1663 domo
2718 1608 3097 1679 cornipedem
3147 1607 3482 1662 deductum
3525 1602 3841 1659 mollioribus

2235 1697 2568 1752 stramentis
2599 1713 2782 1767 usque
2810 1696 2882 1751 ad
2914 1695 3303 1751 diﬂ'usionem
3332 1693 3562 1749 sudoris
3589 1692 3701 1764 ipsa
3727 1706 3836 1762 ope-

522 1798 776 1853 egresso,
808 1798 939 1837 cum
970 1782 1204 1836 difﬁcile
1231 1781 1521 1836 videretur
1549 1784 1673 1836 tam
1702 1781 1975 1836 immensi
2006 1797 2132 1835 cor-
2157 1775 2208 1836 B
2236 1789 2378 1856 ruit;
2436 1787 2535 1859 qui
2583 1786 2719 1842 inde
2768 1789 2898 1859 post
2928 1787 3238 1859 paululum
3279 1787 3591 1849 retractus,
3621 1786 3770 1835 terra!
3794 1795 3838 1832 se

519 1871 677 1944 poris
705 1870 920 1926 animal
947 1870 1116 1925 simul
1136 1885 1265 1924 cum
1292 1871 1443 1925 scala
1467 1886 1631 1940 posse
1655 1870 1911 1924 abstrahi
1934 1870 2008 1923 ob
2036 1886 2137 1924 an-

520 1959 770 2032 gustiam
800 1958 979 2032 putei,
1008 1959 1443 2028 primo’scalam
1466 1957 2014 2025 educentes,dehinc
2040 1973 2133 2012 ca-

522 2048 741 2104 ballum
757 2048 1091 2102 abstrahere
1115 2047 1553 2119 coeperunt.Sed
1576 2045 1947 2118 omnipotens
1962 2048 2132 2113 Deus,

520 2137 586 2191 ut
610 2135 941 2192 ostenderet
969 2153 1088 2191 non
1114 2137 1300 2191 solum
1318 2137 1443 2207 jam
1476 2136 1681 2207 szepius
1714 2135 1865 2189 dicto
1885 2134 2132 2204 Hugoni,

522 2241 723 2280 verum
742 2225 1065 2297 quibusque
1097 2241 1301 2280 sanum
1328 2224 1680 2295 sapientibus
1697 2222 1998 2294 egregium
2028 2223 2133 2277 du—

518 2329 649 2369 cem
663 2314 1106 2379 monachorum,
1127 2330 1419 2368 summum
1442 2312 1702 2368 videlicet
1734 2311 2131 2377 Benedictum,

521 2418 639 2458 non
672 2402 830 2474 parvi
861 2401 1016 2473 apud
1044 2418 1105 2456 se
1135 2417 1256 2456 esse
1289 2400 1500 2467 meriti,
1531 2400 1650 2455 imo
1678 2400 1918 2470 majoris
1959 2416 2135 2471 quam

525 2491 768 2563 quisque
790 2489 1129 2546 mortalium
1152 2489 1438 2560 conjicere
1472 2487 2005 2559 valeat,geminavit
2022 2489 2133 2541 mi-

518 2580 802 2635 raculum.
853 2578 1069 2649 Nempe
1135 2593 1267 2631 cum
1313 2578 1435 2647 jam
1507 2591 1818 2631 numerosa
1864 2575 2135 2645 juventus

520 2684 701 2740 usque
723 2668 798 2723 ad
813 2682 1109 2721 summum
1128 2664 1285 2736 putei
1298 2664 1624 2737 marginem
1639 2681 1849 2736 equum
1865 2665 2131 2719 elevavis-

516 2759 626 2822 set,
678 2772 743 2811 ac
794 2755 1001 2810 fratres
1057 2754 1284 2809 eminus
1326 2757 1597 2816 astantes,
1668 2752 1883 2808 litanias
1934 2769 2132 2823 preces

516 2845 766 2900 Domino
780 2843 1190 2910 solverent,ubi
1207 2841 1736 2897 dilectumDomino
1757 2841 2129 2896 Benedictum

517 2932 785 2989 invocare
816 2930 1328 3002 cceperunt,subito
1345 2929 1503 3002 rupti
1533 2930 1700 2984 funes
1715 2946 2010 3002 equusque
2057 2930 2131 2983 ad

514 3020 796 3110 interiora
838 3020 1178 3110 lapsusest‘.
1224 3017 1560 3110 Desperatio
1618 3023 1854 3110 cunctos
1904 3017 2127 3110 habuit,
2157 3051 2205 3110 Ο

518 3109 846 3164 difﬁdentes
856 3124 989 3162 cum
1003 3107 1239 3162 ulterius
1252 3124 1416 3179 posse
1429 3107 1618 3161 vivum
1634 3106 1848 3161 retrahi
1858 3105 2129 3171 ,maxime

517 3214 651 3255 cum
678 3201 736 3251 et
766 3198 1070 3253 descensus
1090 3197 1163 3252 ad
1197 3213 1329 3250 eum
1361 3195 1718 3267 alligandum
1760 3194 2006 3249 difﬁcilis
2037 3194 2129 3248 fo-

517 3288 628 3352 ret,
662 3302 769 3341 nec
790 3282 1018 3339 funium
1060 3284 1170 3338 illis
1189 3286 1352 3338 tanta
1372 3284 1703 3353 suppeteret
1722 3281 1906 3353 copia,
1939 3299 2131 3336 casus-

518 3390 633 3445 que
685 3373 756 3429 de
788 3371 1180 3443 superioribus
1206 3372 1329 3441 ejus
1358 3370 1745 3426 aestimaretur
1794 3369 2129 3424 contrivisse

517 3461 805 3516 membra.
835 3459 1127 3514 Accedens
1152 3462 1348 3513 autem
1368 3475 1520 3513 unus
1544 3459 1793 3512 fratrum
1816 3457 1889 3511 ad
1902 3474 2128 3513 memo-

517 3552 711 3604 ratum
745 3548 1069 3618 Hugonem,
1109 3547 1371 3602 hortatus
1401 3549 1488 3600 est
1534 3545 1605 3599 de
1654 3545 1862 3599 virtute
1905 3545 2128 3601 confes-

515 3637 660 3694 soris
686 3635 896 3692 Christi
943 3633 1237 3690 Benedicti
1268 3636 1500 3705 sumpta
1529 3632 1759 3701 ﬁducia,
1810 3633 1997 3688 adhuc
2041 3651 2127 3688 se-

514 3727 634 3783 mel
681 3725 1030 3781 attentatum
1081 3722 1450 3778 adorirentur
1503 3738 1663 3793 opus.
1724 3722 2129 3777 Annuentibus

515 3830 746 3887 quoque
775 3813 898 3884 ejus
927 3811 1282 3883 persuasioni
1313 3809 1685 3883 quibusdamj
1697 3826 1966 3877 uvenum,
1990 3811 2129 3883 quid

516 3918 633 3960 suae
667 3904 904 3976 possent
930 3900 1079 3957 vires
1108 3899 1353 3970 experiri
1408 3899 1785 3971 cupientium,
1836 3899 2128 3972 praecipue

514 3992 762 4063 conjuge
788 3990 1047 4062 ejusdem
1067 3988 1407 4045 nobilissimi
1432 3987 1537 4043 viri
1556 3988 1966 4060 Hugonis,quae
1988 3987 2126 4043 ﬁdei

517 4096 583 4137 ac
601 4077 922 4137 devotionis
942 4078 1000 4133 in
1021 4077 1421 4133 beatissimum
1444 4078 1676 4132 Patrem
1724 4079 1987 4131 nostrum
2018 4077 2124 4130 Be-

516 4168 814 4225 nedictum
858 4167 1067 4225 ardore
1111 4166 1416 4238 ﬂagrabat,
1463 4166 1670 4220 iterato
1716 4166 1881 4219 scalas
1929 4163 1988 4219 in
2020 4180 2125 4235 pu-

514 4260 677 4315 teum
707 4257 1100 4327 deponuntur.
1132 4257 1312 4311 Porro
1338 4257 1650 4327 apparatus
1678 4252 1904 4308 funium
1936 4252 2127 4307 nullus

516 4433 864 4506 piendarum
888 4430 1230 4486 silvestrium
1265 4431 1606 4502 praeparatis
1636 4444 1977 4500 caprearum
2016 4427 2123 4483 sibi

515 4520 767 4577 invicem
803 4518 1077 4574 connexis
1107 4521 1278 4591 atpue
1328 4519 1607 4574 contortis
1650 4518 1981 4573 utebantur.
2029 4516 2124 4571 His

518 4626 658 4682 ergo
716 4606 1040 4679 alligatum,
1090 4607 1174 4662 uti
1205 4606 1363 4679 prius
1412 4609 1693 4675 fecerant,
1745 4607 2125 4663 retrahebant

516 4715 755 4772 equum,
806 4696 1034 4768 magnis
1082 4696 1429 4753 clamoribus
1487 4700 1750 4752 sanctum
1793 4697 2125 4753 invocantes

515 4788 914 4847 Benedictum.
946 4786 1017 4840 Et
1048 4801 1201 4853 ecce,
1233 4802 1366 4840 cum
1385 4786 1513 4857 jam
1554 4802 1704 4858 pene
1736 4785 1888 4841 inter
1916 4801 2127 4841 manus

516 4877 741 4932 futurus
771 4878 938 4943 esset,
975 4873 1182 4930 iterato
1208 4874 1608 4930 deﬁcientibus
1658 4874 1894 4930 vinculis
1942 4873 2126 4929 relabi

515 4969 769 5038 cmperat
795 4965 852 5020 in
913 4963 1065 5019 imis.
1112 4964 1268 5019 Tunc
1326 4980 1529 5019 unuse
1580 4965 1754 5019 turba
1794 4963 2017 5035 alligari
2066 4979 2127 5017 se

515 5054 696 5127 poscit
729 5052 972 5125 cingulis
1000 5069 1069 5107 ex
1092 5053 1263 5108 coriis
1292 5069 1594 5108 cervorum
1624 5052 1881 5119 desectis,
1918 5052 2126 5123 quibus

516 5142 788 5217 Aquitani
820 5144 1061 5197 utuntur
1105 5141 1402 5196 latissimis
1424 5144 1597 5212 atque
1626 5140 1973 5206 fortissimis,
2016 5141 2124 5195 sic-

515 5250 629 5306 que
657 5233 961 5296 introrsus,
989 5228 1225 5297 dimitti,
1257 5229 1615 5301 arreptisque
1631 5229 1904 5285 tibiarum
1922 5228 2127 5283 fascio-

514 5320 606 5391 lis,
636 5320 924 5377 caballum
956 5316 1248 5390 aptissime
1275 5317 1461 5388 capite
1507 5318 1770 5389 alligans,
1803 5319 2007 5371 monet
2034 5333 2125 5371 so-

515 5411 635 5467 cios
690 5426 749 5466 se
798 5408 1035 5481 quidem
1083 5406 1364 5478 primum,
1432 5404 1642 5461 deinde
1685 5404 2123 5477 quadrupedem

517 5499 841 5559 extrahant.
860 5498 969 5562 Qui
988 5495 1225 5553 monitis
1254 5494 1516 5551 ocissime
1539 5496 1828 5565 parentes,
1850 5496 2125 5566 utrosque

518 5589 595 5649 ad
611 5603 848 5663 superos
861 5582 1484 5657 reduxerunt.Sonipes
1499 5598 1567 5641 ac
1583 5582 1632 5639 si
1651 5584 1916 5639 mortuus
1930 5581 2125 5640 humi-

2237 1877 2580 1948 provolvens
2597 1892 2663 1929 ac
2678 1876 2951 1930 omnibus
2965 1875 3261 1929 membris
3274 1867 3833 1936 concutiens,hinnitu

2238 1964 2498 2019 soladem
2516 1964 2831 2034 quaerebat.
2866 1962 3052 2026 Quem
3082 1963 3305 2017 fratres
3338 1961 3441 2032 qui
3473 1958 3831 2019 adherant,re-

2238 2054 2470 2122 ceptum
2530 2053 2812 2117 lactantes,
2846 2051 2921 2105 ad
2970 2051 3219 2121 propria
3272 2049 3650 2113 incolumem,
3704 2043 3829 2097 nullo

2238 2140 2506 2194 membro
2555 2138 2807 2194 debilem
2841 2139 3223 2193 reduxerunt.
3263 2138 3490 2193 Horum
3518 2135 3613 2188 uni
3659 2147 3835 2186 nomen

2236 2230 2408 2282 Anno
2446 2228 2627 2299 (supra
2653 2228 2752 2282 lib.
2786 2245 2826 2293 ι,
2859 2244 2985 2298 cap.
3009 2231 3120 2297 17),
3141 2229 3248 2298 qui
3282 2221 3591 2281 sacerdotii
3614 2219 3833 2290 fungitur

2240 2317 2468 2384 ofﬁcio;
2501 2317 2666 2371 alteri
2698 2317 3017 2387 Remigius,
3074 2316 3133 2370 in
3165 2316 3385 2370 ordine
3418 2327 3656 2367 manens
3683 2309 3833 2362 diaco-

2239 2408 2439 2473 natus;
2470 2421 2717 2476 quorum
2749 2406 2935 2458 relatu
2967 2407 3101 2459 ante
3152 2406 3491 2458 transactos
3545 2396 3827 2471 quindecim

2239 2496 2387 2549 soles
2416 2495 2539 2548 haec
2569 2494 2650 2547 ita
2678 2498 2840 2563 gesta
2887 2493 3059 2547 fuisse
3107 2491 3414 2563 comperi;
3469 2507 3503 2543 a
3558 2486 3744 2559 quibus
3783 2485 3828 2536 et

2237 2584 2379 2636 sella
2407 2581 2824 2637 ostendebatur
2849 2598 2979 2652 quae
3006 2581 3234 2652 dilapsa
3259 2596 3399 2634 cum
3449 2592 3598 2649 equo
3652 2574 3823 2635 fuerat,

2236 2670 2398 2741 cujus
2424 2669 2719 2737 scandilia,
2743 2670 3007 2745 quamvis
3031 2686 3204 2736 nova,
3235 2671 3297 2723 et
3325 2667 3583 2721 anteiam
3612 2661 3713 2717 suis
3738 2660 3825 2712 im-

2235 2759 2463 2830 patiens
2495 2759 2738 2828 pedibus
2777 2759 2897 2830 ipsc
2930 2759 3286 2829 disruporat.

2307 2851 2394 2902 2t.
2423 2847 2640 2901 Viderit
2670 2863 2819 2901 nunc
2851 2847 3108 2918 quisquis
3140 2848 3238 2901 ille
3268 2847 3380 2911 est,
3443 2842 3540 2914 qui
3593 2840 3704 2894 haec
3728 2850 3820 2889 non

2237 2936 2343 2990 sibi
2379 2936 2528 2990 mira
2580 2935 2760 2989 videri
2800 2936 3050 3006 jactitat,
3097 2935 3242 3006 quid
3289 2936 3506 2988 horum
3556 2925 3821 3000 praecellat,

2236 3026 2430 3078 utrum
2462 3024 2682 3078 ferrum
2713 3041 2744 3077 e
2764 3023 3053 3095 profundo
3071 3023 3178 3076 laci
3203 3020 3505 3077 reduxisse
3518 3034 3589 3071 an
3614 3011 3821 3086 quadru-

2235 3112 2399 3183 pedis
2423 3111 2600 3166 vitam
2617 3112 2675 3167 in
2700 3111 2945 3166 immani
2966 3110 3291 3182 praecipitio
3310 3125 3431 3164 non
3455 3106 3634 3160 solum
3660 3114 3814 3154 serva-

2233 3199 2399 3268 visse,
2433 3216 2634 3255 verum
2666 3204 2723 3255 et
2750 3200 3101 3254 incolumem
3127 3197 3359 3271 superis
3385 3193 3684 3250 reduxisse.
3719 3186 3812 3255 Ego

2235 3288 2374 3359 quia
2402 3290 2714 3361 utrumque
2768 3290 2967 3342 noster
3016 3287 3123 3341 iste
3166 3286 3469 3357 legislator
3500 3275 3744 3353 patravit,
3770 3271 3813 3325 in

2236 3376 2504 3431 ambolus
2526 3392 2660 3432 eum
2686 3392 2801 3431 non
2823 3378 3052 3429 tantum
3080 3376 3414 3444 potentem,
3438 3369 3537 3425 sed
3559 3366 3715 3421 etiam
3738 3374 3815 3431 p0-

2232 3464 2626 3519 tentissimum
2658 3465 2830 3519 fuisse
2848 3462 3057 3517 fateor.
3092 3464 3155 3516 In
3186 3462 3301 3517 hoc
3331 3474 3467 3514 vero
3499 3453 3633 3510 illud
3658 3444 3813 3505 admi-

2233 3551 2460 3607 ratione
2488 3552 2730 3624 dignum
2763 3554 2848 3605 est
2872 3551 3030 3622 quod
3043 3566 3285 3621 equum,
3304 3562 3478 3620 quem
3509 3539 3809 3624 chordarutn

2233 3619 2913 3712 nequiverevretinaculis
2961 3619 3334 3708 protrahere,
3356 3631 3601 3688 fasciola:
3630 3619 3807 3713 fragilis?

2232 3732 2599 3784 retraxerunt
2626 3726 2869 3782 habenis
2892 3727 3084 3792 (Gneo.
3118 3726 3222 3780 lib.
3257 3742 3297 3779 ιι
3322 3722 3499 3787 Βιάἱ.,
3529 3735 3576 3773 c.
3605 3714 3675 3785 6),
3698 3725 3753 3765 ac
3771 3721 3805 3792 sl

2230 3820 2501 3889 patenter
2528 3816 2652 3888 pius
2684 3816 2854 3870 Pater
2884 3791 3230 3869 Benedictus
3257 3829 3357 3869 eos
3375 3826 3493 3866 non
3518 3791 3802 3890 verbissed

2229 3883 2398 3961 factis
2423 3883 2693 3960 moneret
2721 3903 2782 3958 id
2806 3919 2926 3958 non
2957 3903 3233 3957 humana
3266 3892 3605 3958 fortitudini,
3631 3885 3719 3942 sed
3737 3883 3804 3936 di-

2228 3994 2379 4049 vina:
2416 3993 2604 4065 potius
2635 3990 2963 4063 Operationi
3019 3990 3233 4045 debere
3293 3981 3563 4058 imputari
3612 3983 3799 4065 δυεὲίίξιθ

2228 4080 2666 4137 interventioni.
2699 4080 2914 4135 Verum
2944 4078 2990 4133 si
3054 4079 3343 4150 quispiam
3374 4074 3494 4145 ejus
3516 4068 3652 4125 mira
3674 4060 3794 4150 facta

2228 4170 2302 4224 ob
2326 4173 2532 4225 nostra
2549 4167 2785 4223 vilitatis
2810 4148 3123 4238 personam
3143 4148 3570 4222 contemnenda
3584 4148 3785 4238 judicaf-y

2226 4258 2381 4312 hunc
2410 4274 2516 4313 nos
2544 4232 2838 4328 rogamus,
2901 4272 3019 4310 non
3074 4257 3138 4309 ut
3190 4257 3389 4310 nostra
3440 4246 3604 4317 legat,
3633 4235 3718 4294 sed
3738 4232 3786 4284 ut

414 4350 431 4358 ’
515 4347 665 4402 alter
693 4343 937 4417 reperiri
956 4342 1172 4413 .potuit,
1202 4343 1311 4397 nisi
1342 4360 1456 4414 quo
1482 4342 1697 4398 retibus
1719 4342 1793 4397 ad
1840 4357 2009 4396 usum
2034 4357 2124 4395 ca-
2148 4340 2201 4400 D
2226 4346 2562 4401 mitissimos
2617 4345 2877 4417 ejusdem
2908 4344 3092 4399 Patris
3125 4344 3314 4398 vultus
3343 4356 3443 4395 sua
3467 4333 3785 4417 nequaquam

2226 4437 2523 4505 exasperet
2553 4409 2993 4505 ingratitudine.
3027 4431 3134 4495 Qui
3164 4431 3231 4499 si,
3256 4427 3411 4503 quod
3440 4409 3782 4505 absitlioﬂ'sn:

2226 4539 2318 4579 sus
2346 4494 2541 4588 fuerit,
2572 4494 2712 4576 nulli
2743 4521 2983 4576 dubium
3009 4521 3166 4591 quod
3196 4494 3402 4575 durum
3420 4529 3478 4568 se
3496 4500 3722 4593 praabeu}
3740 4494 3783 4547 θῖ

2225 4583 2675 4677 intractabilem,
2707 4609 2853 4664 sicut
2884 4583 3143 4676 econtra,
3190 4599 3521 4662 humilitatis
3563 4583 3780 4665 precibus

2227 4698 2542 4770 mitigatus,
2570 4698 2949 4754 favorabilem
2980 4713 3039 4751 se
3069 4694 3361 4751 exhibebit
3388 4706 3450 4745 ac
3470 4688 3662 4742 lenem.

2850 4785 3076 4840 CAPUT
3106 4785 3217 4839 vn.
3667 4851 3676 4862 .

2329 4873 2536 4932 Milites
2553 4877 2705 4948 pasti
2712 4892 2856 4947 pane
2869 4874 2935 4931 S.
2963 4873 3242 4930 Benedicti
3267 4873 3323 4927 in
3336 4863 3516 4941 praelia
3542 4854 3697 4948 ίιᾷτεξς.
3737 4926 3767 4948 Α

2298 4970 2386 5023 22.
2418 4941 2821 5038 Opportunum
2850 4964 3083 5019 videtur
3100 4967 3157 5018 et
3172 4959 3564 5017 illudinserere
3580 4941 3768 5038 lectiei!

2228 5020 2384 5126 quod
2414 5020 2484 5108 int
2502 5020 2704 5108 eadem
2733 5052 3032 5124 provincia
3062 5052 3164 5105 sub
3195 5044 3472 5105 antedicto
3510 5020 3769 5126 ρτωροξξιξ

2228 5116 2464 5198 cherio
2478 5141 2703 5196 meritis
2718 5140 2901 5195 sancti
2916 5139 3001 5194 sui
3013 5137 3299 5193 Benedicti
3314 5127 3571 5188 Dominus
3583 5116 3766 5206 ορεξτεξ

2227 5188 2498 5302 dignatus
2516 5232 2619 5284 est.
2646 5188 3203 5297 audebatis—sap};
3213 5188 3484 5281 nominati
3496 5188 3763 5302 Boso‘uilsf‘

2224 5284 2356 5387 litis,
2387 5334 2454 5373 ex
2486 5317 2736 5371 materni
2769 5316 2858 5370 avi
2888 5315 3243 5371 successione
3273 5304 3582 5367 comitatum
3604 5284 3763 5387 Ρ

2226 5372 2437 5499 geriem
2453 5405 2605 5461 urbis
2617 5406 2880 5476 adeptus,
2897 5403 3166 5499 adversus
3180 5372 3760 5499 Guillel-muInlitf'fz‘ﬂf“:1:l

2226 5465 2589 5550 Dictavorum
2614 5508 2782 5549 arma
2802 5490 3016 5559 movit;
3048 5492 3106 5545 et
3131 5487 3416 5546 commoto
3444 5465 3741 5588 eid-€034“:

2226 5581 2546 5641 secundum
2557 5580 2801 5639 Pictava:
2817 5552 3061 5638 civitatis
3075 5575 3399 5638 milliarium
3411 5563 3576 5624 cum
3586 5552 3755 5625 905m“
