3934 6176
494 309 602 365 839

1583 304 1848 362 AIMOINI
1875 299 2188 362 nomen!
2223 302 2714 362 FLORIACENSIS
3618 318 3696 378 3,,

495 432 621 484 tam
662 425 739 501 pii
769 428 1065 499 aspectum
1114 424 1420 482 visitatoris
1456 425 1613 482 fusca
1669 424 2109 482 commissorum
2134 431 2191 491 Α
2214 427 2338 483 lum
2371 425 2682 498 replicaret
2697 424 3599 493 Benedicti,exaudirimemit.Nam
3613 455 3707 493 mu-

500 517 865 574 oﬂ‘endamus
889 514 1132 587 caligine
1162 513 1584 587 peccaminum.

1143 622 1366 677 CAPUT
1395 624 1480 677 1X.

496 713 700 784 Ligeris
725 711 1034 778 exundatio,
1066 727 1207 764 anno
1242 713 1396 836 1093.
1429 710 1811 766 Armentarius
1838 727 1901 765 ex
1951 711 2108 782 aquis

1189 799 1308 836 ενοι)
1334 799 1416 836 us.

1189 799 1416 853 ereptus.

570 876 659 928 25.
678 873 741 926 In
774 887 842 926 ea
867 869 1248 925 inundatione
1270 869 1507 941 Ligeris,
1528 887 1704 942 quam
1732 871 1860 942 plus
1879 869 2111 924 solitam

495 961 706 1017 littoris
762 959 977 1026 accola,
1025 957 1316 1012 insolitam
1377 959 1576 1029 procul
1625 961 1881 1013 remotus
1937 957 2114 1012 sensit

501 1049 775 1121 agricola,
811 1047 950 1120 quid
973 1045 1224 1100 mirandi
1249 1062 1353 1118 per
1372 1046 1647 1100 meritum
1669 1045 1984 1117 saepissime
2015 1062 2114 1100 no-

500 1137 770 1194 minandi
813 1134 1044 1207 patroni
1075 1134 1255 1189 nostri
1287 1137 1480 1189 actum
1513 1126 1585 1188 sit
1625 1133 1941 1201 Benedicti,
1981 1134 2117 1205 quia

499 1227 804 1282 absentem
825 1240 921 1278 me
951 1222 1195 1293 contigit
1225 1222 1416 1289 fuisse,
1450 1223 1634 1276 relatu
1686 1221 1984 1276 seniorum
2020 1237 2115 1275 co-

497 1314 728 1384 gnitum
746 1311 1045 1367 memoriae
1062 1311 1292 1366 adoriar
1309 1311 1535 1365 tradere
1549 1309 2121 1382 posterorum.lgitur

499 1402 690 1474 Liger,
720 1416 922 1456 eorum
957 1399 1241 1454 maximus
1281 1399 1588 1454 ﬂuviorum
1621 1398 1718 1469 qui
1749 1415 1852 1469 per
1878 1399 2118 1452 Galliam

501 1489 646 1544 alvei
675 1489 761 1543 sui
793 1505 988 1543 cursus
1019 1488 1078 1541 in
1113 1489 1402 1543 Oceanum
1435 1487 1685 1558 propriis
1717 1486 1994 1541 invehunt
2011 1504 2115 1542 no-

501 1577 778 1643 minibus,
808 1575 1068 1630 inaudito
1091 1579 1264 1630 antea
1291 1575 1511 1630 saeculis
1531 1575 1705 1629 modo
1738 1575 2006 1645 antiquos
2027 1591 2118 1629 cx-

501 1666 671 1720 cessit
701 1666 1002 1732 terminos,
1031 1681 1186 1720 anno
1217 1664 1633 1719 lncarnationis
1665 1663 1898 1718 Domini
1927 1664 2110 1717 mille-

2210 516 2343 571 tatis
2362 515 2590 570 ﬂatibus
2612 519 2939 582 ventorum,
2966 517 3112 571 ﬂans
3133 516 3380 588 zephyrus
3397 521 3458 574 ad
3471 522 3598 577 littus
3611 541 3710 580 eum

2210 606 2329 661 leni
2359 605 2606 674 impulsu
2639 605 2924 660 deducere
2955 604 3147 676 cmpit.
3176 603 3520 666 Quidamvero
3535 611 3631 680 ejus
3645 630 3714 667 na.

2210 694 2276 761 ti,
2302 711 2483 765 prope
2501 694 2768 748 lintribus
2789 693 3218 763 obnavigantcs.
3244 695 3446 765 cognito
3467 698 3570 768 quis
3587 705 3713 766 esset,

2208 784 2408 840 solutis
2435 784 2640 856 quibus
2657 784 2775 854 ipse
2802 799 2861 836 se
2884 782 3140 837 vinxerat
3155 781 3567 853 ligaminibus,ad
3581 789 3719 841 tutam

2213 873 2414 944 portus
2442 875 2751 926 stationem
2804 888 2998 926 secum
3044 871 3376 925 incolumem
3424 873 3718 928 reduxerunt.

2212 960 2508 1015 Vocitatur
2527 963 2721 1015 autem
2751 960 2929 1015 homo
2952 959 3068 1030 ipse
3096 959 3465 1027 Constantius;
3491 961 3571 1032 qui
3595 962 3724 1016 etiam

2215 1049 2395 1104 refert
2419 1066 2479 1104 se
2510 1049 2877 1104 multitudine
2895 1048 3302 1103 circumdatum
3331 1048 3632 1118 serpentium
3655 1066 3724 1102 seu

2219 1135 2424 1191 diversi
2447 1137 2677 1207 generis
2704 1137 3020 1208 reptilium,
3045 1153 3153 1190 nec
3183 1139 3367 1190 tamen
3382 1152 3473 1207 per
3489 1135 3728 1204 Dciprovi-

2221 1224 2479 1279 dentiam
2506 1228 2564 1279 et
2589 1225 2806 1297 egregii
2839 1224 3042 1279 Christi
3068 1223 3396 1279 confessoris
3423 1223 3729 1276 Bcnedictiin~

2220 1313 2638 1368 terventionem
2654 1315 2968 1385 quidquam
2987 1313 3092 1368 sibi
3113 1312 3277 1366 fuisse
3293 1311 3673 1373 nocitum.Quod
3684 1328 3731 1363 eo

2222 1402 2409 1473 magis
2434 1401 2770 1457 mirandum
2789 1405 3053 1456 censetur
3069 1401 3202 1471 quia
3219 1401 3474 1472 quosdam
3497 1399 3733 1452 hominum

2218 1506 2448 1544 summa
2508 1491 2780 1544 arborum
2817 1489 3118 1544 cacumina
3170 1487 3646 1551 conscendentium,
3669 1486 3736 1538 ubi

2219 1579 2440 1633 undoso
2462 1579 2703 1633 torrenti
2728 1579 2979 1650 aspirare
2996 1579 3081 1633 fas
3097 1595 3212 1632 non
3237 1578 3353 1632 fore
3372 1575 3738 1637 arbitrabantur,

2219 1669 2501 1738 reptando
2521 1667 2804 1722 subsecuti
2821 1685 2890 1722 an
2898 1664 3616 1739 gues,miserandislaniatos
3626 1679 3740 1716 mor-

501 1755 648 1812 simo
681 1754 872 1820 tertio,
897 1754 1061 1825 regni
1091 1758 1286 1808 autem
1315 1753 1575 1808 Rotberti
1607 1752 1760 1823 regis
1807 1769 1920 1824 quo
1981 1767 2111 1806 cum
2143 1734 2192 1794 Β
2217 1734 2372 1810 sibus
2401 1756 2662 1810 decidere
2694 1756 2751 1810 in
2783 1734 3136 1826 profundum
3171 1755 3478 1825 cogebant;
3505 1753 3632 1806 hunc
3646 1766 3742 1804 vero

500 1846 666 1915 patre
698 1859 943 1914 regnare
976 1843 1168 1912 ccepit,
1229 1845 1385 1898 sexto
1445 1841 1694 1906 decimo,
1759 1839 2114 1896 monarchim

499 1947 635 1988 vero
659 1930 886 2002 septino
910 1932 1047 2000 (43).
1065 1931 1248 1984 Tanta
1268 1945 1400 1984 vero
1420 1932 1653 2000 tamque
1670 1928 1977 2000 repentina
1994 1929 2117 1998 ejus

498 2020 873 2092 fuitprofusio
897 2023 960 2074 ut
985 2020 1242 2090 agrarios
1270 2020 1623 2085 laborantes,
1644 2035 1743 2072 seu
1767 2017 1987 2089 equites
2011 2016 2120 2070 iter

501 2114 763 2181 agentes,
795 2107 982 2163 subita
1007 2108 1308 2163 involverit
1343 2107 1532 2173 ruina,
1563 2109 1626 2160 ut
1651 2123 1769 2160 non
1801 2105 2118 2177 incongrue

500 2199 583 2256 illi
611 2201 840 2271 aptetur
865 2197 1004 2252 illud
1025 2196 1405 2268 Virgilianum
1437 2196 1508 2250 de
1530 2195 1684 2249 Pado
1717 2194 1934 2249 dictum
1960 2212 1973 2250 :

755 2303 939 2352 Proluit
962 2304 1140 2352 insano
1170 2309 1506 2365 contorquens
1531 2301 1722 2349 vertice
1751 2300 1906 2348 silvas

738 2365 1024 2414 Fluviorum
1049 2381 1133 2413 rex
1157 2366 1418 2423 Eridanus,
1454 2378 1764 2427 camposque
1788 2377 1878 2425 per
1925 2375 2121 2422 omnes,

751 2429 870 2476 Cum
896 2427 1108 2476 stabulis
1128 2435 1362 2476 armenta
1393 2426 1528 2474 tulit.

1437 2507 1598 2566 (Vino.
1625 2519 1643 2553 ι
1671 2504 1874 2569 Georg.)

579 2643 671 2700 Sic
702 2645 760 2700 et
789 2643 1043 2710 iste,non
1066 2641 1253 2696 solum
1283 2639 1534 2713 pecudes
1565 2655 1696 2695 cum
1728 2639 1988 2706 ovilibus,
2019 2638 2127 2694 ho-

505 2733 695 2789 mines
706 2747 838 2786 cum
853 2730 1350 2796 domibus,verum
1369 2727 1545 2783 etiam
1559 2729 1785 2799 patrem
1803 2729 2126 2782 matremve

501 2820 752 2877 familias
777 2836 908 2874 cum
930 2818 1060 2872 ﬁliis
1091 2834 1156 2873 ac
1207 2817 1452 2883 filiabus,
1500 2833 1598 2871 seu
1653 2833 1788 2870 eum
1849 2815 2124 2870 universis

503 2907 818 2983 improviso
860 2907 1083 2978 impetu
1131 2905 1412 2977 protraxit
1437 2905 1754 2960 utensibus.
1787 2905 1898 2958 Hac
1953 2921 2122 2975 aqua-

502 3015 636 3055 rum
666 2998 937 3054 illuvione
963 2995 1172 3052 involvi
1201 3000 1469 3050 metuens
1489 2994 1879 3050 armentarius
1905 2994 2120 3066 gregis,
2146 3019 2194 3079 ρ

503 3088 630 3143 usui
661 3087 1082 3142 monachorum
1098 3084 1281 3139 Patris
1302 3083 1592 3138 Benedicti
1618 3085 1676 3138 in
1707 3082 1968 3138 cwnobio
2001 3083 2124 3138 Flo-

503 3175 749 3234 riacensi
765 3174 1103 3245 degentium
1117 3172 1464 3243 delegati,ad
1484 3172 1698 3226 tutiora
1711 3171 2003 3226 montium
2018 3187 2122 3242 pa-
2165 3224 2176 3232 ,

506 3282 643 3324 seua
663 3279 966 3320 vaccarum
987 3261 1223 3316 abduxit
1251 3264 1545 3327 armenta;
1581 3260 1734 3314 unde
1765 3259 2121 3331 regrediens,

507 3358 648 3413 dum
688 3352 944 3408 concitus
980 3367 1102 3405 sese
1133 3348 1397 3421 proripit,
1426 3351 1489 3402 ut
1534 3349 1687 3402 intra
1738 3351 1899 3420 septa
1952 3343 2123 3402 castri

505 3445 772 3513 receptus
803 3439 1117 3494 imminens
1148 3436 1390 3491 evitaret
1405 3435 1749 3507 periculum,
1773 3435 2002 3490 obvium
2022 3437 2125 3492 ha-

507 3531 636 3586 buit
653 3527 922 3584 hostilem
946 3542 1120 3598 quem
1134 3525 1336 3596 fugere
1358 3524 1629 3596 cupiebat
1654 3526 2123 3580 amnem.Betro-

507 3618 692 3692 grado
722 3617 916 3688 itaque
933 3631 994 3670 se
1023 3613 1346 3686 proripiens
1371 3613 1620 3686 pede,ad
1651 3613 1908 3684 pondem
1933 3613 2124 3682 rivuli,

509 3707 610 3780 qui
629 3706 702 3761 ob
724 3703 1182 3774 circnmjacentis
1195 3702 1562 3758 latitudinem
1582 3701 2130 3774 paludis,Longum-

509 3798 633 3851 rete
661 3792 889 3860 dicitur,
922 3809 1098 3866 quam
1123 3792 1252 3863 jam
1299 3792 1450 3847 forte
1478 3791 1858 3862 praeterierat,
1899 3809 2128 3846 summa

507 3901 640 3940 cum
659 3881 1030 3938 festinatione
1045 3880 1430 3936 tendebat.lbi
1447 3896 1678 3952 quoque
1692 3879 1890 3934 obvios
1907 3881 2127 3934 habens

505 3971 844 4030 inundantis
874 3972 1081 4026 ﬂuctus
1109 3969 1374 4042 gurgitis,
1407 3969 1466 4023 in
1499 3967 1966 4039 desperationem
1996 3969 2125 4022 vitae

506 4062 754 4127 labitur;
782 4061 841 4114 et
865 4058 1116 4114 incertus
1144 4057 1388 4125 consilii,
1407 4055 1652 4111 fasciolis
1683 4055 1889 4110 atibiis
1905 4058 2124 4110 resolu-

504 4150 602 4218 tis,
644 4149 718 4205 ad
748 4148 912 4204 binas
940 4148 1132 4218 pontis
1162 4147 1386 4202 tabulas
1437 4162 1496 4200 se
1539 4144 1812 4216 alligavit.
1854 4146 2124 4201 lnvocare

502 4241 704 4294 tamen
721 4237 1009 4292 Christum
1025 4239 1084 4290 et
1095 4239 1358 4290 sanctum
1374 4234 1713 4306 coepitorare
1727 4233 2120 4302 Benedictum,

2218 1844 2278 1898 in
2308 1844 2438 1899 imis
2468 1843 3207 1915 constitutum,quamvisin
3238 1841 3462 1896 modum
3485 1837 3746 1910 cingulicir-

2220 1932 2665 1997 cumambirent,
2696 1932 3025 1986 nullatenus
3065 1935 3262 1985 tamen
3303 1929 3584 1992 lzedebant,
3611 1924 3749 1996 gratia

2221 2037 2353 2076 eum
2383 2021 2573 2075 divina
2600 2020 2819 2075 meritis
2845 2019 3024 2074 sancti
3057 2020 3144 2074 sui
3174 2016 3498 2074 confessoris
3524 2011 3750 2068 Benedicti

2220 2110 2596 2176 custodiente,
2651 2110 2722 2164 ad
2774 2110 3164 2165 exhibendum
3196 2107 3419 2164 famulis
3454 2105 3562 2175 ejus
3589 2103 3753 2157 devota

2221 2201 2508 2255 servitutis
2523 2199 2862 2271 obsequium
2875 2200 2995 2254 .Cui
3020 2200 3197 2254 etiam
3217 2198 3365 2252 aliud
3383 2194 3540 2250 divini
3560 2189 3753 2245 muneris

2223 2289 2562 2343 attributum
2591 2291 2816 2342 constat
2847 2288 3018 2341 fuisse
3048 2286 3410 2342 beneficium.
3441 2283 3628 2337 Buerat
3648 2276 3756 2331 radi-

2221 2377 2366 2432 citus
2395 2393 2676 2448 aquarum
2716 2378 2948 2430 alluvies
2993 2375 3273 2430 maximas
3322 2373 3574 2427 arborum
3603 2366 3755 2424 moles,

2223 2483 2468 2538 quarum
2500 2466 2719 2537 impetu
2742 2465 2927 2519 trunci
2947 2481 3177 2536 quoque
3196 2463 3429 2533 antiqua
3454 2455 3761 2513 diuturnitate

2223 2554 2450 2610 solidati
2472 2554 3117 2609 evertebantur.Horum
3132 2553 3227 2606 ille
3248 2549 3486 2620 impulsu
3503 2561 3603 2600 non
3624 2544 3760 2595 solum

2225 2642 2412 2713 mergi
2443 2660 2559 2697 non
2593 2646 2838 2712 poterat,
2872 2659 3072 2696 verum
3103 2643 3224 2696 sola
3256 2654 3429 2694 manu
3451 2635 3533 2689 vel
3556 2627 3761 2689 brachio,

2226 2750 2291 2788 ac
2329 2732 2373 2785 si
2406 2733 2555 2786 leves
2584 2730 2821 2800 stipulas
2851 2730 2923 2784 ad
2969 2746 3030 2784 se
3061 2726 3579 2802 appropinquantes
3615 2715 3762 2787 depel-

2224 2823 2402 2878 lebat.

2852 2978 3074 3033 CAPUT
3133 2979 3195 3033 X.

2327 3072 2389 3128 S.
2419 3069 2701 3126 Benedicti
2723 3085 2912 3137 agrum
2930 3069 3174 3122 minuens
3199 3066 3344 3121 mala
3376 3071 3533 3119 morte
3551 3063 3687 3134 perit.

2294 3183 2382 3234 25.
2417 3180 2568 3248 Ager
2591 3173 3062 3248 quidam,ditioni
3091 3174 3352 3229 subditus
3371 3169 3605 3226 ecclesia:
3622 3162 3769 3222 Sancti

2225 3265 2501 3336 Stephani
2529 3263 3038 3319 Autissiodurensis
3066 3263 3243 3330 urbis,
3273 3260 3510 3316 confinis
3539 3261 3614 3312 est
3648 3259 3770 3308 terra:

2225 3356 2421 3411 Sancti
2443 3355 2757 3423 Benedicti,
2791 3372 2918 3427 quae
2951 3357 3294 3408 memoratae
3325 3348 3571 3422 superius
3599 3342 3773 3412 adjacet

2227 3443 2443 3518 paludi.
2465 3443 2624 3498 Hunc
2656 3443 2890 3515 quidam
2909 3442 3214 3497 Walterius
3231 3443 3366 3514 jure
3393 3427 3776 3492 beneﬁciisorti-

2227 3538 2336 3600 tus,
2369 3533 2628 3604 ejusdem
2654 3531 2869 3587 telluris
2893 3535 3120 3600 partem
3139 3530 3212 3584 ad
3231 3545 3362 3584 suos
3385 3541 3509 3582 usus
3526 3519 3774 3596 prmripere

2229 3623 2529 3696 cupiebat;
2561 3621 2919 3692 confictaque
2950 3619 3264 3685 calumnia,
3298 3615 3453 3690 quod
3482 3630 3544 3668 ex
3572 3625 3660 3666 suo
3707 3606 3775 3696 b9-

2228 3695 2434 3768 nelicio
2465 3709 2750 3776 existeret,
2804 3713 2974 3780 atque
3021 3726 3053 3763 a
3091 3707 3306 3763 nostris
3350 3701 3599 3760 ruricolis
3621 3695 3778 3766 injuste

2227 3816 2463 3873 pervasa
2486 3799 2656 3867 foret,
2685 3799 2982 3870 querelam
3000 3801 3136 3851 ante
3155 3793 3541 3850 venerabilem
3567 3786 3780 3844 abbatem

2224 3890 2530 3944 Abbonem
2561 3887 2813 3958 exponit.
2867 3887 3008 3940 Nam
3041 3885 3300 3956 quodam
3331 3887 3584 3952 tempore
3613 3874 3672 3929 ab
3697 3882 3778 3923 uno

2226 3977 2599 4032 dominorum
2631 3991 2869 4031 suorum
2922 3974 3124 4028 missus
3157 3976 3264 4041 est,
3314 3975 3376 4026 ut
3408 3987 3508 4025 sua
3552 3966 3657 4020 vice
3689 3961 3779 4030 jam

2226 4067 2377 4121 dicto
2409 4066 2824 4136 obsequeretur
2856 4065 3052 4120 abbati
3072 4065 3146 4120 ad
3170 4062 3371 4134 regale
3401 4055 3657 4133 palatium
3683 4063 3780 4122 pro-

2224 4154 2471 4226 peranti.
2500 4153 2640 4208 lnde
2663 4170 2794 4208 cum
2824 4153 3083 4208 redirent
3109 4153 3286 4208 ambo
3310 4150 3500 4215 simul,
3519 4150 3571 4201 et
3597 4140 3658 4197 ad
3683 4149 3780 4192 eum

2231 4246 2572 4314 perventum
2599 4244 2746 4297 esset
2769 4243 2983 4308 locum,
3009 4242 3079 4297 de
3109 4259 3225 4312 quo
3258 4240 3328 4295 lis
3362 4236 3648 4292 videbatur
3670 4228 3780 4314 orta.

501 4329 572 4382 ut
601 4325 687 4381 sui
717 4325 1092 4379 misereretur
1120 4339 1295 4395 opem
1326 4321 1568 4377 ferendo
1593 4339 1608 4388 ;
1641 4322 1762 4388 sed,
1793 4323 2044 4378 resoluto
2073 4340 2126 4394 vi
2147 4337 2199 4396 1)
2225 4311 2379 4388 {dem
2424 4331 2507 4384 vir
2537 4347 2842 4386 conversus
2883 4330 2956 4384 ad
3006 4311 3282 4386 abbatem
3315 4346 3328 4384 :
3367 4351 3394 4379 ‹‹
3425 4326 3577 4380 Nunc
3621 4311 3782 4386 inquit.

501 4412 880 4469 tumescentis
911 4411 1169 4466 ﬂuminis
1198 4415 1398 4484 ponte,
1441 4410 1560 4482 ipse
1590 4410 1808 4480 pariter
1832 4411 2128 4466 ferebatur

501 4502 564 4560 in
584 4517 861 4574 princeps.
874 4501 1020 4554 Tum
1036 4516 1169 4554 vero
1185 4503 1304 4554 toto
1323 4499 1510 4554 cordis
1527 4498 1736 4554 affectu
1751 4515 1968 4554 nomen
1991 4499 2123 4554 bea-

503 4589 712 4647 tissimi
732 4589 980 4644 iterabat
1007 4587 1368 4659 frequentius
1391 4587 1684 4642 Benedicti
1708 4605 1722 4656 ;
1747 4591 1804 4642 et
1833 4587 1969 4659 quia
1997 4589 2120 4659 jam

504 4678 684 4737 morti
703 4677 982 4733 traditum
996 4694 1055 4733 se
1081 4676 1374 4744 credebat,
1404 4680 1464 4731 ut
1484 4676 1743 4732 animam
1765 4679 1993 4731 tantum
2007 4679 2118 4732 sal-

505 4771 668 4824 varet
682 4767 974 4839 poscebat.
1009 4767 1267 4837 Cumque
1282 4765 1451 4819 undis
1479 4781 1538 4820 se
1571 4767 2027 4837 propellentibus
2046 4767 2120 4822 ad

507 4873 644 4913 eum
676 4856 900 4911 delatus
924 4857 1072 4910 esset
1096 4856 1307 4920 locum,
1343 4854 1437 4908 ubi
1464 4855 1723 4910 Bonodia
1746 4855 2010 4912 fluviolus
2034 4857 2118 4912 Li-

507 4944 633 5018 geri
654 4943 865 5011 intluit,
894 4960 998 5015 per
1035 4943 1145 4998 tria
1165 4943 1286 4997 fere
1313 4941 1582 4998 milliaria
1620 4943 1780 5014 aquis
1809 4949 2020 5011 vectus,
2064 4947 2121 4999 et

509 5032 813 5105 semperin
829 5047 951 5099 ore,
981 5047 1210 5103 semper
1230 5031 1289 5085 in
1310 5032 1482 5087 corde
1505 5033 1850 5087 sanctissimi
1871 5032 2116 5087 vocabu-

585 5212 703 5282 (43)
733 5207 998 5264 Notanda
1013 5207 1135 5261 bazc
1147 5207 1368 5282 epocha
1391 5208 1461 5263 de
1475 5224 1654 5282 regno
1674 5207 1934 5264 Botberti
1947 5209 2118 5281 regis,

511 5279 815 5353 cujuscum
835 5283 998 5360 patre
1013 5279 1314 5360 regnantis
1329 5295 1512 5360 annus
1526 5279 2122 5360 primuscompara'tur

511 5349 646 5409 cuin
672 5349 1060 5406 anno—Christi
1092 5349 1217 5416 988,
1244 5349 1595 5404 monarchiaa
1627 5367 1757 5404 cum
1786 5349 1938 5405 anno
1994 5355 2116 5408 997.

512 5425 765 5502 Utraque
794 5422 1012 5502 epocha
1041 5421 1236 5500 multis
1274 5420 1671 5502 instrumentis
1719 5422 2117 5502 confirmatur,

512 5494 616 5551 sed
645 5491 1007 5565 potissimum
1025 5491 1238 5565 prima,
1269 5491 1340 5565 de
1372 5506 1614 5565 quasuo
1646 5492 1772 5547 loco
1803 5491 2117 5565 agendum.

515 5566 588 5623 Et
617 5560 814 5622 tamen
842 5562 1005 5635 Hugo
1025 5560 1194 5618 anno
1221 5564 1322 5618 987
1352 5560 1450 5618 rex
1483 5560 1687 5632 dictus,
1743 5560 1920 5621 eodem
1975 5582 2119 5622 anno

2227 4420 2465 4476 domine
2497 4420 2668 4485 abba,
2697 4419 2744 4473 si
2789 4420 2993 4490 placet,
3027 4419 3335 4474 ostendam
3369 4415 3472 4470 tibi
3524 4406 3782 4466 terminum

2225 4527 2371 4564 meae
2403 4508 3095 4580 possessionis.»Moneute
3123 4511 3324 4562 autem
3347 4505 3467 4569 illo,
3489 4517 3556 4558 ne
3585 4493 3703 4569 quid
3719 4504 3784 4544 δυ’

2223 4613 2329 4669 pra
2358 4614 2525 4652 suum
2547 4596 2964 4652 determinaret
2981 4596 3096 4668 jus,
3122 4613 3194 4650 ne
3219 4596 3373 4650 forte
3394 4593 3452 4647 id
3470 4592 3782 4660 nequaquﬁm

2221 4685 2274 4741 ei
2319 4685 2556 4756 impune
2591 4684 2840 4752 cederet,
2873 4684 2966 4739 ille
2998 4685 3245 4755 impulso
3301 4678 3606 4736 calcaribus
3652 4679 3786 4756 equm

2222 4773 2296 4828 ad
2345 4755 2536 4828 locum
2569 4772 3066 4828 determinationis
3115 4771 3224 4826 sibi
3257 4769 3484 4843 placitas
3541 4755 3784 4843 preperal.

2219 4861 2640 4918 obtestantibus
2688 4877 2837 4933 pene
2869 4860 3134 4915 omnibus
3180 4838 3282 4931 qui
3315 4873 3449 4912 cum
3494 4851 3680 4907 abbate
3706 4838 3783 4933 ξιάς

2219 4954 2387 5006 erant
2404 4951 2565 5005 illum
2594 4925 2812 5004 metam
2831 4950 3002 5020 justas
3031 4925 3328 5003 divisionis
3355 4925 3782 5012 transgredi.5ed

2219 5055 2351 5093 cum
2380 5038 2622 5093 habenis
2645 5055 2860 5110 equum
2907 5038 3202 5092 refrenare
3247 5035 3553 5091 conaretur
3581 5025 3747 5081 dicens
3773 5029 3783 5065 ἰ

2217 5219 2390 5288 ﬁlium
2415 5235 2571 5274 suum
2617 5225 2909 5276 consortem
2959 5220 3111 5289 regni
3160 5217 3310 5287 legit,
3371 5214 3512 5269 teste
3561 5205 3784 5289 ἒδὶῐιιοὶιξξ)

2219 5280 2469 5362 suprain
2489 5291 2662 5362 lib.u,
2681 5308 2806 5362 cap.
2839 5296 2886 5357 l,
2913 5280 3122 5362 nempe
3139 5280 3353 5362 eodem
3379 5299 3539 5362 anni).
3557 5280 3788 5362 Ημεοιξξξρ

2220 5351 2320 5434 sed
2346 5360 2550 5415 Christi
2582 5351 3008 5434 insequenti,et
3032 5351 3270 5432 quidem
3304 5353 3568 5434 Kalendis
3587 5351 3782 5434 Jauallly

2219 5432 2318 5557 qui
2345 5447 2448 5557 ξι*ιέ
2477 5432 2652 5487 veteri
2681 5426 2842 5487 niore
2873 5426 2946 5489 ad
2978 5426 3193 5488 anhum
3222 5427 3640 5503 praecedentem
3681 5426 3786 5489 ρον·

2247 5518 2340 5556 ine
2384 5517 2418 5556 a
2449 5541 2464 5557 .

2247 5517 2464 5557 ιῐιθοαι.
