  <div class='ocr_page' id='page_1' title='image "/cluster/home/n/w/nwhite01/storage/ocr_20150623/139/hvd.32044054759998/426.png"; bbox 0 0 3998 6166; ppageno 0'>
   <div class='ocr_carea' id='block_1_1' title="bbox 278 424 370 482">
    <p class='ocr_par' dir='ltr' id='par_1_1' title="bbox 278 424 370 482">
     <span class='ocr_line' id='line_1_1' title="bbox 278 424 370 482; baseline -0.011 0"><span class='ocrx_word' id='word_1_1' title='bbox 278 424 370 482; x_wconf 69' lang='lat' dir='ltr'><strong>8H</strong></span> 
     </span>
    </p>
   </div>
   <div class='ocr_carea' id='block_1_2' title="bbox 1123 420 2828 492">
    <p class='ocr_par' dir='ltr' id='par_1_2' title="bbox 1123 420 2828 492">
     <span class='ocr_line' id='line_1_2' title="bbox 1123 420 2828 492; baseline 0.008 -15"><span class='ocrx_word' id='word_1_2' title='bbox 1123 420 1214 478; x_wconf 89' lang='lat' dir='ltr'>DE</span> <span class='ocrx_word' id='word_1_3' title='bbox 1239 421 1606 482; x_wconf 79' lang='lat' dir='ltr'>MlRACULlS</span> <span class='ocrx_word' id='word_1_4' title='bbox 1631 423 1689 484; x_wconf 89' lang='lat' dir='ltr'>S.</span> <span class='ocrx_word' id='word_1_5' title='bbox 1717 423 2080 486; x_wconf 86' lang='lat' dir='ltr'>BENEDICTI</span> <span class='ocrx_word' id='word_1_6' title='bbox 2112 424 2295 488; x_wconf 77' lang='lat' dir='ltr'>LIBRI</span> <span class='ocrx_word' id='word_1_7' title='bbox 2319 424 2483 489; x_wconf 85' lang='lat' dir='ltr'>DUO.</span> <span class='ocrx_word' id='word_1_8' title='bbox 2515 460 2589 475; x_wconf 94' lang='lat'><strong>—</strong></span> <span class='ocrx_word' id='word_1_9' title='bbox 2623 429 2750 491; x_wconf 87' lang='lat' dir='ltr'>LIB.</span> <span class='ocrx_word' id='word_1_10' title='bbox 2778 432 2828 492; x_wconf 87' lang='grc' dir='ltr'>Π</span> 
     </span>
    </p>
   </div>
   <div class='ocr_carea' id='block_1_3' title="bbox 3506 440 3610 506">
    <p class='ocr_par' dir='ltr' id='par_1_3' title="bbox 3506 440 3610 506">
     <span class='ocr_line' id='line_1_3' title="bbox 3506 440 3610 506; baseline -0.019 0"><span class='ocrx_word' id='word_1_11' title='bbox 3506 440 3610 506; x_wconf 75' lang='grc'>842</span> 
     </span>
    </p>
   </div>
   <div class='ocr_carea' id='block_1_4' title="bbox 271 541 3610 639">
    <p class='ocr_par' dir='ltr' id='par_1_4' title="bbox 271 541 3610 639">
     <span class='ocr_line' id='line_1_4' title="bbox 271 541 3610 639; baseline 0.009 -38"><span class='ocrx_word' id='word_1_12' title='bbox 271 571 303 606; x_wconf 70' lang='grc' dir='ltr'><strong><em>α</em></strong></span> <span class='ocrx_word' id='word_1_13' title='bbox 332 550 415 606; x_wconf 75' lang='lat' dir='ltr'>Ab</span> <span class='ocrx_word' id='word_1_14' title='bbox 437 548 550 603; x_wconf 87' lang='lat' dir='ltr'>hoc</span> <span class='ocrx_word' id='word_1_15' title='bbox 569 559 683 618; x_wconf 86' lang='lat' dir='ltr'>ego</span> <span class='ocrx_word' id='word_1_16' title='bbox 713 542 851 601; x_wconf 91' lang='lat' dir='ltr'>loco</span> <span class='ocrx_word' id='word_1_17' title='bbox 893 541 1230 601; x_wconf 87' lang='lat' dir='ltr'>universum</span> <span class='ocrx_word' id='word_1_18' title='bbox 1243 547 1338 620; x_wconf 87' lang='lat' dir='ltr'>jus</span> <span class='ocrx_word' id='word_1_19' title='bbox 1368 549 1441 606; x_wconf 91' lang='lat' dir='ltr'>ad</span> <span class='ocrx_word' id='word_1_20' title='bbox 1469 551 1638 608; x_wconf 87' lang='lat' dir='ltr'>istam</span> <span class='ocrx_word' id='word_1_21' title='bbox 1676 557 1904 624; x_wconf 89' lang='lat' dir='ltr'>partem</span> <span class='ocrx_word' id='word_1_22' title='bbox 1925 559 1980 619; x_wconf 80' lang='grc' dir='ltr'><strong>Α</strong></span> <span class='ocrx_word' id='word_1_23' title='bbox 2003 557 2140 610; x_wconf 84' lang='lat' dir='ltr'>ante</span> <span class='ocrx_word' id='word_1_24' title='bbox 2165 558 2346 613; x_wconf 88' lang='lat' dir='ltr'>altare</span> <span class='ocrx_word' id='word_1_25' title='bbox 2373 558 2566 615; x_wconf 80' lang='lat' dir='ltr'>Sancti</span> <span class='ocrx_word' id='word_1_26' title='bbox 2597 561 2838 618; x_wconf 86' lang='lat' dir='ltr'>Joannis</span> <span class='ocrx_word' id='word_1_27' title='bbox 2861 568 3254 639; x_wconf 73' lang='lat' dir='ltr'>evangelistae,</span> <span class='ocrx_word' id='word_1_28' title='bbox 3284 568 3344 626; x_wconf 89' lang='lat' dir='ltr'>in</span> <span class='ocrx_word' id='word_1_29' title='bbox 3375 572 3610 630; x_wconf 85' lang='lat' dir='ltr'>basilica</span> 
     </span>
    </p>
   </div>
   <div class='ocr_carea' id='block_1_5' title="bbox 267 635 1903 710">
    <p class='ocr_par' dir='ltr' id='par_1_5' title="bbox 267 635 1903 710">
     <span class='ocr_line' id='line_1_5' title="bbox 267 635 1903 710; baseline 0.002 -15"><span class='ocrx_word' id='word_1_30' title='bbox 267 643 468 710; x_wconf 78' lang='lat' dir='ltr'>(manu</span> <span class='ocrx_word' id='word_1_31' title='bbox 497 653 635 693; x_wconf 89' lang='lat' dir='ltr'>eam</span> <span class='ocrx_word' id='word_1_32' title='bbox 682 635 1126 706; x_wconf 79' lang='lat' dir='ltr'>demonstrans)</span> <span class='ocrx_word' id='word_1_33' title='bbox 1159 636 1320 704; x_wconf 90' lang='lat' dir='ltr'>mihi,</span> <span class='ocrx_word' id='word_1_34' title='bbox 1371 639 1594 696; x_wconf 88' lang='lat' dir='ltr'>etiamsi</span> <span class='ocrx_word' id='word_1_35' title='bbox 1646 648 1903 698; x_wconf 86' lang='lat' dir='ltr'>necessa-</span> 
     </span>
    </p>
   </div>
   <div class='ocr_carea' id='block_1_6' title="bbox 267 721 1902 803">
    <p class='ocr_par' dir='ltr' id='par_1_6' title="bbox 267 721 1902 803">
     <span class='ocr_line' id='line_1_6' title="bbox 267 721 1902 803; baseline 0.001 -18"><span class='ocrx_word' id='word_1_36' title='bbox 267 731 416 786; x_wconf 89' lang='lat' dir='ltr'>rium</span> <span class='ocrx_word' id='word_1_37' title='bbox 450 726 650 793; x_wconf 84' lang='lat' dir='ltr'>fuerit,</span> <span class='ocrx_word' id='word_1_38' title='bbox 666 721 962 795; x_wconf 87' lang='lat' dir='ltr'>singulari</span> <span class='ocrx_word' id='word_1_39' title='bbox 985 724 1304 780; x_wconf 82' lang='lat' dir='ltr'>Certamine</span> <span class='ocrx_word' id='word_1_40' title='bbox 1322 727 1648 786; x_wconf 84' lang='lat' dir='ltr'>vindicabo.</span> <span class='ocrx_word' id='word_1_41' title='bbox 1679 753 1706 780; x_wconf 85' lang='lat'>»</span> <span class='ocrx_word' id='word_1_42' title='bbox 1723 748 1902 803; x_wconf 89' lang='lat' dir='ltr'>equus</span> 
     </span>
    </p>
   </div>
   <div class='ocr_carea' id='block_1_7' title="bbox 264 809 1899 893">
    <p class='ocr_par' dir='ltr' id='par_1_7' title="bbox 264 809 1899 893">
     <span class='ocr_line' id='line_1_7' title="bbox 264 809 1899 893; baseline 0.001 -19"><span class='ocrx_word' id='word_1_43' title='bbox 264 819 321 874; x_wconf 91' lang='lat' dir='ltr'>in</span> <span class='ocrx_word' id='word_1_44' title='bbox 369 831 613 872; x_wconf 87' lang='lat' dir='ltr'>cursum</span> <span class='ocrx_word' id='word_1_45' title='bbox 661 815 822 868; x_wconf 90' lang='lat' dir='ltr'>actus</span> <span class='ocrx_word' id='word_1_46' title='bbox 883 809 1134 866; x_wconf 79' lang='lat' dir='ltr'>retineri</span> <span class='ocrx_word' id='word_1_47' title='bbox 1166 812 1237 867; x_wconf 88' lang='lat' dir='ltr'>ab</span> <span class='ocrx_word' id='word_1_48' title='bbox 1268 831 1335 869; x_wconf 92' lang='lat' dir='ltr'>eo</span> <span class='ocrx_word' id='word_1_49' title='bbox 1367 833 1482 872; x_wconf 92' lang='lat' dir='ltr'>non</span> <span class='ocrx_word' id='word_1_50' title='bbox 1522 820 1728 890; x_wconf 89' lang='lat' dir='ltr'>potuit,</span> <span class='ocrx_word' id='word_1_51' title='bbox 1761 820 1899 893; x_wconf 89' lang='lat' dir='ltr'>quin</span> 
     </span>
    </p>
   </div>
   <div class='ocr_carea' id='block_1_8' title="bbox 260 903 1898 980">
    <p class='ocr_par' dir='ltr' id='par_1_8' title="bbox 260 903 1898 980">
     <span class='ocr_line' id='line_1_8' title="bbox 260 903 1898 980; baseline 0.001 -18"><span class='ocrx_word' id='word_1_52' title='bbox 260 906 457 980; x_wconf 79' lang='lat' dir='ltr'>potius</span> <span class='ocrx_word' id='word_1_53' title='bbox 496 903 678 959; x_wconf 83' lang='lat' dir='ltr'>invito</span> <span class='ocrx_word' id='word_1_54' title='bbox 702 916 937 957; x_wconf 84' lang='lat' dir='ltr'>sessore</span> <span class='ocrx_word' id='word_1_55' title='bbox 974 915 1261 971; x_wconf 89' lang='lat' dir='ltr'>proruens</span> <span class='ocrx_word' id='word_1_56' title='bbox 1286 907 1462 960; x_wconf 87' lang='lat' dir='ltr'>semel</span> <span class='ocrx_word' id='word_1_57' title='bbox 1513 923 1577 962; x_wconf 91' lang='lat' dir='ltr'>ac</span> <span class='ocrx_word' id='word_1_58' title='bbox 1621 909 1898 976; x_wconf 89' lang='lat' dir='ltr'>secundo,</span> 
     </span>
    </p>
   </div>
   <div class='ocr_carea' id='block_1_9' title="bbox 261 988 1899 1076">
    <p class='ocr_par' dir='ltr' id='par_1_9' title="bbox 261 988 1899 1076">
     <span class='ocr_line' id='line_1_9' title="bbox 261 988 1899 1076; baseline 0.001 -25"><span class='ocrx_word' id='word_1_59' title='bbox 261 995 486 1052; x_wconf 77' lang='lat' dir='ltr'>offenso</span> <span class='ocrx_word' id='word_1_60' title='bbox 517 991 734 1047; x_wconf 82' lang='lat' dir='ltr'>labitur</span> <span class='ocrx_word' id='word_1_61' title='bbox 757 989 942 1063; x_wconf 85' lang='lat' dir='ltr'><strong>pede.</strong></span> <span class='ocrx_word' id='word_1_62' title='bbox 991 988 1155 1076; x_wconf 10' lang='lat' dir='ltr'>Tunc,</span> <span class='ocrx_word' id='word_1_63' title='bbox 1187 993 1688 1050; x_wconf 86' lang='lat' dir='ltr'>reverentissimus</span> <span class='ocrx_word' id='word_1_64' title='bbox 1735 998 1899 1053; x_wconf 86' lang='lat' dir='ltr'>Abbo</span> 
     </span>
    </p>
   </div>
   <div class='ocr_carea' id='block_1_10' title="bbox 261 1075 1901 1139">
    <p class='ocr_par' dir='ltr' id='par_1_10' title="bbox 261 1075 1901 1139">
     <span class='ocr_line' id='line_1_10' title="bbox 261 1075 1901 1139; baseline 0 0"><span class='ocrx_word' id='word_1_65' title='bbox 261 1084 439 1139; x_wconf 85' lang='lat' dir='ltr'><strong>abbas</strong></span> <span class='ocrx_word' id='word_1_66' title='bbox 462 1096 770 1135; x_wconf 88' lang='lat' dir='ltr'>conversus</span> <span class='ocrx_word' id='word_1_67' title='bbox 825 1077 906 1132; x_wconf 90' lang='lat' dir='ltr'>ad</span> <span class='ocrx_word' id='word_1_68' title='bbox 955 1075 1091 1131; x_wconf 86' lang='lat' dir='ltr'>suos</span> <span class='ocrx_word' id='word_1_69' title='bbox 1142 1075 1224 1132; x_wconf 90' lang='lat' dir='ltr'>ita</span> <span class='ocrx_word' id='word_1_70' title='bbox 1272 1078 1445 1136; x_wconf 89' lang='lat' dir='ltr'>inﬁt:</span> <span class='ocrx_word' id='word_1_71' title='bbox 1501 1103 1531 1133; x_wconf 90' lang='grc'>‹‹</span> <span class='ocrx_word' id='word_1_72' title='bbox 1574 1085 1701 1138; x_wconf 87' lang='lat' dir='ltr'>Jam</span> <span class='ocrx_word' id='word_1_73' title='bbox 1747 1100 1901 1139; x_wconf 92' lang='lat' dir='ltr'>nunc</span> 
     </span>
    </p>
   </div>
   <div class='ocr_carea' id='block_1_11' title="bbox 261 1165 1902 1243">
    <p class='ocr_par' dir='ltr' id='par_1_11' title="bbox 261 1165 1902 1243">
     <span class='ocr_line' id='line_1_11' title="bbox 261 1165 1902 1243; baseline 0 -17"><span class='ocrx_word' id='word_1_74' title='bbox 261 1167 582 1242; x_wconf 70' lang='lat' dir='ltr'>aequissimi</span> <span class='ocrx_word' id='word_1_75' title='bbox 637 1167 848 1221; x_wconf 89' lang='lat' dir='ltr'>Judicis</span> <span class='ocrx_word' id='word_1_76' title='bbox 917 1165 1146 1235; x_wconf 88' lang='lat' dir='ltr'>justum</span> <span class='ocrx_word' id='word_1_77' title='bbox 1203 1165 1480 1224; x_wconf 87' lang='lat' dir='ltr'>citissime</span> <span class='ocrx_word' id='word_1_78' title='bbox 1537 1172 1902 1243; x_wconf 86' lang='lat' dir='ltr'>conspicietis</span> 
     </span>
    </p>
   </div>
   <div class='ocr_carea' id='block_1_12' title="bbox 258 1253 1900 1330">
    <p class='ocr_par' dir='ltr' id='par_1_12' title="bbox 258 1253 1900 1330">
     <span class='ocr_line' id='line_1_12' title="bbox 258 1253 1900 1330; baseline 0.005 -26"><span class='ocrx_word' id='word_1_79' title='bbox 258 1274 504 1314; x_wconf 69' lang='lat' dir='ltr'>examen</span> <span class='ocrx_word' id='word_1_80' title='bbox 517 1299 531 1310; x_wconf 83' lang='lat'><strong><em>.</em></strong></span> <span class='ocrx_word' id='word_1_81' title='bbox 562 1278 588 1305; x_wconf 84' lang='lat'>»</span> <span class='ocrx_word' id='word_1_82' title='bbox 605 1258 730 1310; x_wconf 87' lang='lat' dir='ltr'>Post</span> <span class='ocrx_word' id='word_1_83' title='bbox 756 1269 894 1326; x_wconf 66' lang='lat' dir='ltr'>quae</span> <span class='ocrx_word' id='word_1_84' title='bbox 915 1253 1302 1325; x_wconf 86' lang='lat' dir='ltr'>verba,equus</span> <span class='ocrx_word' id='word_1_85' title='bbox 1316 1257 1492 1312; x_wconf 88' lang='lat' dir='ltr'>tertio</span> <span class='ocrx_word' id='word_1_86' title='bbox 1512 1259 1702 1330; x_wconf 88' lang='lat' dir='ltr'>lapsus</span> <span class='ocrx_word' id='word_1_87' title='bbox 1718 1259 1900 1314; x_wconf 90' lang='lat' dir='ltr'>domi-</span> 
     </span>
    </p>
   </div>
   <div class='ocr_carea' id='block_1_13' title="bbox 257 1340 1899 1416">
    <p class='ocr_par' dir='ltr' id='par_1_13' title="bbox 257 1340 1899 1416">
     <span class='ocr_line' id='line_1_13' title="bbox 257 1340 1899 1416; baseline 0.001 -13"><span class='ocrx_word' id='word_1_88' title='bbox 257 1364 449 1403; x_wconf 87' lang='lat' dir='ltr'>numa</span> <span class='ocrx_word' id='word_1_89' title='bbox 478 1349 647 1416; x_wconf 88' lang='lat' dir='ltr'>tergo</span> <span class='ocrx_word' id='word_1_90' title='bbox 668 1360 763 1398; x_wconf 91' lang='lat' dir='ltr'>suo</span> <span class='ocrx_word' id='word_1_91' title='bbox 786 1342 1017 1413; x_wconf 87' lang='lat' dir='ltr'>abjicit.</span> <span class='ocrx_word' id='word_1_92' title='bbox 1052 1340 1162 1405; x_wconf 89' lang='lat' dir='ltr'>Qui</span> <span class='ocrx_word' id='word_1_93' title='bbox 1188 1344 1425 1412; x_wconf 87' lang='lat' dir='ltr'>cadens,</span> <span class='ocrx_word' id='word_1_94' title='bbox 1461 1347 1706 1402; x_wconf 87' lang='lat' dir='ltr'>discissis</span> <span class='ocrx_word' id='word_1_95' title='bbox 1752 1349 1899 1403; x_wconf 90' lang='lat' dir='ltr'>inte-</span> 
     </span>
    </p>
   </div>
   <div class='ocr_carea' id='block_1_14' title="bbox 258 1431 1900 1502">
    <p class='ocr_par' dir='ltr' id='par_1_14' title="bbox 258 1431 1900 1502">
     <span class='ocr_line' id='line_1_14' title="bbox 258 1431 1900 1502; baseline -0.001 -11"><span class='ocrx_word' id='word_1_96' title='bbox 258 1436 535 1497; x_wconf 88' lang='lat' dir='ltr'>rioribus,</span> <span class='ocrx_word' id='word_1_97' title='bbox 590 1434 885 1502; x_wconf 83' lang='lat' dir='ltr'>fractaque</span> <span class='ocrx_word' id='word_1_98' title='bbox 939 1431 1174 1500; x_wconf 90' lang='lat' dir='ltr'>scapula</span> <span class='ocrx_word' id='word_1_99' title='bbox 1217 1431 1555 1487; x_wconf 82' lang='lat' dir='ltr'>debilitatus</span> <span class='ocrx_word' id='word_1_100' title='bbox 1593 1435 1668 1489; x_wconf 92' lang='lat' dir='ltr'>ad</span> <span class='ocrx_word' id='word_1_101' title='bbox 1705 1436 1900 1490; x_wconf 87' lang='lat' dir='ltr'>villam</span> 
     </span>
    </p>
   </div>
   <div class='ocr_carea' id='block_1_15' title="bbox 259 1518 1902 1590">
    <p class='ocr_par' dir='ltr' id='par_1_15' title="bbox 259 1518 1902 1590">
     <span class='ocr_line' id='line_1_15' title="bbox 259 1518 1902 1590; baseline -0.001 -11"><span class='ocrx_word' id='word_1_102' title='bbox 259 1522 606 1579; x_wconf 79' lang='lat' dir='ltr'>monasterii</span> <span class='ocrx_word' id='word_1_103' title='bbox 633 1521 877 1584; x_wconf 89' lang='lat' dir='ltr'>delatus,</span> <span class='ocrx_word' id='word_1_104' title='bbox 915 1518 1401 1589; x_wconf 87' lang='lat' dir='ltr'>advesperacente</span> <span class='ocrx_word' id='word_1_105' title='bbox 1437 1520 1560 1590; x_wconf 90' lang='lat' dir='ltr'>ipso</span> <span class='ocrx_word' id='word_1_106' title='bbox 1587 1522 1678 1578; x_wconf 93' lang='lat' dir='ltr'>die</span> <span class='ocrx_word' id='word_1_107' title='bbox 1693 1523 1902 1578; x_wconf 90' lang='lat' dir='ltr'>defun-</span> 
     </span>
    </p>
   </div>
   <div class='ocr_carea' id='block_1_16' title="bbox 258 1606 1900 1683">
    <p class='ocr_par' dir='ltr' id='par_1_16' title="bbox 258 1606 1900 1683">
     <span class='ocr_line' id='line_1_16' title="bbox 258 1606 1900 1683; baseline -0.001 -15"><span class='ocrx_word' id='word_1_108' title='bbox 258 1617 374 1668; x_wconf 89' lang='lat' dir='ltr'>ctus</span> <span class='ocrx_word' id='word_1_109' title='bbox 405 1615 522 1676; x_wconf 79' lang='lat' dir='ltr'>est,</span> <span class='ocrx_word' id='word_1_110' title='bbox 558 1608 901 1681; x_wconf 86' lang='lat' dir='ltr'>peregitque</span> <span class='ocrx_word' id='word_1_111' title='bbox 933 1606 1053 1677; x_wconf 91' lang='lat' dir='ltr'>ipse</span> <span class='ocrx_word' id='word_1_112' title='bbox 1109 1608 1264 1662; x_wconf 91' lang='lat' dir='ltr'>solus</span> <span class='ocrx_word' id='word_1_113' title='bbox 1306 1608 1669 1679; x_wconf 86' lang='lat' dir='ltr'>singularem</span> <span class='ocrx_word' id='word_1_114' title='bbox 1721 1628 1900 1683; x_wconf 86' lang='lat' dir='ltr'>quam</span> 
     </span>
    </p>
   </div>
   <div class='ocr_carea' id='block_1_17' title="bbox 257 1695 1902 1774">
    <p class='ocr_par' dir='ltr' id='par_1_17' title="bbox 257 1695 1902 1774">
     <span class='ocr_line' id='line_1_17' title="bbox 257 1695 1902 1774; baseline -0.001 -18"><span class='ocrx_word' id='word_1_115' title='bbox 257 1699 952 1774; x_wconf 89' lang='lat' dir='ltr'>proposueratpugnam,</span> <span class='ocrx_word' id='word_1_116' title='bbox 977 1695 1091 1748; x_wconf 90' lang='lat' dir='ltr'>Deo</span> <span class='ocrx_word' id='word_1_117' title='bbox 1105 1695 1488 1750; x_wconf 87' lang='lat' dir='ltr'>manifestum</span> <span class='ocrx_word' id='word_1_118' title='bbox 1513 1703 1788 1754; x_wconf 88' lang='lat' dir='ltr'>exerente</span> <span class='ocrx_word' id='word_1_119' title='bbox 1813 1701 1902 1770; x_wconf 86' lang='lat' dir='ltr'>ju-</span> 
     </span>
    </p>
   </div>
   <div class='ocr_carea' id='block_1_18' title="bbox 257 1781 1897 1853">
    <p class='ocr_par' dir='ltr' id='par_1_18' title="bbox 257 1781 1897 1853">
     <span class='ocr_line' id='line_1_18' title="bbox 257 1781 1897 1853; baseline -0.002 -10"><span class='ocrx_word' id='word_1_120' title='bbox 257 1788 481 1843; x_wconf 90' lang='lat' dir='ltr'>dicium</span> <span class='ocrx_word' id='word_1_121' title='bbox 519 1783 737 1840; x_wconf 88' lang='lat' dir='ltr'>meritis</span> <span class='ocrx_word' id='word_1_122' title='bbox 784 1781 986 1838; x_wconf 83' lang='lat' dir='ltr'>dilecti</span> <span class='ocrx_word' id='word_1_123' title='bbox 1044 1783 1127 1837; x_wconf 90' lang='lat' dir='ltr'>sui</span> <span class='ocrx_word' id='word_1_124' title='bbox 1176 1783 1529 1839; x_wconf 83' lang='lat' dir='ltr'>confessoris</span> <span class='ocrx_word' id='word_1_125' title='bbox 1580 1786 1897 1853; x_wconf 88' lang='lat' dir='ltr'>Benedicti,</span> 
     </span>
    </p>
   </div>
   <div class='ocr_carea' id='block_1_19' title="bbox 257 1868 1900 1947">
    <p class='ocr_par' dir='ltr' id='par_1_19' title="bbox 257 1868 1900 1947">
     <span class='ocr_line' id='line_1_19' title="bbox 257 1868 1900 1947; baseline -0.001 -16"><span class='ocrx_word' id='word_1_126' title='bbox 257 1878 424 1947; x_wconf 87' lang='lat' dir='ltr'>cujus</span> <span class='ocrx_word' id='word_1_127' title='bbox 456 1891 552 1928; x_wconf 90' lang='lat' dir='ltr'>res</span> <span class='ocrx_word' id='word_1_128' title='bbox 568 1871 817 1927; x_wconf 85' lang='lat' dir='ltr'>aleniare</span> <span class='ocrx_word' id='word_1_129' title='bbox 839 1868 1110 1940; x_wconf 89' lang='lat' dir='ltr'>cupiebat</span> <span class='ocrx_word' id='word_1_130' title='bbox 1133 1888 1149 1938; x_wconf 88' lang='lat'><strong>;</strong></span> <span class='ocrx_word' id='word_1_131' title='bbox 1170 1872 1336 1942; x_wconf 88' lang='lat' dir='ltr'>cujus</span> <span class='ocrx_word' id='word_1_132' title='bbox 1362 1887 1562 1927; x_wconf 90' lang='lat' dir='ltr'>casum</span> <span class='ocrx_word' id='word_1_133' title='bbox 1591 1874 1900 1930; x_wconf 85' lang='lat' dir='ltr'>miseratus</span> 
     </span>
    </p>
   </div>
   <div class='ocr_carea' id='block_1_20' title="bbox 253 1958 1902 2031">
    <p class='ocr_par' dir='ltr' id='par_1_20' title="bbox 253 1958 1902 2031">
     <span class='ocr_line' id='line_1_20' title="bbox 253 1958 1902 2031; baseline -0.002 -10"><span class='ocrx_word' id='word_1_134' title='bbox 253 1961 627 2020; x_wconf 87' lang='lat' dir='ltr'>honorabilis</span> <span class='ocrx_word' id='word_1_135' title='bbox 655 1960 815 2014; x_wconf 85' lang='lat' dir='ltr'>Abbo</span> <span class='ocrx_word' id='word_1_136' title='bbox 841 1958 1042 2025; x_wconf 87' lang='lat' dir='ltr'>abbas,</span> <span class='ocrx_word' id='word_1_137' title='bbox 1073 1976 1145 2015; x_wconf 92' lang='lat' dir='ltr'>eo</span> <span class='ocrx_word' id='word_1_138' title='bbox 1165 1959 1327 2031; x_wconf 91' lang='lat' dir='ltr'>quod</span> <span class='ocrx_word' id='word_1_139' title='bbox 1358 1959 1466 2014; x_wconf 89' lang='lat' dir='ltr'>sibi</span> <span class='ocrx_word' id='word_1_140' title='bbox 1485 1960 1545 2014; x_wconf 89' lang='lat' dir='ltr'>in</span> <span class='ocrx_word' id='word_1_141' title='bbox 1572 1961 1782 2018; x_wconf 86' lang='lat' dir='ltr'>itinere</span> <span class='ocrx_word' id='word_1_142' title='bbox 1807 1963 1902 2018; x_wconf 84' lang='lat' dir='ltr'>de-</span> 
     </span>
    </p>
   </div>
   <div class='ocr_carea' id='block_1_21' title="bbox 253 2045 1901 2114">
    <p class='ocr_par' dir='ltr' id='par_1_21' title="bbox 253 2045 1901 2114">
     <span class='ocr_line' id='line_1_21' title="bbox 253 2045 1901 2114; baseline 0.001 -8"><span class='ocrx_word' id='word_1_143' title='bbox 253 2052 559 2109; x_wconf 88' lang='lat' dir='ltr'>votissime</span> <span class='ocrx_word' id='word_1_144' title='bbox 588 2049 894 2103; x_wconf 89' lang='lat' dir='ltr'>obsecutus</span> <span class='ocrx_word' id='word_1_145' title='bbox 906 2045 1121 2114; x_wconf 84' lang='lat' dir='ltr'>fuisset,</span> <span class='ocrx_word' id='word_1_146' title='bbox 1149 2064 1289 2102; x_wconf 91' lang='lat' dir='ltr'>cum</span> <span class='ocrx_word' id='word_1_147' title='bbox 1307 2047 1584 2103; x_wconf 81' lang='lat' dir='ltr'>fratribus</span> <span class='ocrx_word' id='word_1_148' title='bbox 1607 2051 1668 2105; x_wconf 91' lang='lat' dir='ltr'>in</span> <span class='ocrx_word' id='word_1_149' title='bbox 1685 2067 1901 2106; x_wconf 84' lang='lat' dir='ltr'>cceme-</span> 
     </span>
    </p>
   </div>
   <div class='ocr_carea' id='block_1_22' title="bbox 252 2135 1900 2211">
    <p class='ocr_par' dir='ltr' id='par_1_22' title="bbox 252 2135 1900 2211">
     <span class='ocr_line' id='line_1_22' title="bbox 252 2135 1900 2211; baseline -0.001 -14"><span class='ocrx_word' id='word_1_150' title='bbox 252 2142 394 2198; x_wconf 88' lang='lat' dir='ltr'>terio</span> <span class='ocrx_word' id='word_1_151' title='bbox 419 2137 680 2196; x_wconf 67' lang='lat' dir='ltr'>ecclesiae</span> <span class='ocrx_word' id='word_1_152' title='bbox 692 2135 1286 2192; x_wconf 85' lang='lat' dir='ltr'>honoriﬁcentissime</span> <span class='ocrx_word' id='word_1_153' title='bbox 1311 2136 1900 2211; x_wconf 69' lang='lat' dir='ltr'>tradiditsepulturaa.</span> 
     </span>
    </p>
   </div>
   <div class='ocr_carea' id='block_1_23' title="bbox 913 2241 1250 2300">
    <p class='ocr_par' dir='ltr' id='par_1_23' title="bbox 913 2241 1250 2300">
     <span class='ocr_line' id='line_1_23' title="bbox 913 2241 1250 2300; baseline 0.012 -4"><span class='ocrx_word' id='word_1_154' title='bbox 913 2241 1138 2299; x_wconf 83' lang='lat' dir='ltr'>CAPUT</span> <span class='ocrx_word' id='word_1_155' title='bbox 1158 2245 1250 2300; x_wconf 83' lang='lat' dir='ltr'>XI.</span> 
     </span>
    </p>
   </div>
   <div class='ocr_carea' id='block_1_24' title="bbox 470 2331 1678 2402">
    <p class='ocr_par' dir='ltr' id='par_1_24' title="bbox 470 2331 1678 2402">
     <span class='ocr_line' id='line_1_24' title="bbox 470 2331 1678 2402; baseline 0 -11"><span class='ocrx_word' id='word_1_156' title='bbox 470 2335 539 2391; x_wconf 89' lang='lat' dir='ltr'>S.</span> <span class='ocrx_word' id='word_1_157' title='bbox 574 2332 746 2390; x_wconf 85' lang='lat' dir='ltr'>Pauli</span> <span class='ocrx_word' id='word_1_158' title='bbox 772 2333 1004 2402; x_wconf 83' lang='lat' dir='ltr'>corporis</span> <span class='ocrx_word' id='word_1_159' title='bbox 1024 2332 1312 2387; x_wconf 79' lang='lat' dir='ltr'>translatio</span> <span class='ocrx_word' id='word_1_160' title='bbox 1343 2331 1678 2390; x_wconf 77' lang='lat' dir='ltr'>Floriacum.</span> 
     </span>
    </p>
   </div>
   <div class='ocr_carea' id='block_1_25' title="bbox 317 2438 1897 2511">
    <p class='ocr_par' dir='ltr' id='par_1_25' title="bbox 317 2438 1897 2511">
     <span class='ocr_line' id='line_1_25' title="bbox 317 2438 1897 2511; baseline 0 -11"><span class='ocrx_word' id='word_1_161' title='bbox 317 2447 412 2499; x_wconf 80' lang='lat'>27.</span> <span class='ocrx_word' id='word_1_162' title='bbox 443 2442 560 2497; x_wconf 90' lang='lat' dir='ltr'>Osa</span> <span class='ocrx_word' id='word_1_163' title='bbox 583 2440 904 2511; x_wconf 69' lang='lat' dir='ltr'>(Hucssant)</span> <span class='ocrx_word' id='word_1_164' title='bbox 936 2438 1147 2494; x_wconf 91' lang='lat' dir='ltr'>Oceani</span> <span class='ocrx_word' id='word_1_165' title='bbox 1182 2438 1361 2492; x_wconf 90' lang='lat' dir='ltr'>maris</span> <span class='ocrx_word' id='word_1_166' title='bbox 1396 2442 1665 2511; x_wconf 66' lang='lat' dir='ltr'>quaedam</span> <span class='ocrx_word' id='word_1_167' title='bbox 1693 2447 1778 2499; x_wconf 88' lang='lat' dir='ltr'>est</span> <span class='ocrx_word' id='word_1_168' title='bbox 1805 2445 1897 2500; x_wconf 87' lang='lat' dir='ltr'>in-</span> 
     </span>
    </p>
   </div>
   <div class='ocr_carea' id='block_1_26' title="bbox 255 2525 1893 2602">
    <p class='ocr_par' dir='ltr' id='par_1_26' title="bbox 255 2525 1893 2602">
     <span class='ocr_line' id='line_1_26' title="bbox 255 2525 1893 2602; baseline 0.001 -15"><span class='ocrx_word' id='word_1_169' title='bbox 255 2533 400 2598; x_wconf 86' lang='lat' dir='ltr'>sula,</span> <span class='ocrx_word' id='word_1_170' title='bbox 439 2547 574 2602; x_wconf 68' lang='lat' dir='ltr'>quae</span> <span class='ocrx_word' id='word_1_171' title='bbox 597 2545 632 2582; x_wconf 89' lang='lat' dir='ltr'>a</span> <span class='ocrx_word' id='word_1_172' title='bbox 655 2526 983 2583; x_wconf 89' lang='lat' dir='ltr'>continenti</span> <span class='ocrx_word' id='word_1_173' title='bbox 1011 2525 1410 2581; x_wconf 66' lang='lat' dir='ltr'>Armoricanae</span> <span class='ocrx_word' id='word_1_174' title='bbox 1441 2530 1695 2600; x_wconf 85' lang='lat' dir='ltr'>regionis</span> <span class='ocrx_word' id='word_1_175' title='bbox 1712 2536 1893 2601; x_wconf 90' lang='lat' dir='ltr'>terra,</span> 
     </span>
    </p>
   </div>
   <div class='ocr_carea' id='block_1_27' title="bbox 252 2614 1896 2693">
    <p class='ocr_par' dir='ltr' id='par_1_27' title="bbox 252 2614 1896 2693">
     <span class='ocr_line' id='line_1_27' title="bbox 252 2614 1896 2693; baseline 0.001 -17"><span class='ocrx_word' id='word_1_176' title='bbox 252 2637 436 2693; x_wconf 87' lang='lat' dir='ltr'>quam</span> <span class='ocrx_word' id='word_1_177' title='bbox 456 2617 854 2688; x_wconf 69' lang='lat' dir='ltr'>Cornugallite</span> <span class='ocrx_word' id='word_1_178' title='bbox 887 2614 1220 2682; x_wconf 89' lang='lat' dir='ltr'>nominant,</span> <span class='ocrx_word' id='word_1_179' title='bbox 1248 2617 1451 2688; x_wconf 86' lang='lat' dir='ltr'>pelago</span> <span class='ocrx_word' id='word_1_180' title='bbox 1465 2619 1749 2675; x_wconf 85' lang='lat' dir='ltr'>sexdecim</span> <span class='ocrx_word' id='word_1_181' title='bbox 1763 2639 1896 2693; x_wconf 91' lang='lat' dir='ltr'>pas—</span> 
     </span>
    </p>
   </div>
   <div class='ocr_carea' id='block_1_28' title="bbox 250 2705 1897 2777">
    <p class='ocr_par' dir='ltr' id='par_1_28' title="bbox 250 2705 1897 2777">
     <span class='ocr_line' id='line_1_28' title="bbox 250 2705 1897 2777; baseline 0 -14"><span class='ocrx_word' id='word_1_182' title='bbox 250 2726 423 2763; x_wconf 88' lang='lat' dir='ltr'>suum</span> <span class='ocrx_word' id='word_1_183' title='bbox 474 2708 538 2761; x_wconf 92' lang='lat' dir='ltr'>in</span> <span class='ocrx_word' id='word_1_184' title='bbox 569 2710 968 2761; x_wconf 89' lang='lat' dir='ltr'>transversum</span> <span class='ocrx_word' id='word_1_185' title='bbox 1001 2708 1270 2776; x_wconf 89' lang='lat' dir='ltr'>porrecto</span> <span class='ocrx_word' id='word_1_186' title='bbox 1324 2705 1667 2777; x_wconf 88' lang='lat' dir='ltr'>sejungitur.</span> <span class='ocrx_word' id='word_1_187' title='bbox 1703 2712 1766 2765; x_wconf 90' lang='lat' dir='ltr'>In</span> <span class='ocrx_word' id='word_1_188' title='bbox 1825 2727 1897 2765; x_wconf 92' lang='lat' dir='ltr'>ea</span> 
     </span>
    </p>
   </div>
   <div class='ocr_carea' id='block_1_29' title="bbox 248 2794 1892 2865">
    <p class='ocr_par' dir='ltr' id='par_1_29' title="bbox 248 2794 1892 2865">
     <span class='ocr_line' id='line_1_29' title="bbox 248 2794 1892 2865; baseline 0 -12"><span class='ocrx_word' id='word_1_189' title='bbox 248 2798 496 2853; x_wconf 89' lang='lat' dir='ltr'>beatum</span> <span class='ocrx_word' id='word_1_190' title='bbox 528 2796 801 2861; x_wconf 90' lang='lat' dir='ltr'>Paulum,</span> <span class='ocrx_word' id='word_1_191' title='bbox 829 2796 1226 2865; x_wconf 87' lang='lat' dir='ltr'>cognomento</span> <span class='ocrx_word' id='word_1_192' title='bbox 1261 2794 1657 2865; x_wconf 84' lang='lat' dir='ltr'>Aurelianum,</span> <span class='ocrx_word' id='word_1_193' title='bbox 1681 2799 1892 2853; x_wconf 89' lang='lat' dir='ltr'>eremi-</span> 
     </span>
    </p>
   </div>
   <div class='ocr_carea' id='block_1_30' title="bbox 251 2880 1893 2955">
    <p class='ocr_par' dir='ltr' id='par_1_30' title="bbox 251 2880 1893 2955">
     <span class='ocr_line' id='line_1_30' title="bbox 251 2880 1893 2955; baseline -0.001 -14"><span class='ocrx_word' id='word_1_194' title='bbox 251 2886 432 2941; x_wconf 89' lang='lat' dir='ltr'>ticam</span> <span class='ocrx_word' id='word_1_195' title='bbox 453 2883 688 2939; x_wconf 85' lang='lat' dir='ltr'>duxisse</span> <span class='ocrx_word' id='word_1_196' title='bbox 715 2883 897 2938; x_wconf 88' lang='lat' dir='ltr'>vitam</span> <span class='ocrx_word' id='word_1_197' title='bbox 921 2899 987 2936; x_wconf 88' lang='lat' dir='ltr'>ex</span> <span class='ocrx_word' id='word_1_198' title='bbox 1017 2881 1167 2936; x_wconf 88' lang='lat' dir='ltr'>libro</span> <span class='ocrx_word' id='word_1_199' title='bbox 1212 2880 1351 2934; x_wconf 86' lang='lat' dir='ltr'>Vitae</span> <span class='ocrx_word' id='word_1_200' title='bbox 1383 2880 1493 2954; x_wconf 73' lang='grc'>(44)</span> <span class='ocrx_word' id='word_1_201' title='bbox 1525 2885 1647 2955; x_wconf 88' lang='lat' dir='ltr'>ejus</span> <span class='ocrx_word' id='word_1_202' title='bbox 1697 2885 1893 2940; x_wconf 84' lang='lat' dir='ltr'>didici-</span> 
     </span>
    </p>
   </div>
   <div class='ocr_carea' id='block_1_31' title="bbox 244 2970 1892 3048">
    <p class='ocr_par' dir='ltr' id='par_1_31' title="bbox 244 2970 1892 3048">
     <span class='ocr_line' id='line_1_31' title="bbox 244 2970 1892 3048; baseline 0 -19"><span class='ocrx_word' id='word_1_203' title='bbox 244 2973 510 3029; x_wconf 85' lang='lat' dir='ltr'>mus.Hic</span> <span class='ocrx_word' id='word_1_204' title='bbox 534 2972 789 3044; x_wconf 91' lang='lat' dir='ltr'>denique</span> <span class='ocrx_word' id='word_1_205' title='bbox 803 2970 1165 3037; x_wconf 90' lang='lat' dir='ltr'>S.Paulus,in</span> <span class='ocrx_word' id='word_1_206' title='bbox 1186 2971 1308 3023; x_wconf 91' lang='lat' dir='ltr'>loco</span> <span class='ocrx_word' id='word_1_207' title='bbox 1335 2970 1645 3028; x_wconf 63' lang='lat' dir='ltr'>Britanniae</span> <span class='ocrx_word' id='word_1_208' title='bbox 1664 2976 1760 3046; x_wconf 85' lang='lat' dir='ltr'>qui</span> <span class='ocrx_word' id='word_1_209' title='bbox 1787 2992 1892 3048; x_wconf 89' lang='lat' dir='ltr'>0p-</span> 
     </span>
    </p>
   </div>
   <div class='ocr_carea' id='block_1_32' title="bbox 247 3057 1890 3134">
    <p class='ocr_par' dir='ltr' id='par_1_32' title="bbox 247 3057 1890 3134">
     <span class='ocr_line' id='line_1_32' title="bbox 247 3057 1890 3134; baseline 0.001 -18"><span class='ocrx_word' id='word_1_210' title='bbox 247 3063 459 3134; x_wconf 89' lang='lat' dir='ltr'>pidum</span> <span class='ocrx_word' id='word_1_211' title='bbox 494 3060 698 3115; x_wconf 87' lang='lat' dir='ltr'>Sancti</span> <span class='ocrx_word' id='word_1_212' title='bbox 734 3058 896 3114; x_wconf 89' lang='lat' dir='ltr'>Pauli</span> <span class='ocrx_word' id='word_1_213' title='bbox 929 3057 1042 3129; x_wconf 75' lang='grc'>(45)</span> <span class='ocrx_word' id='word_1_214' title='bbox 1086 3057 1313 3123; x_wconf 88' lang='lat' dir='ltr'>dicitur,</span> <span class='ocrx_word' id='word_1_215' title='bbox 1343 3059 1648 3132; x_wconf 89' lang='lat' dir='ltr'>Episcopus</span> <span class='ocrx_word' id='word_1_216' title='bbox 1682 3062 1890 3130; x_wconf 89' lang='lat' dir='ltr'>factus,</span> 
     </span>
    </p>
   </div>
   <div class='ocr_carea' id='block_1_33' title="bbox 2003 644 3614 734">
    <p class='ocr_par' dir='ltr' id='par_1_33' title="bbox 2003 644 3614 734">
     <span class='ocr_line' id='line_1_33' title="bbox 2003 644 3614 734; baseline 0.012 -34"><span class='ocrx_word' id='word_1_217' title='bbox 2003 644 2229 701; x_wconf 56' lang='lat' dir='ltr'>Sanctae</span> <span class='ocrx_word' id='word_1_218' title='bbox 2253 647 2353 701; x_wconf 91' lang='lat' dir='ltr'>Dei</span> <span class='ocrx_word' id='word_1_219' title='bbox 2394 649 2692 720; x_wconf 86' lang='lat' dir='ltr'>genitricis</span> <span class='ocrx_word' id='word_1_220' title='bbox 2717 652 2930 722; x_wconf 83' lang='lat' dir='ltr'>Mariae,</span> <span class='ocrx_word' id='word_1_221' title='bbox 2964 659 3338 714; x_wconf 88' lang='lat' dir='ltr'>tumulariam</span> <span class='ocrx_word' id='word_1_222' title='bbox 3369 662 3614 734; x_wconf 89' lang='lat' dir='ltr'>adeptus</span> 
     </span>
    </p>
   </div>
   <div class='ocr_carea' id='block_1_34' title="bbox 2005 737 3614 810">
    <p class='ocr_par' dir='ltr' id='par_1_34' title="bbox 2005 737 3614 810">
     <span class='ocr_line' id='line_1_34' title="bbox 2005 737 3614 810; baseline 0.012 -23"><span class='ocrx_word' id='word_1_223' title='bbox 2005 737 2090 789; x_wconf 89' lang='lat' dir='ltr'>est</span> <span class='ocrx_word' id='word_1_224' title='bbox 2119 737 2492 807; x_wconf 82' lang='lat' dir='ltr'>sepulturam.</span> <span class='ocrx_word' id='word_1_225' title='bbox 2518 738 2735 810; x_wconf 89' lang='lat' dir='ltr'>Corpus</span> <span class='ocrx_word' id='word_1_226' title='bbox 2756 746 2950 798; x_wconf 91' lang='lat' dir='ltr'>autem</span> <span class='ocrx_word' id='word_1_227' title='bbox 2966 747 3238 802; x_wconf 91' lang='lat' dir='ltr'>antedicti</span> <span class='ocrx_word' id='word_1_228' title='bbox 3269 749 3614 806; x_wconf 82' lang='lat' dir='ltr'>confessoris</span> 
     </span>
    </p>
   </div>
   <div class='ocr_carea' id='block_1_35' title="bbox 2002 823 3615 902">
    <p class='ocr_par' dir='ltr' id='par_1_35' title="bbox 2002 823 3615 902">
     <span class='ocr_line' id='line_1_35' title="bbox 2002 823 3615 902; baseline 0.011 -26"><span class='ocrx_word' id='word_1_229' title='bbox 2002 823 2162 878; x_wconf 89' lang='lat' dir='ltr'>Pauli</span> <span class='ocrx_word' id='word_1_230' title='bbox 2193 840 2323 879; x_wconf 91' lang='lat' dir='ltr'>cum</span> <span class='ocrx_word' id='word_1_231' title='bbox 2359 827 2956 902; x_wconf 89' lang='lat' dir='ltr'>proprioloculo,post</span> <span class='ocrx_word' id='word_1_232' title='bbox 2987 835 3237 889; x_wconf 89' lang='lat' dir='ltr'>loculum</span> <span class='ocrx_word' id='word_1_233' title='bbox 3263 838 3615 894; x_wconf 84' lang='lat' dir='ltr'>sanctissimi</span> 
     </span>
    </p>
   </div>
   <div class='ocr_carea' id='block_1_36' title="bbox 2001 912 3616 996">
    <p class='ocr_par' dir='ltr' id='par_1_36' title="bbox 2001 912 3616 996">
     <span class='ocr_line' id='line_1_36' title="bbox 2001 912 3616 996; baseline 0.009 -30"><span class='ocrx_word' id='word_1_234' title='bbox 2001 912 2183 967; x_wconf 87' lang='lat' dir='ltr'>Patris</span> <span class='ocrx_word' id='word_1_235' title='bbox 2226 913 2516 968; x_wconf 90' lang='lat' dir='ltr'>Benedicti</span> <span class='ocrx_word' id='word_1_236' title='bbox 2574 922 2912 986; x_wconf 89' lang='lat' dir='ltr'>posuerunt,</span> <span class='ocrx_word' id='word_1_237' title='bbox 2946 937 3062 976; x_wconf 91' lang='lat' dir='ltr'>uno</span> <span class='ocrx_word' id='word_1_238' title='bbox 3110 927 3308 978; x_wconf 88' lang='lat' dir='ltr'>tamen</span> <span class='ocrx_word' id='word_1_239' title='bbox 3341 926 3616 996; x_wconf 88' lang='lat' dir='ltr'>ampliori</span> 
     </span>
    </p>
   </div>
   <div class='ocr_carea' id='block_1_37' title="bbox 2000 1001 3618 1086">
    <p class='ocr_par' dir='ltr' id='par_1_37' title="bbox 2000 1001 3618 1086">
     <span class='ocr_line' id='line_1_37' title="bbox 2000 1001 3618 1086; baseline 0.01 -33"><span class='ocrx_word' id='word_1_240' title='bbox 2000 1001 2229 1067; x_wconf 89' lang='lat' dir='ltr'>scrinio,</span> <span class='ocrx_word' id='word_1_241' title='bbox 2257 1002 2414 1073; x_wconf 90' lang='lat' dir='ltr'>quod</span> <span class='ocrx_word' id='word_1_242' title='bbox 2441 1001 2620 1057; x_wconf 90' lang='lat' dir='ltr'>etiam</span> <span class='ocrx_word' id='word_1_243' title='bbox 2649 1010 2889 1077; x_wconf 87' lang='lat' dir='ltr'>argento</span> <span class='ocrx_word' id='word_1_244' title='bbox 2909 1011 3126 1064; x_wconf 91' lang='lat' dir='ltr'>tectum</span> <span class='ocrx_word' id='word_1_245' title='bbox 3149 1015 3618 1086; x_wconf 88' lang='lat' dir='ltr'>erat,utrumque</span> 
     </span>
    </p>
   </div>
   <div class='ocr_carea' id='block_1_38' title="bbox 1999 1090 3618 1172">
    <p class='ocr_par' dir='ltr' id='par_1_38' title="bbox 1999 1090 3618 1172">
     <span class='ocr_line' id='line_1_38' title="bbox 1999 1090 3618 1172; baseline 0.011 -31"><span class='ocrx_word' id='word_1_246' title='bbox 1999 1090 2426 1145; x_wconf 90' lang='lat' dir='ltr'>concludentes.</span> <span class='ocrx_word' id='word_1_247' title='bbox 2459 1092 2620 1147; x_wconf 85' lang='lat' dir='ltr'>Nunc</span> <span class='ocrx_word' id='word_1_248' title='bbox 2661 1093 2785 1164; x_wconf 88' lang='lat' dir='ltr'>jam</span> <span class='ocrx_word' id='word_1_249' title='bbox 2813 1095 2885 1150; x_wconf 91' lang='lat' dir='ltr'>ad</span> <span class='ocrx_word' id='word_1_250' title='bbox 2916 1096 2975 1150; x_wconf 90' lang='lat' dir='ltr'>id</span> <span class='ocrx_word' id='word_1_251' title='bbox 3023 1099 3177 1170; x_wconf 90' lang='lat' dir='ltr'>quod</span> <span class='ocrx_word' id='word_1_252' title='bbox 3209 1100 3489 1172; x_wconf 88' lang='lat' dir='ltr'>coepimus</span> <span class='ocrx_word' id='word_1_253' title='bbox 3518 1119 3618 1157; x_wconf 83' lang='lat' dir='ltr'>ex-</span> 
     </span>
    </p>
   </div>
   <div class='ocr_carea' id='block_1_39' title="bbox 1998 1180 2809 1251">
    <p class='ocr_par' dir='ltr' id='par_1_39' title="bbox 1998 1180 2809 1251">
     <span class='ocr_line' id='line_1_39' title="bbox 1998 1180 2809 1251; baseline 0.006 -20"><span class='ocrx_word' id='word_1_254' title='bbox 1998 1180 2358 1249; x_wconf 88' lang='lat' dir='ltr'>sequendum</span> <span class='ocrx_word' id='word_1_255' title='bbox 2385 1182 2809 1251; x_wconf 87' lang='lat' dir='ltr'>regrediamur.</span> 
     </span>
    </p>
   </div>
   <div class='ocr_carea' id='block_1_40' title="bbox 2000 1272 3622 1421">
    <p class='ocr_par' dir='ltr' id='par_1_40' title="bbox 2000 1272 3622 1421">
     <span class='ocr_line' id='line_1_40' title="bbox 2000 1272 3622 1421; baseline 0.01 -29"><span class='ocrx_word' id='word_1_256' title='bbox 2000 1337 2157 1392; x_wconf 77' lang='lat' dir='ltr'>Felix</span> <span class='ocrx_word' id='word_1_257' title='bbox 2185 1341 2509 1421; x_wconf 56' lang='lat' dir='ltr'>anaeltorela</span> <span class='ocrx_word' id='word_1_258' title='bbox 2529 1272 3139 1421; x_wconf 43' lang='grc' dir='ltr'>παῑῗίέίῗθῑὲἷλὲᾶἑίαζης.</span> <span class='ocrx_word' id='word_1_259' title='bbox 3160 1348 3468 1421; x_wconf 69' lang='lat' dir='ltr'>Episcopus</span> <span class='ocrx_word' id='word_1_260' title='bbox 3486 1352 3622 1408; x_wconf 82' lang='lat' dir='ltr'>Leo-</span> 
     </span>
    </p>
   </div>
   <div class='ocr_carea' id='block_1_41' title="bbox 2073 1412 3622 1480">
    <p class='ocr_par' dir='ltr' id='par_1_41' title="bbox 2073 1412 3622 1480">
     <span class='ocr_line' id='line_1_41' title="bbox 2073 1412 3622 1480; baseline 0.012 -18"><span class='ocrx_word' id='word_1_261' title='bbox 2073 1413 2248 1464; x_wconf 82' lang='lat' dir='ltr'>ncnsis</span> <span class='ocrx_word' id='word_1_262' title='bbox 2298 1412 2353 1465; x_wconf 86' lang='lat' dir='ltr'>id</span> <span class='ocrx_word' id='word_1_263' title='bbox 2383 1413 2580 1467; x_wconf 64' lang='lat' dir='ltr'>caelitus</span> <span class='ocrx_word' id='word_1_264' title='bbox 2604 1412 2783 1471; x_wconf 78' lang='lat' dir='ltr'>discit.</span> <span class='ocrx_word' id='word_1_265' title='bbox 2813 1414 2973 1470; x_wconf 74' lang='lat' dir='ltr'>Felix</span> <span class='ocrx_word' id='word_1_266' title='bbox 3005 1419 3069 1470; x_wconf 88' lang='lat' dir='ltr'>ob</span> <span class='ocrx_word' id='word_1_267' title='bbox 3117 1419 3172 1471; x_wconf 83' lang='lat' dir='ltr'>id</span> <span class='ocrx_word' id='word_1_268' title='bbox 3202 1412 3256 1473; x_wconf 67' lang='lat' dir='ltr'>in</span> <span class='ocrx_word' id='word_1_269' title='bbox 3281 1412 3622 1480; x_wconf 32' lang='lat' dir='ltr'>SfBenedi-</span> 
     </span>
    </p>
   </div>
   <div class='ocr_carea' id='block_1_42' title="bbox 2071 1483 3332 1558">
    <p class='ocr_par' dir='ltr' id='par_1_42' title="bbox 2071 1483 3332 1558">
     <span class='ocr_line' id='line_1_42' title="bbox 2071 1483 3332 1558; baseline 0.01 -25"><span class='ocrx_word' id='word_1_270' title='bbox 2071 1486 2217 1536; x_wconf 80' lang='lat' dir='ltr'>clum</span> <span class='ocrx_word' id='word_1_271' title='bbox 2240 1483 2468 1552; x_wconf 80' lang='lat' dir='ltr'>amplius</span> <span class='ocrx_word' id='word_1_272' title='bbox 2498 1487 2785 1540; x_wconf 80' lang='lat' dir='ltr'>animatus.</span> <span class='ocrx_word' id='word_1_273' title='bbox 2821 1486 3030 1541; x_wconf 83' lang='lat' dir='ltr'>Iterum</span> <span class='ocrx_word' id='word_1_274' title='bbox 3062 1489 3332 1558; x_wconf 68' lang='lat' dir='ltr'>liberatus,</span> 
     </span>
    </p>
   </div>
   <div class='ocr_carea' id='block_1_43' title="bbox 2073 1570 3626 1644">
    <p class='ocr_par' dir='ltr' id='par_1_43' title="bbox 2073 1570 3626 1644">
     <span class='ocr_line' id='line_1_43' title="bbox 2073 1570 3626 1644; baseline 0.012 -23"><span class='ocrx_word' id='word_1_275' title='bbox 2073 1570 2159 1623; x_wconf 81' lang='lat'>28.</span> <span class='ocrx_word' id='word_1_276' title='bbox 2197 1571 2259 1622; x_wconf 91' lang='lat' dir='ltr'>1n</span> <span class='ocrx_word' id='word_1_277' title='bbox 2291 1575 2619 1626; x_wconf 89' lang='lat' dir='ltr'>memorata</span> <span class='ocrx_word' id='word_1_278' title='bbox 2639 1573 2816 1644; x_wconf 91' lang='lat' dir='ltr'>igitur</span> <span class='ocrx_word' id='word_1_279' title='bbox 2841 1575 3049 1644; x_wconf 85' lang='lat' dir='ltr'>insula,</span> <span class='ocrx_word' id='word_1_280' title='bbox 3072 1578 3144 1632; x_wconf 90' lang='lat' dir='ltr'>ob</span> <span class='ocrx_word' id='word_1_281' title='bbox 3176 1596 3443 1637; x_wconf 87' lang='lat' dir='ltr'>amorem</span> <span class='ocrx_word' id='word_1_282' title='bbox 3479 1583 3626 1639; x_wconf 87' lang='lat' dir='ltr'>tanti</span> 
     </span>
    </p>
   </div>
   <div class='ocr_carea' id='block_1_44' title="bbox 2001 1657 3626 1739">
    <p class='ocr_par' dir='ltr' id='par_1_44' title="bbox 2001 1657 3626 1739">
     <span class='ocr_line' id='line_1_44' title="bbox 2001 1657 3626 1739; baseline 0.012 -31"><span class='ocrx_word' id='word_1_283' title='bbox 2001 1657 2280 1727; x_wconf 64' lang='lat' dir='ltr'>praesulis,</span> <span class='ocrx_word' id='word_1_284' title='bbox 2315 1657 2549 1728; x_wconf 91' lang='lat' dir='ltr'>quidam</span> <span class='ocrx_word' id='word_1_285' title='bbox 2585 1660 2719 1714; x_wconf 87' lang='lat' dir='ltr'>civis</span> <span class='ocrx_word' id='word_1_286' title='bbox 2743 1662 2867 1732; x_wconf 88' lang='lat' dir='ltr'>jam</span> <span class='ocrx_word' id='word_1_287' title='bbox 2904 1663 3073 1718; x_wconf 64' lang='lat' dir='ltr'>dicta:</span> <span class='ocrx_word' id='word_1_288' title='bbox 3114 1669 3373 1739; x_wconf 85' lang='lat' dir='ltr'>regionis</span> <span class='ocrx_word' id='word_1_289' title='bbox 3406 1671 3626 1728; x_wconf 90' lang='lat' dir='ltr'>Cornu-</span> 
     </span>
    </p>
   </div>
   <div class='ocr_carea' id='block_1_45' title="bbox 2001 1745 3625 1834">
    <p class='ocr_par' dir='ltr' id='par_1_45' title="bbox 2001 1745 3625 1834">
     <span class='ocr_line' id='line_1_45' title="bbox 2001 1745 3625 1834; baseline 0.014 -38"><span class='ocrx_word' id='word_1_290' title='bbox 2001 1745 2209 1815; x_wconf 68' lang='lat' dir='ltr'>gallize,</span> <span class='ocrx_word' id='word_1_291' title='bbox 2248 1745 2398 1800; x_wconf 82' lang='lat' dir='ltr'>Felix</span> <span class='ocrx_word' id='word_1_292' title='bbox 2432 1748 3245 1817; x_wconf 90' lang='lat' dir='ltr'>nomine,adinhabitandum</span> <span class='ocrx_word' id='word_1_293' title='bbox 3262 1759 3625 1834; x_wconf 89' lang='lat' dir='ltr'>demigrans,</span> 
     </span>
    </p>
   </div>
   <div class='ocr_carea' id='block_1_46' title="bbox 1923 1832 3626 1917">
    <p class='ocr_par' dir='ltr' id='par_1_46' title="bbox 1923 1832 3626 1917">
     <span class='ocr_line' id='line_1_46' title="bbox 1923 1832 3626 1917; baseline 0.015 -34"><span class='ocrx_word' id='word_1_294' title='bbox 1923 1853 1970 1912; x_wconf 73' lang='grc' dir='ltr'>Β</span> <span class='ocrx_word' id='word_1_295' title='bbox 2001 1847 2133 1886; x_wconf 90' lang='lat' dir='ltr'>cum</span> <span class='ocrx_word' id='word_1_296' title='bbox 2164 1832 2413 1888; x_wconf 66' lang='lat' dir='ltr'>aliissuae</span> <span class='ocrx_word' id='word_1_297' title='bbox 2429 1836 2735 1907; x_wconf 68' lang='lat' dir='ltr'>provincia:</span> <span class='ocrx_word' id='word_1_298' title='bbox 2749 1839 2902 1908; x_wconf 89' lang='lat' dir='ltr'>viris,</span> <span class='ocrx_word' id='word_1_299' title='bbox 2936 1857 3043 1912; x_wconf 91' lang='lat' dir='ltr'>per</span> <span class='ocrx_word' id='word_1_300' title='bbox 3065 1845 3394 1917; x_wconf 87' lang='lat' dir='ltr'>aliquantos</span> <span class='ocrx_word' id='word_1_301' title='bbox 3419 1832 3626 1916; x_wconf 80' lang='lat' dir='ltr'>annos,</span> 
     </span>
    </p>
   </div>
   <div class='ocr_carea' id='block_1_47' title="bbox 2003 1921 3628 1996">
    <p class='ocr_par' dir='ltr' id='par_1_47' title="bbox 2003 1921 3628 1996">
     <span class='ocr_line' id='line_1_47' title="bbox 2003 1921 3628 1996; baseline 0.015 -24"><span class='ocrx_word' id='word_1_302' title='bbox 2003 1921 2119 1974; x_wconf 92' lang='lat' dir='ltr'>Deo</span> <span class='ocrx_word' id='word_1_303' title='bbox 2152 1921 2423 1992; x_wconf 87' lang='lat' dir='ltr'>placitam</span> <span class='ocrx_word' id='word_1_304' title='bbox 2449 1923 2668 1979; x_wconf 89' lang='lat' dir='ltr'>studuit</span> <span class='ocrx_word' id='word_1_305' title='bbox 2698 1927 2908 1983; x_wconf 91' lang='lat' dir='ltr'>ducere</span> <span class='ocrx_word' id='word_1_306' title='bbox 2933 1929 3253 1987; x_wconf 89' lang='lat' dir='ltr'>vitam.Sed</span> <span class='ocrx_word' id='word_1_307' title='bbox 3269 1952 3405 1992; x_wconf 94' lang='lat' dir='ltr'>cum</span> <span class='ocrx_word' id='word_1_308' title='bbox 3439 1941 3628 1996; x_wconf 83' lang='lat' dir='ltr'>veraci</span> 
     </span>
    </p>
   </div>
   <div class='ocr_carea' id='block_1_48' title="bbox 2001 2009 3629 2090">
    <p class='ocr_par' dir='ltr' id='par_1_48' title="bbox 2001 2009 3629 2090">
     <span class='ocr_line' id='line_1_48' title="bbox 2001 2009 3629 2090; baseline 0.015 -29"><span class='ocrx_word' id='word_1_309' title='bbox 2001 2009 2288 2064; x_wconf 87' lang='lat' dir='ltr'>referente</span> <span class='ocrx_word' id='word_1_310' title='bbox 2312 2010 2474 2066; x_wconf 90' lang='lat' dir='ltr'>fama</span> <span class='ocrx_word' id='word_1_311' title='bbox 2503 2013 2794 2070; x_wconf 90' lang='lat' dir='ltr'>didicisset</span> <span class='ocrx_word' id='word_1_312' title='bbox 2833 2033 3043 2089; x_wconf 91' lang='lat' dir='ltr'>corpus</span> <span class='ocrx_word' id='word_1_313' title='bbox 3081 2019 3208 2090; x_wconf 87' lang='lat' dir='ltr'>jam</span> <span class='ocrx_word' id='word_1_314' title='bbox 3272 2025 3414 2082; x_wconf 90' lang='lat' dir='ltr'>dicti</span> <span class='ocrx_word' id='word_1_315' title='bbox 3445 2031 3629 2085; x_wconf 88' lang='lat' dir='ltr'>sancti</span> 
     </span>
    </p>
   </div>
   <div class='ocr_carea' id='block_1_49' title="bbox 2003 2095 3631 2184">
    <p class='ocr_par' dir='ltr' id='par_1_49' title="bbox 2003 2095 3631 2184">
     <span class='ocr_line' id='line_1_49' title="bbox 2003 2095 3631 2184; baseline 0.016 -36"><span class='ocrx_word' id='word_1_316' title='bbox 2003 2095 2158 2166; x_wconf 90' lang='lat' dir='ltr'>apud</span> <span class='ocrx_word' id='word_1_317' title='bbox 2191 2114 2297 2152; x_wconf 91' lang='lat' dir='ltr'>nos</span> <span class='ocrx_word' id='word_1_318' title='bbox 2326 2099 2936 2169; x_wconf 85' lang='lat' dir='ltr'>retineri,deliberavit</span> <span class='ocrx_word' id='word_1_319' title='bbox 2965 2107 3161 2163; x_wconf 91' lang='lat' dir='ltr'>animo</span> <span class='ocrx_word' id='word_1_320' title='bbox 3193 2112 3268 2166; x_wconf 91' lang='lat' dir='ltr'>ad</span> <span class='ocrx_word' id='word_1_321' title='bbox 3292 2114 3418 2184; x_wconf 89' lang='lat' dir='ltr'>ejus</span> <span class='ocrx_word' id='word_1_322' title='bbox 3445 2135 3631 2174; x_wconf 84' lang='lat' dir='ltr'>sacra-</span> 
     </span>
    </p>
   </div>
   <div class='ocr_carea' id='block_1_50' title="bbox 2001 2182 3627 2275">
    <p class='ocr_par' dir='ltr' id='par_1_50' title="bbox 2001 2182 3627 2275">
     <span class='ocr_line' id='line_1_50' title="bbox 2001 2182 3627 2275; baseline 0.018 -40"><span class='ocrx_word' id='word_1_323' title='bbox 2001 2182 2226 2238; x_wconf 90' lang='lat' dir='ltr'>tissima</span> <span class='ocrx_word' id='word_1_324' title='bbox 2245 2201 2560 2258; x_wconf 91' lang='lat' dir='ltr'>properare</span> <span class='ocrx_word' id='word_1_325' title='bbox 2593 2192 2880 2247; x_wconf 90' lang='lat' dir='ltr'>membra.</span> <span class='ocrx_word' id='word_1_326' title='bbox 2914 2182 3441 2275; x_wconf 80' lang='lat' dir='ltr'>lncitabatquoque</span> <span class='ocrx_word' id='word_1_327' title='bbox 3455 2205 3627 2262; x_wconf 72' lang='lat' dir='ltr'>bonae</span> 
     </span>
    </p>
   </div>
   <div class='ocr_carea' id='block_1_51' title="bbox 2001 2270 3630 2352">
    <p class='ocr_par' dir='ltr' id='par_1_51' title="bbox 2001 2270 3630 2352">
     <span class='ocr_line' id='line_1_51' title="bbox 2001 2270 3630 2352; baseline 0.018 -30"><span class='ocrx_word' id='word_1_328' title='bbox 2001 2270 2311 2326; x_wconf 86' lang='lat' dir='ltr'>voluntatis</span> <span class='ocrx_word' id='word_1_329' title='bbox 2363 2274 2488 2345; x_wconf 88' lang='lat' dir='ltr'>ejus</span> <span class='ocrx_word' id='word_1_330' title='bbox 2527 2283 2801 2336; x_wconf 89' lang='lat' dir='ltr'>conatum</span> <span class='ocrx_word' id='word_1_331' title='bbox 2831 2300 3038 2338; x_wconf 92' lang='lat' dir='ltr'>rumor</span> <span class='ocrx_word' id='word_1_332' title='bbox 3065 2290 3409 2348; x_wconf 83' lang='lat' dir='ltr'>sanctissimi</span> <span class='ocrx_word' id='word_1_333' title='bbox 3444 2297 3630 2352; x_wconf 89' lang='lat' dir='ltr'>Patris</span> 
     </span>
    </p>
   </div>
   <div class='ocr_carea' id='block_1_52' title="bbox 2003 2352 3629 2432">
    <p class='ocr_par' dir='ltr' id='par_1_52' title="bbox 2003 2352 3629 2432">
     <span class='ocr_line' id='line_1_52' title="bbox 2003 2352 3629 2432; baseline 0.02 -30"><span class='ocrx_word' id='word_1_334' title='bbox 2003 2352 2184 2405; x_wconf 88' lang='lat' dir='ltr'>nostri</span> <span class='ocrx_word' id='word_1_335' title='bbox 2209 2353 2522 2421; x_wconf 88' lang='lat' dir='ltr'>Benedicti,</span> <span class='ocrx_word' id='word_1_336' title='bbox 2543 2359 2639 2429; x_wconf 91' lang='lat' dir='ltr'>qui</span> <span class='ocrx_word' id='word_1_337' title='bbox 2661 2361 2836 2416; x_wconf 89' lang='lat' dir='ltr'>totius</span> <span class='ocrx_word' id='word_1_338' title='bbox 2867 2363 3047 2418; x_wconf 88' lang='lat' dir='ltr'>etiam</span> <span class='ocrx_word' id='word_1_339' title='bbox 3073 2371 3629 2432; x_wconf 87' lang='lat' dir='ltr'>remotissimosBri-</span> 
     </span>
    </p>
   </div>
   <div class='ocr_carea' id='block_1_53' title="bbox 2002 2439 3625 2539">
    <p class='ocr_par' dir='ltr' id='par_1_53' title="bbox 2002 2439 3625 2539">
     <span class='ocr_line' id='line_1_53' title="bbox 2002 2439 3625 2539; baseline 0.02 -48"><span class='ocrx_word' id='word_1_340' title='bbox 2002 2439 2217 2495; x_wconf 75' lang='lat' dir='ltr'>tannize</span> <span class='ocrx_word' id='word_1_341' title='bbox 2244 2443 2570 2514; x_wconf 87' lang='lat' dir='ltr'>repleverat</span> <span class='ocrx_word' id='word_1_342' title='bbox 2613 2447 2788 2503; x_wconf 90' lang='lat' dir='ltr'>sinus.</span> <span class='ocrx_word' id='word_1_343' title='bbox 2819 2452 3070 2507; x_wconf 83' lang='lat' dir='ltr'>Ascensa</span> <span class='ocrx_word' id='word_1_344' title='bbox 3102 2472 3240 2528; x_wconf 84' lang='lat' dir='ltr'>ergo</span> <span class='ocrx_word' id='word_1_345' title='bbox 3276 2478 3416 2532; x_wconf 90' lang='lat' dir='ltr'>una,</span> <span class='ocrx_word' id='word_1_346' title='bbox 3451 2484 3625 2539; x_wconf 90' lang='lat' dir='ltr'>quam</span> 
     </span>
    </p>
   </div>
   <div class='ocr_carea' id='block_1_54' title="bbox 2001 2530 3626 2614">
    <p class='ocr_par' dir='ltr' id='par_1_54' title="bbox 2001 2530 3626 2614">
     <span class='ocr_line' id='line_1_54' title="bbox 2001 2530 3626 2614; baseline 0.021 -34"><span class='ocrx_word' id='word_1_347' title='bbox 2001 2530 2185 2583; x_wconf 89' lang='lat' dir='ltr'>solum</span> <span class='ocrx_word' id='word_1_348' title='bbox 2220 2533 2358 2584; x_wconf 92' lang='lat' dir='ltr'>tunc</span> <span class='ocrx_word' id='word_1_349' title='bbox 2385 2534 2605 2605; x_wconf 82' lang='lat' dir='ltr'>reperit</span> <span class='ocrx_word' id='word_1_350' title='bbox 2630 2539 2844 2608; x_wconf 84' lang='lat' dir='ltr'>navim,</span> <span class='ocrx_word' id='word_1_351' title='bbox 2875 2541 2950 2595; x_wconf 91' lang='lat' dir='ltr'>ad</span> <span class='ocrx_word' id='word_1_352' title='bbox 2968 2545 3228 2614; x_wconf 89' lang='lat' dir='ltr'>superius</span> <span class='ocrx_word' id='word_1_353' title='bbox 3252 2530 3626 2612; x_wconf 78' lang='lat' dir='ltr'>nominatum</span> 
     </span>
    </p>
   </div>
   <div class='ocr_carea' id='block_1_55' title="bbox 1999 2615 3626 2714">
    <p class='ocr_par' dir='ltr' id='par_1_55' title="bbox 1999 2615 3626 2714">
     <span class='ocr_line' id='line_1_55' title="bbox 1999 2615 3626 2714; baseline 0.02 -45"><span class='ocrx_word' id='word_1_354' title='bbox 1999 2615 2190 2671; x_wconf 87' lang='lat' dir='ltr'>Sancti</span> <span class='ocrx_word' id='word_1_355' title='bbox 2210 2619 2374 2672; x_wconf 91' lang='lat' dir='ltr'>Pauli</span> <span class='ocrx_word' id='word_1_356' title='bbox 2393 2622 2675 2692; x_wconf 91' lang='lat' dir='ltr'>oppidum</span> <span class='ocrx_word' id='word_1_357' title='bbox 2690 2628 2884 2684; x_wconf 88' lang='lat' dir='ltr'>venire</span> <span class='ocrx_word' id='word_1_358' title='bbox 2900 2629 3144 2703; x_wconf 88' lang='lat' dir='ltr'>disposui</span> <span class='ocrx_word' id='word_1_359' title='bbox 3157 2639 3335 2703; x_wconf 89' lang='lat' dir='ltr'>t,cum</span> <span class='ocrx_word' id='word_1_360' title='bbox 3353 2647 3626 2714; x_wconf 90' lang='lat' dir='ltr'>pontiﬁce</span> 
     </span>
    </p>
   </div>
   <div class='ocr_carea' id='block_1_56' title="bbox 1996 2703 3626 2807">
    <p class='ocr_par' dir='ltr' id='par_1_56' title="bbox 1996 2703 3626 2807">
     <span class='ocr_line' id='line_1_56' title="bbox 1996 2703 3626 2807; baseline 0.022 -50"><span class='ocrx_word' id='word_1_361' title='bbox 1996 2703 2172 2776; x_wconf 88' lang='lat' dir='ltr'>ipsius</span> <span class='ocrx_word' id='word_1_362' title='bbox 2195 2708 2344 2762; x_wconf 87' lang='lat' dir='ltr'>sedis</span> <span class='ocrx_word' id='word_1_363' title='bbox 2363 2713 2709 2770; x_wconf 90' lang='lat' dir='ltr'>tractaturus</span> <span class='ocrx_word' id='word_1_364' title='bbox 2729 2723 2922 2773; x_wconf 86' lang='lat' dir='ltr'>utrum</span> <span class='ocrx_word' id='word_1_365' title='bbox 2967 2721 3070 2775; x_wconf 89' lang='lat' dir='ltr'>sibi</span> <span class='ocrx_word' id='word_1_366' title='bbox 3103 2724 3225 2780; x_wconf 62' lang='lat' dir='ltr'>haec</span> <span class='ocrx_word' id='word_1_367' title='bbox 3249 2703 3380 2800; x_wconf 65' lang='lat' dir='ltr'>quae</span> <span class='ocrx_word' id='word_1_368' title='bbox 3408 2735 3626 2807; x_wconf 89' lang='lat' dir='ltr'>cogita-</span> 
     </span>
    </p>
   </div>
   <div class='ocr_carea' id='block_1_57' title="bbox 1995 2797 3625 2896">
    <p class='ocr_par' dir='ltr' id='par_1_57' title="bbox 1995 2797 3625 2896">
     <span class='ocr_line' id='line_1_57' title="bbox 1995 2797 3625 2896; baseline 0.023 -53"><span class='ocrx_word' id='word_1_369' title='bbox 1995 2797 2155 2889; x_wconf 73' lang='lat' dir='ltr'>verat</span> <span class='ocrx_word' id='word_1_370' title='bbox 2180 2811 2357 2891; x_wconf 78' lang='lat' dir='ltr'>agere</span> <span class='ocrx_word' id='word_1_371' title='bbox 2409 2802 2730 2870; x_wconf 87' lang='lat' dir='ltr'>expediret.</span> <span class='ocrx_word' id='word_1_372' title='bbox 2763 2807 2977 2862; x_wconf 86' lang='lat' dir='ltr'>Verum</span> <span class='ocrx_word' id='word_1_373' title='bbox 3009 2797 3438 2883; x_wconf 54' lang='lat' dir='ltr'>pelagus—illud</span> <span class='ocrx_word' id='word_1_374' title='bbox 3469 2797 3625 2896; x_wconf 72' lang='lat' dir='ltr'>quod</span> 
     </span>
    </p>
   </div>
   <div class='ocr_carea' id='block_1_58' title="bbox 1995 2879 3620 2981">
    <p class='ocr_par' dir='ltr' id='par_1_58' title="bbox 1995 2879 3620 2981">
     <span class='ocr_line' id='line_1_58' title="bbox 1995 2879 3620 2981; baseline 0.022 -50"><span class='ocrx_word' id='word_1_375' title='bbox 1995 2879 2149 2934; x_wconf 91' lang='lat' dir='ltr'>inter</span> <span class='ocrx_word' id='word_1_376' title='bbox 2177 2881 2425 2939; x_wconf 87' lang='lat' dir='ltr'>insulam</span> <span class='ocrx_word' id='word_1_377' title='bbox 2449 2904 2516 2941; x_wconf 89' lang='lat' dir='ltr'>ac</span> <span class='ocrx_word' id='word_1_378' title='bbox 2541 2893 2940 2949; x_wconf 89' lang='lat' dir='ltr'>continentem</span> <span class='ocrx_word' id='word_1_379' title='bbox 2969 2897 3216 2956; x_wconf 84' lang='lat' dir='ltr'>diximus</span> <span class='ocrx_word' id='word_1_380' title='bbox 3241 2923 3363 2963; x_wconf 86' lang='lat' dir='ltr'>esse</span> <span class='ocrx_word' id='word_1_381' title='bbox 3385 2879 3620 2981; x_wconf 59' lang='lat' dir='ltr'>terram,</span> 
     </span>
    </p>
   </div>
   <div class='ocr_carea' id='block_1_59' title="bbox 1997 2969 3620 3062">
    <p class='ocr_par' dir='ltr' id='par_1_59' title="bbox 1997 2969 3620 3062">
     <span class='ocr_line' id='line_1_59' title="bbox 1997 2969 3620 3062; baseline 0.022 -39"><span class='ocrx_word' id='word_1_382' title='bbox 1997 2969 2070 3024; x_wconf 91' lang='lat' dir='ltr'>ob</span> <span class='ocrx_word' id='word_1_383' title='bbox 2119 2969 2204 3024; x_wconf 90' lang='lat' dir='ltr'>sui</span> <span class='ocrx_word' id='word_1_384' title='bbox 2238 2974 2567 3042; x_wconf 88' lang='lat' dir='ltr'>angustiam</span> <span class='ocrx_word' id='word_1_385' title='bbox 2609 2982 2668 3032; x_wconf 91' lang='lat' dir='ltr'>ct</span> <span class='ocrx_word' id='word_1_386' title='bbox 2699 2982 2932 3052; x_wconf 88' lang='lat' dir='ltr'>rupium</span> <span class='ocrx_word' id='word_1_387' title='bbox 2965 2985 3020 3039; x_wconf 92' lang='lat' dir='ltr'>in</span> <span class='ocrx_word' id='word_1_388' title='bbox 3055 3005 3122 3042; x_wconf 91' lang='lat' dir='ltr'>eo</span> <span class='ocrx_word' id='word_1_389' title='bbox 3153 2969 3620 3062; x_wconf 78' lang='lat' dir='ltr'>prominentium</span> 
     </span>
    </p>
   </div>
   <div class='ocr_carea' id='block_1_60' title="bbox 1995 3060 3620 3158">
    <p class='ocr_par' dir='ltr' id='par_1_60' title="bbox 1995 3060 3620 3158">
     <span class='ocr_line' id='line_1_60' title="bbox 1995 3060 3620 3158; baseline 0.023 -47"><span class='ocrx_word' id='word_1_390' title='bbox 1995 3060 2522 3132; x_wconf 86' lang='lat' dir='ltr'>exasperationem,</span> <span class='ocrx_word' id='word_1_391' title='bbox 2557 3067 2852 3126; x_wconf 90' lang='lat' dir='ltr'>difﬁcilem</span> <span class='ocrx_word' id='word_1_392' title='bbox 2887 3060 3180 3134; x_wconf 79' lang='lat' dir='ltr'>multoties</span> <span class='ocrx_word' id='word_1_393' title='bbox 3212 3087 3620 3158; x_wconf 87' lang='lat' dir='ltr'>navigantibus</span> 
     </span>
    </p>
   </div>
   <div class='ocr_carea' id='block_1_61' title="bbox 246 3143 3618 3235">
    <p class='ocr_par' dir='ltr' id='par_1_61' title="bbox 246 3143 3618 3235">
     <span class='ocr_line' id='line_1_61' title="bbox 246 3143 3618 3235; baseline 0.017 -56"><span class='ocrx_word' id='word_1_394' title='bbox 246 3150 450 3205; x_wconf 61' lang='lat' dir='ltr'>munis</span> <span class='ocrx_word' id='word_1_395' title='bbox 493 3149 556 3202; x_wconf 74' lang='lat' dir='ltr'>in</span> <span class='ocrx_word' id='word_1_396' title='bbox 584 3148 705 3202; x_wconf 56' lang='lat' dir='ltr'>vita</span> <span class='ocrx_word' id='word_1_397' title='bbox 735 3163 839 3201; x_wconf 77' lang='lat' dir='ltr'>sua</span> <span class='ocrx_word' id='word_1_398' title='bbox 862 3147 1050 3200; x_wconf 85' lang='lat' dir='ltr'>clarus</span> <span class='ocrx_word' id='word_1_399' title='bbox 1081 3143 1406 3212; x_wconf 89' lang='lat' dir='ltr'>virtutibus,</span> <span class='ocrx_word' id='word_1_400' title='bbox 1431 3146 1652 3204; x_wconf 89' lang='lat' dir='ltr'>ibidem</span> <span class='ocrx_word' id='word_1_401' title='bbox 1682 3168 1787 3222; x_wconf 92' lang='lat' dir='ltr'>per</span> <span class='ocrx_word' id='word_1_402' title='bbox 1803 3151 1892 3206; x_wconf 92' lang='lat' dir='ltr'>di-</span> <span class='ocrx_word' id='word_1_403' title='bbox 1920 3163 1969 3222; x_wconf 72' lang='grc' dir='ltr'><strong>ρ</strong></span> <span class='ocrx_word' id='word_1_404' title='bbox 1995 3147 2172 3202; x_wconf 83' lang='lat' dir='ltr'>efﬁcit</span> <span class='ocrx_word' id='word_1_405' title='bbox 2203 3150 2539 3212; x_wconf 89' lang='lat' dir='ltr'>transitum.</span> <span class='ocrx_word' id='word_1_406' title='bbox 2587 3157 2751 3222; x_wconf 89' lang='lat' dir='ltr'>Quod</span> <span class='ocrx_word' id='word_1_407' title='bbox 2785 3178 2914 3216; x_wconf 92' lang='lat' dir='ltr'>cum</span> <span class='ocrx_word' id='word_1_408' title='bbox 2939 3163 3064 3233; x_wconf 87' lang='lat' dir='ltr'>jam</span> <span class='ocrx_word' id='word_1_409' title='bbox 3104 3168 3290 3228; x_wconf 90' lang='lat' dir='ltr'>dictus</span> <span class='ocrx_word' id='word_1_410' title='bbox 3322 3143 3406 3231; x_wconf 63' lang='lat' dir='ltr'>vir</span> 
     </span>
    </p>
   </div>
   <div class='ocr_carea' id='block_1_62' title="bbox 244 3232 1888 3310">
    <p class='ocr_par' dir='ltr' id='par_1_62' title="bbox 244 3232 1888 3310">
     <span class='ocr_line' id='line_1_62' title="bbox 244 3232 1888 3310; baseline 0.002 -20"><span class='ocrx_word' id='word_1_411' title='bbox 244 3238 448 3293; x_wconf 78' lang='lat' dir='ltr'>vinam</span> <span class='ocrx_word' id='word_1_412' title='bbox 482 3235 961 3307; x_wconf 87' lang='lat' dir='ltr'>designationem</span> <span class='ocrx_word' id='word_1_413' title='bbox 983 3232 1362 3288; x_wconf 85' lang='lat' dir='ltr'>tumulariam</span> <span class='ocrx_word' id='word_1_414' title='bbox 1393 3236 1606 3291; x_wconf 88' lang='lat' dir='ltr'>meruit</span> <span class='ocrx_word' id='word_1_415' title='bbox 1632 3240 1888 3310; x_wconf 91' lang='lat' dir='ltr'>sepultu-</span> 
     </span>
    </p>
   </div>
   <div class='ocr_carea' id='block_1_63' title="bbox 243 3321 1889 3395">
    <p class='ocr_par' dir='ltr' id='par_1_63' title="bbox 243 3321 1889 3395">
     <span class='ocr_line' id='line_1_63' title="bbox 243 3321 1889 3395; baseline 0 -14"><span class='ocrx_word' id='word_1_416' title='bbox 243 3343 397 3381; x_wconf 86' lang='lat' dir='ltr'>ram.</span> <span class='ocrx_word' id='word_1_417' title='bbox 428 3324 610 3395; x_wconf 87' lang='lat' dir='ltr'>Cujus</span> <span class='ocrx_word' id='word_1_418' title='bbox 640 3339 849 3394; x_wconf 90' lang='lat' dir='ltr'>corpus</span> <span class='ocrx_word' id='word_1_419' title='bbox 881 3323 1011 3392; x_wconf 91' lang='lat' dir='ltr'>post</span> <span class='ocrx_word' id='word_1_420' title='bbox 1055 3321 1234 3391; x_wconf 88' lang='lat' dir='ltr'>longa</span> <span class='ocrx_word' id='word_1_421' title='bbox 1272 3321 1458 3378; x_wconf 89' lang='lat' dir='ltr'>obitus</span> <span class='ocrx_word' id='word_1_422' title='bbox 1508 3325 1685 3395; x_wconf 88' lang='lat' dir='ltr'>ipsius</span> <span class='ocrx_word' id='word_1_423' title='bbox 1736 3331 1889 3382; x_wconf 85' lang='lat' dir='ltr'>tran-</span> 
     </span>
    </p>
   </div>
   <div class='ocr_carea' id='block_1_64' title="bbox 245 3407 1885 3486">
    <p class='ocr_par' dir='ltr' id='par_1_64' title="bbox 245 3407 1885 3486">
     <span class='ocr_line' id='line_1_64' title="bbox 245 3407 1885 3486; baseline 0.001 -17"><span class='ocrx_word' id='word_1_424' title='bbox 245 3418 404 3469; x_wconf 88' lang='lat' dir='ltr'>sacta</span> <span class='ocrx_word' id='word_1_425' title='bbox 420 3417 724 3482; x_wconf 89' lang='lat' dir='ltr'>tempora,</span> <span class='ocrx_word' id='word_1_426' title='bbox 753 3427 787 3464; x_wconf 90' lang='lat' dir='ltr'>a</span> <span class='ocrx_word' id='word_1_427' title='bbox 805 3411 1090 3466; x_wconf 85' lang='lat' dir='ltr'>Mabbone</span> <span class='ocrx_word' id='word_1_428' title='bbox 1114 3407 1227 3480; x_wconf 74' lang='grc'>(46)</span> <span class='ocrx_word' id='word_1_429' title='bbox 1255 3408 1429 3480; x_wconf 89' lang='lat' dir='ltr'>ipsius</span> <span class='ocrx_word' id='word_1_430' title='bbox 1458 3413 1563 3466; x_wconf 90' lang='lat' dir='ltr'>loci</span> <span class='ocrx_word' id='word_1_431' title='bbox 1587 3414 1885 3486; x_wconf 88' lang='lat' dir='ltr'>pontiﬁce,</span> 
     </span>
    </p>
   </div>
   <div class='ocr_carea' id='block_1_65' title="bbox 246 3498 1887 3558">
    <p class='ocr_par' dir='ltr' id='par_1_65' title="bbox 246 3498 1887 3558">
     <span class='ocr_line' id='line_1_65' title="bbox 246 3498 1887 3558; baseline 0 -1"><span class='ocrx_word' id='word_1_432' title='bbox 246 3503 320 3556; x_wconf 86' lang='lat' dir='ltr'>ad</span> <span class='ocrx_word' id='word_1_433' title='bbox 352 3503 470 3556; x_wconf 89' lang='lat' dir='ltr'>hoc</span> <span class='ocrx_word' id='word_1_434' title='bbox 511 3501 780 3554; x_wconf 89' lang='lat' dir='ltr'>nostrum</span> <span class='ocrx_word' id='word_1_435' title='bbox 816 3498 1181 3553; x_wconf 89' lang='lat' dir='ltr'>Floriacense</span> <span class='ocrx_word' id='word_1_436' title='bbox 1206 3500 1546 3556; x_wconf 90' lang='lat' dir='ltr'>translatum</span> <span class='ocrx_word' id='word_1_437' title='bbox 1578 3507 1662 3557; x_wconf 90' lang='lat' dir='ltr'>est</span> <span class='ocrx_word' id='word_1_438' title='bbox 1691 3520 1887 3558; x_wconf 79' lang='lat' dir='ltr'>cumo-</span> 
     </span>
    </p>
   </div>
   <div class='ocr_carea' id='block_1_66' title="bbox 242 3585 1885 3660">
    <p class='ocr_par' dir='ltr' id='par_1_66' title="bbox 242 3585 1885 3660">
     <span class='ocr_line' id='line_1_66' title="bbox 242 3585 1885 3660; baseline 0.002 -15"><span class='ocrx_word' id='word_1_439' title='bbox 242 3589 434 3645; x_wconf 88' lang='lat' dir='ltr'>hium.</span> <span class='ocrx_word' id='word_1_440' title='bbox 467 3589 653 3660; x_wconf 75' lang='lat' dir='ltr'>Hujus</span> <span class='ocrx_word' id='word_1_441' title='bbox 697 3585 1100 3641; x_wconf 88' lang='lat' dir='ltr'>translationis</span> <span class='ocrx_word' id='word_1_442' title='bbox 1132 3587 1362 3654; x_wconf 89' lang='lat' dir='ltr'>seriem,</span> <span class='ocrx_word' id='word_1_443' title='bbox 1407 3589 1539 3659; x_wconf 90' lang='lat' dir='ltr'>quia</span> <span class='ocrx_word' id='word_1_444' title='bbox 1572 3593 1792 3646; x_wconf 90' lang='lat' dir='ltr'>occasio</span> <span class='ocrx_word' id='word_1_445' title='bbox 1825 3610 1885 3648; x_wconf 90' lang='lat' dir='ltr'>se</span> 
     </span>
    </p>
   </div>
   <div class='ocr_carea' id='block_1_67' title="bbox 240 3676 1880 3751">
    <p class='ocr_par' dir='ltr' id='par_1_67' title="bbox 240 3676 1880 3751">
     <span class='ocr_line' id='line_1_67' title="bbox 240 3676 1880 3751; baseline 0.002 -19"><span class='ocrx_word' id='word_1_446' title='bbox 240 3678 526 3750; x_wconf 64' lang='lat' dir='ltr'>praebuit,</span> <span class='ocrx_word' id='word_1_447' title='bbox 559 3677 697 3732; x_wconf 90' lang='lat' dir='ltr'>licet</span> <span class='ocrx_word' id='word_1_448' title='bbox 740 3676 936 3730; x_wconf 89' lang='lat' dir='ltr'>multis</span> <span class='ocrx_word' id='word_1_449' title='bbox 973 3677 1148 3729; x_wconf 88' lang='lat' dir='ltr'>antea</span> <span class='ocrx_word' id='word_1_450' title='bbox 1200 3678 1557 3748; x_wconf 89' lang='lat' dir='ltr'>temporibus</span> <span class='ocrx_word' id='word_1_451' title='bbox 1598 3684 1758 3751; x_wconf 84' lang='lat' dir='ltr'>gesta</span> <span class='ocrx_word' id='word_1_452' title='bbox 1787 3680 1880 3747; x_wconf 88' lang='lat' dir='ltr'>sit,</span> 
     </span>
    </p>
   </div>
   <div class='ocr_carea' id='block_1_68' title="bbox 242 3763 1878 3839">
    <p class='ocr_par' dir='ltr' id='par_1_68' title="bbox 242 3763 1878 3839">
     <span class='ocr_line' id='line_1_68' title="bbox 242 3763 1878 3839; baseline 0.002 -19"><span class='ocrx_word' id='word_1_453' title='bbox 242 3766 391 3821; x_wconf 86' lang='lat' dir='ltr'>sicut</span> <span class='ocrx_word' id='word_1_454' title='bbox 422 3784 458 3821; x_wconf 89' lang='lat' dir='ltr'>a</span> <span class='ocrx_word' id='word_1_455' title='bbox 487 3764 781 3838; x_wconf 87' lang='lat' dir='ltr'>prioribus</span> <span class='ocrx_word' id='word_1_456' title='bbox 814 3763 1025 3819; x_wconf 89' lang='lat' dir='ltr'>nostris</span> <span class='ocrx_word' id='word_1_457' title='bbox 1054 3780 1185 3817; x_wconf 90' lang='lat' dir='ltr'>eam</span> <span class='ocrx_word' id='word_1_458' title='bbox 1220 3764 1416 3819; x_wconf 82' lang='lat' dir='ltr'>auditu</span> <span class='ocrx_word' id='word_1_459' title='bbox 1464 3769 1878 3839; x_wconf 90' lang='lat' dir='ltr'>comperimus,</span> 
     </span>
    </p>
   </div>
   <div class='ocr_carea' id='block_1_69' title="bbox 241 3853 1878 3928">
    <p class='ocr_par' dir='ltr' id='par_1_69' title="bbox 241 3853 1878 3928">
     <span class='ocr_line' id='line_1_69' title="bbox 241 3853 1878 3928; baseline 0.004 -20"><span class='ocrx_word' id='word_1_460' title='bbox 241 3856 471 3911; x_wconf 89' lang='lat' dir='ltr'>referre</span> <span class='ocrx_word' id='word_1_461' title='bbox 500 3855 752 3926; x_wconf 87' lang='lat' dir='ltr'>dignum</span> <span class='ocrx_word' id='word_1_462' title='bbox 781 3853 1069 3908; x_wconf 88' lang='lat' dir='ltr'>duximus.</span> <span class='ocrx_word' id='word_1_463' title='bbox 1120 3853 1465 3910; x_wconf 85' lang='lat' dir='ltr'>Memoratus</span> <span class='ocrx_word' id='word_1_464' title='bbox 1505 3857 1752 3928; x_wconf 90' lang='lat' dir='ltr'>denique</span> <span class='ocrx_word' id='word_1_465' title='bbox 1784 3876 1878 3914; x_wconf 89' lang='lat' dir='ltr'>ve-</span> 
     </span>
    </p>
   </div>
   <div class='ocr_carea' id='block_1_70' title="bbox 241 3942 1878 4019">
    <p class='ocr_par' dir='ltr' id='par_1_70' title="bbox 241 3942 1878 4019">
     <span class='ocr_line' id='line_1_70' title="bbox 241 3942 1878 4019; baseline 0.002 -21"><span class='ocrx_word' id='word_1_466' title='bbox 241 3943 529 3999; x_wconf 87' lang='lat' dir='ltr'>nerabilis</span> <span class='ocrx_word' id='word_1_467' title='bbox 547 3942 754 3998; x_wconf 83' lang='lat' dir='ltr'>Mabbo</span> <span class='ocrx_word' id='word_1_468' title='bbox 777 3942 1059 4012; x_wconf 79' lang='lat' dir='ltr'>pontifex,</span> <span class='ocrx_word' id='word_1_469' title='bbox 1084 3957 1281 3997; x_wconf 89' lang='lat' dir='ltr'>amore</span> <span class='ocrx_word' id='word_1_470' title='bbox 1311 3943 1498 4000; x_wconf 90' lang='lat' dir='ltr'>divino</span> <span class='ocrx_word' id='word_1_471' title='bbox 1520 3949 1878 4019; x_wconf 89' lang='lat' dir='ltr'>contempla-</span> 
     </span>
    </p>
   </div>
   <div class='ocr_carea' id='block_1_71' title="bbox 239 4031 1875 4108">
    <p class='ocr_par' dir='ltr' id='par_1_71' title="bbox 239 4031 1875 4108">
     <span class='ocr_line' id='line_1_71' title="bbox 239 4031 1875 4108; baseline 0.004 -22"><span class='ocrx_word' id='word_1_472' title='bbox 239 4033 375 4088; x_wconf 48' lang='lat' dir='ltr'>tiva),</span> <span class='ocrx_word' id='word_1_473' title='bbox 411 4048 723 4087; x_wconf 86' lang='lat' dir='ltr'>succensus</span> <span class='ocrx_word' id='word_1_474' title='bbox 739 4031 892 4098; x_wconf 63' lang='lat' dir='ltr'>vitae,</span> <span class='ocrx_word' id='word_1_475' title='bbox 920 4031 1226 4086; x_wconf 70' lang='lat' dir='ltr'>hmsitabat</span> <span class='ocrx_word' id='word_1_476' title='bbox 1254 4032 1448 4088; x_wconf 89' lang='lat' dir='ltr'>animo</span> <span class='ocrx_word' id='word_1_477' title='bbox 1481 4051 1736 4106; x_wconf 90' lang='lat' dir='ltr'>quonam</span> <span class='ocrx_word' id='word_1_478' title='bbox 1771 4054 1875 4108; x_wconf 90' lang='lat' dir='ltr'>po-</span> 
     </span>
    </p>
   </div>
   <div class='ocr_carea' id='block_1_72' title="bbox 239 4119 1872 4194">
    <p class='ocr_par' dir='ltr' id='par_1_72' title="bbox 239 4119 1872 4194">
     <span class='ocr_line' id='line_1_72' title="bbox 239 4119 1872 4194; baseline 0.003 -20"><span class='ocrx_word' id='word_1_479' title='bbox 239 4120 544 4176; x_wconf 88' lang='lat' dir='ltr'>tissimum</span> <span class='ocrx_word' id='word_1_480' title='bbox 572 4119 632 4173; x_wconf 91' lang='lat' dir='ltr'>in</span> <span class='ocrx_word' id='word_1_481' title='bbox 664 4120 793 4173; x_wconf 91' lang='lat' dir='ltr'>loco</span> <span class='ocrx_word' id='word_1_482' title='bbox 807 4136 974 4174; x_wconf 90' lang='lat' dir='ltr'>suum</span> <span class='ocrx_word' id='word_1_483' title='bbox 995 4122 1188 4190; x_wconf 88' lang='lat' dir='ltr'>posset</span> <span class='ocrx_word' id='word_1_484' title='bbox 1217 4121 1443 4193; x_wconf 91' lang='lat' dir='ltr'>explere</span> <span class='ocrx_word' id='word_1_485' title='bbox 1474 4123 1833 4194; x_wconf 88' lang='lat' dir='ltr'>propositum</span> <span class='ocrx_word' id='word_1_486' title='bbox 1858 4142 1872 4192; x_wconf 87' lang='lat'><strong>;</strong></span> 
     </span>
    </p>
   </div>
   <div class='ocr_carea' id='block_1_73' title="bbox 239 4205 1873 4284">
    <p class='ocr_par' dir='ltr' id='par_1_73' title="bbox 239 4205 1873 4284">
     <span class='ocr_line' id='line_1_73' title="bbox 239 4205 1873 4284; baseline 0.004 -22"><span class='ocrx_word' id='word_1_487' title='bbox 239 4208 330 4262; x_wconf 88' lang='lat' dir='ltr'>cui</span> <span class='ocrx_word' id='word_1_488' title='bbox 346 4206 634 4263; x_wconf 90' lang='lat' dir='ltr'>divinitus</span> <span class='ocrx_word' id='word_1_489' title='bbox 656 4205 998 4279; x_wconf 90' lang='lat' dir='ltr'>inspiratum</span> <span class='ocrx_word' id='word_1_490' title='bbox 1015 4210 1100 4262; x_wconf 90' lang='lat' dir='ltr'>est</span> <span class='ocrx_word' id='word_1_491' title='bbox 1122 4225 1404 4281; x_wconf 85' lang='lat' dir='ltr'>nusquam</span> <span class='ocrx_word' id='word_1_492' title='bbox 1425 4212 1610 4282; x_wconf 89' lang='lat' dir='ltr'>aptius</span> <span class='ocrx_word' id='word_1_493' title='bbox 1628 4212 1684 4267; x_wconf 91' lang='lat' dir='ltr'>id</span> <span class='ocrx_word' id='word_1_494' title='bbox 1708 4229 1873 4284; x_wconf 89' lang='lat' dir='ltr'>posse</span> 
     </span>
    </p>
   </div>
   <div class='ocr_carea' id='block_1_74' title="bbox 241 4295 1871 4370">
    <p class='ocr_par' dir='ltr' id='par_1_74' title="bbox 241 4295 1871 4370">
     <span class='ocr_line' id='line_1_74' title="bbox 241 4295 1871 4370; baseline 0.004 -19"><span class='ocrx_word' id='word_1_495' title='bbox 241 4313 379 4351; x_wconf 89' lang='lat' dir='ltr'>eum</span> <span class='ocrx_word' id='word_1_496' title='bbox 415 4295 702 4370; x_wconf 90' lang='lat' dir='ltr'>perﬁcere</span> <span class='ocrx_word' id='word_1_497' title='bbox 734 4312 909 4368; x_wconf 88' lang='lat' dir='ltr'>quam</span> <span class='ocrx_word' id='word_1_498' title='bbox 939 4296 997 4350; x_wconf 93' lang='lat' dir='ltr'>in</span> <span class='ocrx_word' id='word_1_499' title='bbox 1022 4299 1330 4368; x_wconf 80' lang='lat' dir='ltr'>praesentia</span> <span class='ocrx_word' id='word_1_500' title='bbox 1355 4300 1610 4370; x_wconf 86' lang='lat' dir='ltr'>corporis</span> <span class='ocrx_word' id='word_1_501' title='bbox 1631 4303 1871 4357; x_wconf 89' lang='lat' dir='ltr'>sanctis-</span> 
     </span>
    </p>
   </div>
   <div class='ocr_carea' id='block_1_75' title="bbox 1993 3240 3619 3324">
    <p class='ocr_par' dir='ltr' id='par_1_75' title="bbox 1993 3240 3619 3324">
     <span class='ocr_line' id='line_1_75' title="bbox 1993 3240 3619 3324; baseline 0.024 -37"><span class='ocrx_word' id='word_1_502' title='bbox 1993 3252 2190 3291; x_wconf 88' lang='lat' dir='ltr'>meare</span> <span class='ocrx_word' id='word_1_503' title='bbox 2221 3240 2412 3308; x_wconf 89' lang='lat' dir='ltr'>vellet,</span> <span class='ocrx_word' id='word_1_504' title='bbox 2434 3242 2978 3323; x_wconf 90' lang='lat' dir='ltr'>inopinatoimpetu</span> <span class='ocrx_word' id='word_1_505' title='bbox 3009 3257 3302 3318; x_wconf 77' lang='lat' dir='ltr'>undarum</span> <span class='ocrx_word' id='word_1_506' title='bbox 3324 3267 3481 3321; x_wconf 91' lang='lat' dir='ltr'>navis</span> <span class='ocrx_word' id='word_1_507' title='bbox 3498 3286 3619 3324; x_wconf 89' lang='lat' dir='ltr'>ver-</span> 
     </span>
    </p>
   </div>
   <div class='ocr_carea' id='block_1_76' title="bbox 1990 3327 3615 3413">
    <p class='ocr_par' dir='ltr' id='par_1_76' title="bbox 1990 3327 3615 3413">
     <span class='ocr_line' id='line_1_76' title="bbox 1990 3327 3615 3413; baseline 0.023 -36"><span class='ocrx_word' id='word_1_508' title='bbox 1990 3327 2114 3379; x_wconf 90' lang='lat' dir='ltr'>sata</span> <span class='ocrx_word' id='word_1_509' title='bbox 2134 3343 2266 3380; x_wconf 90' lang='lat' dir='ltr'>eum</span> <span class='ocrx_word' id='word_1_510' title='bbox 2283 3345 2414 3384; x_wconf 90' lang='lat' dir='ltr'>cum</span> <span class='ocrx_word' id='word_1_511' title='bbox 2442 3334 2716 3392; x_wconf 84' lang='lat' dir='ltr'>universis</span> <span class='ocrx_word' id='word_1_512' title='bbox 2762 3340 3095 3398; x_wconf 89' lang='lat' dir='ltr'>sociisinter</span> <span class='ocrx_word' id='word_1_513' title='bbox 3127 3364 3185 3402; x_wconf 80' lang='lat' dir='ltr'>se</span> <span class='ocrx_word' id='word_1_514' title='bbox 3218 3355 3450 3410; x_wconf 87' lang='lat' dir='ltr'>etmare</span> <span class='ocrx_word' id='word_1_515' title='bbox 3476 3374 3615 3413; x_wconf 87' lang='lat' dir='ltr'>con-</span> 
     </span>
    </p>
   </div>
   <div class='ocr_carea' id='block_1_77' title="bbox 1990 3414 3615 3507">
    <p class='ocr_par' dir='ltr' id='par_1_77' title="bbox 1990 3414 3615 3507">
     <span class='ocr_line' id='line_1_77' title="bbox 1990 3414 3615 3507; baseline 0.024 -42"><span class='ocrx_word' id='word_1_516' title='bbox 1990 3414 2173 3470; x_wconf 90' lang='lat' dir='ltr'>clusit.</span> <span class='ocrx_word' id='word_1_517' title='bbox 2234 3416 2415 3472; x_wconf 85' lang='lat' dir='ltr'>Erant</span> <span class='ocrx_word' id='word_1_518' title='bbox 2465 3420 2616 3478; x_wconf 90' lang='lat' dir='ltr'>inter</span> <span class='ocrx_word' id='word_1_519' title='bbox 2663 3443 2761 3481; x_wconf 90' lang='lat' dir='ltr'>eos</span> <span class='ocrx_word' id='word_1_520' title='bbox 2791 3432 3031 3485; x_wconf 89' lang='lat' dir='ltr'>natandi</span> <span class='ocrx_word' id='word_1_521' title='bbox 3064 3433 3294 3507; x_wconf 86' lang='lat' dir='ltr'>ignari;</span> <span class='ocrx_word' id='word_1_522' title='bbox 3329 3443 3434 3499; x_wconf 92' lang='lat' dir='ltr'>hos</span> <span class='ocrx_word' id='word_1_523' title='bbox 3460 3448 3615 3503; x_wconf 84' lang='lat' dir='ltr'>unda</span> 
     </span>
    </p>
   </div>
   <div class='ocr_carea' id='block_1_78' title="bbox 1988 3507 3613 3590">
    <p class='ocr_par' dir='ltr' id='par_1_78' title="bbox 1988 3507 3613 3590">
     <span class='ocr_line' id='line_1_78' title="bbox 1988 3507 3613 3590; baseline 0.023 -36"><span class='ocrx_word' id='word_1_524' title='bbox 1988 3507 2204 3574; x_wconf 90' lang='lat' dir='ltr'>raptos,</span> <span class='ocrx_word' id='word_1_525' title='bbox 2275 3523 2449 3578; x_wconf 90' lang='lat' dir='ltr'>super</span> <span class='ocrx_word' id='word_1_526' title='bbox 2473 3529 2654 3568; x_wconf 89' lang='lat' dir='ltr'>unum</span> <span class='ocrx_word' id='word_1_527' title='bbox 2686 3533 2716 3570; x_wconf 91' lang='lat' dir='ltr'>e</span> <span class='ocrx_word' id='word_1_528' title='bbox 2735 3520 3204 3587; x_wconf 87' lang='lat' dir='ltr'>prominentibus</span> <span class='ocrx_word' id='word_1_529' title='bbox 3231 3533 3378 3586; x_wconf 84' lang='lat' dir='ltr'>saxis</span> <span class='ocrx_word' id='word_1_530' title='bbox 3406 3533 3613 3590; x_wconf 85' lang='lat' dir='ltr'>illaesos</span> 
     </span>
    </p>
   </div>
   <div class='ocr_carea' id='block_1_79' title="bbox 1989 3589 3607 3692">
    <p class='ocr_par' dir='ltr' id='par_1_79' title="bbox 1989 3589 3607 3692">
     <span class='ocr_line' id='line_1_79' title="bbox 1989 3589 3607 3692; baseline 0.024 -51"><span class='ocrx_word' id='word_1_531' title='bbox 1989 3589 2274 3662; x_wconf 90' lang='lat' dir='ltr'>deposuit.</span> <span class='ocrx_word' id='word_1_532' title='bbox 2310 3597 2388 3650; x_wconf 91' lang='lat' dir='ltr'>lle</span> <span class='ocrx_word' id='word_1_533' title='bbox 2420 3615 2556 3655; x_wconf 90' lang='lat' dir='ltr'>vero</span> <span class='ocrx_word' id='word_1_534' title='bbox 2588 3619 2718 3658; x_wconf 91' lang='lat' dir='ltr'>cum</span> <span class='ocrx_word' id='word_1_535' title='bbox 2745 3623 2859 3662; x_wconf 91' lang='lat' dir='ltr'>uno</span> <span class='ocrx_word' id='word_1_536' title='bbox 2890 3611 3122 3666; x_wconf 88' lang='lat' dir='ltr'>tantum</span> <span class='ocrx_word' id='word_1_537' title='bbox 3155 3618 3483 3692; x_wconf 84' lang='lat' dir='ltr'>sodali,jam</span> <span class='ocrx_word' id='word_1_538' title='bbox 3517 3641 3607 3678; x_wconf 89' lang='lat' dir='ltr'>re-</span> 
     </span>
    </p>
   </div>
   <div class='ocr_carea' id='block_1_80' title="bbox 1988 3678 3606 3784">
    <p class='ocr_par' dir='ltr' id='par_1_80' title="bbox 1988 3678 3606 3784">
     <span class='ocr_line' id='line_1_80' title="bbox 1988 3678 3606 3784; baseline 0.022 -53"><span class='ocrx_word' id='word_1_539' title='bbox 1988 3678 2171 3734; x_wconf 69' lang='lat' dir='ltr'>ductae</span> <span class='ocrx_word' id='word_1_540' title='bbox 2200 3681 2256 3734; x_wconf 91' lang='lat' dir='ltr'>in</span> <span class='ocrx_word' id='word_1_541' title='bbox 2289 3699 2456 3740; x_wconf 90' lang='lat' dir='ltr'>suum</span> <span class='ocrx_word' id='word_1_542' title='bbox 2489 3691 2703 3745; x_wconf 89' lang='lat' dir='ltr'>statum</span> <span class='ocrx_word' id='word_1_543' title='bbox 2733 3697 2863 3748; x_wconf 89' lang='lat' dir='ltr'>navi</span> <span class='ocrx_word' id='word_1_544' title='bbox 2911 3697 3150 3769; x_wconf 88' lang='lat' dir='ltr'>insiluit,</span> <span class='ocrx_word' id='word_1_545' title='bbox 3186 3709 3245 3758; x_wconf 89' lang='lat' dir='ltr'>et</span> <span class='ocrx_word' id='word_1_546' title='bbox 3271 3678 3478 3764; x_wconf 67' lang='lat' dir='ltr'>fluctus</span> <span class='ocrx_word' id='word_1_547' title='bbox 3510 3713 3606 3784; x_wconf 85' lang='lat' dir='ltr'>qui</span> 
     </span>
    </p>
   </div>
   <div class='ocr_carea' id='block_1_81' title="bbox 1985 3772 3601 3868">
    <p class='ocr_par' dir='ltr' id='par_1_81' title="bbox 1985 3772 3601 3868">
     <span class='ocr_line' id='line_1_81' title="bbox 1985 3772 3601 3868; baseline 0.022 -48"><span class='ocrx_word' id='word_1_548' title='bbox 1985 3783 2116 3822; x_wconf 88' lang='lat' dir='ltr'>eam</span> <span class='ocrx_word' id='word_1_549' title='bbox 2142 3772 2539 3844; x_wconf 82' lang='lat' dir='ltr'>oppleverant,</span> <span class='ocrx_word' id='word_1_550' title='bbox 2574 3794 2768 3848; x_wconf 89' lang='lat' dir='ltr'>panno</span> <span class='ocrx_word' id='word_1_551' title='bbox 2802 3784 3006 3838; x_wconf 76' lang='lat' dir='ltr'>sinutce</span> <span class='ocrx_word' id='word_1_552' title='bbox 3039 3791 3206 3846; x_wconf 90' lang='lat' dir='ltr'>vestis</span> <span class='ocrx_word' id='word_1_553' title='bbox 3238 3772 3601 3868; x_wconf 74' lang='lat' dir='ltr'>exbaurieris,</span> 
     </span>
    </p>
   </div>
   <div class='ocr_carea' id='block_1_82' title="bbox 1983 3859 3600 3958">
    <p class='ocr_par' dir='ltr' id='par_1_82' title="bbox 1983 3859 3600 3958">
     <span class='ocr_line' id='line_1_82' title="bbox 1983 3859 3600 3958; baseline 0.021 -48"><span class='ocrx_word' id='word_1_554' title='bbox 1983 3872 2114 3912; x_wconf 91' lang='lat' dir='ltr'>cum</span> <span class='ocrx_word' id='word_1_555' title='bbox 2144 3859 2365 3913; x_wconf 90' lang='lat' dir='ltr'>duobus</span> <span class='ocrx_word' id='word_1_556' title='bbox 2382 3865 2480 3934; x_wconf 87' lang='lat' dir='ltr'>qui</span> <span class='ocrx_word' id='word_1_557' title='bbox 2494 3866 2597 3920; x_wconf 88' lang='lat' dir='ltr'>soli</span> <span class='ocrx_word' id='word_1_558' title='bbox 2617 3878 3025 3928; x_wconf 87' lang='lat' dir='ltr'>remanserant</span> <span class='ocrx_word' id='word_1_559' title='bbox 3039 3881 3215 3933; x_wconf 89' lang='lat' dir='ltr'>remis</span> <span class='ocrx_word' id='word_1_560' title='bbox 3227 3885 3299 3936; x_wconf 90' lang='lat' dir='ltr'>ad</span> <span class='ocrx_word' id='word_1_561' title='bbox 3317 3887 3600 3958; x_wconf 90' lang='lat' dir='ltr'>recipien-</span> 
     </span>
    </p>
   </div>
   <div class='ocr_carea' id='block_1_83' title="bbox 1981 3945 3600 4045">
    <p class='ocr_par' dir='ltr' id='par_1_83' title="bbox 1981 3945 3600 4045">
     <span class='ocr_line' id='line_1_83' title="bbox 1981 3945 3600 4045; baseline 0.02 -47"><span class='ocrx_word' id='word_1_562' title='bbox 1981 3945 2086 4000; x_wconf 92' lang='lat' dir='ltr'>dos</span> <span class='ocrx_word' id='word_1_563' title='bbox 2114 3946 2296 4001; x_wconf 89' lang='lat' dir='ltr'>socios</span> <span class='ocrx_word' id='word_1_564' title='bbox 2345 3952 2473 4022; x_wconf 91' lang='lat' dir='ltr'>rupi</span> <span class='ocrx_word' id='word_1_565' title='bbox 2517 3957 3022 4032; x_wconf 83' lang='lat' dir='ltr'>apprOpinquavit.</span> <span class='ocrx_word' id='word_1_566' title='bbox 3080 3965 3296 4028; x_wconf 86' lang='lat' dir='ltr'>Quibus</span> <span class='ocrx_word' id='word_1_567' title='bbox 3353 3945 3600 4045; x_wconf 74' lang='lat' dir='ltr'>receptis</span> 
     </span>
    </p>
   </div>
   <div class='ocr_carea' id='block_1_84' title="bbox 1978 4035 3598 4134">
    <p class='ocr_par' dir='ltr' id='par_1_84' title="bbox 1978 4035 3598 4134">
     <span class='ocr_line' id='line_1_84' title="bbox 1978 4035 3598 4134; baseline 0.02 -48"><span class='ocrx_word' id='word_1_568' title='bbox 1978 4035 2261 4108; x_wconf 90' lang='lat' dir='ltr'>prospicit</span> <span class='ocrx_word' id='word_1_569' title='bbox 2290 4039 2518 4095; x_wconf 89' lang='lat' dir='ltr'>eminus</span> <span class='ocrx_word' id='word_1_570' title='bbox 2546 4043 2761 4101; x_wconf 89' lang='lat' dir='ltr'>librum</span> <span class='ocrx_word' id='word_1_571' title='bbox 2792 4065 3084 4121; x_wconf 82' lang='lat' dir='ltr'>perqucm</span> <span class='ocrx_word' id='word_1_572' title='bbox 3103 4056 3301 4112; x_wconf 89' lang='lat' dir='ltr'>laudes</span> <span class='ocrx_word' id='word_1_573' title='bbox 3331 4062 3447 4116; x_wconf 91' lang='lat' dir='ltr'>Deo</span> <span class='ocrx_word' id='word_1_574' title='bbox 3471 4035 3598 4134; x_wconf 78' lang='lat' dir='ltr'>per-</span> 
     </span>
    </p>
   </div>
   <div class='ocr_carea' id='block_1_85' title="bbox 1977 4124 3596 4221">
    <p class='ocr_par' dir='ltr' id='par_1_85' title="bbox 1977 4124 3596 4221">
     <span class='ocr_line' id='line_1_85' title="bbox 1977 4124 3596 4221; baseline 0.02 -46"><span class='ocrx_word' id='word_1_575' title='bbox 1977 4124 2197 4178; x_wconf 88' lang='lat' dir='ltr'>solvere</span> <span class='ocrx_word' id='word_1_576' title='bbox 2236 4135 2630 4199; x_wconf 90' lang='lat' dir='ltr'>consueverat,</span> <span class='ocrx_word' id='word_1_577' title='bbox 2664 4135 2832 4189; x_wconf 91' lang='lat' dir='ltr'>undis</span> <span class='ocrx_word' id='word_1_578' title='bbox 2865 4138 3095 4208; x_wconf 89' lang='lat' dir='ltr'>jactari,</span> <span class='ocrx_word' id='word_1_579' title='bbox 3123 4160 3228 4198; x_wconf 91' lang='lat' dir='ltr'>nec</span> <span class='ocrx_word' id='word_1_580' title='bbox 3246 4150 3430 4221; x_wconf 89' lang='lat' dir='ltr'>mergi</span> <span class='ocrx_word' id='word_1_581' title='bbox 3463 4124 3596 4207; x_wconf 81' lang='lat' dir='ltr'>Post</span> 
     </span>
    </p>
   </div>
   <div class='ocr_carea' id='block_1_86' title="bbox 1977 4213 3590 4298">
    <p class='ocr_par' dir='ltr' id='par_1_86' title="bbox 1977 4213 3590 4298">
     <span class='ocr_line' id='line_1_86' title="bbox 1977 4213 3590 4298; baseline 0.02 -34"><span class='ocrx_word' id='word_1_582' title='bbox 1977 4227 2153 4282; x_wconf 89' lang='lat' dir='ltr'>quem</span> <span class='ocrx_word' id='word_1_583' title='bbox 2185 4213 2402 4269; x_wconf 90' lang='lat' dir='ltr'>directo</span> <span class='ocrx_word' id='word_1_584' title='bbox 2430 4234 2595 4273; x_wconf 91' lang='lat' dir='ltr'>cursu</span> <span class='ocrx_word' id='word_1_585' title='bbox 2613 4221 2770 4276; x_wconf 90' lang='lat' dir='ltr'>navis</span> <span class='ocrx_word' id='word_1_586' title='bbox 2799 4240 2933 4280; x_wconf 90' lang='lat' dir='ltr'>eum</span> <span class='ocrx_word' id='word_1_587' title='bbox 2965 4227 3276 4298; x_wconf 86' lang='lat' dir='ltr'>levavit,ita</span> <span class='ocrx_word' id='word_1_588' title='bbox 3299 4213 3457 4292; x_wconf 63' lang='lat' dir='ltr'>onini</span> <span class='ocrx_word' id='word_1_589' title='bbox 3485 4241 3590 4294; x_wconf 80' lang='lat' dir='ltr'>liu-</span> 
     </span>
    </p>
   </div>
   <div class='ocr_carea' id='block_1_87' title="bbox 1975 4301 3588 4399">
    <p class='ocr_par' dir='ltr' id='par_1_87' title="bbox 1975 4301 3588 4399">
     <span class='ocr_line' id='line_1_87' title="bbox 1975 4301 3588 4399; baseline 0.02 -48"><span class='ocrx_word' id='word_1_590' title='bbox 1975 4315 2138 4355; x_wconf 87' lang='lat' dir='ltr'>more</span> <span class='ocrx_word' id='word_1_591' title='bbox 2172 4301 2454 4359; x_wconf 90' lang='lat' dir='ltr'>introrsus</span> <span class='ocrx_word' id='word_1_592' title='bbox 2466 4313 2759 4366; x_wconf 89' lang='lat' dir='ltr'>carentem</span> <span class='ocrx_word' id='word_1_593' title='bbox 2777 4315 3068 4384; x_wconf 89' lang='lat' dir='ltr'>quasinon</span> <span class='ocrx_word' id='word_1_594' title='bbox 3097 4322 3266 4378; x_wconf 72' lang='lat' dir='ltr'>undzn</span> <span class='ocrx_word' id='word_1_595' title='bbox 3282 4325 3466 4396; x_wconf 91' lang='lat' dir='ltr'>ipsum</span> <span class='ocrx_word' id='word_1_596' title='bbox 3484 4345 3588 4399; x_wconf 86' lang='lat' dir='ltr'>per</span> 
     </span>
    </p>
   </div>
   <div class='ocr_carea' id='block_1_88' title="bbox 239 4384 3590 4477">
    <p class='ocr_par' dir='ltr' id='par_1_88' title="bbox 239 4384 3590 4477">
     <span class='ocr_line' id='line_1_88' title="bbox 239 4384 3590 4477; baseline 0.018 -61"><span class='ocrx_word' id='word_1_597' title='bbox 239 4385 378 4440; x_wconf 68' lang='lat' dir='ltr'>simi</span> <span class='ocrx_word' id='word_1_598' title='bbox 413 4385 602 4440; x_wconf 67' lang='lat' dir='ltr'>patris</span> <span class='ocrx_word' id='word_1_599' title='bbox 633 4384 813 4438; x_wconf 71' lang='lat' dir='ltr'>nostri</span> <span class='ocrx_word' id='word_1_600' title='bbox 848 4385 1162 4452; x_wconf 86' lang='lat' dir='ltr'>Benedicti,</span> <span class='ocrx_word' id='word_1_601' title='bbox 1196 4387 1292 4459; x_wconf 91' lang='lat' dir='ltr'>qui</span> <span class='ocrx_word' id='word_1_602' title='bbox 1345 4388 1457 4443; x_wconf 84' lang='lat' dir='ltr'>dux</span> <span class='ocrx_word' id='word_1_603' title='bbox 1522 4393 1580 4444; x_wconf 92' lang='lat' dir='ltr'>et</span> <span class='ocrx_word' id='word_1_604' title='bbox 1630 4391 1873 4462; x_wconf 79' lang='lat' dir='ltr'>signifer</span> <span class='ocrx_word' id='word_1_605' title='bbox 1896 4419 1948 4477; x_wconf 84' lang='lat' dir='ltr'>D</span> <span class='ocrx_word' id='word_1_606' title='bbox 1975 4391 2286 4457; x_wconf 86' lang='lat' dir='ltr'>maria,sed</span> <span class='ocrx_word' id='word_1_607' title='bbox 2301 4398 2503 4450; x_wconf 89' lang='lat' dir='ltr'>ventus</span> <span class='ocrx_word' id='word_1_608' title='bbox 2534 4416 2636 4470; x_wconf 88' lang='lat' dir='ltr'>per</span> <span class='ocrx_word' id='word_1_609' title='bbox 2664 4405 2847 4457; x_wconf 88' lang='lat' dir='ltr'>terras</span> <span class='ocrx_word' id='word_1_610' title='bbox 2870 4409 3200 4475; x_wconf 83' lang='lat' dir='ltr'>portaverit.</span> <span class='ocrx_word' id='word_1_611' title='bbox 3240 4384 3453 4471; x_wconf 74' lang='lat' dir='ltr'>Deinde</span> <span class='ocrx_word' id='word_1_612' title='bbox 3485 4384 3590 4474; x_wconf 70' lang='lat' dir='ltr'>ali-</span> 
     </span>
    </p>
   </div>
   <div class='ocr_carea' id='block_1_89' title="bbox 241 4472 1865 4552">
    <p class='ocr_par' dir='ltr' id='par_1_89' title="bbox 241 4472 1865 4552">
     <span class='ocr_line' id='line_1_89' title="bbox 241 4472 1865 4552; baseline 0.005 -25"><span class='ocrx_word' id='word_1_613' title='bbox 241 4473 398 4529; x_wconf 86' lang='lat' dir='ltr'>illius</span> <span class='ocrx_word' id='word_1_614' title='bbox 425 4479 583 4529; x_wconf 87' lang='lat' dir='ltr'>esset</span> <span class='ocrx_word' id='word_1_615' title='bbox 609 4472 985 4528; x_wconf 89' lang='lat' dir='ltr'>institutionis</span> <span class='ocrx_word' id='word_1_616' title='bbox 1007 4491 1182 4546; x_wconf 87' lang='lat' dir='ltr'>quam</span> <span class='ocrx_word' id='word_1_617' title='bbox 1215 4476 1334 4547; x_wconf 90' lang='lat' dir='ltr'>ipse</span> <span class='ocrx_word' id='word_1_618' title='bbox 1362 4478 1865 4552; x_wconf 76' lang='lat' dir='ltr'>sectariwpiebat.</span> 
     </span>
    </p>
   </div>
   <div class='ocr_carea' id='block_1_90' title="bbox 240 4561 1869 4633">
    <p class='ocr_par' dir='ltr' id='par_1_90' title="bbox 240 4561 1869 4633">
     <span class='ocr_line' id='line_1_90' title="bbox 240 4561 1869 4633; baseline 0.004 -16"><span class='ocrx_word' id='word_1_619' title='bbox 240 4562 511 4633; x_wconf 86' lang='lat' dir='ltr'>Sumptis</span> <span class='ocrx_word' id='word_1_620' title='bbox 529 4561 706 4632; x_wconf 86' lang='lat' dir='ltr'>igitur</span> <span class='ocrx_word' id='word_1_621' title='bbox 738 4562 1060 4632; x_wconf 82' lang='lat' dir='ltr'>Evangeliis</span> <span class='ocrx_word' id='word_1_622' title='bbox 1089 4567 1147 4617; x_wconf 92' lang='lat' dir='ltr'>et</span> <span class='ocrx_word' id='word_1_623' title='bbox 1170 4581 1463 4620; x_wconf 81' lang='lat' dir='ltr'>sacrarum</span> <span class='ocrx_word' id='word_1_624' title='bbox 1483 4568 1724 4622; x_wconf 88' lang='lat' dir='ltr'>vestium</span> <span class='ocrx_word' id='word_1_625' title='bbox 1753 4585 1869 4624; x_wconf 90' lang='lat' dir='ltr'>non</span> 
     </span>
    </p>
   </div>
   <div class='ocr_carea' id='block_1_91' title="bbox 238 4649 1867 4716">
    <p class='ocr_par' dir='ltr' id='par_1_91' title="bbox 238 4649 1867 4716">
     <span class='ocr_line' id='line_1_91' title="bbox 238 4649 1867 4716; baseline 0.004 -12"><span class='ocrx_word' id='word_1_626' title='bbox 238 4649 690 4705; x_wconf 85' lang='lat' dir='ltr'>contemnendo</span> <span class='ocrx_word' id='word_1_627' title='bbox 723 4651 1139 4716; x_wconf 87' lang='lat' dir='ltr'>ornatu,simul</span> <span class='ocrx_word' id='word_1_628' title='bbox 1171 4668 1300 4706; x_wconf 87' lang='lat' dir='ltr'>cum</span> <span class='ocrx_word' id='word_1_629' title='bbox 1331 4655 1710 4710; x_wconf 80' lang='lat' dir='ltr'>sacratissimo</span> <span class='ocrx_word' id='word_1_630' title='bbox 1743 4674 1867 4711; x_wconf 89' lang='lat' dir='ltr'>cor-</span> 
     </span>
    </p>
   </div>
   <div class='ocr_carea' id='block_1_92' title="bbox 239 4738 1868 4816">
    <p class='ocr_par' dir='ltr' id='par_1_92' title="bbox 239 4738 1868 4816">
     <span class='ocr_line' id='line_1_92' title="bbox 239 4738 1868 4816; baseline 0.004 -23"><span class='ocrx_word' id='word_1_631' title='bbox 239 4757 386 4810; x_wconf 86' lang='lat' dir='ltr'>pore</span> <span class='ocrx_word' id='word_1_632' title='bbox 421 4738 644 4809; x_wconf 86' lang='lat' dir='ltr'>egregii</span> <span class='ocrx_word' id='word_1_633' title='bbox 661 4739 916 4810; x_wconf 70' lang='lat' dir='ltr'>prmsulis</span> <span class='ocrx_word' id='word_1_634' title='bbox 930 4740 1087 4793; x_wconf 85' lang='lat' dir='ltr'>Pauli</span> <span class='ocrx_word' id='word_1_635' title='bbox 1118 4741 1190 4794; x_wconf 89' lang='lat' dir='ltr'>ad</span> <span class='ocrx_word' id='word_1_636' title='bbox 1214 4741 1721 4798; x_wconf 88' lang='lat' dir='ltr'>sibidesideratam</span> <span class='ocrx_word' id='word_1_637' title='bbox 1743 4762 1868 4816; x_wconf 90' lang='lat' dir='ltr'>per-</span> 
     </span>
    </p>
   </div>
   <div class='ocr_carea' id='block_1_93' title="bbox 238 4825 1866 4898">
    <p class='ocr_par' dir='ltr' id='par_1_93' title="bbox 238 4825 1866 4898">
     <span class='ocr_line' id='line_1_93' title="bbox 238 4825 1866 4898; baseline 0.007 -21"><span class='ocrx_word' id='word_1_638' title='bbox 238 4827 408 4880; x_wconf 85' lang='lat' dir='ltr'>venit</span> <span class='ocrx_word' id='word_1_639' title='bbox 438 4825 885 4891; x_wconf 84' lang='lat' dir='ltr'>habitationem,</span> <span class='ocrx_word' id='word_1_640' title='bbox 907 4843 1082 4898; x_wconf 84' lang='lat' dir='ltr'>quem</span> <span class='ocrx_word' id='word_1_641' title='bbox 1116 4829 1293 4883; x_wconf 83' lang='lat' dir='ltr'>abbas</span> <span class='ocrx_word' id='word_1_642' title='bbox 1325 4830 1479 4885; x_wconf 89' lang='lat' dir='ltr'>istius</span> <span class='ocrx_word' id='word_1_643' title='bbox 1493 4831 1637 4886; x_wconf 75' lang='lat' dir='ltr'>sacri</span> <span class='ocrx_word' id='word_1_644' title='bbox 1675 4848 1866 4888; x_wconf 71' lang='lat' dir='ltr'>emno-</span> 
     </span>
    </p>
   </div>
   <div class='ocr_carea' id='block_1_94' title="bbox 240 4913 1863 4992">
    <p class='ocr_par' dir='ltr' id='par_1_94' title="bbox 240 4913 1863 4992">
     <span class='ocr_line' id='line_1_94' title="bbox 240 4913 1863 4992; baseline 0.005 -25"><span class='ocrx_word' id='word_1_645' title='bbox 240 4913 342 4980; x_wconf 88' lang='lat' dir='ltr'>hii,</span> <span class='ocrx_word' id='word_1_646' title='bbox 366 4913 725 4984; x_wconf 67' lang='lat' dir='ltr'>praecedenti</span> <span class='ocrx_word' id='word_1_647' title='bbox 743 4914 890 4969; x_wconf 90' lang='lat' dir='ltr'>libro</span> <span class='ocrx_word' id='word_1_648' title='bbox 916 4915 1248 4970; x_wconf 86' lang='lat' dir='ltr'>nominatus</span> <span class='ocrx_word' id='word_1_649' title='bbox 1273 4918 1697 4992; x_wconf 69' lang='lat' dir='ltr'>Wll&#39;aldus(/i7),</span> <span class='ocrx_word' id='word_1_650' title='bbox 1726 4936 1863 4975; x_wconf 92' lang='lat' dir='ltr'>cun-</span> 
     </span>
    </p>
   </div>
   <div class='ocr_carea' id='block_1_95' title="bbox 238 5003 1865 5074">
    <p class='ocr_par' dir='ltr' id='par_1_95' title="bbox 238 5003 1865 5074">
     <span class='ocr_line' id='line_1_95' title="bbox 238 5003 1865 5074; baseline 0.005 -19"><span class='ocrx_word' id='word_1_651' title='bbox 238 5005 458 5073; x_wconf 85' lang='lat' dir='ltr'>ctaque</span> <span class='ocrx_word' id='word_1_652' title='bbox 487 5003 862 5072; x_wconf 89' lang='lat' dir='ltr'>congregatio</span> <span class='ocrx_word' id='word_1_653' title='bbox 893 5004 1326 5074; x_wconf 84' lang='lat' dir='ltr'>gratantissimo</span> <span class='ocrx_word' id='word_1_654' title='bbox 1353 5007 1676 5063; x_wconf 86' lang='lat' dir='ltr'>dilectionis</span> <span class='ocrx_word' id='word_1_655' title='bbox 1696 5009 1865 5064; x_wconf 89' lang='lat' dir='ltr'>susci-</span> 
     </span>
    </p>
   </div>
   <div class='ocr_carea' id='block_1_96' title="bbox 241 5090 1864 5166">
    <p class='ocr_par' dir='ltr' id='par_1_96' title="bbox 241 5090 1864 5166">
     <span class='ocr_line' id='line_1_96' title="bbox 241 5090 1864 5166; baseline 0.005 -22"><span class='ocrx_word' id='word_1_656' title='bbox 241 5090 476 5160; x_wconf 86' lang='lat' dir='ltr'>pientes</span> <span class='ocrx_word' id='word_1_657' title='bbox 503 5090 804 5161; x_wconf 89' lang='lat' dir='ltr'>obsequio,</span> <span class='ocrx_word' id='word_1_658' title='bbox 839 5106 954 5162; x_wconf 89' lang='lat' dir='ltr'>quo</span> <span class='ocrx_word' id='word_1_659' title='bbox 989 5091 1202 5146; x_wconf 85' lang='lat' dir='ltr'>advixit</span> <span class='ocrx_word' id='word_1_660' title='bbox 1231 5096 1518 5166; x_wconf 87' lang='lat' dir='ltr'>tempore,</span> <span class='ocrx_word' id='word_1_661' title='bbox 1549 5097 1864 5153; x_wconf 89' lang='lat' dir='ltr'>honoriﬁce</span> 
     </span>
    </p>
   </div>
   <div class='ocr_carea' id='block_1_97' title="bbox 242 5178 1861 5249">
    <p class='ocr_par' dir='ltr' id='par_1_97' title="bbox 242 5178 1861 5249">
     <span class='ocr_line' id='line_1_97' title="bbox 242 5178 1861 5249; baseline 0.006 -17"><span class='ocrx_word' id='word_1_662' title='bbox 242 5194 447 5233; x_wconf 88' lang='lat' dir='ltr'>secum</span> <span class='ocrx_word' id='word_1_663' title='bbox 467 5181 801 5233; x_wconf 84' lang='lat' dir='ltr'>tenuerunt.</span> <span class='ocrx_word' id='word_1_664' title='bbox 824 5178 928 5242; x_wconf 86' lang='lat' dir='ltr'>Qui</span> <span class='ocrx_word' id='word_1_665' title='bbox 944 5183 1177 5249; x_wconf 84' lang='lat' dir='ltr'>peracto</span> <span class='ocrx_word' id='word_1_666' title='bbox 1196 5182 1517 5238; x_wconf 87' lang='lat' dir='ltr'>laudablilis</span> <span class='ocrx_word' id='word_1_667' title='bbox 1537 5185 1661 5239; x_wconf 65' lang='lat' dir='ltr'>vitae</span> <span class='ocrx_word' id='word_1_668' title='bbox 1675 5202 1861 5242; x_wconf 90' lang='lat' dir='ltr'>cursu.</span> 
     </span>
    </p>
   </div>
   <div class='ocr_carea' id='block_1_98' title="bbox 313 5319 1866 5390">
    <p class='ocr_par' dir='ltr' id='par_1_98' title="bbox 313 5319 1866 5390">
     <span class='ocr_line' id='line_1_98' title="bbox 313 5319 1866 5390; baseline 0.006 -16"><span class='ocrx_word' id='word_1_669' title='bbox 313 5321 434 5390; x_wconf 54' lang='grc' dir='ltr'>(αἰξὶ</span> <span class='ocrx_word' id='word_1_670' title='bbox 466 5319 660 5373; x_wconf 82' lang='lat' dir='ltr'>Exstat</span> <span class='ocrx_word' id='word_1_671' title='bbox 688 5319 834 5374; x_wconf 88' lang='lat' dir='ltr'>liber</span> <span class='ocrx_word' id='word_1_672' title='bbox 862 5320 988 5387; x_wconf 89' lang='lat' dir='ltr'>iste,</span> <span class='ocrx_word' id='word_1_673' title='bbox 1021 5322 1119 5376; x_wconf 91' lang='lat' dir='ltr'>sed</span> <span class='ocrx_word' id='word_1_674' title='bbox 1154 5323 1408 5390; x_wconf 87' lang='lat' dir='ltr'>mutilus,</span> <span class='ocrx_word' id='word_1_675' title='bbox 1438 5325 1496 5379; x_wconf 92' lang='lat' dir='ltr'>in</span> <span class='ocrx_word' id='word_1_676' title='bbox 1521 5326 1866 5385; x_wconf 85' lang='lat' dir='ltr'>bibliotheca</span> 
     </span>
    </p>
   </div>
   <div class='ocr_carea' id='block_1_99' title="bbox 242 5391 618 5445">
    <p class='ocr_par' dir='ltr' id='par_1_99' title="bbox 242 5391 618 5445">
     <span class='ocr_line' id='line_1_99' title="bbox 242 5391 618 5445; baseline 0.003 -1"><span class='ocrx_word' id='word_1_677' title='bbox 242 5391 618 5445; x_wconf 76' lang='lat' dir='ltr'>Floriacensi.</span> 
     </span>
    </p>
   </div>
   <div class='ocr_carea' id='block_1_100' title="bbox 319 5461 1862 5532">
    <p class='ocr_par' dir='ltr' id='par_1_100' title="bbox 319 5461 1862 5532">
     <span class='ocr_line' id='line_1_100' title="bbox 319 5461 1862 5532; baseline 0.008 -18"><span class='ocrx_word' id='word_1_678' title='bbox 319 5464 443 5529; x_wconf 74' lang='grc'>(45)</span> <span class='ocrx_word' id='word_1_679' title='bbox 491 5461 580 5516; x_wconf 87' lang='lat' dir='ltr'>Sic</span> <span class='ocrx_word' id='word_1_680' title='bbox 629 5462 1002 5516; x_wconf 88' lang='lat' dir='ltr'>restituerunt</span> <span class='ocrx_word' id='word_1_681' title='bbox 1052 5463 1197 5518; x_wconf 90' lang='lat' dir='ltr'>Socii</span> <span class='ocrx_word' id='word_1_682' title='bbox 1231 5466 1608 5532; x_wconf 83' lang='lat' dir='ltr'>Bollandiani,</span> <span class='ocrx_word' id='word_1_683' title='bbox 1670 5470 1862 5527; x_wconf 89' lang='lat' dir='ltr'>Boscio</span> 
     </span>
    </p>
   </div>
   <div class='ocr_carea' id='block_1_101' title="bbox 241 5533 1863 5604">
    <p class='ocr_par' dir='ltr' id='par_1_101' title="bbox 241 5533 1863 5604">
     <span class='ocr_line' id='line_1_101' title="bbox 241 5533 1863 5604; baseline 0.007 -17"><span class='ocrx_word' id='word_1_684' title='bbox 241 5533 553 5604; x_wconf 77' lang='lat' dir='ltr'>mendose,</span> <span class='ocrx_word' id='word_1_685' title='bbox 585 5535 677 5604; x_wconf 84' lang='lat' dir='ltr'>qui</span> <span class='ocrx_word' id='word_1_686' title='bbox 706 5533 953 5604; x_wconf 75' lang='lat' dir='ltr'>oppidum</span> <span class='ocrx_word' id='word_1_687' title='bbox 984 5535 1199 5589; x_wconf 76' lang='lat' dir='ltr'>dicitur.</span> <span class='ocrx_word' id='word_1_688' title='bbox 1245 5537 1523 5593; x_wconf 83' lang='lat' dir='ltr'>Leonium</span> <span class='ocrx_word' id='word_1_689' title='bbox 1574 5557 1726 5595; x_wconf 91' lang='lat' dir='ltr'>nunc</span> <span class='ocrx_word' id='word_1_690' title='bbox 1779 5544 1863 5598; x_wconf 89' lang='lat' dir='ltr'>di-</span> 
     </span>
    </p>
   </div>
   <div class='ocr_carea' id='block_1_102' title="bbox 241 5603 1166 5675">
    <p class='ocr_par' dir='ltr' id='par_1_102' title="bbox 241 5603 1166 5675">
     <span class='ocr_line' id='line_1_102' title="bbox 241 5603 1166 5675; baseline 0.001 -18"><span class='ocrx_word' id='word_1_691' title='bbox 241 5607 432 5675; x_wconf 74' lang='lat' dir='ltr'>ctum,</span> <span class='ocrx_word' id='word_1_692' title='bbox 455 5603 605 5657; x_wconf 68' lang='lat' dir='ltr'>Leon</span> <span class='ocrx_word' id='word_1_693' title='bbox 622 5603 784 5657; x_wconf 89' lang='lat' dir='ltr'>sedes</span> <span class='ocrx_word' id='word_1_694' title='bbox 809 5603 1166 5675; x_wconf 85' lang='lat' dir='ltr'>episcopalis.</span> 
     </span>
    </p>
   </div>
   <div class='ocr_carea' id='block_1_103' title="bbox 325 5673 1867 5749">
    <p class='ocr_par' dir='ltr' id='par_1_103' title="bbox 325 5673 1867 5749">
     <span class='ocr_line' id='line_1_103' title="bbox 325 5673 1867 5749; baseline 0.008 -23"><span class='ocrx_word' id='word_1_695' title='bbox 325 5673 439 5744; x_wconf 69' lang='grc'>(46)</span> <span class='ocrx_word' id='word_1_696' title='bbox 467 5675 669 5730; x_wconf 73' lang='lat' dir='ltr'>Mabbo</span> <span class='ocrx_word' id='word_1_697' title='bbox 704 5673 984 5729; x_wconf 80' lang='lat' dir='ltr'>Leonensi</span> <span class='ocrx_word' id='word_1_698' title='bbox 1011 5673 1288 5732; x_wconf 66' lang='lat' dir='ltr'>Ecclesia:</span> <span class='ocrx_word' id='word_1_699' title='bbox 1321 5680 1535 5749; x_wconf 88' lang='lat' dir='ltr'>prafuit</span> <span class='ocrx_word' id='word_1_700' title='bbox 1585 5682 1655 5736; x_wconf 86' lang='lat' dir='ltr'>ab</span> <span class='ocrx_word' id='word_1_701' title='bbox 1713 5701 1867 5739; x_wconf 90' lang='lat' dir='ltr'>anno</span> 
     </span>
    </p>
   </div>
   <div class='ocr_carea' id='block_1_104' title="bbox 751 5772 1270 5830">
    <p class='ocr_par' dir='ltr' id='par_1_104' title="bbox 751 5772 1270 5830">
     <span class='ocr_line' id='line_1_104' title="bbox 751 5772 1270 5830; baseline 0.006 -3"><span class='ocrx_word' id='word_1_702' title='bbox 751 5772 985 5827; x_wconf 60' lang='lat' dir='ltr'>Parnm&quot;</span> <span class='ocrx_word' id='word_1_703' title='bbox 1022 5773 1270 5830; x_wconf 74' lang='lat' dir='ltr'>CXXXIX.</span> 
     </span>
    </p>
   </div>
   <div class='ocr_carea' id='block_1_105' title="bbox 1975 4479 3585 4579">
    <p class='ocr_par' dir='ltr' id='par_1_105' title="bbox 1975 4479 3585 4579">
     <span class='ocr_line' id='line_1_105' title="bbox 1975 4479 3585 4579; baseline 0.02 -49"><span class='ocrx_word' id='word_1_704' title='bbox 1975 4479 2179 4550; x_wconf 89' lang='lat' dir='ltr'>quibus</span> <span class='ocrx_word' id='word_1_705' title='bbox 2227 4482 2401 4536; x_wconf 89' lang='lat' dir='ltr'>remis</span> <span class='ocrx_word' id='word_1_706' title='bbox 2427 4501 2557 4540; x_wconf 88' lang='lat' dir='ltr'>cum</span> <span class='ocrx_word' id='word_1_707' title='bbox 2611 4488 2966 4560; x_wconf 86' lang='lat' dir='ltr'>aliquantula</span> <span class='ocrx_word' id='word_1_708' title='bbox 3001 4501 3293 4568; x_wconf 89' lang='lat' dir='ltr'>supellecti</span> <span class='ocrx_word' id='word_1_709' title='bbox 3321 4509 3585 4579; x_wconf 82' lang='lat' dir='ltr'>receptis,</span> 
     </span>
    </p>
   </div>
   <div class='ocr_carea' id='block_1_106' title="bbox 1972 4567 3294 4644">
    <p class='ocr_par' dir='ltr' id='par_1_106' title="bbox 1972 4567 3294 4644">
     <span class='ocr_line' id='line_1_106' title="bbox 1972 4567 3294 4644; baseline 0.019 -25"><span class='ocrx_word' id='word_1_710' title='bbox 1972 4567 2045 4620; x_wconf 89' lang='lat' dir='ltr'>ad</span> <span class='ocrx_word' id='word_1_711' title='bbox 2073 4569 2429 4625; x_wconf 86' lang='lat' dir='ltr'>destinatum</span> <span class='ocrx_word' id='word_1_712' title='bbox 2463 4576 2699 4631; x_wconf 89' lang='lat' dir='ltr'>tandem</span> <span class='ocrx_word' id='word_1_713' title='bbox 2728 4580 2900 4634; x_wconf 90' lang='lat' dir='ltr'>delati</span> <span class='ocrx_word' id='word_1_714' title='bbox 2920 4567 3294 4644; x_wconf 15' lang='lat' dir='ltr'>suntilocum.</span> 
     </span>
    </p>
   </div>
   <div class='ocr_carea' id='block_1_107' title="bbox 2043 4658 3582 4754">
    <p class='ocr_par' dir='ltr' id='par_1_107' title="bbox 2043 4658 3582 4754">
     <span class='ocr_line' id='line_1_107' title="bbox 2043 4658 3582 4754; baseline 0.021 -45"><span class='ocrx_word' id='word_1_715' title='bbox 2043 4661 2130 4712; x_wconf 76' lang='lat'>&#39;29.</span> <span class='ocrx_word' id='word_1_716' title='bbox 2165 4658 2424 4732; x_wconf 84' lang='lat' dir='ltr'>Cumque</span> <span class='ocrx_word' id='word_1_717' title='bbox 2465 4673 2820 4722; x_wconf 75' lang='lat' dir='ltr'>memoratus</span> <span class='ocrx_word' id='word_1_718' title='bbox 2869 4671 2976 4739; x_wconf 89' lang='lat' dir='ltr'>vir,</span> <span class='ocrx_word' id='word_1_719' title='bbox 3009 4691 3138 4730; x_wconf 91' lang='lat' dir='ltr'>cum</span> <span class='ocrx_word' id='word_1_720' title='bbox 3175 4679 3441 4754; x_wconf 86' lang='lat' dir='ltr'>episcopo</span> <span class='ocrx_word' id='word_1_721' title='bbox 3474 4686 3582 4741; x_wconf 89' lang='lat' dir='ltr'>loci</span> 
     </span>
    </p>
   </div>
   <div class='ocr_carea' id='block_1_108' title="bbox 1968 4747 3580 4836">
    <p class='ocr_par' dir='ltr' id='par_1_108' title="bbox 1968 4747 3580 4836">
     <span class='ocr_line' id='line_1_108' title="bbox 1968 4747 3580 4836; baseline 0.02 -39"><span class='ocrx_word' id='word_1_722' title='bbox 1968 4747 2321 4817; x_wconf 85' lang='lat' dir='ltr'>colloquium</span> <span class='ocrx_word' id='word_1_723' title='bbox 2363 4750 2648 4807; x_wconf 86' lang='lat' dir='ltr'>familiare</span> <span class='ocrx_word' id='word_1_724' title='bbox 2675 4755 2916 4825; x_wconf 89' lang='lat' dir='ltr'>habens,</span> <span class='ocrx_word' id='word_1_725' title='bbox 2944 4779 3013 4815; x_wconf 92' lang='lat' dir='ltr'>ea</span> <span class='ocrx_word' id='word_1_726' title='bbox 3044 4782 3170 4836; x_wconf 60' lang='lat' dir='ltr'>quae</span> <span class='ocrx_word' id='word_1_727' title='bbox 3194 4747 3298 4822; x_wconf 76' lang='lat' dir='ltr'>sibi</span> <span class='ocrx_word' id='word_1_728' title='bbox 3332 4747 3580 4829; x_wconf 83' lang='lat' dir='ltr'>obvene-</span> 
     </span>
    </p>
   </div>
   <div class='ocr_carea' id='block_1_109' title="bbox 1968 4837 3582 4924">
    <p class='ocr_par' dir='ltr' id='par_1_109' title="bbox 1968 4837 3582 4924">
     <span class='ocr_line' id='line_1_109' title="bbox 1968 4837 3582 4924; baseline 0.02 -39"><span class='ocrx_word' id='word_1_729' title='bbox 1968 4837 2099 4887; x_wconf 89' lang='lat' dir='ltr'>rant</span> <span class='ocrx_word' id='word_1_730' title='bbox 2122 4837 2337 4891; x_wconf 89' lang='lat' dir='ltr'>referre</span> <span class='ocrx_word' id='word_1_731' title='bbox 2366 4841 2535 4906; x_wconf 84' lang='lat' dir='ltr'>velle,</span> <span class='ocrx_word' id='word_1_732' title='bbox 2567 4846 2842 4913; x_wconf 45' lang='lat' dir='ltr'>praevenit</span> <span class='ocrx_word' id='word_1_733' title='bbox 2883 4865 3014 4904; x_wconf 91' lang='lat' dir='ltr'>eum</span> <span class='ocrx_word' id='word_1_734' title='bbox 3049 4856 3327 4924; x_wconf 78' lang='lat' dir='ltr'>pontifex,</span> <span class='ocrx_word' id='word_1_735' title='bbox 3381 4860 3462 4915; x_wconf 91' lang='lat' dir='ltr'>ita</span> <span class='ocrx_word' id='word_1_736' title='bbox 3493 4862 3582 4918; x_wconf 92' lang='lat' dir='ltr'>in-</span> 
     </span>
    </p>
   </div>
   <div class='ocr_carea' id='block_1_110' title="bbox 1967 4924 3578 5022">
    <p class='ocr_par' dir='ltr' id='par_1_110' title="bbox 1967 4924 3578 5022">
     <span class='ocr_line' id='line_1_110' title="bbox 1967 4924 3578 5022; baseline 0.02 -47"><span class='ocrx_word' id='word_1_737' title='bbox 1967 4924 2200 4994; x_wconf 90' lang='lat' dir='ltr'>quiens:</span> <span class='ocrx_word' id='word_1_738' title='bbox 2235 4947 2263 4974; x_wconf 84' lang='lat'><strong><em>«</em></strong></span> <span class='ocrx_word' id='word_1_739' title='bbox 2294 4927 2462 4994; x_wconf 75' lang='lat' dir='ltr'>Num,</span> <span class='ocrx_word' id='word_1_740' title='bbox 2483 4931 2581 4997; x_wconf 89' lang='lat' dir='ltr'>ait,</span> <span class='ocrx_word' id='word_1_741' title='bbox 2619 4931 2870 5002; x_wconf 75' lang='lat' dir='ltr'>ignoras,</span> <span class='ocrx_word' id='word_1_742' title='bbox 2890 4937 3126 4995; x_wconf 88' lang='lat' dir='ltr'>domine</span> <span class='ocrx_word' id='word_1_743' title='bbox 3143 4944 3407 5014; x_wconf 83' lang='lat' dir='ltr'>miFelix,</span> <span class='ocrx_word' id='word_1_744' title='bbox 3441 4952 3578 5022; x_wconf 87' lang='lat' dir='ltr'>quid</span> 
     </span>
    </p>
   </div>
   <div class='ocr_carea' id='block_1_111' title="bbox 1965 5012 3576 5099">
    <p class='ocr_par' dir='ltr' id='par_1_111' title="bbox 1965 5012 3576 5099">
     <span class='ocr_line' id='line_1_111' title="bbox 1965 5012 3576 5099; baseline 0.019 -35"><span class='ocrx_word' id='word_1_745' title='bbox 1965 5012 2194 5067; x_wconf 90' lang='lat' dir='ltr'>cuidam</span> <span class='ocrx_word' id='word_1_746' title='bbox 2225 5015 2498 5073; x_wconf 78' lang='lat' dir='ltr'>Monacho</span> <span class='ocrx_word' id='word_1_747' title='bbox 2534 5020 2804 5077; x_wconf 91' lang='lat' dir='ltr'>omnibus</span> <span class='ocrx_word' id='word_1_748' title='bbox 2838 5024 3055 5099; x_wconf 87' lang='lat' dir='ltr'>tibique</span> <span class='ocrx_word' id='word_1_749' title='bbox 3089 5030 3235 5087; x_wconf 83' lang='lat' dir='ltr'>bene</span> <span class='ocrx_word' id='word_1_750' title='bbox 3266 5012 3402 5090; x_wconf 89' lang='lat' dir='ltr'>noto</span> <span class='ocrx_word' id='word_1_751' title='bbox 3430 5012 3500 5091; x_wconf 79' lang='lat' dir='ltr'>de</span> <span class='ocrx_word' id='word_1_752' title='bbox 3522 5042 3576 5094; x_wconf 90' lang='lat' dir='ltr'>te</span> 
     </span>
    </p>
   </div>
   <div class='ocr_carea' id='block_1_112' title="bbox 1965 5106 3575 5180">
    <p class='ocr_par' dir='ltr' id='par_1_112' title="bbox 1965 5106 3575 5180">
     <span class='ocr_line' id='line_1_112' title="bbox 1965 5106 3575 5180; baseline 0.018 -29"><span class='ocrx_word' id='word_1_753' title='bbox 1965 5115 2068 5169; x_wconf 91' lang='lat' dir='ltr'>per</span> <span class='ocrx_word' id='word_1_754' title='bbox 2081 5106 2430 5158; x_wconf 89' lang='lat' dir='ltr'>nocturnum</span> <span class='ocrx_word' id='word_1_755' title='bbox 2449 5123 2718 5178; x_wconf 87' lang='lat' dir='ltr'>soporem</span> <span class='ocrx_word' id='word_1_756' title='bbox 2731 5113 3050 5171; x_wconf 88' lang='lat' dir='ltr'>revelatum</span> <span class='ocrx_word' id='word_1_757' title='bbox 3063 5117 3194 5172; x_wconf 83' lang='lat' dir='ltr'>sit?»</span> <span class='ocrx_word' id='word_1_758' title='bbox 3215 5122 3311 5175; x_wconf 90' lang='lat' dir='ltr'>Cui</span> <span class='ocrx_word' id='word_1_759' title='bbox 3332 5139 3461 5177; x_wconf 93' lang='lat' dir='ltr'>cum</span> <span class='ocrx_word' id='word_1_760' title='bbox 3484 5125 3575 5180; x_wconf 92' lang='lat' dir='ltr'>ille</span> 
     </span>
    </p>
   </div>
   <div class='ocr_carea' id='block_1_113' title="bbox 1967 5187 3569 5278">
    <p class='ocr_par' dir='ltr' id='par_1_113' title="bbox 1967 5187 3569 5278">
     <span class='ocr_line' id='line_1_113' title="bbox 1967 5187 3569 5278; baseline 0.017 -37"><span class='ocrx_word' id='word_1_761' title='bbox 1967 5187 2182 5243; x_wconf 80' lang='lat' dir='ltr'>diceret</span> <span class='ocrx_word' id='word_1_762' title='bbox 2203 5208 2261 5245; x_wconf 90' lang='lat' dir='ltr'>se</span> <span class='ocrx_word' id='word_1_763' title='bbox 2283 5191 2337 5246; x_wconf 90' lang='lat' dir='ltr'>id</span> <span class='ocrx_word' id='word_1_764' title='bbox 2364 5192 2624 5250; x_wconf 88' lang='lat' dir='ltr'>funditus</span> <span class='ocrx_word' id='word_1_765' title='bbox 2646 5196 2936 5268; x_wconf 88' lang='lat' dir='ltr'>ignorare,</span> <span class='ocrx_word' id='word_1_766' title='bbox 2969 5205 3268 5278; x_wconf 87' lang='lat' dir='ltr'>episcopus</span> <span class='ocrx_word' id='word_1_767' title='bbox 3288 5210 3360 5263; x_wconf 90' lang='lat' dir='ltr'>ad</span> <span class='ocrx_word' id='word_1_768' title='bbox 3391 5226 3524 5266; x_wconf 89' lang='lat' dir='ltr'>eum</span> <span class='ocrx_word' id='word_1_769' title='bbox 3556 5230 3569 5267; x_wconf 88' lang='lat'>:</span> 
     </span>
    </p>
   </div>
   <div class='ocr_carea' id='block_1_114' title="bbox 1967 5334 3570 5420">
    <p class='ocr_par' dir='ltr' id='par_1_114' title="bbox 1967 5334 3570 5420">
     <span class='ocr_line' id='line_1_114' title="bbox 1967 5334 3570 5420; baseline 0.017 -35"><span class='ocrx_word' id='word_1_770' title='bbox 1967 5334 2126 5420; x_wconf 54' lang='lat'>240-9</span> <span class='ocrx_word' id='word_1_771' title='bbox 2139 5336 2307 5420; x_wconf 40' lang='lat' dir='ltr'>ili,._ex</span> <span class='ocrx_word' id='word_1_772' title='bbox 2333 5338 2569 5420; x_wconf 56' lang='lat' dir='ltr'>{Uberto</span> <span class='ocrx_word' id='word_1_773' title='bbox 2589 5341 2658 5396; x_wconf 87' lang='lat' dir='ltr'>de</span> <span class='ocrx_word' id='word_1_774' title='bbox 2683 5343 3092 5420; x_wconf 13' lang='lat' dir='ltr'>ltlornterelaxo,</span> <span class='ocrx_word' id='word_1_775' title='bbox 3118 5351 3375 5420; x_wconf 82' lang='lat' dir='ltr'>quibanc</span> <span class='ocrx_word' id='word_1_776' title='bbox 3392 5358 3570 5411; x_wconf 91' lang='lat' dir='ltr'>sancti</span> 
     </span>
    </p>
   </div>
   <div class='ocr_carea' id='block_1_115' title="bbox 1967 5405 3572 5482">
    <p class='ocr_par' dir='ltr' id='par_1_115' title="bbox 1967 5405 3572 5482">
     <span class='ocr_line' id='line_1_115' title="bbox 1967 5405 3572 5482; baseline 0.017 -27"><span class='ocrx_word' id='word_1_777' title='bbox 1967 5405 2121 5482; x_wconf 79' lang='lat' dir='ltr'>Pauli</span> <span class='ocrx_word' id='word_1_778' title='bbox 2150 5407 2520 5482; x_wconf 71' lang='lat' dir='ltr'>reliquiarum</span> <span class='ocrx_word' id='word_1_779' title='bbox 2548 5415 2982 5470; x_wconf 84' lang='lat' dir='ltr'>translationem</span> <span class='ocrx_word' id='word_1_780' title='bbox 3020 5405 3335 5479; x_wconf 44' lang='lat' dir='ltr'>Flor‘iaeum</span> <span class='ocrx_word' id='word_1_781' title='bbox 3377 5427 3572 5482; x_wconf 85' lang='lat' dir='ltr'>tribuit</span> 
     </span>
    </p>
   </div>
   <div class='ocr_carea' id='block_1_116' title="bbox 1967 5475 3301 5555">
    <p class='ocr_par' dir='ltr' id='par_1_116' title="bbox 1967 5475 3301 5555">
     <span class='ocr_line' id='line_1_116' title="bbox 1967 5475 3301 5555; baseline 0.016 -28"><span class='ocrx_word' id='word_1_782' title='bbox 1967 5475 2142 5529; x_wconf 88' lang='lat' dir='ltr'>etiam</span> <span class='ocrx_word' id='word_1_783' title='bbox 2174 5475 2415 5533; x_wconf 78' lang='lat' dir='ltr'>Liberali</span> <span class='ocrx_word' id='word_1_784' title='bbox 2448 5483 2715 5555; x_wconf 87' lang='lat' dir='ltr'>episcopo</span> <span class='ocrx_word' id='word_1_785' title='bbox 2745 5487 2848 5539; x_wconf 88' lang='lat' dir='ltr'>sub</span> <span class='ocrx_word' id='word_1_786' title='bbox 2878 5487 3079 5544; x_wconf 88' lang='lat' dir='ltr'>Carolo</span> <span class='ocrx_word' id='word_1_787' title='bbox 3113 5475 3301 5549; x_wconf 74' lang='lat' dir='ltr'>Calvo.</span> 
     </span>
    </p>
   </div>
   <div class='ocr_carea' id='block_1_117' title="bbox 2036 5564 3569 5655">
    <p class='ocr_par' dir='ltr' id='par_1_117' title="bbox 2036 5564 3569 5655">
     <span class='ocr_line' id='line_1_117' title="bbox 2036 5564 3569 5655; baseline 0.015 -38"><span class='ocrx_word' id='word_1_788' title='bbox 2036 5564 2397 5655; x_wconf 37' lang='lat' dir='ltr'>(47).Auct‘or</span> <span class='ocrx_word' id='word_1_789' title='bbox 2423 5569 2738 5655; x_wconf 68' lang='lat' dir='ltr'>fragmenti</span> <span class='ocrx_word' id='word_1_790' title='bbox 2769 5573 3022 5655; x_wconf 63' lang='lat' dir='ltr'>historici</span> <span class='ocrx_word' id='word_1_791' title='bbox 3049 5579 3173 5648; x_wconf 86' lang='lat' dir='ltr'>jam</span> <span class='ocrx_word' id='word_1_792' title='bbox 3209 5583 3388 5649; x_wconf 78' lang='lat' dir='ltr'>citati,</span> <span class='ocrx_word' id='word_1_793' title='bbox 3419 5586 3569 5655; x_wconf 88' lang='lat' dir='ltr'>apud</span> 
     </span>
    </p>
   </div>
   <div class='ocr_carea' id='block_1_118' title="bbox 1970 5633 3460 5713">
    <p class='ocr_par' dir='ltr' id='par_1_118' title="bbox 1970 5633 3460 5713">
     <span class='ocr_line' id='line_1_118' title="bbox 1970 5633 3460 5713; baseline 0.014 -25"><span class='ocrx_word' id='word_1_794' title='bbox 1970 5633 2280 5692; x_wconf 87' lang='lat' dir='ltr'>Chesnium</span> <span class='ocrx_word' id='word_1_795' title='bbox 2315 5643 2474 5695; x_wconf 87' lang='lat' dir='ltr'>torno</span> <span class='ocrx_word' id='word_1_796' title='bbox 2507 5633 2595 5707; x_wconf 78' lang='lat' dir='ltr'>ill,</span> <span class='ocrx_word' id='word_1_797' title='bbox 2631 5659 2761 5713; x_wconf 87' lang='lat' dir='ltr'>pag.</span> <span class='ocrx_word' id='word_1_798' title='bbox 2797 5647 2924 5710; x_wconf 74' lang='grc'>343,</span> <span class='ocrx_word' id='word_1_799' title='bbox 2955 5633 3108 5704; x_wconf 71' lang='grc' dir='ltr'>ἰάθῖῐι</span> 
     </span>
    </p>
   </div>
   <div class='ocr_carea' id='block_1_119' title="bbox 3294 5806 3360 5862">
    <p class='ocr_par' dir='ltr' id='par_1_119' title="bbox 3294 5806 3360 5862">
     <span class='ocr_line' id='line_1_119' title="bbox 3294 5806 3360 5862; baseline 0.045 -3"><span class='ocrx_word' id='word_1_800' title='bbox 3294 5806 3360 5862; x_wconf 72' lang='lat'>27</span> 
     </span>
    </p>
   </div>
  </div>
