3998 6166
548 434 620 492 43
1574 423 1843 485 ΑΙΜΟΙΝΙ
1865 423 2127 488 MONACI

2211 426 2714 489 FLORI‘ACENSIS
3680 438 3766 498 8H

501 579 529 610 ‹‹
553 550 1000 627 Retulit,inquit,
1015 549 1158 609 mihi
1178 549 1335 612 idem
1362 550 2101 611 monachuscorammultis
2124 553 2182 621 Α
2209 555 2621 614 tasverborum
2639 553 3308 614 audientibusfastidium
3327 551 3568 616 materiai
3596 557 3771 634 gigas.

497 648 757 713 testibus,
777 644 1007 700 dicens:
1028 642 1342 700 Videbatur
1370 641 1513 698 mihi
1547 642 1704 716 quod
1737 642 2017 716 Felix,qui
2046 643 2106 700 in
2209 643 2442 702 ret.Sed
2467 644 2603 717 quia
2640 643 2950 703 decurrens
2971 661 3162 702 sermo
3191 645 3430 702 retineri
3457 663 3567 702 non
3614 651 3772 720 potuit

498 738 682 792 insula
710 732 1049 800 habitat,hic
1069 733 1222 804 apud
1250 749 1355 788 nos
1382 734 1533 788 foret
1561 731 1798 802 positus.
1833 732 1940 798 Qui
1966 733 2106 790 dum
2211 749 2388 805 quem
2416 732 2498 789 vis
2528 731 3202 791 dilectionissanctissimi
3223 733 3406 790 Patris
3429 735 3692 792 Benedicti
3713 739 3772 794 ad

499 826 572 881 ad
602 843 702 880 sua
715 823 945 896 regredi
961 824 1129 878 vellet
1146 822 1456 894 navimque
1470 821 2107 890 ascendisset,diabolus
2210 821 2437 893 plenius
2449 823 2818 894 exponendas
2831 838 2923 877 res
2943 826 3130 895 gestas
3146 822 3773 896 irnpuligignosceadum

497 916 554 970 in
583 915 772 986 specie
814 911 1050 968 vulturis
1079 911 1576 982 adveniens,cujus
1629 912 1890 983 corporis
1924 914 2108 969 moles
2207 913 2297 966 est
2327 909 2394 978 si,
2421 912 2726 983 plusquam
2743 911 3143 984 licuit,loquax
3164 912 3515 984 paginafuit.
3539 913 3774 970 Procura-

497 1005 712 1060 montis
733 1001 1022 1059 altitudini
1060 1000 1275 1074 aequari
1306 1017 1470 1071 posse
1496 1000 1841 1055 credebatur
1870 1004 2107 1056 cunctos
2209 997 2405 1053 bimus
2426 998 2697 1070 deinceps
2717 999 3006 1056 suecincto
3021 1001 3301 1056 narrandi
3315 1016 3520 1070 genere
3541 1002 3777 1059 miracula

497 1093 594 1166 qui
623 1095 748 1150 rate
779 1092 1134 1147 vehebantur
1162 1090 1332 1144 simul
1361 1105 1492 1143 cum
1519 1088 1716 1159 ipsain
1742 1089 2100 1160 profundum
2211 1086 2473 1157 ejusdem
2500 1087 2692 1143 dilecti
2706 1087 2930 1143 domini
2944 1089 3460 1160 comprehendere,
3474 1092 3533 1145 ut
3551 1089 3778 1147 etlaudes

498 1199 763 1255 mergere
794 1180 936 1237 mihi
958 1178 1395 1235 videbatur.lllis
1424 1178 1617 1250 itaque
1648 1179 1758 1233 hoc
1790 1179 1965 1234 modo
1981 1180 2110 1234 sub-
2213 1174 2336 1245 ejus
2354 1192 2694 1247 promamus
2723 1181 2781 1232 et
2809 1177 3009 1232 lectori
3043 1193 3421 1249 nequaquam
3441 1178 3592 1233 oneri
3614 1179 3777 1236 simus.

499 1269 1243 1342 mersis,apparuitrepente
1256 1267 1340 1321 vir
1357 1266 1592 1338 quidam
1610 1267 1949 1322 monachico
1965 1267 2103 1323 ado-
2285 1266 2352 1318 33
2385 1264 2730 1336 Burgundim
2765 1264 2824 1320 in
2852 1265 3130 1337 partibus,
3163 1266 3454 1322 territorio
3479 1265 3778 1334 Tricassino,

498 1365 694 1433 pertus
728 1359 1093 1425 indumento,
1127 1373 1291 1411 more
1321 1357 1598 1411 abbatum
1626 1372 1932 1411 recurvum
1957 1373 1990 1412 a
2020 1374 2108 1413 ca—
2212 1352 2346 1408 villa
2366 1353 2611 1408 habetur
2641 1352 2835 1409 Sancti
2884 1354 3200 1418 Benedicti,
3233 1354 3532 1410 Tauriacus
3560 1355 3777 1422 nomine,

501 1449 617 1521 pite
631 1450 701 1503 de
721 1465 896 1503 manu
911 1463 1120 1517 gerens
1133 1446 1430 1512 baculum;
1462 1444 1675 1517 quique
1702 1461 1874 1516 super
1896 1462 2110 1518 aquam
2213 1459 2390 1514 quam
2421 1443 2747 1511 advocatus,
2780 1445 3058 1499 vocabulo
3081 1445 3448 1513 Gauzfredus,
3472 1445 3704 1518 quamvis
3723 1445 3780 1500 ab

504 1538 884 1592 deambulans
909 1535 1117 1591 eodem
1134 1533 1291 1604 ligno
1309 1533 1502 1588 navim
1520 1549 1652 1587 cum
1669 1533 2003 1589 hominibus
2031 1535 2112 1590 nil
2216 1530 2502 1586 extraneis
2527 1532 2891 1601 defenderet,
2924 1533 3237 1589 violentius
3268 1551 3443 1605 quam
3473 1534 3690 1607 quilibet
3705 1550 3780 1588 ex-

503 1626 641 1681 mali
671 1625 867 1697 passis,
899 1641 962 1678 ac
988 1623 1205 1678 cunctis
1234 1623 1426 1689 rebus,
1461 1622 1530 1676 de
1553 1621 1842 1694 profundo
1862 1623 1935 1677 ad
1955 1622 2114 1678 littus
2215 1623 2415 1675 ternus
2444 1623 2722 1677 vastabat.
2761 1621 2949 1686 Quem
2982 1639 3016 1677 a
3037 1622 3345 1678 monachis
3366 1624 3783 1695 frequenteruta

503 1711 978 1769 traxit.Liberatis
1006 1728 1140 1766 vero
1173 1711 1467 1781 imperans
1491 1713 1551 1764 ut
1582 1726 1639 1764 se
1673 1710 1891 1766 ibidem
1924 1712 2112 1784 operi-
2217 1709 2537 1764 malefactis
2553 1711 2892 1782 quiesceret,
2907 1711 3418 1780 admonitum,nec
3431 1711 3785 1784 obtemperan-

503 1808 725 1870 rentur,
764 1803 1048 1857 vulturem
1073 1799 1170 1872 qui
1187 1800 1313 1870 jam
1337 1799 1532 1871 fugam
1549 1800 2114 1870 paraverat,insecu-
2217 1801 2360 1866 tem,
2388 1799 2515 1870 pius
2542 1801 2712 1854 Pater
2742 1800 3081 1855 Benedictus
3104 1817 3138 1856 a
3159 1802 3280 1856 Deo
3313 1800 3554 1856 obtinuit
3593 1799 3783 1870 ﬂagello

504 1897 617 1960 tus,
644 1893 804 1963 virga
833 1905 1165 1962 percussum
1195 1887 1252 1942 in
1283 1888 1641 1960 profundum
1673 1888 1858 1959 abyssi
1891 1890 2113 1944 mersit.
2147 1877 2199 1936 Β
2220 1887 2770 1960 correptionisprius
2783 1889 3006 1960 percuti
3019 1890 3333 1962 quamejus
3346 1888 3786 1945 malitiafunditus

505 1983 782 2037 Reversus
805 1981 876 2035 ad
915 1978 1162 2034 Felicem
1187 1979 1245 2032 et
1274 1977 1458 2032 socios
1489 1978 1535 2049 ej
1548 1995 1631 2046 us,
1675 1978 1850 2033 alacri
1900 1982 1963 2032 ut
1993 1982 2119 2034 erat
2219 1975 2530 2032 deleretur.
2569 1977 2830 2041 Quadam
2860 1979 3054 2050 itaque
3087 1978 3179 2034 die
3214 1995 3284 2034 eo
3315 1978 3375 2033 in
3406 1979 3573 2034 domo
3593 1977 3787 2050 propria

510 2073 685 2138 vultu,
719 2087 816 2125 eos
846 2069 1187 2124 hortabatur
1217 2071 1279 2121 ut
1306 2084 1541 2122 ascensa
1580 2067 1751 2122 lintre
1781 2084 1895 2140 quo
1923 2069 2116 2142 cupie-
2219 2065 2373 2121 intra
2403 2070 2746 2122 memorata;
2777 2067 2934 2122 urbis
2955 2067 3290 2123 Tricassinua
3313 2083 3509 2122 muros
3523 2065 3788 2122 constituta

509 2162 650 2217 bant
683 2176 882 2215 secure
917 2157 1314 2230 enavigarent,
1349 2155 1544 2211 dicens
1580 2172 1593 2211 :
1649 2157 1730 2210 En
1763 2156 2120 2212 adversarius
2220 2155 2604 2223 residente,et
2613 2157 2982 2228 judiciariam
2999 2157 3153 2212 inter
3171 2156 3492 2212 rusticanos
3515 2159 3703 2227 agente
3717 2172 3788 2210 ac-

506 2253 715 2317 vester,
748 2265 854 2321 per
884 2247 985 2303 Dei
1017 2246 1267 2319 gratiam
1289 2262 1322 2300 a
1349 2260 1442 2299 me
1485 2244 1834 2312 submersus,
1868 2245 2121 2318 perdidit
2221 2244 2465 2313 tionem,
2500 2245 2666 2317 niger
2694 2246 2852 2301 canis
2881 2247 3042 2303 rabie
3071 2247 3279 2318 plenus
3309 2245 3513 2313 adfuit,
3531 2247 3584 2299 et
3603 2244 3788 2300 nullum

511 2355 751 2394 omnem
778 2336 943 2392 vobis
975 2335 1222 2391 nocendi
1251 2335 1617 2404 potestatem.
1661 2351 1693 2384 ι)
2221 2334 2438 2390 laedens
2457 2335 2976 2403 circumstantium,
2994 2336 3221 2408 impetu
3241 2335 3303 2391 in
3325 2351 3458 2391 eum
3481 2335 3622 2389 facto
3649 2347 3785 2388 nares

581 2429 669 2482 30.
705 2426 967 2497 Cumque
1020 2424 1130 2478 ista
1159 2422 1451 2477 referente
1481 2419 1735 2475 antistite
1785 2419 1886 2476 Dei
1930 2438 2120 2477 servus
2222 2423 2346 2494 ejus
2377 2441 2441 2478 ac
2472 2424 2675 2480 faciem
2708 2424 2993 2480 morsibus
3037 2424 3323 2481 dilanians
3349 2423 3626 2482 abscessit.
3655 2420 3784 2477 Unde

511 2515 781 2582 audisset,
814 2529 974 2569 casus
1000 2527 1229 2585 quoque
1262 2527 1392 2564 suos
1421 2511 1480 2565 et
1506 2509 1627 2580 ipse
1654 2525 1855 2565 omnes
1872 2510 1924 2566 ei
1945 2526 2117 2583 expo-
2221 2509 2317 2566 ille
2349 2511 2408 2566 in
2448 2511 2768 2568 amentiam
2797 2530 3015 2582 versus,
3049 2515 3121 2570 ab
3153 2513 3359 2569 amicis
3414 2512 3486 2568 ad
3533 2510 3786 2568 basilicam

512 2604 644 2667 suit,
669 2619 928 2659 asserens
958 2602 1143 2673 ipsam
1157 2597 1648 2666 visionem,etiam
1666 2614 1946 2671 corporeo
1965 2604 2116 2668 actu,
2223 2598 2418 2655 Sancti
2435 2600 2692 2674 Dionysii
2721 2606 2806 2657 est
2827 2601 3104 2678 deductus
3127 2619 3141 2670 ;
3163 2602 3360 2676 ibique
3388 2599 3784 2674 aliquantulum,

514 2694 573 2749 in
605 2709 664 2748 se
694 2688 1412 2764 completam.lntelligens
1426 2703 1562 2742 vero
1594 2704 1660 2743 ex
1689 2691 2011 2744 memorata
2025 2706 2121 2762 ap-
2222 2689 2323 2743 sed
2345 2705 2462 2744 non
2489 2688 2563 2744 ad
2583 2690 2820 2762 plenum
2848 2707 3021 2747 sensu
3048 2693 3415 2763 recuperato,
3446 2704 3710 2763 regressus
3725 2683 3783 2740 ad

516 2781 803 2856 paritione
836 2779 1264 2836 sanctissimum
1296 2779 1530 2832 Patrem
1554 2779 1818 2832 nostrum
1843 2778 2116 2834 Benedic-
2225 2776 2474 2848 propria,
2509 2778 2648 2833 dum
2672 2778 2838 2834 malis
2866 2797 2994 2852 quas
3049 2780 3403 2852 pauperibus
3429 2777 3612 2835 Sancti
3636 2778 3785 2831 Bene-

509 2877 631 2928 tum
664 2889 778 2926 suae
819 2869 986 2925 saluti
1016 2867 1288 2924 auxilium
1325 2865 1654 2934 contulisse,
1693 2866 1879 2939 magis
1916 2883 2118 2923 amore
2223 2865 2357 2921 dicti
2373 2866 2931 2939 intuleratadjiceret
2947 2864 3783 2941 pejora,adasmonioarripitur,

507 2961 764 3033 ejusdem
779 2954 1290 3031 praecellentissimi
1303 2954 1644 3010 confessoris
1661 2954 1910 3027 ﬂagrare
1925 2956 2117 3027 cmpit,
2222 2957 2632 3028 catenatusque
2645 2960 2703 3011 et
2715 2957 2774 3012 in
2789 2957 3085 3030 quoddam
3134 2962 3392 3014 retrusus
3403 2951 3787 3020 cubiculum,ul-

507 3054 678 3123 atque
713 3052 773 3104 ut
802 3047 876 3104 ad
914 3047 1036 3120 ejus
1065 3047 1496 3102 sacrosanctum
1530 3045 1818 3099 tumulum
1855 3045 2118 3116 perveni-
2222 3043 2433 3098 timum
2451 3043 3031 3119 exhalavitspiritum,
3052 3046 3462 3118 profitentibus
3489 3041 3685 3101 cunctis
3709 3037 3786 3111 qui

505 3141 596 3193 ret
623 3137 856 3193 instare.
2156 3138 2203 3202 Ο
2224 3150 2359 3190 eum
2375 3139 2676 3202 noverant,
2700 3135 2775 3190 ob
2786 3135 3065 3192 saevitiam
3093 3136 3218 3207 ejus
3231 3136 3292 3192 in
3307 3135 3574 3195 ruricolas
3591 3126 3786 3207 preti05i

579 3225 873 3300 31.1gitur
898 3221 1064 3297 pauci
1094 3219 1375 3292 temporis
1433 3219 1780 3293 interposita
1810 3236 1996 3290 mora,
2029 3238 2119 3278 as-
2222 3223 2564 3278 confessoris
2597 3223 2893 3279 Benedicti
2922 3225 3058 3280 talia
3086 3225 3279 3297 ipsum
3325 3222 3630 3296 pertulisse.
3677 3216 3786 3274 Huic

505 3317 748 3389 sumptis
774 3313 1055 3388 quibusse
1081 3310 1344 3381 indigere
1369 3309 2116 3378 rebuszestimavit,adcon-
2224 3312 2551 3368 metuendae
2599 3312 2822 3381 ultioni,
2873 3312 3031 3368 aliud
3085 3313 3555 3387 amplectendum
3599 3305 3784 3368 miseri-

503 3405 794 3460 tinentem
824 3399 1130 3456 destinavit
1161 3413 1422 3453 remeare
1460 3400 1698 3453 terram.
1727 3399 1878 3454 Sane
1924 3400 2114 3456 omni-
2218 3401 2430 3457 cordia:
2463 3418 2528 3456 ac
2558 3401 2819 3458 sanitatis
2850 3402 3229 3459 adnectamus
3257 3403 3510 3476 signum.

507 3498 710 3565 potens
737 3494 907 3556 Deus,
930 3492 990 3543 ut
1018 3489 1141 3559 ejus
1172 3487 1245 3541 ad
1278 3503 1545 3542 amorem
1570 3491 1910 3543 sanctorum
1969 3506 2114 3562 quo-
2837 3491 3062 3546 CAPUT
3092 3493 3223 3548 XIV.

504 3599 634 3637 rum
658 3579 963 3651 expetebat
1000 3575 1372 3649 praesentiam
1397 3575 1646 3646 amplius
1693 3577 2110 3648 inﬂammaret,
2215 3577 2510 3634 Monachus
2543 3582 2596 3634 in
2619 3582 2860 3635 extremis
2889 3580 2956 3635 ab
2981 3581 3228 3637 omnibus
3287 3579 3580 3647 derelictus,
3603 3575 3659 3633 S.
3706 3569 3786 3630 Βε-

504 3670 810 3742 duplicavit
839 3667 1204 3722 miraculum.
1231 3665 1537 3720 Namdum
1568 3665 1824 3720 anchora
1855 3683 1888 3720 a
1921 3667 2114 3722 littore
2642 3669 2906 3724 nedictum
2937 3670 3089 3727 habet
3108 3673 3426 3743 propitium.

502 3761 727 3815 sublata
739 3759 852 3814 alta
867 3759 1088 3828 peteret
1115 3754 1320 3823 maria,
1349 3758 1588 3827 repente
1619 3771 1679 3810 se
1710 3754 1919 3811 ﬂuctus
1938 3759 2112 3813 attol-
2290 3759 2377 3813 34.
2412 3760 2473 3813 In
2490 3757 2854 3814 inferioribus
2876 3759 3048 3831 hujus
3061 3760 3341 3816 Neustriaa
3359 3758 3467 3832 (49)
3489 3749 3781 3830 partibus,in

502 3851 646 3918 lunt,
673 3847 803 3903 etin
837 3845 1078 3902 sublime
1097 3845 1279 3899 elatus
1301 3845 1626 3915 praeruptus
1648 3861 1814 3916 aqua:
1842 3861 2014 3902 mons
2033 3847 2114 3902 ita
2219 3847 2619 3918 Andegavensi
2657 3847 2874 3902 scilicet
2894 3849 3057 3916 urbe,
3085 3849 3394 3904 Ainfredus
3423 3846 3644 3920 quidam
3663 3835 3784 3913 apud

501 3943 684 3994 totam
698 3933 1378 4004 circumcinxitscapham
1394 3933 1628 3988 utnulla
1653 3936 1905 4004 exparte
1925 3935 2118 3991 aditus
2220 3935 2641 3990 monasterium
2704 3936 2898 3991 Sancti
2940 3937 3129 3993 Albini
3159 3955 3227 3994 ex
3258 3937 3463 3992 clerico
3515 3929 3783 3989 monachus

501 4028 854 4102 reperiretur
879 4023 1182 4081 evadendi.
1213 4023 1290 4076 Tu
1301 4039 1370 4077 nc
1392 4023 1521 4094 jam
1544 4022 1729 4078 dictus
1786 4024 1995 4080 Christi
2025 4027 2112 4082 fa-
2218 4027 2422 4093 sponte
2449 4025 2630 4079 factus
2651 4027 2812 4080 est.ls
2831 4026 3210 4082 melioranda:
3225 4027 3355 4081 vita;
3376 4023 3559 4097 gratia
3579 4021 3646 4078 ad
3661 4020 3781 4074 hunc

504 4123 690 4177 mulus
720 4118 1140 4185 Felix,horrore
1170 4112 2113 4185 imminentispericuliperculsus,
2219 4114 2611 4168 venerabilem
2649 4115 3070 4170 Floriacensem
3118 4115 3454 4187 demigrans
3482 4115 3674 4174 locum,
3702 4103 3780 4159 δί’

504 4211 787 4265 intraima
803 4206 1050 4279 pectoris
1067 4203 1690 4275 hujusmodifundebat
1705 4219 1902 4274 preces
1914 4205 2118 4260 humil-
2220 4203 2553 4273 quantisper
2575 4201 2875 4258 nobiscum
2903 4208 3322 4272 commoratus,
3339 4203 3412 4258 ad
3440 4197 3780 4279 memoratum

505 4299 657 4355 lima:
674 4277 1104 4368 supplicationis
1135 4310 1148 4348 :
1181 4292 1403 4364 lnclyti,
1436 4292 1724 4364 inquiens,
1760 4293 2117 4351 confessores
2220 4306 2510 4362 regressus
2533 4295 2617 4346 est
2646 4292 2994 4348 coenobium.
3027 4293 3133 4347 Ubi
3167 4293 3308 4348 dum
3361 4292 3628 4355 moratur,
3655 4277 3782 4355 gravi

508 4388 734 4454 Christi,
768 4382 1072 4440 Benedicte
1104 4385 1276 4454 atque
1299 4381 1494 4447 Paule,
1530 4397 1778 4453 quorum
1805 4383 2117 4439 sacratissi-
2143 4441 2188 4454 ﬁ
2217 4380 2589 4434 tumescentis
2614 4396 2767 4435 coxa:
2795 4380 3043 4436 afﬂictus
3072 4382 3378 4452 languore,
3401 4377 3624 4453 gemino
3647 4383 3779 4441 urge-

509 4493 635 4531 mos
665 4474 824 4530 adire
851 4475 1057 4542 exopto
1081 4469 1322 4535 cineres,
1357 4467 1501 4522 ferte
1529 4484 1701 4541 Opem
1729 4469 1873 4525 mihi
1904 4471 2115 4529 misero
2143 4441 2194 4500 D
2218 4469 2388 4523 batur
2415 4486 2654 4539 angore.
2694 4469 2840 4524 Nam
2868 4470 3042 4526 abbas
3073 4469 3254 4542 ipsius
3300 4463 3641 4530 monasterii,
3682 4456 3778 4530 qui-

507 4564 603 4636 qui
634 4561 808 4618 solius
833 4575 986 4614 nunc
1017 4556 1221 4612 mortis
1245 4555 1554 4612 discrimen
1581 4557 1834 4613 formido
1866 4561 1999 4616 Post
2013 4561 2117 4618 has
2217 4559 2461 4614 busdam
2476 4558 2864 4615 simultatibus
2893 4576 3028 4615 eum
3059 4560 3367 4631 impetens,
3398 4554 3604 4613 cunctis
3629 4551 3781 4636 inte!"-

507 4631 725 4726 preces,
759 4649 911 4706 dicto
937 4648 1102 4704 citius
1131 4644 1355 4700 tumida
1375 4645 1952 4720 considuntaaquora,
1977 4667 2115 4705 ven-
2218 4646 2439 4702 dixerat
2455 4645 2726 4702 fratribus
2769 4665 2841 4702 ne
2867 4648 2994 4721 quis
3025 4665 3158 4704 eum
3183 4650 3393 4704 saltem
3421 4645 3481 4701 in
3513 4642 3652 4700 exitu

509 4742 693 4812 tisque
751 4738 1042 4812 placidum
1086 4738 1242 4790 stans
1273 4750 1433 4790 mare
1470 4737 1656 4790 tutam
1709 4737 2116 4810 navigantibus
2216 4738 2368 4790 taret
2395 4735 2896 4809 animae.Cumque
2923 4736 3041 4805 ille,
3073 4737 3283 4793 morbo
3305 4730 3705 4809 ingravescente
3725 4735 3777 4778 ac

507 4830 754 4905 praebuit
787 4828 1051 4883 viam.lta
1077 4824 1149 4879 ab
1175 4822 1410 4878 instanti
1441 4824 1744 4896 naufragio
1765 4843 1918 4899 saepe
1933 4829 2116 4884 nomi-
2217 4823 2416 4880 dolore
2443 4824 2516 4880 ad
2547 4824 2738 4880 vitalia
2753 4830 3043 4898 serpente,
3061 4825 3271 4882 fratres
3300 4826 3372 4882 ad
3384 4841 3442 4880 se
3463 4814 3775 4911 invisendum

508 4923 676 4978 datus
693 4917 844 4974 Felix
876 4917 985 4988 (48)
1010 4917 1332 4986 exemptus,
1360 4913 1434 4969 ad
1474 4914 1586 4970 hoc
1615 4913 1720 4970 sibi
1751 4915 1850 4970 diu
1883 4917 2107 4975 deside-
2214 4929 2497 4986 suumque
2526 4913 2744 4969 exitum
2777 4915 3024 4970 Domino
3071 4911 3592 4970 commendandum
3615 4912 3774 4959 venire

504 5014 696 5066 ratum
727 5007 881 5063 venit
909 5005 1260 5070 coenobium,
1290 5002 1570 5076 nobisque
1601 5005 1753 5061 hunc
1791 5022 1906 5062 suae
1934 5009 2110 5064 salva-
2216 5002 2570 5076 deposceret,
2599 5003 2672 5057 ab
2706 5020 2844 5070 uno,
2875 5003 2966 5059 cui
3021 5002 3128 5060 soli
3177 5016 3504 5059 concessum
3533 4995 3645 5052 erat
3664 5001 3770 5045 eum

503 5100 676 5157 tionis
701 5097 895 5154 retulit
922 5095 1092 5151 fuisse
1133 5092 1396 5148 modum.
2216 5092 2479 5159 invisere,
2518 5091 2655 5163 quid
2682 5091 2859 5147 abbas
2889 5093 2959 5148 de
3009 5109 3077 5148 eo
3110 5091 3468 5165 praecepisset
3519 5076 3768 5142 addidicil.

1107 5181 1332 5236 CAPUT
1368 5183 1503 5238 ΧΙΙΙ.
2288 5182 2452 5246 Quod
2474 5181 2592 5254 ipse
2623 5198 2686 5237 au

2288 5182 2452 5246 Quod
2474 5181 2592 5254 ipse
2623 5182 2862 5237 audiens
2879 5181 3130 5254 graviter
3154 5182 3301 5249 tulit,
3317 5183 3373 5236 et
3384 5194 3481 5252 per
3493 5173 3766 5240 Δηάθεανε

961 5272 1270 5329 Advocatus
1289 5272 1461 5326 malus
1485 5273 1645 5342 perit.
2213 5271 2454 5326 civitatis
2494 5271 2716 5326 nobiles
2747 5271 2843 5344 qui
2875 5271 2946 5327 ab
2986 5271 3108 5342 ejus
3139 5269 3473 5335 visitatione,
3501 5262 3621 5336 quia
3661 5265 3767 5344 eum

569 5372 656 5422 32.
693 5364 959 5422 Brevitati
978 5363 1214 5435 quidem
1246 5339 1596 5416 studendum
1619 5363 1744 5415 erat
1767 5377 1839 5414 ne
1872 5362 2105 5434 prolixi-
2213 5361 2550 5434 diligebant,
2571 5339 2817 5415 inhiberi
2850 5377 2966 5416 non
2997 5339 3286 5432 poterant,
3310 5354 3494 5414 abbati
3519 5339 3767 5407 mandavit

569 5493 690 5567 (μὶ
707 5487 812 5567 ilic
837 5486 1243 5567 es_t_r‘elix_ille,
1269 5484 1463 5567 multis
1493 5483 2004 5567 laudatusin'libro
2039 5489 2109 5544 de
2284 5488 2394 5567 (t9)
2416 5485 2673 5540 Neustria
2705 5485 2985 5567 siquidem
3005 5487 3144 5567 olim
3169 5463 3762 5567 complectebatuf

494 5559 623 5620 Vita
655 5563 832 5616 Gildas
859 5557 1082 5632 abbatis
1113 5558 1170 5632 in
1192 5558 1410 5632 Saeculo
1433 5555 1724 5632 .prim0,_is
1753 5556 1849 5627 qui
1873 5574 1914 5632 ar
1933 5559 2108 5615 Gauz-
2213 5553 2351 5632 quid
2380 5553 2672 5614 terrarum
2695 5553 2788 5613 est
2811 5557 2963 5615 inter
3013 5558 3265 5632 Ligerim
3297 5553 3354 5612 et
3381 5554 3678 5624 Sequanam
3707 5553 3731 5591 ι

501 5577 623 5620 Vlta
655 5577 832 5616 bimae
859 5577 1082 5613 annaus
1113 5577 1170 5612 in
1193 5577 1410 5612 saeculo
1459 5577 1724 5628 primons
1753 5577 1849 5627 qui
1873 5577 1907 5611 a
1933 5577 2108 5615 uauz-
2255 5577 2351 5614 uin
2381 5577 2528 5613 terra

501 5638 620 5692 lino
646 5629 1110 5708 Floriaciabbate
1134 5630 1192 5708 in
1215 5626 1578 5708 Armoricam
1607 5627 1809 5682 missus
1826 5631 1924 5708 est
1954 5647 2107 5688 anno
2213 5577 2528 5688 C(liceanum.

518 5709 652 5765 1008
675 5704 749 5760 ad
774 5701 1150 5760 instauranda
1181 5701 1238 5756 in
1262 5719 1329 5757 ea
1345 5700 1584 5771 regione
1615 5700 1984 5758 monasteria.
