3934 6176
137 525 226 590 843
905 520 996 582 DE
1021 515 1390 582 MIRACULIS
1419 513 1478 575 S.
1510 508 1873 573 BENEDICTI
1895 509 2079 574 LIBRI
2129 513 2295 576 DUO.
2330 542 2403 560 —
2429 511 2558 573 LIB.
2589 513 2636 572 II
3327 510 3430 574 848

137 656 192 712 ut
216 650 325 710 sibi
355 649 749 720 misereretur,
779 645 852 706 ad
880 645 1346 715 satisfactionem,
1402 642 1448 700 si
1478 640 1617 718 quid
1665 639 1726 696 in
1745 641 1803 705 Δ
1835 645 2164 700 sanctorum
2185 641 2522 718 pignoribus
2543 641 2615 700 ad
2635 643 2827 701 locum
2857 641 3150 718 prOperat.
3175 639 3436 716 Cumque

139 761 256 802 eum
278 759 401 799 non
428 743 584 798 recte
614 737 1011 806 commisisset,
1038 740 1260 811 parato.
1304 735 1418 792 Sed
1447 750 1515 790 eo
1566 731 1728 788 diﬁ‘e-
1831 733 1942 790 iter
1984 733 2234 805 agendo,
2267 736 2597 791 sanctarum
2620 736 2878 789 vectores
2898 733 3275 807 reliquiarum
3307 733 3438 788 Clu-

135 835 286 889 rente
307 833 538 887 coactus
566 833 651 886 est
668 843 822 901 aeger
846 827 1075 882 aliunde
1105 823 1560 882 consolationem
1576 837 1735 894 qum-
1834 823 2062 878 niacum
2093 822 2419 880 ccenobium
2447 821 2824 890 devenissent,
2858 822 3002 878 inibi
3031 826 3198 878 nocte
3215 822 3442 896 quieve-

136 918 504 994 rere,et,quia
531 934 592 973 se
619 933 652 972 a
677 917 985 990 temporali
1013 914 1220 971 abbate
1241 913 1474 969 videbat
1496 909 1731 982 despici,
1833 915 1988 967 runt.
2022 914 2085 968 In
2115 912 2428 967 crastinum
2465 927 2598 967 vero
2625 913 2795 985 ccepti
2845 911 3067 968 itineris
3113 914 3318 968 callem
3349 930 3442 968 ca-

137 1008 197 1065 ad
211 1009 378 1064 illum
403 1007 502 1080 qui
522 1005 847 1078 legionibus
861 1004 1281 1060 monachorum
1295 1017 1402 1074 per
1423 1002 1600 1071 longa
1609 999 1734 1070 jam
1833 1001 2008 1074 pturi,
2032 1017 2066 1057 a
2094 1000 2365 1056 fratribus
2397 999 2655 1071 ejusdem
2676 1000 2918 1057 cmnobii
2934 1017 3064 1058 cum
3080 1018 3294 1072 magno
3309 1019 3444 1074 pro-

135 1099 355 1172 pridem
379 1098 586 1152 saecula
616 1094 1014 1151 sollicitudinis
1045 1110 1160 1149 suae
1199 1108 1399 1147 curam
1452 1089 1738 1162 impendit
1838 1089 2107 1145 cessionis
2133 1092 2412 1161 apparatu
2441 1089 2819 1158 ducebantur,
2847 1092 2905 1145 et
2931 1106 3061 1144 ecce
3089 1091 3147 1145 in
3178 1092 3300 1162 ipso
3351 1092 3450 1148 ba-

139 1191 248 1244 tota
277 1203 339 1242 se
363 1185 609 1242 contulit
639 1187 855 1251 mente,
885 1183 1310 1253 recordansque
1345 1183 1624 1254 quantam
1675 1176 1736 1232 in
1837 1179 2007 1233 silice:
2048 1177 2240 1234 Sancti
2272 1177 2560 1233 Benedicti
2593 1195 2847 1249 egressu,
2896 1183 3026 1234 orta
3075 1197 3208 1234 cum
3268 1184 3442 1236 vento

141 1276 392 1333 Patribus
419 1275 588 1345 hujus
622 1272 997 1328 Floriacensis
1028 1270 1276 1327 cognobii
1306 1274 1572 1340 tempore
1622 1282 1738 1320 suae
1841 1268 2049 1342 pluvia,
2079 1284 2276 1323 cereos
2305 1268 2378 1323 ob
2409 1267 2693 1322 honorem
2727 1268 2825 1323 Dei
2857 1285 2923 1323 ac
2952 1273 3291 1325 sanctorum
3324 1271 3446 1342 ejus

140 1361 612 1438 peregrinationis
645 1361 860 1434 reperit
904 1361 1295 1426 dilectionem,
1353 1373 1626 1412 converso
1667 1356 1741 1411 ad
1841 1373 2108 1412 accensos
2133 1357 2389 1412 funditus
2413 1355 2702 1413 exstinxit.
2745 1357 2857 1412 Sed
2888 1361 3200 1430 antequam
3220 1363 3451 1431 portam

142 1454 414 1526 parietem
463 1451 649 1523 capite
680 1467 746 1505 ac
792 1450 1060 1522 lacrymis
1091 1449 1334 1504 sutfusus
1379 1463 1500 1513 ora,
1528 1445 1588 1502 in
1619 1447 1742 1501 huic
1842 1447 2012 1501 castri
2036 1447 2207 1519 ipsius
2237 1446 2574 1502 monasterii
2605 1446 3044 1518 egrederentur,
3069 1451 3128 1502 et
3174 1447 3454 1504 serenitas

143 1540 352 1615 proruit
372 1540 546 1594 verba
577 1557 590 1593 :
623 1539 667 1594 Ο
697 1542 913 1606 sancte,
948 1537 1244 1610 inquiens,
1270 1535 1599 1602 Benedicte,
1633 1533 1742 1588 mi-
1843 1535 2035 1602 rediit,
2069 1539 2126 1591 et
2150 1535 2300 1590 cerei
2331 1535 2599 1590 divinitus
2652 1537 2962 1604 reaccensi,
3017 1536 3453 1609 inspicientibus

149 1646 320 1686 serere
345 1629 466 1684 mei
485 1631 652 1682 tuum
684 1626 952 1682 auxilium
989 1626 1152 1680 anxie
1191 1623 1577 1697 implorantis,
1611 1621 1743 1678 tibi-
1844 1625 2084 1686 cunctis,
2116 1640 2220 1696 per
2245 1623 2479 1695 aliquod
2505 1623 2609 1678 vim
2638 1624 2885 1696 spatium
2926 1625 3094 1680 nullis
3151 1628 3456 1681 ventorum

152 1736 246 1791 que
264 1717 608 1791 spondentis
625 1715 800 1788 quod,
823 1714 867 1768 si
893 1714 1036 1768 mihi
1067 1713 1322 1785 corporis
1336 1711 1645 1767 sanitatem
1671 1709 1748 1765 vi-
1847 1713 2076 1769 ﬂatibus
2093 1712 2714 1784 exstinguipotuerunt.
2739 1712 2921 1767 Simili
2945 1714 3119 1768 modo
3143 1714 3303 1781 dum,
3325 1731 3457 1786 per-

149 1812 323 1880 taeque
356 1823 392 1861 a
422 1807 538 1860 Deo
572 1802 889 1858 obtinueris
913 1801 1486 1874 prosperitatem,tua
1514 1801 1750 1873 supplex
1851 1803 1990 1857 actis
2015 1817 2118 1872 pro
2151 1801 2358 1874 quibus
2398 1801 2606 1869 ierant,
2631 1805 2855 1858 sanctas
2886 1803 3155 1876 reliquias
3178 1820 3211 1858 a
3264 1805 3456 1859 taber-

159 1895 533 1952 sacratissima
565 1895 832 1964 expetam
880 1907 1024 1957 ossa,
1057 1891 1375 1962 gratiarum
1434 1907 1538 1962 pro
1586 1905 1751 1962 posse
1854 1893 2058 1945 naculo
2085 1890 2188 1944 sub
2212 1906 2324 1961 quo
2359 1892 2697 1944 manserant
2727 1891 3078 1958 extulissent,
3106 1893 3352 1948 lucernae
3370 1910 3460 1948 ex-

158 1985 472 2040 redditums
499 1986 651 2037 vota.
700 1980 796 2035 Hi3
854 1981 1157 2052 peroratis,
1207 1980 1445 2052 aspexit,
1506 1982 1569 2032 ut
1626 1980 1755 2049 post
1782 1967 1832 2028 Β
1855 1981 2101 2046 stinctaa,
2149 1979 2455 2050 divinaque
2485 1978 2694 2034 virtute
2726 1979 3084 2047 illuminatzc,
3108 1982 3264 2035 nullo
3291 1997 3458 2035 aura-

157 2074 261 2146 ipse
279 2068 702 2138 retulit,subito
721 2067 1751 2140 quemdamincognitivultusvirum,
1857 2085 1987 2124 rum
2024 2067 2339 2140 spiramine
2370 2069 2568 2122 lumen
2613 2068 2952 2136 amiserunt,
2985 2070 3170 2123 donec
3219 2087 3253 2124 a
3307 2074 3461 2124 terra

162 2160 445 2218 monachis
473 2159 702 2214 habitus
731 2157 994 2229 tegmine
1054 2155 1419 2228 adopertum,
1453 2155 1549 2227 qui
1576 2171 1606 2209 e
1664 2171 1754 2208 re-
1859 2158 2053 2213 Sancti
2084 2155 3228 2229 Benedictisanctorumprogrederentur
3252 2159 3463 2230 pigno-

163 2252 315 2325 gione
336 2249 548 2306 ulceris
566 2265 743 2303 manu
773 2249 1062 2319 protenta,
1104 2246 1340 2301 silentcr
1395 2245 1554 2300 abire
1609 2244 1758 2300 visus
1855 2263 1940 2302 ra.
1975 2246 2149 2301 Erant
2174 2248 2390 2313 autem,
2424 2263 2552 2318 qua:
2592 2245 2928 2301 ferebantur
2953 2264 3082 2301 cum
3139 2249 3462 2319 patrocinio

162 2341 388 2396 est.llox
404 2342 656 2410 aegrotus
679 2336 738 2391 in
769 2352 1042 2390 somnum
1070 2336 1371 2402 resolutus,
1405 2335 1503 2406 qui
1542 2337 1655 2388 tres
1700 2335 1759 2387 et
1858 2337 2037 2392 sancti
2068 2335 2271 2391 Patris‘
2293 2336 2474 2390 nostri
2508 2335 2822 2404 Benedicti,
2881 2336 3148 2407 pretiosae
3208 2337 3465 2408 reliquiae

160 2446 220 2486 eo
242 2429 490 2501 amplius
539 2429 734 2482 noctes
759 2424 1062 2498 pervigiles
1085 2425 1345 2490 duxerat,
1378 2423 1546 2478 unius
1599 2423 1758 2478 horae
1859 2424 2321 2481 beatissimorum
2360 2424 2758 2480 confessorum
2810 2424 3071 2479 Eucherii
3127 2428 3186 2479 et
3237 2425 3468 2496 Verani,

159 2519 328 2590 spatio
380 2514 766 2588 placidissima
817 2514 1006 2584 quiete
1082 2514 1294 2586 potitus
1321 2515 1423 2567 est.
1478 2511 1762 2583 Evigilans
1860 2529 2090 2569 necnon
2123 2511 2412 2586 Cypriani,
2447 2511 2692 2585 Sperati,
2720 2529 2784 2568 ac
2831 2512 3200 2568 Pantaleonis
3251 2518 3470 2585 marty-

157 2624 305 2674 vero,
338 2605 482 2661 dum
505 2602 747 2658 summis
794 2601 986 2676 digitis
1014 2603 1217 2656 vulnus
1247 2601 1401 2673 quod
1447 2600 1530 2655 vis
1572 2599 1763 2655 morbi
1861 2619 2015 2657 rum.
2044 2603 2174 2668 Has,
2202 2602 2364 2658 sicuti
2411 2603 2595 2658 relatu
2630 2601 2925 2658 seniorum
2956 2605 3287 2658 nostrorum
3318 2619 3472 2658 com-

159 2689 822 2768 patefecerat,incautius
849 2694 1161 2762 premeret,
1193 2689 1472 2761 particula
1497 2689 1764 2762 quadam
1864 2691 2141 2763 perimus,
2165 2691 2403 2765 quidam
2445 2691 2758 2764 aliquando
2788 2691 3186 2765 Lugdunensis
3233 2691 3472 2748 antistes

161 2783 493 2858 putrefacta:
531 2779 936 2847 carnis,instar
950 2777 1152 2846 boleti,
1183 2777 1317 2833 inde
1347 2793 1480 2833 cum
1511 2776 1768 2832 maxima
1869 2780 2220 2854 (50)cuidam
2253 2780 2539 2836 monacho
2570 2781 2739 2852 hujus
2767 2783 2978 2835 sanctae
3011 2780 3480 2852 congregationis

161 2871 366 2928 doloris
381 2872 550 2948 parte
577 2867 863 2942 prosiluit,
896 2867 968 2923 ad
993 2867 1231 2922 demum
1261 2866 1596 2922 infrabreve
1615 2868 1766 2920 tem-
1867 2870 2191 2925 contulerat
2213 2869 2661 2924 remunerandus
2685 2867 3006 2924 sedulitatis
3028 2869 3235 2940 gratia,
3259 2869 3394 2941 quia
3411 2868 3479 2924 li-

161 2977 282 3034 pus,
314 2957 631 3030 resumptis
677 2955 911 3024 viribus,
939 2955 1094 3028 quod
1121 2957 1372 3023 voverat,
1403 2954 1625 3022 devote,
1661 2968 1768 3009 nec
1865 2959 2158 3014 beralibus
2184 2975 2318 3013 eum
2342 2957 2701 3012 instruxisset
2724 2957 3048 3012 litterarum
3079 2957 3296 3012 studiis.
3328 2957 3478 3021 Quas

164 3051 368 3124 absque
398 3062 645 3104 munere
671 3044 998 3118 complevit.
1869 3048 1984 3115 ille,
2009 3049 2073 3101 ut
2092 3045 2374 3101 celebrior
2404 3044 2540 3100 inde
2569 3048 2717 3101 esset
2748 3045 2997 3114 locus,in
3030 3046 3288 3117 ejusdem
3307 3045 3483 3100 Patri-

807 3131 1034 3188 CAPUT
1061 3132 1167 3187 XV.
1869 3129 2039 3184 ciacae
2059 3125 2206 3182 villas
2227 3125 2480 3181 oratorio
2503 3125 2780 3181 condidit.

159 3208 492 3268 Patricium
542 3204 788 3277 (Pressy)
842 3206 898 3258 in
957 3201 1394 3277 burgundia.1_bi
1439 3203 1676 3277 reliquias
1701 3200 1765 3258 S.
1794 3258 1837 3277 η
2494 3204 2872 3277 CAPUTXVI.

546 3258 852 3331 atatim
930 3258 1114 3329 contra
1153 3345 1160 3346 ί
1187 3273 1507 3346 ρνεᾱαζονεε
1541 3258 1766 3328 ‘delatae.
1791 3258 1838 3319 C
1869 3279 2066 3336 Minas:
2093 3285 2144 3334 et
2171 3258 3064 3346 blasphcmzts_iai_S_._Benetlictum
3113 3279 3312 3333 interit.
3345 3277 3485 3334 Duae

227 3349 384 3408 Cani
411 3349 615 3406 caelitus
639 3347 714 3402 bis
743 3347 1007 3403 reaccensi
1034 3363 1052 3412 ;
1085 3345 1326 3418 reliquiae
1353 3345 1497 3399 dum
1545 3347 1602 3399 in
1625 3362 1769 3416 pre-
2131 3345 2347 3420 feminae
2369 3355 2630 3403 sanantur
2659 3366 2693 3403 α
2730 3357 2959 3421 quatuor
2994 3349 3209 3404 morbis.

227 3425 398 3476 mium
427 3421 704 3476 doctrinae.
1945 3425 2034 3478 37.
2081 3421 2409 3476 Bernardus
2439 3421 2698 3493 quidam,
2730 3420 2991 3492 ejusdem
3021 3420 3368 3493 Burgundim
3400 3421 3487 3476 vir

227 3513 316 3566 35.
351 3508 698 3564 Patriciacus
724 3506 930 3563 dicitur
974 3504 1108 3561 villa
1159 3504 1220 3560 in
1267 3504 1772 3577 Augustudonensi
1874 3510 2127 3579 illustris,
2151 3509 2538 3582 dominusque
2567 3508 2736 3565 castri
2753 3509 2910 3582 quod
2926 3511 3084 3565 Uzon
3109 3510 3257 3578 [al..,
3288 3509 3488 3581 Vizon]

158 3597 457 3656 terrirorio
494 3596 748 3670 regionis
768 3594 1113 3668 Burgundiaa
1135 3593 1260 3649 sita.
1277 3595 1431 3649 Hanc
1462 3595 1772 3663 EChardUS,
1875 3603 2130 3668 vocatur,
2147 3598 2494 3654 discordiam
2508 3599 2905 3654 habebatcum
2929 3599 3228 3670 quondam
3245 3599 3350 3654 sibi
3369 3599 3489 3654 afﬁ-

159 3684 846 3758 comesBurgundionum
871 3683 1199 3750 ditissimus,
1219 3682 1429 3738 Sancto
1462 3683 1768 3739 Benedicto
1877 3689 2058 3746 nitate
2090 3687 2441 3761 propinquo,
2472 3703 2578 3742 nec
2631 3687 2877 3742 minoris
2915 3688 3212 3759 potentia,
3247 3688 3488 3743 nomine

158 3781 212 3833 et
235 3775 516 3832 fratribus
546 3772 920 3829 Floriacensis
973 3771 1218 3828 coenobii
1271 3771 1344 3826 ad
1369 3770 1772 3843 stipendiarios
1876 3777 2178 3834 Lotboldo.
2224 3775 2394 3846 Cujus
2443 3775 2829 3845 possessiones
2883 3777 3022 3830 dum
3071 3776 3489 3848 direptionibus

159 3864 461 3939 quondam
488 3865 750 3936 sumptus
774 3861 1029 3933 benigna
1070 3859 1334 3932 largitate
1363 3860 1622 3915 contulit.
1649 3860 1771 3924 Quo
1876 3868 2144 3930 vastaret,
2167 3864 2344 3918 etiam
2364 3879 2430 3917 ex
2450 3863 2593 3918 villis
2623 3864 2696 3918 ad
2717 3864 2846 3934 jam
2879 3864 3095 3919 dictum
3110 3863 3487 3919 Palriciacum

159 3955 435 4010 defuncto
462 3969 528 4008 ac
557 3951 615 4006 in
643 3949 984 4006 Floriacensi
1015 3949 1367 4005 monasterio
1399 3950 1564 4020 juxta
1595 3950 1776 4004 eccle-
1877 3953 2297 4010 monasterium
2330 3952 2750 4025 pertinentibus
2779 3955 3047 4008 armenta
3077 3953 3360 4008 abducere
3390 3970 3488 4007 cu-

159 4044 302 4100 siam
321 4042 550 4098 Sanctam
582 4040 766 4096 Maria:
797 4040 1040 4111 sepulto,
1086 4038 1146 4093 in
1188 4041 1512 4093 memorata
1551 4055 1775 4110 pOSSeS-
1880 4043 2351 4118 piens,quosdam
2372 4058 2671 4098 servorum
2686 4041 2882 4097 Sancti
2906 4041 3198 4096 Benedicti
3221 4041 3489 4096 resisten-

161 4132 326 4188 sione
349 4131 558 4185 fratres
575 4127 996 4184 habitationem
1017 4126 1122 4182 sibi
1173 4129 1532 4182 statuerunt:
1577 4127 1636 4181 in
1668 4144 1782 4199 qua
1882 4138 1967 4188 tes
1996 4133 2101 4187 sibi
2132 4131 2698 4203 interemit.Propter
2727 4147 2904 4202 quam
2937 4147 3355 4201 causamsupra
3385 4146 3491 4184 no-

165 4222 348 4276 etiam
380 4217 586 4274 delatis
608 4234 642 4272 a
672 4217 925 4272 Floriaco
957 4215 1138 4270 sancti
1160 4216 1342 4270 Patris
1378 4216 1664 4272 Benedicti
1690 4233 1782 4271 re-
1886 4221 2138 4276 minatus
2182 4221 2488 4275 Rotbertus
2516 4219 2855 4292 praepositus
2883 4236 3016 4274 eum
3046 4219 3268 4286 adiens,
3300 4218 3494 4273 humi-

165 4309 384 4382 liquiis,
410 4306 652 4363 ecclesia
681 4305 740 4360 in
770 4307 991 4362 honore
1013 4305 1114 4360 Dei
1145 4322 1210 4360 ac
1240 4305 1506 4377 gloriosae
1546 4305 1785 4378 virginis
1888 4311 2017 4366 liter
2047 4310 2320 4381 poscebat
2349 4312 2412 4363 ut
2438 4308 2701 4380 legaliter
2720 4310 2917 4363 sancto
2947 4307 3254 4362 Benedicto
3282 4324 3346 4362 ac
3373 4308 3497 4378 ejus

167 4398 382 4463 lar-im,
401 4396 689 4467 simulque
720 4394 940 4466 egregii
967 4395 1143 4467 ipsius
1163 4394 1507 4449 confessoris
1523 4398 1789 4450 constru-
1891 4399 2191 4455 monachis
2206 4397 2546 4453 emendaret
2562 4399 2782 4452 malum
2809 4397 2966 4470 quod
2985 4401 3188 4452 contra
3209 4398 3364 4472 leges
3389 4414 3499 4452 ser-

170 4491 262 4542 cta
287 4491 594 4558 est,quam
610 4484 861 4540 Christus
878 4483 1157 4539 Dominus
1191 4483 1410 4539 meritis
1437 4488 1648 4539 sanctae
1676 4501 1790 4538 sum
1817 4519 1868 4580 Ι)
1894 4489 1976 4543 vis
2001 4503 2205 4543 eorum
2237 4487 2611 4558 irrogaverat.
2640 4487 2736 4540 Ille
2761 4486 3138 4542 contumaciae
3153 4488 3355 4558 plenus
3385 4485 3500 4558 spit-

172 4575 502 4642 Genitricis,
536 4590 764 4629 necnon
791 4572 982 4628 dilecti
1030 4573 1232 4628 famuli
1265 4573 1350 4628 sui
1380 4573 1669 4629 Benedicti
1693 4591 1796 4629 sos-
1817 4572 1860 4580 ’
1897 4577 2030 4643 ritu,
2061 4576 2117 4631 in
2149 4575 2272 4630 haec
2297 4575 2470 4630 verba
2496 4575 2794 4647 respondit
2827 4574 3054 4642 :Miror,
3107 4575 3341 4630 domine
3391 4577 3505 4631 Ro-

171 4665 414 4736 pissime
453 4661 747 4717 miraculis
790 4661 1073 4716 illustrem
1125 4661 1398 4716 reddidit.
1454 4663 1536 4718 De
1592 4661 1798 4734 quibus
1898 4667 2109 4733 tberte,
2140 4669 2259 4719 tam
2284 4663 2604 4734 sapientem
2639 4662 2824 4718 virum
2849 4663 2922 4718 ad
2954 4667 3176 4718 tantam
3203 4664 3503 4720 stultitiam

175 4753 313 4825 quia
327 4753 518 4808 multa
544 4750 928 4823 perinertiam
948 4751 1217 4806 oblivioni
1235 4749 1446 4805 tradita
1460 4753 1800 4823 sunt,pauca
1901 4756 2235 4810 devolutum
2265 4755 2380 4807 uta
2409 4768 2504 4806 me
2533 4750 3005 4807 emendationem
3028 4753 3114 4808 rei
3133 4752 3346 4825 exigas,
3373 4771 3505 4810 cum

175 4859 309 4915 quae
338 4840 572 4898 vilitatis
607 4843 821 4896 nostra:
848 4839 1093 4911 attigere
1150 4839 1439 4906 notitiam,
1499 4838 1801 4895 memorias
1904 4861 1998 4898 me
2026 4842 2210 4915 magis
2230 4857 2438 4913 rogare
2463 4840 2783 4912 oportuerit
2815 4857 2887 4896 uc
2913 4841 3115 4912 pejora
3154 4841 3466 4914 adjicerem
3491 4862 3507 4914 ;

171 4936 582 5002 posterorum,
617 4927 692 4984 ad
722 4928 1138 5002 omnipotentis
1190 4927 1292 4984 Dei
1343 4945 1408 4983 ac
1465 4931 1802 4984 sanctorum
1904 4937 1963 4989 et
1988 4931 2218 5002 adjecit,
2244 4930 2583 4997 Dominum,
2615 4928 2905 5002 inquiens,
2938 4929 3036 5001 qui
3066 4947 3161 4986 me
3184 4931 3509 5000 nascifecit,

179 5021 304 5092 ejus
330 5020 592 5087 laudem,
629 5019 858 5075 tradere
887 5017 1235 5073 curabimus.
1904 5025 2086 5076 testor
2105 5036 2220 5088 me,
2247 5021 2561 5091 antequam
2578 5017 2912 5090 quindecim
2929 5019 3000 5075 ab
3013 5020 3122 5076 hoc
3139 5020 3229 5076 die
3249 5022 3484 5077 evolvan
3507 5050 3515 5058 -

253 5113 351 5167 36.
380 5109 806 5166 Solmaricense
845 5107 1152 5179 praedium,
1175 5107 1302 5178 jam
1329 5107 1484 5162 dicto
1532 5105 1805 5162 Patricia-
1909 5114 2004 5165 tur
2031 5110 2200 5176 soles,
2235 5107 2629 5180 experimento
2651 5108 3032 5179 probaturum
3068 5113 3260 5164 utrum
3287 5113 3516 5164 sanctus

182 5200 346 5256 censi
373 5198 643 5255 coenobio
673 5196 988 5263 subditum,
1023 5196 1261 5267 quidam
1287 5212 1571 5268 perversa:
1599 5195 1812 5250 mentis
1913 5199 2252 5254 Benedictus
2283 5197 2424 5268 igni,
2457 5213 2531 5251 an
2564 5196 2711 5269 ignis
2744 5215 2777 5252 a
2810 5215 2904 5252 me
2933 5200 3054 5270 ejus
3082 5198 3322 5269 injectus
3336 5197 3519 5252 domi-

181 5289 464 5344 bomines
512 5287 784 5342 invadere
836 5286 1243 5342 moliebantur.
1279 5285 1536 5350 Quorum
1578 5285 1814 5340 malitiae
1916 5291 2020 5344 bus
2051 5292 2245 5343 sancto
2272 5288 2578 5360 praevaleat
2607 5287 2940 5355 Benedicto,
2973 5288 3069 5359 qni
3125 5303 3323 5342 meum
3370 5287 3521 5340 intra

183 5377 508 5434 Rotbertus
541 5376 860 5432 monachus
885 5375 965 5430 illi
995 5376 1118 5430 loco
1156 5378 1292 5429 tunc
1325 5374 1663 5448 praepositus
1722 5375 1819 5429 ob-
1917 5394 2084 5432 suum
2111 5379 2360 5431 castrum
2383 5375 2682 5430 defensare
2714 5376 2914 5430 nititur
2944 5376 3262 5431 inimicum.
3289 5375 3375 5430 Ad
3396 5391 3523 5446 quae

181 5467 399 5522 sistere
431 5467 688 5538 cupiens,
723 5465 970 5520 instante
1017 5464 1322 5518 vindemiae
1375 5467 1640 5534 tempore
1686 5481 1818 5518 cum
1921 5467 2094 5521 verba
2123 5468 2448 5520 commotus
2465 5466 2810 5520 monachus:
2835 5465 3214 5530 Conﬁdo,ait,
3245 5463 3300 5518 in
3329 5464 3524 5519 Domi-

258 5572 397 5645 (50)
420 5572 729 5652 Leidradus
757 5570 1102 5652 reliquias
1135 5570 1403 5652 Cypriani
1425 5571 1651 5652 Arelate
1677 5571 1823 5652 l.ug—
1924 5576 2305 5652 asservantur.
2329 5575 2399 5626 At
2422 5572 2492 5627 de
2523 5571 3066 5652 Le_id1_‘ado_intelligi
3088 5589 3200 5652 non
3231 5573 3420 5652 potest
3440 5569 3529 5623 hic

185 5640 435 5699 duhuin
473 5644 678 5698 advehi
699 5640 1441 5716 caruit,testeum—Adone
1469 5642 1526 5696 in
1558 5640 1827 5716 martyri»
1925 5648 2100 5710 locus,
2131 5647 2435 5716 propterea
2458 5645 2612 5716 quod
2651 5643 2886 5698 donatio
2914 5640 3247 5698 Patriaciaci
3279 5640 3530 5696 Floriaco

207 5717 385 5795 egit},
417 5732 562 5795 quas
588 5716 773 5795 potea
800 5713 1033 5795 Carolus
1073 5713 1272 5795 calvus
1289 5711 1712 5795 Comp‘endium
1736 5713 1828 5768 de-
1931 5717 2109 5774 serius
2129 5711 2278 5772 facta
2304 5717 2407 5772 est.

187 5784 384 5841 duxit
415 5784 777 5841 inbasilicam
803 5784 874 5841 ab
901 5801 960 5841 se
992 5787 1402 5854 constructam,
1431 5784 1526 5841 ubi
1553 5785 1829 5841 hactenus
