  <div class='ocr_page' id='page_1' title='image "/cluster/home/n/w/nwhite01/storage/ocr_20150623/139/hvd.32044054759998/429.png"; bbox 0 0 3934 6176; ppageno 0'>
   <div class='ocr_carea' id='block_1_1' title="bbox 552 463 2105 553">
    <p class='ocr_par' dir='ltr' id='par_1_1' title="bbox 552 463 2105 530">
     <span class='ocr_line' id='line_1_1' title="bbox 552 463 2105 530; baseline 0.003 -7"><span class='ocrx_word' id='word_1_1' title='bbox 552 463 658 524; x_wconf 83' lang='grc'>847</span> <span class='ocrx_word' id='word_1_2' title='bbox 1656 468 1924 530; x_wconf 77' lang='grc' dir='ltr'>ΑΙΜΟῙΝῙ</span> <span class='ocrx_word' id='word_1_3' title='bbox 1950 468 2105 530; x_wconf 76' lang='grc' dir='ltr'>ΜΟΝ⁴</span> 
     </span>
    </p>
   </div>
   <div class='ocr_carea' id='block_1_2' title="bbox 2228 463 3781 553">
    <p class='ocr_par' dir='ltr' id='par_1_2' title="bbox 2228 470 3781 553">
     <span class='ocr_line' id='line_1_2' title="bbox 2228 470 3781 553; baseline 0.005 -25"><span class='ocrx_word' id='word_1_4' title='bbox 2228 470 2263 529; x_wconf 77' lang='grc' dir='ltr'>[ι</span> <span class='ocrx_word' id='word_1_5' title='bbox 2291 471 2791 537; x_wconf 79' lang='lat' dir='ltr'>FLOR&#39;IACENSIS</span> <span class='ocrx_word' id='word_1_6' title='bbox 3701 489 3781 553; x_wconf 59' lang='lat' dir='ltr'>ue</span> 
     </span>
    </p>
   </div>
   <div class='ocr_carea' id='block_1_3' title="bbox 550 584 3784 679">
    <p class='ocr_par' dir='ltr' id='par_1_3' title="bbox 550 584 3784 679">
     <span class='ocr_line' id='line_1_3' title="bbox 550 584 3784 679; baseline 0.003 -38"><span class='ocrx_word' id='word_1_7' title='bbox 550 603 647 679; x_wconf 87' lang='lat' dir='ltr'>no,</span> <span class='ocrx_word' id='word_1_8' title='bbox 682 602 745 642; x_wconf 86' lang='lat' dir='ltr'>ac</span> <span class='ocrx_word' id='word_1_9' title='bbox 761 584 819 642; x_wconf 90' lang='lat' dir='ltr'>in</span> <span class='ocrx_word' id='word_1_10' title='bbox 848 590 1181 647; x_wconf 86' lang='lat' dir='ltr'>sanctorum</span> <span class='ocrx_word' id='word_1_11' title='bbox 1201 589 1326 664; x_wconf 89' lang='lat' dir='ltr'>ejus</span> <span class='ocrx_word' id='word_1_12' title='bbox 1354 590 1599 662; x_wconf 89' lang='lat' dir='ltr'>meritis,</span> <span class='ocrx_word' id='word_1_13' title='bbox 1619 595 1676 650; x_wconf 92' lang='lat' dir='ltr'>te</span> <span class='ocrx_word' id='word_1_14' title='bbox 1705 610 1813 649; x_wconf 91' lang='lat' dir='ltr'>nec</span> <span class='ocrx_word' id='word_1_15' title='bbox 1842 594 1951 651; x_wconf 90' lang='lat' dir='ltr'>ista</span> <span class='ocrx_word' id='word_1_16' title='bbox 1966 593 2492 668; x_wconf 79' lang='lat' dir='ltr'>imple-Asignum</span> <span class='ocrx_word' id='word_1_17' title='bbox 2542 599 2657 668; x_wconf 90' lang='lat' dir='ltr'>die,</span> <span class='ocrx_word' id='word_1_18' title='bbox 2684 600 2854 658; x_wconf 86' lang='lat' dir='ltr'>tertio</span> <span class='ocrx_word' id='word_1_19' title='bbox 2898 599 3161 660; x_wconf 75' lang='lat' dir='ltr'>videlicet</span> <span class='ocrx_word' id='word_1_20' title='bbox 3208 602 3469 663; x_wconf 65' lang='lat' dir='ltr'>Kalendas</span> <span class='ocrx_word' id='word_1_21' title='bbox 3519 607 3665 679; x_wconf 59' lang='lat' dir='ltr'>Junii,</span> <span class='ocrx_word' id='word_1_22' title='bbox 3698 614 3784 671; x_wconf 57' lang='lat' dir='ltr'>alia</span> 
     </span>
    </p>
   </div>
   <div class='ocr_carea' id='block_1_4' title="bbox 547 678 3782 761">
    <p class='ocr_par' dir='ltr' id='par_1_4' title="bbox 547 678 3782 761">
     <span class='ocr_line' id='line_1_4' title="bbox 547 678 3782 761; baseline 0.009 -30"><span class='ocrx_word' id='word_1_23' title='bbox 547 678 762 743; x_wconf 90' lang='lat' dir='ltr'>turum,</span> <span class='ocrx_word' id='word_1_24' title='bbox 796 694 901 734; x_wconf 90' lang='lat' dir='ltr'>nec</span> <span class='ocrx_word' id='word_1_25' title='bbox 924 679 1300 736; x_wconf 88' lang='lat' dir='ltr'>constitutum</span> <span class='ocrx_word' id='word_1_26' title='bbox 1334 700 1368 738; x_wconf 89' lang='lat' dir='ltr'>a</span> <span class='ocrx_word' id='word_1_27' title='bbox 1396 685 1452 739; x_wconf 91' lang='lat' dir='ltr'>te</span> <span class='ocrx_word' id='word_1_28' title='bbox 1482 683 1805 738; x_wconf 82' lang='lat' dir='ltr'>terminum</span> <span class='ocrx_word' id='word_1_29' title='bbox 1850 686 2036 739; x_wconf 82' lang='lat' dir='ltr'>temet</span> <span class='ocrx_word' id='word_1_30' title='bbox 2082 682 2163 738; x_wconf 93' lang='lat' dir='ltr'>vi-</span> <span class='ocrx_word' id='word_1_31' title='bbox 2266 684 2409 740; x_wconf 91' lang='lat' dir='ltr'>inibi</span> <span class='ocrx_word' id='word_1_32' title='bbox 2435 686 2680 745; x_wconf 89' lang='lat' dir='ltr'>deducta</span> <span class='ocrx_word' id='word_1_33' title='bbox 2709 694 2794 746; x_wconf 89' lang='lat' dir='ltr'>est</span> <span class='ocrx_word' id='word_1_34' title='bbox 2830 690 3060 749; x_wconf 89' lang='lat' dir='ltr'>mulier.</span> <span class='ocrx_word' id='word_1_35' title='bbox 3092 692 3229 748; x_wconf 87' lang='lat' dir='ltr'><strong>Huic</strong></span> <span class='ocrx_word' id='word_1_36' title='bbox 3282 694 3571 753; x_wconf 77' lang='lat' dir='ltr'>Alexandra</span> <span class='ocrx_word' id='word_1_37' title='bbox 3612 678 3782 761; x_wconf 81' lang='lat' dir='ltr'>nomen</span> 
     </span>
    </p>
   </div>
   <div class='ocr_carea' id='block_1_5' title="bbox 546 766 3786 859">
    <p class='ocr_par' dir='ltr' id='par_1_5' title="bbox 546 766 3786 859">
     <span class='ocr_line' id='line_1_5' title="bbox 546 766 3786 859; baseline 0.009 -41"><span class='ocrx_word' id='word_1_38' title='bbox 546 766 733 820; x_wconf 91' lang='lat' dir='ltr'>vendo</span> <span class='ocrx_word' id='word_1_39' title='bbox 761 784 1146 824; x_wconf 81' lang='lat' dir='ltr'>excessurum.</span> <span class='ocrx_word' id='word_1_40' title='bbox 1193 771 1310 827; x_wconf 87' lang='lat' dir='ltr'>Hoc</span> <span class='ocrx_word' id='word_1_41' title='bbox 1342 772 1557 827; x_wconf 91' lang='lat' dir='ltr'>dictum</span> <span class='ocrx_word' id='word_1_42' title='bbox 1589 771 1673 827; x_wconf 87' lang='lat' dir='ltr'>rei</span> <span class='ocrx_word' id='word_1_43' title='bbox 1709 771 1916 828; x_wconf 91' lang='lat' dir='ltr'>veritas</span> <span class='ocrx_word' id='word_1_44' title='bbox 1968 773 2162 828; x_wconf 90' lang='lat' dir='ltr'>subse-</span> <span class='ocrx_word' id='word_1_45' title='bbox 2266 777 2409 841; x_wconf 91' lang='lat' dir='ltr'>erat,</span> <span class='ocrx_word' id='word_1_46' title='bbox 2438 792 2565 848; x_wconf 66' lang='lat' dir='ltr'>quae</span> <span class='ocrx_word' id='word_1_47' title='bbox 2592 779 2926 848; x_wconf 85' lang='lat' dir='ltr'>gestatorio,</span> <span class='ocrx_word' id='word_1_48' title='bbox 2959 797 3074 852; x_wconf 90' lang='lat' dir='ltr'>quo</span> <span class='ocrx_word' id='word_1_49' title='bbox 3106 781 3315 853; x_wconf 86' lang='lat' dir='ltr'>lapides</span> <span class='ocrx_word' id='word_1_50' title='bbox 3359 784 3483 839; x_wconf 89' lang='lat' dir='ltr'>ferri</span> <span class='ocrx_word' id='word_1_51' title='bbox 3508 802 3616 843; x_wconf 88' lang='lat' dir='ltr'>mos</span> <span class='ocrx_word' id='word_1_52' title='bbox 3653 794 3738 859; x_wconf 86' lang='lat' dir='ltr'>est,</span> <span class='ocrx_word' id='word_1_53' title='bbox 3759 808 3786 847; x_wconf 86' lang='lat' dir='ltr'>a</span> 
     </span>
    </p>
   </div>
   <div class='ocr_carea' id='block_1_6' title="bbox 542 857 3785 935">
    <p class='ocr_par' dir='ltr' id='par_1_6' title="bbox 542 857 3785 935">
     <span class='ocr_line' id='line_1_6' title="bbox 542 857 3785 935; baseline 0.007 -26"><span class='ocrx_word' id='word_1_54' title='bbox 542 857 673 909; x_wconf 89' lang='lat' dir='ltr'>cuta</span> <span class='ocrx_word' id='word_1_55' title='bbox 703 858 807 911; x_wconf 91' lang='lat' dir='ltr'>est.</span> <span class='ocrx_word' id='word_1_56' title='bbox 830 857 1086 929; x_wconf 86' lang='lat' dir='ltr'>Denique</span> <span class='ocrx_word' id='word_1_57' title='bbox 1104 860 1382 931; x_wconf 67' lang='lat' dir='ltr'>praedicto</span> <span class='ocrx_word' id='word_1_58' title='bbox 1406 861 1526 921; x_wconf 91' lang='lat' dir='ltr'>viro</span> <span class='ocrx_word' id='word_1_59' title='bbox 1538 861 1855 933; x_wconf 81' lang='lat' dir='ltr'>venerabili</span> <span class='ocrx_word' id='word_1_60' title='bbox 1883 861 2161 919; x_wconf 84' lang='lat' dir='ltr'>Botherto</span> <span class='ocrx_word' id='word_1_61' title='bbox 2266 862 2487 919; x_wconf 90' lang='lat' dir='ltr'>duobus</span> <span class='ocrx_word' id='word_1_62' title='bbox 2507 864 2640 921; x_wconf 88' lang='lat' dir='ltr'>viris</span> <span class='ocrx_word' id='word_1_63' title='bbox 2662 866 2919 935; x_wconf 89' lang='lat' dir='ltr'>advecta,</span> <span class='ocrx_word' id='word_1_64' title='bbox 2943 868 3003 923; x_wconf 92' lang='lat' dir='ltr'>in</span> <span class='ocrx_word' id='word_1_65' title='bbox 3031 869 3317 926; x_wconf 84' lang='lat' dir='ltr'>basilicam</span> <span class='ocrx_word' id='word_1_66' title='bbox 3342 889 3397 927; x_wconf 89' lang='lat' dir='ltr'>se</span> <span class='ocrx_word' id='word_1_67' title='bbox 3443 873 3686 931; x_wconf 77' lang='lat' dir='ltr'>introduci</span> 
     </span>
    </p>
   </div>
   <div class='ocr_carea' id='block_1_7' title="bbox 541 944 3784 1030">
    <p class='ocr_par' dir='ltr' id='par_1_7' title="bbox 541 944 3784 1030">
     <span class='ocr_line' id='line_1_7' title="bbox 541 944 3784 1030; baseline 0.006 -32"><span class='ocrx_word' id='word_1_68' title='bbox 541 944 614 998; x_wconf 90' lang='lat' dir='ltr'>ad</span> <span class='ocrx_word' id='word_1_69' title='bbox 642 946 1059 1001; x_wconf 83' lang='lat' dir='ltr'>monasterium</span> <span class='ocrx_word' id='word_1_70' title='bbox 1079 953 1695 1022; x_wconf 82' lang='lat' dir='ltr'>regresso,antequam</span> <span class='ocrx_word' id='word_1_71' title='bbox 1715 948 2004 1021; x_wconf 72' lang='lat' dir='ltr'>praefinita</span> <span class='ocrx_word' id='word_1_72' title='bbox 2022 965 2165 1021; x_wconf 69' lang='lat' dir='ltr'>prm—</span> <span class='ocrx_word' id='word_1_73' title='bbox 2263 951 2437 1023; x_wconf 83' lang='lat' dir='ltr'>gavit.</span> <span class='ocrx_word' id='word_1_74' title='bbox 2473 953 2610 1018; x_wconf 63' lang='lat' dir='ltr'>Quae</span> <span class='ocrx_word' id='word_1_75' title='bbox 2632 955 2691 1010; x_wconf 93' lang='lat' dir='ltr'>in</span> <span class='ocrx_word' id='word_1_76' title='bbox 2732 956 2941 1012; x_wconf 91' lang='lat' dir='ltr'>eodem</span> <span class='ocrx_word' id='word_1_77' title='bbox 2988 974 3101 1030; x_wconf 91' lang='lat' dir='ltr'>quo</span> <span class='ocrx_word' id='word_1_78' title='bbox 3130 962 3189 1014; x_wconf 89' lang='lat' dir='ltr'>et</span> <span class='ocrx_word' id='word_1_79' title='bbox 3233 959 3386 1030; x_wconf 90' lang='lat' dir='ltr'>prior</span> <span class='ocrx_word' id='word_1_80' title='bbox 3429 965 3597 1017; x_wconf 87' lang='lat' dir='ltr'>erecta</span> <span class='ocrx_word' id='word_1_81' title='bbox 3636 964 3784 1020; x_wconf 82' lang='lat' dir='ltr'>fuerat</span> 
     </span>
    </p>
   </div>
   <div class='ocr_carea' id='block_1_8' title="bbox 539 1033 3783 1123">
    <p class='ocr_par' dir='ltr' id='par_1_8' title="bbox 539 1033 3783 1123">
     <span class='ocr_line' id='line_1_8' title="bbox 539 1033 3783 1123; baseline 0.008 -38"><span class='ocrx_word' id='word_1_82' title='bbox 539 1033 785 1089; x_wconf 87' lang='lat' dir='ltr'>teriisset</span> <span class='ocrx_word' id='word_1_83' title='bbox 813 1034 954 1103; x_wconf 69' lang='lat' dir='ltr'>alios,</span> <span class='ocrx_word' id='word_1_84' title='bbox 989 1037 1261 1108; x_wconf 81' lang='lat' dir='ltr'>praefatus</span> <span class='ocrx_word' id='word_1_85' title='bbox 1318 1039 1638 1094; x_wconf 89' lang='lat' dir='ltr'>Bernardus</span> <span class='ocrx_word' id='word_1_86' title='bbox 1696 1039 1768 1093; x_wconf 90' lang='lat' dir='ltr'>ab</span> <span class='ocrx_word' id='word_1_87' title='bbox 1829 1037 1997 1095; x_wconf 90' lang='lat' dir='ltr'>obvio</span> <span class='ocrx_word' id='word_1_88' title='bbox 2055 1036 2162 1092; x_wconf 83' lang='lat' dir='ltr'>sibi</span> <span class='ocrx_word' id='word_1_89' title='bbox 2262 1042 2411 1109; x_wconf 93' lang='lat' dir='ltr'>loco,</span> <span class='ocrx_word' id='word_1_90' title='bbox 2440 1044 2513 1099; x_wconf 88' lang='lat' dir='ltr'>ad</span> <span class='ocrx_word' id='word_1_91' title='bbox 2555 1047 2879 1102; x_wconf 89' lang='lat' dir='ltr'>orationem</span> <span class='ocrx_word' id='word_1_92' title='bbox 2923 1065 2982 1103; x_wconf 90' lang='lat' dir='ltr'>se</span> <span class='ocrx_word' id='word_1_93' title='bbox 3030 1048 3330 1118; x_wconf 85' lang='lat' dir='ltr'>inclinans,</span> <span class='ocrx_word' id='word_1_94' title='bbox 3386 1055 3503 1123; x_wconf 88' lang='lat' dir='ltr'>post</span> <span class='ocrx_word' id='word_1_95' title='bbox 3548 1054 3783 1110; x_wconf 87' lang='lat' dir='ltr'>modicum</span> 
     </span>
    </p>
   </div>
   <div class='ocr_carea' id='block_1_9' title="bbox 534 1129 3785 1210">
    <p class='ocr_par' dir='ltr' id='par_1_9' title="bbox 534 1129 3785 1210">
     <span class='ocr_line' id='line_1_9' title="bbox 534 1129 3785 1210; baseline 0.004 -27"><span class='ocrx_word' id='word_1_96' title='bbox 534 1129 698 1184; x_wconf 90' lang='lat' dir='ltr'>hoste</span> <span class='ocrx_word' id='word_1_97' title='bbox 733 1132 1066 1205; x_wconf 70' lang='lat' dir='ltr'>praescripto</span> <span class='ocrx_word' id='word_1_98' title='bbox 1095 1134 1373 1190; x_wconf 89' lang='lat' dir='ltr'>Letboldo</span> <span class='ocrx_word' id='word_1_99' title='bbox 1404 1136 1603 1191; x_wconf 86' lang='lat' dir='ltr'>lancea</span> <span class='ocrx_word' id='word_1_100' title='bbox 1634 1135 1890 1191; x_wconf 84' lang='lat' dir='ltr'>confixus</span> <span class='ocrx_word' id='word_1_101' title='bbox 1920 1134 2159 1201; x_wconf 85' lang='lat' dir='ltr'>interiit,</span> <span class='ocrx_word' id='word_1_102' title='bbox 2262 1131 2622 1202; x_wconf 80' lang='lat' dir='ltr'>pedetentim</span> <span class='ocrx_word' id='word_1_103' title='bbox 2646 1134 2869 1206; x_wconf 83' lang='lat' dir='ltr'>erigere</span> <span class='ocrx_word' id='word_1_104' title='bbox 2898 1153 3019 1192; x_wconf 88' lang='lat' dir='ltr'>sese</span> <span class='ocrx_word' id='word_1_105' title='bbox 3040 1138 3231 1210; x_wconf 77' lang='lat' dir='ltr'>ccepit.</span> <span class='ocrx_word' id='word_1_106' title='bbox 3263 1138 3425 1210; x_wconf 86' lang='lat' dir='ltr'>Cujus</span> <span class='ocrx_word' id='word_1_107' title='bbox 3449 1143 3682 1196; x_wconf 84' lang='lat' dir='ltr'>conatum</span> <span class='ocrx_word' id='word_1_108' title='bbox 3701 1141 3785 1197; x_wconf 85' lang='lat' dir='ltr'>fra-</span> 
     </span>
    </p>
   </div>
   <div class='ocr_carea' id='block_1_10' title="bbox 535 1210 3782 1301">
    <p class='ocr_par' dir='ltr' id='par_1_10' title="bbox 535 1210 3782 1301">
     <span class='ocr_line' id='line_1_10' title="bbox 535 1210 3782 1301; baseline 0.004 -28"><span class='ocrx_word' id='word_1_109' title='bbox 535 1219 826 1275; x_wconf 89' lang='lat' dir='ltr'>subiturus</span> <span class='ocrx_word' id='word_1_110' title='bbox 856 1237 961 1293; x_wconf 93' lang='lat' dir='ltr'>pro</span> <span class='ocrx_word' id='word_1_111' title='bbox 992 1225 1149 1278; x_wconf 89' lang='lat' dir='ltr'>certo</span> <span class='ocrx_word' id='word_1_112' title='bbox 1180 1223 1322 1279; x_wconf 92' lang='lat' dir='ltr'>illud</span> <span class='ocrx_word' id='word_1_113' title='bbox 1355 1223 1645 1281; x_wconf 89' lang='lat' dir='ltr'>diutinum</span> <span class='ocrx_word' id='word_1_114' title='bbox 1667 1241 1800 1280; x_wconf 91' lang='lat' dir='ltr'>cum</span> <span class='ocrx_word' id='word_1_115' title='bbox 1829 1224 1963 1296; x_wconf 86' lang='lat' dir='ltr'>igne</span> <span class='ocrx_word' id='word_1_116' title='bbox 1984 1210 2163 1279; x_wconf 79' lang='lat' dir='ltr'>certa&#39;</span> <span class='ocrx_word' id='word_1_117' title='bbox 2262 1222 2398 1287; x_wconf 89' lang='lat' dir='ltr'>tres,</span> <span class='ocrx_word' id='word_1_118' title='bbox 2426 1220 2523 1292; x_wconf 90' lang='lat' dir='ltr'>qui</span> <span class='ocrx_word' id='word_1_119' title='bbox 2549 1222 2621 1277; x_wconf 88' lang='lat' dir='ltr'>ad</span> <span class='ocrx_word' id='word_1_120' title='bbox 2652 1224 2772 1278; x_wconf 89' lang='lat' dir='ltr'>tam</span> <span class='ocrx_word' id='word_1_121' title='bbox 2790 1223 3125 1280; x_wconf 89' lang='lat' dir='ltr'>mirandum</span> <span class='ocrx_word' id='word_1_122' title='bbox 3156 1230 3526 1283; x_wconf 86' lang='lat' dir='ltr'>convenerant</span> <span class='ocrx_word' id='word_1_123' title='bbox 3549 1232 3782 1301; x_wconf 74' lang='lat' dir='ltr'>spectacu-</span> 
     </span>
    </p>
   </div>
   <div class='ocr_carea' id='block_1_11' title="bbox 535 1309 3782 1384">
    <p class='ocr_par' dir='ltr' id='par_1_11' title="bbox 535 1309 3782 1384">
     <span class='ocr_line' id='line_1_11' title="bbox 535 1309 3782 1384; baseline 0.003 -21"><span class='ocrx_word' id='word_1_124' title='bbox 535 1325 693 1377; x_wconf 90' lang='lat' dir='ltr'>men,</span> <span class='ocrx_word' id='word_1_125' title='bbox 744 1312 899 1382; x_wconf 92' lang='lat' dir='ltr'>quod</span> <span class='ocrx_word' id='word_1_126' title='bbox 941 1312 1083 1367; x_wconf 84' lang='lat' dir='ltr'>falso</span> <span class='ocrx_word' id='word_1_127' title='bbox 1135 1313 1433 1384; x_wconf 89' lang='lat' dir='ltr'>juravcrat</span> <span class='ocrx_word' id='word_1_128' title='bbox 1490 1332 1548 1370; x_wconf 90' lang='lat' dir='ltr'>se</span> <span class='ocrx_word' id='word_1_129' title='bbox 1602 1316 1799 1370; x_wconf 90' lang='lat' dir='ltr'>sancto</span> <span class='ocrx_word' id='word_1_130' title='bbox 1850 1312 2159 1369; x_wconf 91' lang='lat' dir='ltr'>Benedicto</span> <span class='ocrx_word' id='word_1_131' title='bbox 2260 1309 2632 1380; x_wconf 82' lang='lat' dir='ltr'>lum,juvare</span> <span class='ocrx_word' id='word_1_132' title='bbox 2662 1311 2977 1383; x_wconf 87' lang='lat' dir='ltr'>cupientes,</span> <span class='ocrx_word' id='word_1_133' title='bbox 3019 1313 3171 1368; x_wconf 82' lang='lat' dir='ltr'>inter</span> <span class='ocrx_word' id='word_1_134' title='bbox 3199 1331 3395 1371; x_wconf 88' lang='lat' dir='ltr'>manus</span> <span class='ocrx_word' id='word_1_135' title='bbox 3419 1332 3538 1370; x_wconf 90' lang='lat' dir='ltr'>eam</span> <span class='ocrx_word' id='word_1_136' title='bbox 3563 1316 3782 1373; x_wconf 86' lang='lat' dir='ltr'>elevando</span> 
     </span>
    </p>
   </div>
   <div class='ocr_carea' id='block_1_12' title="bbox 536 1398 3783 1474">
    <p class='ocr_par' dir='ltr' id='par_1_12' title="bbox 536 1398 3783 1474">
     <span class='ocr_line' id='line_1_12' title="bbox 536 1398 3783 1474; baseline 0.002 -21"><span class='ocrx_word' id='word_1_137' title='bbox 536 1398 695 1454; x_wconf 89' lang='lat' dir='ltr'>brevi</span> <span class='ocrx_word' id='word_1_138' title='bbox 714 1402 977 1472; x_wconf 89' lang='lat' dir='ltr'>tempore</span> <span class='ocrx_word' id='word_1_139' title='bbox 1005 1401 1322 1457; x_wconf 88' lang='lat' dir='ltr'>illaturum.</span> <span class='ocrx_word' id='word_1_140' title='bbox 2259 1398 2676 1455; x_wconf 86' lang='lat' dir='ltr'>sustentabant.</span> <span class='ocrx_word' id='word_1_141' title='bbox 2706 1402 2832 1471; x_wconf 88' lang='lat' dir='ltr'>Ipsa</span> <span class='ocrx_word' id='word_1_142' title='bbox 2845 1417 3075 1474; x_wconf 91' lang='lat' dir='ltr'>quoque</span> <span class='ocrx_word' id='word_1_143' title='bbox 3092 1402 3243 1458; x_wconf 87' lang='lat' dir='ltr'>circa</span> <span class='ocrx_word' id='word_1_144' title='bbox 3258 1403 3454 1459; x_wconf 90' lang='lat' dir='ltr'>horam</span> <span class='ocrx_word' id='word_1_145' title='bbox 3475 1404 3573 1459; x_wconf 90' lang='lat' dir='ltr'>diei</span> <span class='ocrx_word' id='word_1_146' title='bbox 3585 1404 3783 1471; x_wconf 87' lang='lat' dir='ltr'>tertiam,</span> 
     </span>
    </p>
   </div>
   <div class='ocr_carea' id='block_1_13' title="bbox 609 1488 3786 1565">
    <p class='ocr_par' dir='ltr' id='par_1_13' title="bbox 609 1488 3786 1565">
     <span class='ocr_line' id='line_1_13' title="bbox 609 1488 3786 1565; baseline 0.002 -24"><span class='ocrx_word' id='word_1_147' title='bbox 609 1489 697 1542; x_wconf 92' lang='lat'>38.</span> <span class='ocrx_word' id='word_1_148' title='bbox 758 1488 1119 1559; x_wconf 83' lang='lat' dir='ltr'>Adjiciantur</span> <span class='ocrx_word' id='word_1_149' title='bbox 1148 1489 1280 1546; x_wconf 90' lang='lat' dir='ltr'>huic</span> <span class='ocrx_word' id='word_1_150' title='bbox 1310 1490 1576 1547; x_wconf 60' lang='lat' dir='ltr'>vindictm</span> <span class='ocrx_word' id='word_1_151' title='bbox 1608 1490 1877 1564; x_wconf 87' lang='lat' dir='ltr'>prodigio</span> <span class='ocrx_word' id='word_1_152' title='bbox 1909 1493 2158 1563; x_wconf 86' lang='lat' dir='ltr'>quatuor</span> <span class='ocrx_word' id='word_1_153' title='bbox 2256 1492 2315 1546; x_wconf 92' lang='lat' dir='ltr'>in</span> <span class='ocrx_word' id='word_1_154' title='bbox 2342 1503 2457 1559; x_wconf 90' lang='lat' dir='ltr'>qua</span> <span class='ocrx_word' id='word_1_155' title='bbox 2482 1488 2671 1544; x_wconf 90' lang='lat' dir='ltr'>delata</span> <span class='ocrx_word' id='word_1_156' title='bbox 2724 1489 2933 1557; x_wconf 83' lang='lat' dir='ltr'>fuerat,</span> <span class='ocrx_word' id='word_1_157' title='bbox 2978 1491 3164 1564; x_wconf 78' lang='lat' dir='ltr'>plenae</span> <span class='ocrx_word' id='word_1_158' title='bbox 3219 1492 3425 1548; x_wconf 87' lang='lat' dir='ltr'>donata</span> <span class='ocrx_word' id='word_1_159' title='bbox 3468 1492 3684 1559; x_wconf 81' lang='lat' dir='ltr'>sanitati,</span> <span class='ocrx_word' id='word_1_160' title='bbox 3709 1510 3786 1565; x_wconf 84' lang='lat' dir='ltr'>per</span> 
     </span>
    </p>
   </div>
   <div class='ocr_carea' id='block_1_14' title="bbox 539 1574 3678 1651">
    <p class='ocr_par' dir='ltr' id='par_1_14' title="bbox 539 1574 3678 1651">
     <span class='ocr_line' id='line_1_14' title="bbox 539 1574 3678 1651; baseline 0.002 -21"><span class='ocrx_word' id='word_1_161' title='bbox 539 1576 855 1632; x_wconf 87' lang='lat' dir='ltr'>sanitatum</span> <span class='ocrx_word' id='word_1_162' title='bbox 909 1578 1160 1650; x_wconf 88' lang='lat' dir='ltr'>insignia</span> <span class='ocrx_word' id='word_1_163' title='bbox 1187 1579 1407 1635; x_wconf 89' lang='lat' dir='ltr'>duabus</span> <span class='ocrx_word' id='word_1_164' title='bbox 1433 1583 1663 1636; x_wconf 89' lang='lat' dir='ltr'>tantum</span> <span class='ocrx_word' id='word_1_165' title='bbox 1710 1580 1950 1636; x_wconf 88' lang='lat' dir='ltr'>feminei</span> <span class='ocrx_word' id='word_1_166' title='bbox 1991 1597 2155 1635; x_wconf 81' lang='lat' dir='ltr'>sexus</span> <span class='ocrx_word' id='word_1_167' title='bbox 2255 1574 2476 1648; x_wconf 81' lang='lat' dir='ltr'>aliquot</span> <span class='ocrx_word' id='word_1_168' title='bbox 2507 1593 2736 1632; x_wconf 89' lang='lat' dir='ltr'>menses</span> <span class='ocrx_word' id='word_1_169' title='bbox 2758 1578 2817 1632; x_wconf 93' lang='lat' dir='ltr'>in</span> <span class='ocrx_word' id='word_1_170' title='bbox 2851 1578 3077 1635; x_wconf 88' lang='lat' dir='ltr'>servitio</span> <span class='ocrx_word' id='word_1_171' title='bbox 3109 1579 3355 1636; x_wconf 63' lang='lat' dir='ltr'>ecclesia:</span> <span class='ocrx_word' id='word_1_172' title='bbox 3384 1580 3678 1651; x_wconf 80' lang='lat' dir='ltr'>permansit.</span> 
     </span>
    </p>
   </div>
   <div class='ocr_carea' id='block_1_15' title="bbox 529 1665 3783 1740">
    <p class='ocr_par' dir='ltr' id='par_1_15' title="bbox 529 1665 3783 1740">
     <span class='ocr_line' id='line_1_15' title="bbox 529 1665 3783 1740; baseline 0.001 -20"><span class='ocrx_word' id='word_1_173' title='bbox 529 1666 811 1736; x_wconf 89' lang='lat' dir='ltr'>personis,</span> <span class='ocrx_word' id='word_1_174' title='bbox 828 1684 862 1722; x_wconf 93' lang='lat' dir='ltr'>a</span> <span class='ocrx_word' id='word_1_175' title='bbox 880 1666 1104 1722; x_wconf 86' lang='lat' dir='ltr'>Christo</span> <span class='ocrx_word' id='word_1_176' title='bbox 1124 1667 1332 1723; x_wconf 78' lang='lat' dir='ltr'>collata</span> <span class='ocrx_word' id='word_1_177' title='bbox 1356 1668 1415 1724; x_wconf 92' lang='lat' dir='ltr'>in</span> <span class='ocrx_word' id='word_1_178' title='bbox 1437 1669 1647 1725; x_wconf 92' lang='lat' dir='ltr'>eodem</span> <span class='ocrx_word' id='word_1_179' title='bbox 1679 1667 2032 1724; x_wconf 89' lang='lat' dir='ltr'>monasterio</span> <span class='ocrx_word' id='word_1_180' title='bbox 2052 1669 2155 1723; x_wconf 90' lang='lat' dir='ltr'>Pa-</span> <span class='ocrx_word' id='word_1_181' title='bbox 2326 1665 2415 1719; x_wconf 88' lang='grc'><strong>44.</strong></span> <span class='ocrx_word' id='word_1_182' title='bbox 2441 1665 2733 1721; x_wconf 88' lang='lat' dir='ltr'>Postulata</span> <span class='ocrx_word' id='word_1_183' title='bbox 2751 1668 2946 1721; x_wconf 93' lang='lat' dir='ltr'>autem</span> <span class='ocrx_word' id='word_1_184' title='bbox 2977 1669 3151 1739; x_wconf 91' lang='lat' dir='ltr'>atque</span> <span class='ocrx_word' id='word_1_185' title='bbox 3182 1668 3524 1740; x_wconf 88' lang='lat' dir='ltr'>impetrataa</span> <span class='ocrx_word' id='word_1_186' title='bbox 3542 1669 3649 1740; x_wconf 87' lang='lat' dir='ltr'>jam</span> <span class='ocrx_word' id='word_1_187' title='bbox 3670 1668 3783 1724; x_wconf 88' lang='lat' dir='ltr'>dicto</span> 
     </span>
    </p>
   </div>
   <div class='ocr_carea' id='block_1_16' title="bbox 528 1749 3785 1828">
    <p class='ocr_par' dir='ltr' id='par_1_16' title="bbox 528 1749 3785 1828">
     <span class='ocr_line' id='line_1_16' title="bbox 528 1749 3785 1828; baseline 0.001 -21"><span class='ocrx_word' id='word_1_188' title='bbox 528 1754 760 1810; x_wconf 88' lang='lat' dir='ltr'>triciaco</span> <span class='ocrx_word' id='word_1_189' title='bbox 792 1771 898 1827; x_wconf 90' lang='lat' dir='ltr'>per</span> <span class='ocrx_word' id='word_1_190' title='bbox 917 1756 1128 1811; x_wconf 90' lang='lat' dir='ltr'>merita</span> <span class='ocrx_word' id='word_1_191' title='bbox 1157 1759 1369 1812; x_wconf 65' lang='lat' dir='ltr'>sancta:</span> <span class='ocrx_word' id='word_1_192' title='bbox 1401 1774 1516 1812; x_wconf 82' lang='lat' dir='ltr'>suae</span> <span class='ocrx_word' id='word_1_193' title='bbox 1542 1757 1849 1813; x_wconf 91' lang='lat' dir='ltr'>Genitricis</span> <span class='ocrx_word' id='word_1_194' title='bbox 1864 1774 1929 1812; x_wconf 90' lang='lat' dir='ltr'>ac</span> <span class='ocrx_word' id='word_1_195' title='bbox 1954 1755 2150 1828; x_wconf 84' lang='lat' dir='ltr'>inclyti</span> <span class='ocrx_word' id='word_1_196' title='bbox 2252 1749 2374 1821; x_wconf 88' lang='lat' dir='ltr'>ejus</span> <span class='ocrx_word' id='word_1_197' title='bbox 2406 1752 2515 1809; x_wconf 92' lang='lat' dir='ltr'>loci</span> <span class='ocrx_word' id='word_1_198' title='bbox 2540 1754 2849 1826; x_wconf 63' lang='lat' dir='ltr'>praeposito</span> <span class='ocrx_word' id='word_1_199' title='bbox 2882 1755 3162 1810; x_wconf 81' lang='lat' dir='ltr'>Rotberto</span> <span class='ocrx_word' id='word_1_200' title='bbox 3190 1755 3415 1811; x_wconf 87' lang='lat' dir='ltr'>licentia</span> <span class='ocrx_word' id='word_1_201' title='bbox 3458 1755 3700 1813; x_wconf 87' lang='lat' dir='ltr'>redeundi</span> <span class='ocrx_word' id='word_1_202' title='bbox 3730 1756 3785 1812; x_wconf 83' lang='lat' dir='ltr'>ad</span> 
     </span>
    </p>
   </div>
   <div class='ocr_carea' id='block_1_17' title="bbox 526 1841 3783 1918">
    <p class='ocr_par' dir='ltr' id='par_1_17' title="bbox 526 1841 3783 1918">
     <span class='ocr_line' id='line_1_17' title="bbox 526 1841 3783 1918; baseline 0.001 -21"><span class='ocrx_word' id='word_1_203' title='bbox 526 1843 869 1899; x_wconf 84' lang='lat' dir='ltr'>confessoris</span> <span class='ocrx_word' id='word_1_204' title='bbox 898 1844 1212 1913; x_wconf 88' lang='lat' dir='ltr'>Benedicti,</span> <span class='ocrx_word' id='word_1_205' title='bbox 1243 1845 1629 1918; x_wconf 89' lang='lat' dir='ltr'>aliorumque,</span> <span class='ocrx_word' id='word_1_206' title='bbox 1661 1862 1911 1918; x_wconf 89' lang='lat' dir='ltr'>quorum</span> <span class='ocrx_word' id='word_1_207' title='bbox 1941 1844 2018 1900; x_wconf 89' lang='lat' dir='ltr'>ibi</span> <span class='ocrx_word' id='word_1_208' title='bbox 2044 1845 2151 1900; x_wconf 88' lang='lat' dir='ltr'>ha-</span> <span class='ocrx_word' id='word_1_209' title='bbox 2176 1900 2224 1918; x_wconf 49' lang='grc' dir='ltr'>ἢ</span> <span class='ocrx_word' id='word_1_210' title='bbox 2250 1854 2373 1908; x_wconf 82' lang='lat' dir='ltr'>sua,</span> <span class='ocrx_word' id='word_1_211' title='bbox 2403 1841 2656 1911; x_wconf 90' lang='lat' dir='ltr'>pollicita</span> <span class='ocrx_word' id='word_1_212' title='bbox 2684 1845 2771 1897; x_wconf 91' lang='lat' dir='ltr'>est</span> <span class='ocrx_word' id='word_1_213' title='bbox 2799 1859 2858 1897; x_wconf 88' lang='lat' dir='ltr'>se</span> <span class='ocrx_word' id='word_1_214' title='bbox 2885 1842 2957 1898; x_wconf 91' lang='lat' dir='ltr'>ad</span> <span class='ocrx_word' id='word_1_215' title='bbox 2983 1843 3319 1900; x_wconf 88' lang='lat' dir='ltr'>inchoatum</span> <span class='ocrx_word' id='word_1_216' title='bbox 3345 1861 3667 1901; x_wconf 86' lang='lat' dir='ltr'>reversuram</span> <span class='ocrx_word' id='word_1_217' title='bbox 3689 1860 3783 1900; x_wconf 81' lang='lat' dir='ltr'>san-</span> 
     </span>
    </p>
   </div>
   <div class='ocr_carea' id='block_1_18' title="bbox 524 1900 3783 2007">
    <p class='ocr_par' dir='ltr' id='par_1_18' title="bbox 524 1900 3783 2007">
     <span class='ocr_line' id='line_1_18' title="bbox 524 1900 3783 2007; baseline 0.001 -21"><span class='ocrx_word' id='word_1_218' title='bbox 524 1932 735 1987; x_wconf 90' lang='lat' dir='ltr'>bentur</span> <span class='ocrx_word' id='word_1_219' title='bbox 758 1932 1098 2004; x_wconf 88' lang='lat' dir='ltr'>patronicia,</span> <span class='ocrx_word' id='word_1_220' title='bbox 1124 1936 1480 1990; x_wconf 88' lang='lat' dir='ltr'>sanctorum.</span> <span class='ocrx_word' id='word_1_221' title='bbox 2176 1900 2225 1962; x_wconf 80' lang='lat' dir='ltr'>B</span> <span class='ocrx_word' id='word_1_222' title='bbox 2247 1928 2452 1983; x_wconf 89' lang='lat' dir='ltr'>ctuarii</span> <span class='ocrx_word' id='word_1_223' title='bbox 2483 1930 2823 2003; x_wconf 88' lang='lat' dir='ltr'>obsequium</span> <span class='ocrx_word' id='word_1_224' title='bbox 2858 1949 2873 2000; x_wconf 86' lang='lat'><strong>;</strong></span> <span class='ocrx_word' id='word_1_225' title='bbox 2912 1932 3015 1988; x_wconf 89' lang='lat' dir='ltr'>sed</span> <span class='ocrx_word' id='word_1_226' title='bbox 3046 1932 3188 1988; x_wconf 90' lang='lat' dir='ltr'>dum</span> <span class='ocrx_word' id='word_1_227' title='bbox 3214 1949 3404 1989; x_wconf 87' lang='lat' dir='ltr'>moras</span> <span class='ocrx_word' id='word_1_228' title='bbox 3433 1934 3498 1989; x_wconf 92' lang='lat' dir='ltr'>ad</span> <span class='ocrx_word' id='word_1_229' title='bbox 3518 1932 3783 2007; x_wconf 85' lang='lat' dir='ltr'>regredien-</span> 
     </span>
    </p>
   </div>
   <div class='ocr_carea' id='block_1_19' title="bbox 1155 2017 3781 2095">
    <p class='ocr_par' dir='ltr' id='par_1_19' title="bbox 1155 2017 3781 2095">
     <span class='ocr_line' id='line_1_19' title="bbox 1155 2017 3781 2095; baseline 0 -19"><span class='ocrx_word' id='word_1_230' title='bbox 1155 2023 1379 2079; x_wconf 82' lang='lat' dir='ltr'>(‘APUT</span> <span class='ocrx_word' id='word_1_231' title='bbox 1403 2023 1558 2079; x_wconf 87' lang='lat' dir='ltr'><strong>XVII.</strong></span> <span class='ocrx_word' id='word_1_232' title='bbox 2245 2017 2386 2073; x_wconf 89' lang='lat' dir='ltr'>dum</span> <span class='ocrx_word' id='word_1_233' title='bbox 2433 2017 2774 2088; x_wconf 90' lang='lat' dir='ltr'>innecteret,</span> <span class='ocrx_word' id='word_1_234' title='bbox 2838 2021 3147 2093; x_wconf 91' lang='lat' dir='ltr'>pristinum</span> <span class='ocrx_word' id='word_1_235' title='bbox 3200 2022 3530 2095; x_wconf 80' lang='lat' dir='ltr'>languorem</span> <span class='ocrx_word' id='word_1_236' title='bbox 3578 2022 3781 2078; x_wconf 84' lang='lat' dir='ltr'>incurrit.</span> 
     </span>
    </p>
   </div>
   <div class='ocr_carea' id='block_1_20' title="bbox 942 2106 3784 2184">
    <p class='ocr_par' dir='ltr' id='par_1_20' title="bbox 942 2106 3784 2184">
     <span class='ocr_line' id='line_1_20' title="bbox 942 2106 3784 2184; baseline -0.001 -16"><span class='ocrx_word' id='word_1_237' title='bbox 942 2110 1133 2168; x_wconf 75' lang='lat' dir='ltr'>Multa</span> <span class='ocrx_word' id='word_1_238' title='bbox 1163 2116 1214 2167; x_wconf 75' lang='lat' dir='ltr'>et</span> <span class='ocrx_word' id='word_1_239' title='bbox 1246 2110 1464 2169; x_wconf 77' lang='lat' dir='ltr'>Claude</span> <span class='ocrx_word' id='word_1_240' title='bbox 1492 2114 1747 2168; x_wconf 71' lang='lat' dir='ltr'>sanatur.</span> <span class='ocrx_word' id='word_1_241' title='bbox 2242 2106 2656 2164; x_wconf 89' lang='lat' dir='ltr'>Verumtamen</span> <span class='ocrx_word' id='word_1_242' title='bbox 2688 2109 2829 2164; x_wconf 91' lang='lat' dir='ltr'>dum</span> <span class='ocrx_word' id='word_1_243' title='bbox 2872 2112 3161 2183; x_wconf 56' lang='lat' dir='ltr'>quaereret</span> <span class='ocrx_word' id='word_1_244' title='bbox 3208 2111 3306 2184; x_wconf 87' lang='lat' dir='ltr'>qui</span> <span class='ocrx_word' id='word_1_245' title='bbox 3336 2128 3395 2167; x_wconf 92' lang='lat' dir='ltr'>se</span> <span class='ocrx_word' id='word_1_246' title='bbox 3421 2111 3491 2167; x_wconf 90' lang='lat' dir='ltr'>ad</span> <span class='ocrx_word' id='word_1_247' title='bbox 3515 2127 3617 2167; x_wconf 67' lang='lat' dir='ltr'>suae</span> <span class='ocrx_word' id='word_1_248' title='bbox 3636 2110 3784 2166; x_wconf 82' lang='lat' dir='ltr'>salutis</span> 
     </span>
    </p>
   </div>
   <div class='ocr_carea' id='block_1_21' title="bbox 590 2196 3784 2272">
    <p class='ocr_par' dir='ltr' id='par_1_21' title="bbox 590 2196 3784 2272">
     <span class='ocr_line' id='line_1_21' title="bbox 590 2196 3784 2272; baseline -0.002 -16"><span class='ocrx_word' id='word_1_249' title='bbox 590 2203 678 2256; x_wconf 89' lang='lat'>39.</span> <span class='ocrx_word' id='word_1_250' title='bbox 707 2198 904 2255; x_wconf 85' lang='lat' dir='ltr'>Mulier</span> <span class='ocrx_word' id='word_1_251' title='bbox 936 2200 1226 2272; x_wconf 82' lang='lat' dir='ltr'>quaedam,</span> <span class='ocrx_word' id='word_1_252' title='bbox 1249 2197 1477 2254; x_wconf 87' lang='lat' dir='ltr'>Adelais</span> <span class='ocrx_word' id='word_1_253' title='bbox 1507 2199 1806 2267; x_wconf 90' lang='lat' dir='ltr'>vocabulo,</span> <span class='ocrx_word' id='word_1_254' title='bbox 1840 2197 2052 2270; x_wconf 76' lang='lat' dir='ltr'>linguae</span> <span class='ocrx_word' id='word_1_255' title='bbox 2073 2214 2139 2254; x_wconf 89' lang='lat' dir='ltr'>ac</span> <span class='ocrx_word' id='word_1_256' title='bbox 2240 2204 2430 2259; x_wconf 90' lang='lat' dir='ltr'>locum</span> <span class='ocrx_word' id='word_1_257' title='bbox 2457 2196 2821 2266; x_wconf 85' lang='lat' dir='ltr'>reveherent,</span> <span class='ocrx_word' id='word_1_258' title='bbox 2854 2214 2958 2253; x_wconf 91' lang='lat' dir='ltr'>nec</span> <span class='ocrx_word' id='word_1_259' title='bbox 2988 2198 3298 2267; x_wconf 87' lang='lat' dir='ltr'>inveniret,</span> <span class='ocrx_word' id='word_1_260' title='bbox 3337 2199 3500 2272; x_wconf 64' lang='lat' dir='ltr'>capit</span> <span class='ocrx_word' id='word_1_261' title='bbox 3537 2197 3719 2254; x_wconf 80' lang='lat' dir='ltr'>amiari</span> <span class='ocrx_word' id='word_1_262' title='bbox 3741 2199 3784 2252; x_wconf 87' lang='lat' dir='ltr'>et</span> 
     </span>
    </p>
   </div>
   <div class='ocr_carea' id='block_1_22' title="bbox 515 2283 3780 2361">
    <p class='ocr_par' dir='ltr' id='par_1_22' title="bbox 515 2283 3780 2361">
     <span class='ocr_line' id='line_1_22' title="bbox 515 2283 3780 2361; baseline -0.001 -17"><span class='ocrx_word' id='word_1_263' title='bbox 515 2290 732 2361; x_wconf 91' lang='lat' dir='ltr'>pedum</span> <span class='ocrx_word' id='word_1_264' title='bbox 762 2287 986 2359; x_wconf 89' lang='lat' dir='ltr'>privata</span> <span class='ocrx_word' id='word_1_265' title='bbox 1014 2287 1227 2354; x_wconf 77' lang='lat' dir='ltr'>officio,</span> <span class='ocrx_word' id='word_1_266' title='bbox 1256 2287 1330 2342; x_wconf 87' lang='lat' dir='ltr'>ad</span> <span class='ocrx_word' id='word_1_267' title='bbox 1347 2290 1737 2343; x_wconf 88' lang='lat' dir='ltr'>memoratum</span> <span class='ocrx_word' id='word_1_268' title='bbox 1764 2287 1923 2343; x_wconf 89' lang='lat' dir='ltr'>venit</span> <span class='ocrx_word' id='word_1_269' title='bbox 1942 2303 2136 2343; x_wconf 78' lang='lat' dir='ltr'>cceno-</span> <span class='ocrx_word' id='word_1_270' title='bbox 2239 2286 2448 2340; x_wconf 75' lang='lat' dir='ltr'>mmsta</span> <span class='ocrx_word' id='word_1_271' title='bbox 2473 2301 2617 2340; x_wconf 90' lang='lat' dir='ltr'>esse.</span> <span class='ocrx_word' id='word_1_272' title='bbox 2647 2286 2906 2342; x_wconf 90' lang='lat' dir='ltr'>Tandem</span> <span class='ocrx_word' id='word_1_273' title='bbox 2934 2286 3246 2343; x_wconf 86' lang='lat' dir='ltr'>necessitas</span> <span class='ocrx_word' id='word_1_274' title='bbox 3287 2286 3572 2343; x_wconf 87' lang='lat' dir='ltr'>consilium</span> <span class='ocrx_word' id='word_1_275' title='bbox 3598 2283 3780 2358; x_wconf 84' lang='lat' dir='ltr'>reperit,</span> 
     </span>
    </p>
   </div>
   <div class='ocr_carea' id='block_1_23' title="bbox 518 2374 3783 2448">
    <p class='ocr_par' dir='ltr' id='par_1_23' title="bbox 518 2374 3783 2448">
     <span class='ocr_line' id='line_1_23' title="bbox 518 2374 3783 2448; baseline -0.001 -16"><span class='ocrx_word' id='word_1_276' title='bbox 518 2378 678 2432; x_wconf 88' lang='lat' dir='ltr'>bium</span> <span class='ocrx_word' id='word_1_277' title='bbox 705 2376 971 2431; x_wconf 85' lang='lat' dir='ltr'>manibus</span> <span class='ocrx_word' id='word_1_278' title='bbox 988 2376 1293 2448; x_wconf 90' lang='lat' dir='ltr'>reptando.</span> <span class='ocrx_word' id='word_1_279' title='bbox 1312 2376 1443 2429; x_wconf 68' lang='lat' dir='ltr'>Hmc</span> <span class='ocrx_word' id='word_1_280' title='bbox 1472 2392 1591 2446; x_wconf 72' lang='lat' dir='ltr'>pra:</span> <span class='ocrx_word' id='word_1_281' title='bbox 1604 2375 1821 2431; x_wconf 90' lang='lat' dir='ltr'>foribus</span> <span class='ocrx_word' id='word_1_282' title='bbox 1841 2378 2133 2432; x_wconf 88' lang='lat' dir='ltr'>monaste-</span> <span class='ocrx_word' id='word_1_283' title='bbox 2237 2376 2300 2427; x_wconf 91' lang='lat' dir='ltr'>ut</span> <span class='ocrx_word' id='word_1_284' title='bbox 2330 2374 2447 2427; x_wconf 91' lang='lat' dir='ltr'>Deo</span> <span class='ocrx_word' id='word_1_285' title='bbox 2470 2389 2536 2428; x_wconf 91' lang='lat' dir='ltr'>ac</span> <span class='ocrx_word' id='word_1_286' title='bbox 2560 2377 2759 2429; x_wconf 89' lang='lat' dir='ltr'>sancto</span> <span class='ocrx_word' id='word_1_287' title='bbox 2793 2374 3101 2431; x_wconf 89' lang='lat' dir='ltr'>Benedicto</span> <span class='ocrx_word' id='word_1_288' title='bbox 3131 2378 3385 2443; x_wconf 86' lang='lat' dir='ltr'>voveret,</span> <span class='ocrx_word' id='word_1_289' title='bbox 3403 2376 3449 2431; x_wconf 90' lang='lat' dir='ltr'>si</span> <span class='ocrx_word' id='word_1_290' title='bbox 3469 2376 3604 2431; x_wconf 88' lang='lat' dir='ltr'>salus</span> <span class='ocrx_word' id='word_1_291' title='bbox 3627 2375 3783 2429; x_wconf 75' lang='lat' dir='ltr'>collata</span> 
     </span>
    </p>
   </div>
   <div class='ocr_carea' id='block_1_24' title="bbox 516 2462 3779 2537">
    <p class='ocr_par' dir='ltr' id='par_1_24' title="bbox 516 2462 3779 2537">
     <span class='ocr_line' id='line_1_24' title="bbox 516 2462 3779 2537; baseline -0.001 -18"><span class='ocrx_word' id='word_1_292' title='bbox 516 2464 585 2520; x_wconf 92' lang='lat' dir='ltr'>rii</span> <span class='ocrx_word' id='word_1_293' title='bbox 606 2482 711 2537; x_wconf 90' lang='lat' dir='ltr'>per</span> <span class='ocrx_word' id='word_1_294' title='bbox 729 2464 1154 2537; x_wconf 87' lang='lat' dir='ltr'>aliquantulum</span> <span class='ocrx_word' id='word_1_295' title='bbox 1186 2464 1475 2518; x_wconf 86' lang='lat' dir='ltr'>decubaus</span> <span class='ocrx_word' id='word_1_296' title='bbox 1497 2464 1773 2535; x_wconf 88' lang='lat' dir='ltr'>temporis</span> <span class='ocrx_word' id='word_1_297' title='bbox 1799 2464 2072 2535; x_wconf 88' lang='lat' dir='ltr'>spatium,</span> <span class='ocrx_word' id='word_1_298' title='bbox 2102 2480 2136 2520; x_wconf 89' lang='lat' dir='ltr'>a</span> <span class='ocrx_word' id='word_1_299' title='bbox 2237 2462 2344 2518; x_wconf 90' lang='lat' dir='ltr'>sibi</span> <span class='ocrx_word' id='word_1_300' title='bbox 2379 2462 2802 2530; x_wconf 86' lang='lat' dir='ltr'>restitueretur,</span> <span class='ocrx_word' id='word_1_301' title='bbox 2836 2466 2898 2517; x_wconf 87' lang='lat' dir='ltr'>ut</span> <span class='ocrx_word' id='word_1_302' title='bbox 2933 2464 3150 2535; x_wconf 85' lang='lat' dir='ltr'>adjam</span> <span class='ocrx_word' id='word_1_303' title='bbox 3212 2464 3567 2520; x_wconf 89' lang='lat' dir='ltr'>nominatum</span> <span class='ocrx_word' id='word_1_304' title='bbox 3613 2463 3779 2518; x_wconf 80' lang='lat' dir='ltr'>valeret</span> 
     </span>
    </p>
   </div>
   <div class='ocr_carea' id='block_1_25' title="bbox 516 2551 3780 2626">
    <p class='ocr_par' dir='ltr' id='par_1_25' title="bbox 516 2551 3780 2626">
     <span class='ocr_line' id='line_1_25' title="bbox 516 2551 3780 2626; baseline -0.002 -16"><span class='ocrx_word' id='word_1_305' title='bbox 516 2554 787 2610; x_wconf 82' lang='lat' dir='ltr'>fratribus</span> <span class='ocrx_word' id='word_1_306' title='bbox 814 2553 1050 2626; x_wconf 90' lang='lat' dir='ltr'>quidem</span> <span class='ocrx_word' id='word_1_307' title='bbox 1083 2555 1227 2607; x_wconf 92' lang='lat' dir='ltr'>nutu</span> <span class='ocrx_word' id='word_1_308' title='bbox 1248 2568 1530 2606; x_wconf 88' lang='lat' dir='ltr'>manuum</span> <span class='ocrx_word' id='word_1_309' title='bbox 1561 2553 1795 2623; x_wconf 88' lang='lat' dir='ltr'>petebat</span> <span class='ocrx_word' id='word_1_310' title='bbox 1807 2552 1935 2607; x_wconf 69' lang='lat' dir='ltr'>vita:</span> <span class='ocrx_word' id='word_1_311' title='bbox 1952 2552 2132 2606; x_wconf 86' lang='lat' dir='ltr'>subsi-</span> <span class='ocrx_word' id='word_1_312' title='bbox 2234 2551 2465 2623; x_wconf 85' lang='lat' dir='ltr'>regredi</span> <span class='ocrx_word' id='word_1_313' title='bbox 2494 2552 2932 2619; x_wconf 88' lang='lat' dir='ltr'>monasterium,</span> <span class='ocrx_word' id='word_1_314' title='bbox 2956 2569 3016 2608; x_wconf 91' lang='lat' dir='ltr'>se</span> <span class='ocrx_word' id='word_1_315' title='bbox 3037 2552 3311 2626; x_wconf 89' lang='lat' dir='ltr'>deinceps</span> <span class='ocrx_word' id='word_1_316' title='bbox 3332 2554 3463 2609; x_wconf 91' lang='lat' dir='ltr'>inde</span> <span class='ocrx_word' id='word_1_317' title='bbox 3481 2567 3780 2626; x_wconf 84' lang='lat' dir='ltr'>nequaquam</span> 
     </span>
    </p>
   </div>
   <div class='ocr_carea' id='block_1_26' title="bbox 519 2639 3782 2713">
    <p class='ocr_par' dir='ltr' id='par_1_26' title="bbox 519 2639 3782 2713">
     <span class='ocr_line' id='line_1_26' title="bbox 519 2639 3782 2713; baseline -0.001 -16"><span class='ocrx_word' id='word_1_318' title='bbox 519 2642 702 2711; x_wconf 91' lang='lat' dir='ltr'>dium,</span> <span class='ocrx_word' id='word_1_319' title='bbox 728 2659 761 2697; x_wconf 90' lang='lat' dir='ltr'>a</span> <span class='ocrx_word' id='word_1_320' title='bbox 779 2641 990 2697; x_wconf 86' lang='lat' dir='ltr'>sanctis</span> <span class='ocrx_word' id='word_1_321' title='bbox 1011 2643 1206 2696; x_wconf 90' lang='lat' dir='ltr'>autem</span> <span class='ocrx_word' id='word_1_322' title='bbox 1233 2656 1370 2696; x_wconf 91' lang='lat' dir='ltr'>voce</span> <span class='ocrx_word' id='word_1_323' title='bbox 1401 2640 1590 2695; x_wconf 90' lang='lat' dir='ltr'>cordis</span> <span class='ocrx_word' id='word_1_324' title='bbox 1614 2640 1933 2696; x_wconf 85' lang='lat' dir='ltr'>sanitatatis</span> <span class='ocrx_word' id='word_1_325' title='bbox 1973 2639 2133 2695; x_wconf 84' lang='lat' dir='ltr'>auxi-</span> <span class='ocrx_word' id='word_1_326' title='bbox 2234 2656 2615 2696; x_wconf 89' lang='lat' dir='ltr'>recessuram.</span> <span class='ocrx_word' id='word_1_327' title='bbox 2645 2640 2853 2697; x_wconf 88' lang='lat' dir='ltr'>Statim</span> <span class='ocrx_word' id='word_1_328' title='bbox 2876 2640 3052 2713; x_wconf 91' lang='lat' dir='ltr'>igitur</span> <span class='ocrx_word' id='word_1_329' title='bbox 3080 2643 3144 2696; x_wconf 91' lang='lat' dir='ltr'>ut</span> <span class='ocrx_word' id='word_1_330' title='bbox 3165 2642 3275 2698; x_wconf 90' lang='lat' dir='ltr'>hoc</span> <span class='ocrx_word' id='word_1_331' title='bbox 3296 2642 3462 2710; x_wconf 84' lang='lat' dir='ltr'>vovit,</span> <span class='ocrx_word' id='word_1_332' title='bbox 3492 2639 3782 2696; x_wconf 82' lang='lat' dir='ltr'>ﬁrmissimas</span> 
     </span>
    </p>
   </div>
   <div class='ocr_carea' id='block_1_27' title="bbox 509 2727 3775 2802">
    <p class='ocr_par' dir='ltr' id='par_1_27' title="bbox 509 2727 3775 2802">
     <span class='ocr_line' id='line_1_27' title="bbox 509 2727 3775 2802; baseline -0.002 -15"><span class='ocrx_word' id='word_1_333' title='bbox 509 2732 678 2788; x_wconf 90' lang='lat' dir='ltr'>lium.</span> <span class='ocrx_word' id='word_1_334' title='bbox 733 2731 994 2796; x_wconf 91' lang='lat' dir='ltr'>Quadam</span> <span class='ocrx_word' id='word_1_335' title='bbox 1045 2730 1237 2802; x_wconf 89' lang='lat' dir='ltr'>itaque</span> <span class='ocrx_word' id='word_1_336' title='bbox 1294 2728 1408 2797; x_wconf 91' lang='lat' dir='ltr'>die,</span> <span class='ocrx_word' id='word_1_337' title='bbox 1457 2729 1627 2783; x_wconf 88' lang='lat' dir='ltr'>tertia</span> <span class='ocrx_word' id='word_1_338' title='bbox 1672 2729 1935 2785; x_wconf 90' lang='lat' dir='ltr'>videlicet</span> <span class='ocrx_word' id='word_1_339' title='bbox 1986 2728 2133 2785; x_wconf 81' lang='lat' dir='ltr'>feria</span> <span class='ocrx_word' id='word_1_340' title='bbox 2231 2744 2288 2800; x_wconf 72' lang='lat' dir='ltr'>in</span> <span class='ocrx_word' id='word_1_341' title='bbox 2317 2745 2383 2783; x_wconf 92' lang='lat' dir='ltr'>eo</span> <span class='ocrx_word' id='word_1_342' title='bbox 2407 2746 2521 2801; x_wconf 91' lang='lat' dir='ltr'>quo</span> <span class='ocrx_word' id='word_1_343' title='bbox 2551 2729 2837 2784; x_wconf 83' lang='lat' dir='ltr'>residebat</span> <span class='ocrx_word' id='word_1_344' title='bbox 2864 2727 2988 2785; x_wconf 91' lang='lat' dir='ltr'>loco</span> <span class='ocrx_word' id='word_1_345' title='bbox 3006 2729 3775 2791; x_wconf 86' lang='lat' dir='ltr'>ambulandiviresresumens,</span> 
     </span>
    </p>
   </div>
   <div class='ocr_carea' id='block_1_28' title="bbox 514 2814 3778 2891">
    <p class='ocr_par' dir='ltr' id='par_1_28' title="bbox 514 2814 3778 2891">
     <span class='ocr_line' id='line_1_28' title="bbox 514 2814 3778 2891; baseline -0.003 -15"><span class='ocrx_word' id='word_1_346' title='bbox 514 2824 647 2876; x_wconf 84' lang='lat' dir='ltr'>ante</span> <span class='ocrx_word' id='word_1_347' title='bbox 692 2822 953 2875; x_wconf 90' lang='lat' dir='ltr'>sanctam</span> <span class='ocrx_word' id='word_1_348' title='bbox 989 2819 1388 2883; x_wconf 89' lang='lat' dir='ltr'>Pentecosten,</span> <span class='ocrx_word' id='word_1_349' title='bbox 1421 2817 1580 2889; x_wconf 88' lang='lat' dir='ltr'>cujus</span> <span class='ocrx_word' id='word_1_350' title='bbox 1610 2816 1733 2889; x_wconf 91' lang='lat' dir='ltr'>ipso</span> <span class='ocrx_word' id='word_1_351' title='bbox 1794 2834 1949 2873; x_wconf 90' lang='lat' dir='ltr'>anno</span> <span class='ocrx_word' id='word_1_352' title='bbox 2008 2818 2125 2891; x_wconf 77' lang='lat'>(51)</span> <span class='ocrx_word' id='word_1_353' title='bbox 2229 2817 2553 2889; x_wconf 87' lang='lat' dir='ltr'>postposita</span> <span class='ocrx_word' id='word_1_354' title='bbox 2584 2816 2746 2872; x_wconf 90' lang='lat' dir='ltr'>omni</span> <span class='ocrx_word' id='word_1_355' title='bbox 2786 2834 3082 2872; x_wconf 89' lang='lat' dir='ltr'>morarum</span> <span class='ocrx_word' id='word_1_356' title='bbox 3116 2818 3439 2887; x_wconf 89' lang='lat' dir='ltr'>occasione,</span> <span class='ocrx_word' id='word_1_357' title='bbox 3469 2817 3537 2873; x_wconf 86' lang='lat' dir='ltr'>ad</span> <span class='ocrx_word' id='word_1_358' title='bbox 3564 2814 3778 2872; x_wconf 83' lang='lat' dir='ltr'>Patricia-</span> 
     </span>
    </p>
   </div>
   <div class='ocr_carea' id='block_1_29' title="bbox 512 2902 3775 2976">
    <p class='ocr_par' dir='ltr' id='par_1_29' title="bbox 512 2902 3775 2976">
     <span class='ocr_line' id='line_1_29' title="bbox 512 2902 3775 2976; baseline -0.002 -12"><span class='ocrx_word' id='word_1_359' title='bbox 512 2907 786 2964; x_wconf 88' lang='lat' dir='ltr'>festivitas</span> <span class='ocrx_word' id='word_1_360' title='bbox 828 2924 921 2962; x_wconf 79' lang='lat' dir='ltr'>xm</span> <span class='ocrx_word' id='word_1_361' title='bbox 976 2905 1262 2961; x_wconf 85' lang='lat' dir='ltr'>Kalendas</span> <span class='ocrx_word' id='word_1_362' title='bbox 1306 2905 1459 2960; x_wconf 85' lang='lat' dir='ltr'>Junii</span> <span class='ocrx_word' id='word_1_363' title='bbox 1498 2906 1711 2973; x_wconf 86' lang='lat' dir='ltr'>evenit,</span> <span class='ocrx_word' id='word_1_364' title='bbox 1740 2906 1982 2961; x_wconf 72' lang='lat' dir='ltr'>medela:</span> <span class='ocrx_word' id='word_1_365' title='bbox 2012 2924 2129 2962; x_wconf 69' lang='lat' dir='ltr'>sua:</span> <span class='ocrx_word' id='word_1_366' title='bbox 2229 2921 2360 2960; x_wconf 91' lang='lat' dir='ltr'>cum</span> <span class='ocrx_word' id='word_1_367' title='bbox 2392 2906 2572 2960; x_wconf 90' lang='lat' dir='ltr'>sancti</span> <span class='ocrx_word' id='word_1_368' title='bbox 2613 2906 2901 2961; x_wconf 88' lang='lat' dir='ltr'>Benedicti</span> <span class='ocrx_word' id='word_1_369' title='bbox 2932 2906 3286 2974; x_wconf 75' lang='lat' dir='ltr'>cmnohium,</span> <span class='ocrx_word' id='word_1_370' title='bbox 3316 2907 3410 2962; x_wconf 87' lang='lat' dir='ltr'>ubi</span> <span class='ocrx_word' id='word_1_371' title='bbox 3455 2908 3635 2962; x_wconf 89' lang='lat' dir='ltr'>sanata</span> <span class='ocrx_word' id='word_1_372' title='bbox 3657 2902 3775 2976; x_wconf 81' lang='lat' dir='ltr'>prius</span> 
     </span>
    </p>
   </div>
   <div class='ocr_carea' id='block_1_30' title="bbox 511 2992 3775 3068">
    <p class='ocr_par' dir='ltr' id='par_1_30' title="bbox 511 2992 3775 3068">
     <span class='ocr_line' id='line_1_30' title="bbox 511 2992 3775 3068; baseline -0.002 -15"><span class='ocrx_word' id='word_1_373' title='bbox 511 2999 716 3053; x_wconf 87' lang='lat' dir='ltr'>horam</span> <span class='ocrx_word' id='word_1_374' title='bbox 741 2997 936 3052; x_wconf 89' lang='lat' dir='ltr'>adesse</span> <span class='ocrx_word' id='word_1_375' title='bbox 954 2994 1235 3068; x_wconf 89' lang='lat' dir='ltr'>persensit</span> <span class='ocrx_word' id='word_1_376' title='bbox 1252 2994 1630 3066; x_wconf 89' lang='lat' dir='ltr'>;veniensque</span> <span class='ocrx_word' id='word_1_377' title='bbox 1651 2997 1785 3049; x_wconf 91' lang='lat' dir='ltr'>ante</span> <span class='ocrx_word' id='word_1_378' title='bbox 1804 2994 2126 3063; x_wconf 90' lang='lat' dir='ltr'>ecclesiam,</span> <span class='ocrx_word' id='word_1_379' title='bbox 2230 2992 2437 3054; x_wconf 89' lang='lat' dir='ltr'>fuerat,</span> <span class='ocrx_word' id='word_1_380' title='bbox 2469 3010 2696 3049; x_wconf 89' lang='lat' dir='ltr'>reversa</span> <span class='ocrx_word' id='word_1_381' title='bbox 2717 2998 2820 3051; x_wconf 90' lang='lat' dir='ltr'>est.</span> <span class='ocrx_word' id='word_1_382' title='bbox 2850 2994 3109 3066; x_wconf 88' lang='lat' dir='ltr'>Cumque</span> <span class='ocrx_word' id='word_1_383' title='bbox 3126 3000 3336 3052; x_wconf 88' lang='lat' dir='ltr'>cuncta</span> <span class='ocrx_word' id='word_1_384' title='bbox 3349 3012 3471 3067; x_wconf 71' lang='lat' dir='ltr'>qua:</span> <span class='ocrx_word' id='word_1_385' title='bbox 3487 2992 3775 3064; x_wconf 81' lang='lat' dir='ltr'>circaipsam</span> 
     </span>
    </p>
   </div>
   <div class='ocr_carea' id='block_1_31' title="bbox 511 3081 3776 3157">
    <p class='ocr_par' dir='ltr' id='par_1_31' title="bbox 511 3081 3776 3157">
     <span class='ocr_line' id='line_1_31' title="bbox 511 3081 3776 3157; baseline -0.002 -16"><span class='ocrx_word' id='word_1_386' title='bbox 511 3085 739 3141; x_wconf 90' lang='lat' dir='ltr'>indiciis</span> <span class='ocrx_word' id='word_1_387' title='bbox 769 3084 973 3157; x_wconf 89' lang='lat' dir='ltr'>quibus</span> <span class='ocrx_word' id='word_1_388' title='bbox 993 3084 1243 3154; x_wconf 88' lang='lat' dir='ltr'>poterat,</span> <span class='ocrx_word' id='word_1_389' title='bbox 1276 3081 1487 3153; x_wconf 90' lang='lat' dir='ltr'>aperiri</span> <span class='ocrx_word' id='word_1_390' title='bbox 1508 3081 1617 3138; x_wconf 90' lang='lat' dir='ltr'>sibi</span> <span class='ocrx_word' id='word_1_391' title='bbox 1642 3081 1943 3138; x_wconf 88' lang='lat' dir='ltr'>introitum</span> <span class='ocrx_word' id='word_1_392' title='bbox 1961 3099 2130 3156; x_wconf 86' lang='lat' dir='ltr'>expo-</span> <span class='ocrx_word' id='word_1_393' title='bbox 2230 3083 2357 3136; x_wconf 89' lang='lat' dir='ltr'>acta</span> <span class='ocrx_word' id='word_1_394' title='bbox 2386 3082 2619 3137; x_wconf 86' lang='lat' dir='ltr'>fuerant</span> <span class='ocrx_word' id='word_1_395' title='bbox 2668 3082 2941 3137; x_wconf 85' lang='lat' dir='ltr'>fratribus</span> <span class='ocrx_word' id='word_1_396' title='bbox 2984 3083 3253 3152; x_wconf 84' lang='lat' dir='ltr'>referret,</span> <span class='ocrx_word' id='word_1_397' title='bbox 3312 3083 3700 3155; x_wconf 88' lang='lat' dir='ltr'>sponderetque</span> <span class='ocrx_word' id='word_1_398' title='bbox 3734 3092 3776 3131; x_wconf 80' lang='lat' dir='ltr'>se</span> 
     </span>
    </p>
   </div>
   <div class='ocr_carea' id='block_1_32' title="bbox 513 3168 3775 3242">
    <p class='ocr_par' dir='ltr' id='par_1_32' title="bbox 513 3168 3775 3242">
     <span class='ocr_line' id='line_1_32' title="bbox 513 3168 3775 3242; baseline -0.003 -13"><span class='ocrx_word' id='word_1_399' title='bbox 513 3175 727 3229; x_wconf 88' lang='lat' dir='ltr'>scebat.</span> <span class='ocrx_word' id='word_1_400' title='bbox 758 3173 882 3238; x_wconf 88' lang='lat' dir='ltr'>Quo</span> <span class='ocrx_word' id='word_1_401' title='bbox 917 3172 1229 3242; x_wconf 88' lang='lat' dir='ltr'>impetrato</span> <span class='ocrx_word' id='word_1_402' title='bbox 1254 3185 1359 3241; x_wconf 91' lang='lat' dir='ltr'>per</span> <span class='ocrx_word' id='word_1_403' title='bbox 1384 3173 1603 3226; x_wconf 90' lang='lat' dir='ltr'>terram</span> <span class='ocrx_word' id='word_1_404' title='bbox 1631 3187 1691 3225; x_wconf 88' lang='lat' dir='ltr'>se</span> <span class='ocrx_word' id='word_1_405' title='bbox 1732 3171 1967 3226; x_wconf 90' lang='lat' dir='ltr'>trahens</span> <span class='ocrx_word' id='word_1_406' title='bbox 1997 3188 2127 3227; x_wconf 87' lang='lat' dir='ltr'>ora-</span> <span class='ocrx_word' id='word_1_407' title='bbox 2151 3178 2200 3240; x_wconf 76' lang='grc' dir='ltr'>ο</span> <span class='ocrx_word' id='word_1_408' title='bbox 2230 3169 2366 3225; x_wconf 91' lang='lat' dir='ltr'>inde</span> <span class='ocrx_word' id='word_1_409' title='bbox 2396 3170 2645 3242; x_wconf 86' lang='lat' dir='ltr'>amplius</span> <span class='ocrx_word' id='word_1_410' title='bbox 2670 3187 2789 3226; x_wconf 91' lang='lat' dir='ltr'>non</span> <span class='ocrx_word' id='word_1_411' title='bbox 2817 3170 3220 3240; x_wconf 89' lang='lat' dir='ltr'>discessuram,</span> <span class='ocrx_word' id='word_1_412' title='bbox 3250 3172 3310 3227; x_wconf 94' lang='lat' dir='ltr'>in</span> <span class='ocrx_word' id='word_1_413' title='bbox 3328 3185 3618 3227; x_wconf 81' lang='lat' dir='ltr'>commune</span> <span class='ocrx_word' id='word_1_414' title='bbox 3644 3168 3775 3222; x_wconf 77' lang='lat' dir='ltr'>bene-</span> 
     </span>
    </p>
   </div>
   <div class='ocr_carea' id='block_1_33' title="bbox 513 3255 3775 3333">
    <p class='ocr_par' dir='ltr' id='par_1_33' title="bbox 513 3255 3775 3333">
     <span class='ocr_line' id='line_1_33' title="bbox 513 3255 3775 3333; baseline -0.004 -14"><span class='ocrx_word' id='word_1_415' title='bbox 513 3263 728 3319; x_wconf 89' lang='lat' dir='ltr'>torium</span> <span class='ocrx_word' id='word_1_416' title='bbox 760 3260 1015 3326; x_wconf 90' lang='lat' dir='ltr'>intravit,</span> <span class='ocrx_word' id='word_1_417' title='bbox 1053 3269 1110 3313; x_wconf 83' lang='lat' dir='ltr'>et</span> <span class='ocrx_word' id='word_1_418' title='bbox 1139 3274 1338 3313; x_wconf 89' lang='lat' dir='ltr'>coram</span> <span class='ocrx_word' id='word_1_419' title='bbox 1368 3259 1549 3313; x_wconf 89' lang='lat' dir='ltr'>altare</span> <span class='ocrx_word' id='word_1_420' title='bbox 1588 3260 1800 3313; x_wconf 64' lang='lat' dir='ltr'>sanctae</span> <span class='ocrx_word' id='word_1_421' title='bbox 1834 3275 1900 3313; x_wconf 90' lang='lat' dir='ltr'>ac</span> <span class='ocrx_word' id='word_1_422' title='bbox 1928 3259 2130 3314; x_wconf 86' lang='lat' dir='ltr'>indivi-</span> <span class='ocrx_word' id='word_1_423' title='bbox 2231 3258 2498 3314; x_wconf 84' lang='lat' dir='ltr'>dixerunt</span> <span class='ocrx_word' id='word_1_424' title='bbox 2511 3259 3270 3333; x_wconf 88' lang='lat' dir='ltr'>Dominum,famulumque</span> <span class='ocrx_word' id='word_1_425' title='bbox 3288 3255 3775 3331; x_wconf 86' lang='lat' dir='ltr'>ejussanctissimum</span> 
     </span>
    </p>
   </div>
   <div class='ocr_carea' id='block_1_34' title="bbox 514 3337 3773 3421">
    <p class='ocr_par' dir='ltr' id='par_1_34' title="bbox 514 3337 3773 3421">
     <span class='ocr_line' id='line_1_34' title="bbox 514 3337 3773 3421; baseline -0.002 -15"><span class='ocrx_word' id='word_1_426' title='bbox 514 3352 641 3406; x_wconf 79' lang='lat' dir='ltr'>duae</span> <span class='ocrx_word' id='word_1_427' title='bbox 670 3347 962 3405; x_wconf 89' lang='lat' dir='ltr'>Trinitatis</span> <span class='ocrx_word' id='word_1_428' title='bbox 1010 3346 1070 3400; x_wconf 91' lang='lat' dir='ltr'>in</span> <span class='ocrx_word' id='word_1_429' title='bbox 1124 3347 1246 3417; x_wconf 90' lang='lat' dir='ltr'>ipso</span> <span class='ocrx_word' id='word_1_430' title='bbox 1280 3345 1540 3417; x_wconf 89' lang='lat' dir='ltr'>ingressu</span> <span class='ocrx_word' id='word_1_431' title='bbox 1564 3345 1749 3419; x_wconf 89' lang='lat' dir='ltr'>posito</span> <span class='ocrx_word' id='word_1_432' title='bbox 1781 3346 1970 3402; x_wconf 90' lang='lat' dir='ltr'>subito</span> <span class='ocrx_word' id='word_1_433' title='bbox 1996 3348 2127 3402; x_wconf 85' lang='lat' dir='ltr'>suh-</span> <span class='ocrx_word' id='word_1_434' title='bbox 2232 3348 2462 3402; x_wconf 87' lang='lat' dir='ltr'>Patrem</span> <span class='ocrx_word' id='word_1_435' title='bbox 2493 3350 2756 3402; x_wconf 89' lang='lat' dir='ltr'>nostrum</span> <span class='ocrx_word' id='word_1_436' title='bbox 2787 3347 3187 3415; x_wconf 88' lang='lat' dir='ltr'>Benedictum,</span> <span class='ocrx_word' id='word_1_437' title='bbox 3220 3348 3431 3421; x_wconf 83' lang='lat' dir='ltr'>gratias</span> <span class='ocrx_word' id='word_1_438' title='bbox 3462 3346 3671 3418; x_wconf 86' lang='lat' dir='ltr'>agentes</span> <span class='ocrx_word' id='word_1_439' title='bbox 3699 3337 3773 3399; x_wconf 79' lang='lat' dir='ltr'>illi.</span> 
     </span>
    </p>
   </div>
   <div class='ocr_carea' id='block_1_35' title="bbox 515 3425 3776 3508">
    <p class='ocr_par' dir='ltr' id='par_1_35' title="bbox 515 3425 3776 3508">
     <span class='ocr_line' id='line_1_35' title="bbox 515 3425 3776 3508; baseline -0.003 -15"><span class='ocrx_word' id='word_1_440' title='bbox 515 3439 683 3504; x_wconf 86' lang='lat' dir='ltr'>stitit,</span> <span class='ocrx_word' id='word_1_441' title='bbox 714 3437 787 3491; x_wconf 89' lang='lat' dir='ltr'>ad</span> <span class='ocrx_word' id='word_1_442' title='bbox 817 3452 875 3490; x_wconf 90' lang='lat' dir='ltr'>se</span> <span class='ocrx_word' id='word_1_443' title='bbox 926 3434 1207 3505; x_wconf 87' lang='lat' dir='ltr'>paulatim</span> <span class='ocrx_word' id='word_1_444' title='bbox 1269 3435 1341 3489; x_wconf 90' lang='lat' dir='ltr'>ab</span> <span class='ocrx_word' id='word_1_445' title='bbox 1378 3434 1557 3488; x_wconf 91' lang='lat' dir='ltr'>humo</span> <span class='ocrx_word' id='word_1_446' title='bbox 1606 3435 1905 3489; x_wconf 88' lang='lat' dir='ltr'>sustollere</span> <span class='ocrx_word' id='word_1_447' title='bbox 1935 3434 2128 3506; x_wconf 73' lang='lat' dir='ltr'>coepit.</span> <span class='ocrx_word' id='word_1_448' title='bbox 2231 3435 2327 3508; x_wconf 90' lang='lat' dir='ltr'>qui</span> <span class='ocrx_word' id='word_1_449' title='bbox 2359 3436 2612 3490; x_wconf 89' lang='lat' dir='ltr'>servulos</span> <span class='ocrx_word' id='word_1_450' title='bbox 2627 3451 2777 3501; x_wconf 90' lang='lat' dir='ltr'>suos,</span> <span class='ocrx_word' id='word_1_451' title='bbox 2797 3436 3101 3508; x_wconf 86' lang='lat' dir='ltr'>quosforte</span> <span class='ocrx_word' id='word_1_452' title='bbox 3128 3436 3392 3492; x_wconf 86' lang='lat' dir='ltr'>absentia</span> <span class='ocrx_word' id='word_1_453' title='bbox 3419 3433 3553 3490; x_wconf 89' lang='lat' dir='ltr'>sacri</span> <span class='ocrx_word' id='word_1_454' title='bbox 3576 3425 3776 3501; x_wconf 78' lang='lat' dir='ltr'>corporis</span> 
     </span>
    </p>
   </div>
   <div class='ocr_carea' id='block_1_36' title="bbox 515 3517 3774 3597">
    <p class='ocr_par' dir='ltr' id='par_1_36' title="bbox 515 3517 3774 3597">
     <span class='ocr_line' id='line_1_36' title="bbox 515 3517 3774 3597; baseline -0.002 -17"><span class='ocrx_word' id='word_1_455' title='bbox 515 3526 664 3592; x_wconf 84' lang='lat' dir='ltr'>Quid</span> <span class='ocrx_word' id='word_1_456' title='bbox 690 3523 947 3597; x_wconf 89' lang='lat' dir='ltr'>pluribus</span> <span class='ocrx_word' id='word_1_457' title='bbox 975 3538 1172 3577; x_wconf 87' lang='lat' dir='ltr'>morer</span> <span class='ocrx_word' id='word_1_458' title='bbox 1189 3521 1218 3576; x_wconf 84' lang='lat'><strong>?</strong></span> <span class='ocrx_word' id='word_1_459' title='bbox 1248 3521 1402 3576; x_wconf 91' lang='lat' dir='ltr'>intra</span> <span class='ocrx_word' id='word_1_460' title='bbox 1418 3522 1591 3577; x_wconf 91' lang='lat' dir='ltr'>breve</span> <span class='ocrx_word' id='word_1_461' title='bbox 1613 3525 1982 3577; x_wconf 90' lang='lat' dir='ltr'>momentum</span> <span class='ocrx_word' id='word_1_462' title='bbox 2015 3523 2133 3596; x_wconf 90' lang='lat' dir='ltr'>ple-</span> <span class='ocrx_word' id='word_1_463' title='bbox 2231 3523 2353 3594; x_wconf 88' lang='lat' dir='ltr'>ejus</span> <span class='ocrx_word' id='word_1_464' title='bbox 2377 3522 2735 3579; x_wconf 75' lang='lat' dir='ltr'>mmstiilcare</span> <span class='ocrx_word' id='word_1_465' title='bbox 2759 3523 3262 3596; x_wconf 81' lang='lat' dir='ltr'>poterat,spiritali</span> <span class='ocrx_word' id='word_1_466' title='bbox 3294 3522 3597 3579; x_wconf 85' lang='lat' dir='ltr'>visitatione</span> <span class='ocrx_word' id='word_1_467' title='bbox 3621 3517 3774 3587; x_wconf 78' lang='lat' dir='ltr'>dignos</span> 
     </span>
    </p>
   </div>
   <div class='ocr_carea' id='block_1_37' title="bbox 515 3600 3773 3684">
    <p class='ocr_par' dir='ltr' id='par_1_37' title="bbox 515 3600 3773 3684">
     <span class='ocr_line' id='line_1_37' title="bbox 515 3600 3773 3684; baseline -0.005 -14"><span class='ocrx_word' id='word_1_468' title='bbox 515 3614 668 3670; x_wconf 89' lang='lat' dir='ltr'>niter</span> <span class='ocrx_word' id='word_1_469' title='bbox 699 3614 908 3679; x_wconf 89' lang='lat' dir='ltr'>erecta,</span> <span class='ocrx_word' id='word_1_470' title='bbox 936 3610 1106 3666; x_wconf 91' lang='lat' dir='ltr'>rectis</span> <span class='ocrx_word' id='word_1_471' title='bbox 1137 3610 1427 3682; x_wconf 80' lang='lat' dir='ltr'>gressibus</span> <span class='ocrx_word' id='word_1_472' title='bbox 1462 3610 1535 3665; x_wconf 88' lang='lat' dir='ltr'>ad</span> <span class='ocrx_word' id='word_1_473' title='bbox 1564 3611 1743 3665; x_wconf 87' lang='lat' dir='ltr'>altare</span> <span class='ocrx_word' id='word_1_474' title='bbox 1775 3610 1998 3666; x_wconf 67' lang='lat' dir='ltr'>Sancta:</span> <span class='ocrx_word' id='word_1_475' title='bbox 2031 3611 2132 3667; x_wconf 90' lang='lat' dir='ltr'>Dei</span> <span class='ocrx_word' id='word_1_476' title='bbox 2232 3611 2496 3666; x_wconf 91' lang='lat' dir='ltr'>ducendo</span> <span class='ocrx_word' id='word_1_477' title='bbox 2528 3610 2820 3665; x_wconf 89' lang='lat' dir='ltr'>miraculis</span> <span class='ocrx_word' id='word_1_478' title='bbox 2849 3611 3187 3667; x_wconf 64' lang='lat' dir='ltr'>laetiticaret.</span> <span class='ocrx_word' id='word_1_479' title='bbox 3222 3613 3291 3667; x_wconf 80' lang='lat' dir='ltr'>Et</span> <span class='ocrx_word' id='word_1_480' title='bbox 3321 3628 3393 3667; x_wconf 86' lang='lat' dir='ltr'>ne</span> <span class='ocrx_word' id='word_1_481' title='bbox 3430 3626 3537 3684; x_wconf 91' lang='lat' dir='ltr'>qua</span> <span class='ocrx_word' id='word_1_482' title='bbox 3556 3600 3773 3663; x_wconf 87' lang='lat' dir='ltr'>dubitatio</span> 
     </span>
    </p>
   </div>
   <div class='ocr_carea' id='block_1_38' title="bbox 517 3686 3777 3777">
    <p class='ocr_par' dir='ltr' id='par_1_38' title="bbox 517 3686 3777 3777">
     <span class='ocr_line' id='line_1_38' title="bbox 517 3686 3777 3777; baseline -0.005 -20"><span class='ocrx_word' id='word_1_483' title='bbox 517 3701 811 3777; x_wconf 85' lang='lat' dir='ltr'>genitricis</span> <span class='ocrx_word' id='word_1_484' title='bbox 834 3699 1021 3755; x_wconf 69' lang='lat' dir='ltr'>Maria:</span> <span class='ocrx_word' id='word_1_485' title='bbox 1047 3701 1219 3771; x_wconf 88' lang='lat' dir='ltr'>atque</span> <span class='ocrx_word' id='word_1_486' title='bbox 1246 3698 1589 3753; x_wconf 89' lang='lat' dir='ltr'>confessoris</span> <span class='ocrx_word' id='word_1_487' title='bbox 1603 3698 1806 3753; x_wconf 90' lang='lat' dir='ltr'>Christi</span> <span class='ocrx_word' id='word_1_488' title='bbox 1839 3699 2131 3755; x_wconf 90' lang='lat' dir='ltr'>Benedicti</span> <span class='ocrx_word' id='word_1_489' title='bbox 2233 3699 2304 3753; x_wconf 90' lang='lat' dir='ltr'>de</span> <span class='ocrx_word' id='word_1_490' title='bbox 2318 3698 2585 3770; x_wconf 65' lang='lat' dir='ltr'>praestitis</span> <span class='ocrx_word' id='word_1_491' title='bbox 2618 3698 2971 3753; x_wconf 88' lang='lat' dir='ltr'>mirabilium</span> <span class='ocrx_word' id='word_1_492' title='bbox 3003 3699 3299 3755; x_wconf 86' lang='lat' dir='ltr'>beneficiis</span> <span class='ocrx_word' id='word_1_493' title='bbox 3341 3696 3664 3759; x_wconf 88' lang='lat' dir='ltr'>remaneret,</span> <span class='ocrx_word' id='word_1_494' title='bbox 3685 3686 3777 3743; x_wconf 84' lang='lat' dir='ltr'>vici-</span> 
     </span>
    </p>
   </div>
   <div class='ocr_carea' id='block_1_39' title="bbox 516 3783 3775 3866">
    <p class='ocr_par' dir='ltr' id='par_1_39' title="bbox 516 3783 3775 3866">
     <span class='ocr_line' id='line_1_39' title="bbox 516 3783 3775 3866; baseline -0.005 -19"><span class='ocrx_word' id='word_1_495' title='bbox 516 3806 843 3866; x_wconf 87' lang='lat' dir='ltr'>progressa,</span> <span class='ocrx_word' id='word_1_496' title='bbox 878 3788 990 3844; x_wconf 89' lang='lat' dir='ltr'>acsi</span> <span class='ocrx_word' id='word_1_497' title='bbox 1036 3787 1093 3842; x_wconf 92' lang='lat' dir='ltr'>in</span> <span class='ocrx_word' id='word_1_498' title='bbox 1126 3786 1389 3842; x_wconf 84' lang='lat' dir='ltr'>oratione</span> <span class='ocrx_word' id='word_1_499' title='bbox 1437 3787 1859 3859; x_wconf 89' lang='lat' dir='ltr'>prosternitur;</span> <span class='ocrx_word' id='word_1_500' title='bbox 1886 3788 2132 3861; x_wconf 90' lang='lat' dir='ltr'>indeque</span> <span class='ocrx_word' id='word_1_501' title='bbox 2234 3805 2339 3844; x_wconf 91' lang='lat' dir='ltr'>nos</span> <span class='ocrx_word' id='word_1_502' title='bbox 2368 3788 2675 3842; x_wconf 88' lang='lat' dir='ltr'>ambarum</span> <span class='ocrx_word' id='word_1_503' title='bbox 2703 3786 3013 3842; x_wconf 87' lang='lat' dir='ltr'>mulierum</span> <span class='ocrx_word' id='word_1_504' title='bbox 3044 3788 3288 3843; x_wconf 91' lang='lat' dir='ltr'>sollicite</span> <span class='ocrx_word' id='word_1_505' title='bbox 3316 3783 3637 3862; x_wconf 85' lang='lat' dir='ltr'>perscrutari</span> <span class='ocrx_word' id='word_1_506' title='bbox 3655 3792 3775 3835; x_wconf 80' lang='lat' dir='ltr'>cura-</span> 
     </span>
    </p>
   </div>
   <div class='ocr_carea' id='block_1_40' title="bbox 517 3867 3773 3953">
    <p class='ocr_par' dir='ltr' id='par_1_40' title="bbox 517 3867 3773 3953">
     <span class='ocr_line' id='line_1_40' title="bbox 517 3867 3773 3953; baseline -0.006 -18"><span class='ocrx_word' id='word_1_507' title='bbox 517 3884 647 3953; x_wconf 86' lang='lat' dir='ltr'>post</span> <span class='ocrx_word' id='word_1_508' title='bbox 674 3878 971 3951; x_wconf 86' lang='lat' dir='ltr'>paululum</span> <span class='ocrx_word' id='word_1_509' title='bbox 999 3893 1057 3931; x_wconf 90' lang='lat' dir='ltr'>se</span> <span class='ocrx_word' id='word_1_510' title='bbox 1087 3875 1336 3946; x_wconf 88' lang='lat' dir='ltr'>erigens,</span> <span class='ocrx_word' id='word_1_511' title='bbox 1378 3874 1541 3929; x_wconf 88' lang='lat' dir='ltr'>elatis</span> <span class='ocrx_word' id='word_1_512' title='bbox 1570 3875 1629 3931; x_wconf 90' lang='lat' dir='ltr'>in</span> <span class='ocrx_word' id='word_1_513' title='bbox 1658 3877 1837 3931; x_wconf 87' lang='lat' dir='ltr'>altum</span> <span class='ocrx_word' id='word_1_514' title='bbox 1870 3877 2134 3932; x_wconf 84' lang='lat' dir='ltr'>manibus</span> <span class='ocrx_word' id='word_1_515' title='bbox 2232 3878 2478 3944; x_wconf 86' lang='lat' dir='ltr'>verunt;</span> <span class='ocrx_word' id='word_1_516' title='bbox 2516 3876 2799 3947; x_wconf 88' lang='lat' dir='ltr'>hospitem</span> <span class='ocrx_word' id='word_1_517' title='bbox 2819 3875 2994 3929; x_wconf 89' lang='lat' dir='ltr'>etiam</span> <span class='ocrx_word' id='word_1_518' title='bbox 3026 3876 3150 3930; x_wconf 89' lang='lat' dir='ltr'>eius</span> <span class='ocrx_word' id='word_1_519' title='bbox 3177 3893 3307 3949; x_wconf 72' lang='lat' dir='ltr'>quae</span> <span class='ocrx_word' id='word_1_520' title='bbox 3329 3875 3667 3949; x_wconf 88' lang='lat' dir='ltr'>priussanata</span> <span class='ocrx_word' id='word_1_521' title='bbox 3686 3867 3773 3921; x_wconf 82' lang='lat' dir='ltr'>fue-</span> 
     </span>
    </p>
   </div>
   <div class='ocr_carea' id='block_1_41' title="bbox 519 3958 3773 4038">
    <p class='ocr_par' dir='ltr' id='par_1_41' title="bbox 519 3958 3773 4038">
     <span class='ocr_line' id='line_1_41' title="bbox 519 3958 3773 4038; baseline -0.004 -13"><span class='ocrx_word' id='word_1_522' title='bbox 519 3970 579 4025; x_wconf 93' lang='lat' dir='ltr'>in</span> <span class='ocrx_word' id='word_1_523' title='bbox 600 3970 748 4024; x_wconf 89' lang='lat' dir='ltr'>hanc</span> <span class='ocrx_word' id='word_1_524' title='bbox 779 3983 976 4023; x_wconf 91' lang='lat' dir='ltr'>vocem</span> <span class='ocrx_word' id='word_1_525' title='bbox 1006 3964 1271 4037; x_wconf 89' lang='lat' dir='ltr'>prorupit</span> <span class='ocrx_word' id='word_1_526' title='bbox 1305 3981 1319 4019; x_wconf 88' lang='lat'>:</span> <span class='ocrx_word' id='word_1_527' title='bbox 1354 3964 1593 4031; x_wconf 89' lang='lat' dir='ltr'>Gratias,</span> <span class='ocrx_word' id='word_1_528' title='bbox 1622 3964 1833 4037; x_wconf 88' lang='lat' dir='ltr'>inquit,</span> <span class='ocrx_word' id='word_1_529' title='bbox 1866 3983 1974 4038; x_wconf 82' lang='lat' dir='ltr'>ago</span> <span class='ocrx_word' id='word_1_530' title='bbox 2007 3966 2131 4034; x_wconf 89' lang='lat' dir='ltr'>tibi,</span> <span class='ocrx_word' id='word_1_531' title='bbox 2233 3968 2347 4033; x_wconf 88' lang='lat' dir='ltr'>rat,</span> <span class='ocrx_word' id='word_1_532' title='bbox 2372 3964 2796 4036; x_wconf 86' lang='lat' dir='ltr'>interrogantes</span> <span class='ocrx_word' id='word_1_533' title='bbox 2817 3966 3012 4017; x_wconf 91' lang='lat' dir='ltr'>utrum</span> <span class='ocrx_word' id='word_1_534' title='bbox 3032 3980 3161 4018; x_wconf 91' lang='lat' dir='ltr'>eam</span> <span class='ocrx_word' id='word_1_535' title='bbox 3182 3964 3490 4037; x_wconf 90' lang='lat' dir='ltr'>aliquando</span> <span class='ocrx_word' id='word_1_536' title='bbox 3506 3958 3773 4033; x_wconf 84' lang='lat' dir='ltr'>loquentem</span> 
     </span>
    </p>
   </div>
   <div class='ocr_carea' id='block_1_42' title="bbox 520 4050 3774 4126">
    <p class='ocr_par' dir='ltr' id='par_1_42' title="bbox 520 4050 3774 4126">
     <span class='ocr_line' id='line_1_42' title="bbox 520 4050 3774 4126; baseline -0.004 -11"><span class='ocrx_word' id='word_1_537' title='bbox 520 4058 771 4116; x_wconf 88' lang='lat' dir='ltr'>Domina</span> <span class='ocrx_word' id='word_1_538' title='bbox 800 4072 954 4123; x_wconf 87' lang='lat' dir='ltr'>mea,</span> <span class='ocrx_word' id='word_1_539' title='bbox 980 4054 1271 4126; x_wconf 89' lang='lat' dir='ltr'>virginum</span> <span class='ocrx_word' id='word_1_540' title='bbox 1301 4051 1523 4124; x_wconf 82' lang='lat' dir='ltr'>Regina</span> <span class='ocrx_word' id='word_1_541' title='bbox 1548 4056 1745 4107; x_wconf 87' lang='lat' dir='ltr'>sancta</span> <span class='ocrx_word' id='word_1_542' title='bbox 1773 4053 1967 4120; x_wconf 86' lang='lat' dir='ltr'>Maria,</span> <span class='ocrx_word' id='word_1_543' title='bbox 2000 4054 2133 4108; x_wconf 88' lang='lat' dir='ltr'>tibi-</span> <span class='ocrx_word' id='word_1_544' title='bbox 2236 4057 2335 4109; x_wconf 88' lang='lat' dir='ltr'>aut</span> <span class='ocrx_word' id='word_1_545' title='bbox 2365 4054 2758 4107; x_wconf 86' lang='lat' dir='ltr'>ambulantem</span> <span class='ocrx_word' id='word_1_546' title='bbox 2786 4055 2941 4107; x_wconf 90' lang='lat' dir='ltr'>recte</span> <span class='ocrx_word' id='word_1_547' title='bbox 2974 4051 3229 4120; x_wconf 85' lang='lat' dir='ltr'>vidisset,</span> <span class='ocrx_word' id='word_1_548' title='bbox 3274 4056 3392 4108; x_wconf 89' lang='lat' dir='ltr'>tam</span> <span class='ocrx_word' id='word_1_549' title='bbox 3420 4052 3488 4107; x_wconf 87' lang='lat' dir='ltr'>ab</span> <span class='ocrx_word' id='word_1_550' title='bbox 3515 4050 3622 4120; x_wconf 89' lang='lat' dir='ltr'>ipso</span> <span class='ocrx_word' id='word_1_551' title='bbox 3649 4054 3774 4115; x_wconf 72' lang='lat' dir='ltr'>quam</span> 
     </span>
    </p>
   </div>
   <div class='ocr_carea' id='block_1_43' title="bbox 521 4130 3773 4223">
    <p class='ocr_par' dir='ltr' id='par_1_43' title="bbox 521 4130 3773 4223">
     <span class='ocr_line' id='line_1_43' title="bbox 521 4130 3773 4223; baseline -0.005 -20"><span class='ocrx_word' id='word_1_552' title='bbox 521 4165 654 4223; x_wconf 88' lang='lat' dir='ltr'>que,</span> <span class='ocrx_word' id='word_1_553' title='bbox 690 4148 885 4202; x_wconf 85' lang='lat' dir='ltr'>sancte</span> <span class='ocrx_word' id='word_1_554' title='bbox 904 4144 1494 4214; x_wconf 89' lang='lat' dir='ltr'>Benedicte,quorum</span> <span class='ocrx_word' id='word_1_555' title='bbox 1518 4141 1843 4197; x_wconf 84' lang='lat' dir='ltr'>interventu</span> <span class='ocrx_word' id='word_1_556' title='bbox 1865 4142 2133 4217; x_wconf 91' lang='lat' dir='ltr'>omnipo-</span> <span class='ocrx_word' id='word_1_557' title='bbox 2236 4158 2269 4198; x_wconf 93' lang='lat' dir='ltr'>a</span> <span class='ocrx_word' id='word_1_558' title='bbox 2294 4140 2529 4212; x_wconf 88' lang='lat' dir='ltr'>reliquis</span> <span class='ocrx_word' id='word_1_559' title='bbox 2558 4141 2654 4214; x_wconf 90' lang='lat' dir='ltr'>qui</span> <span class='ocrx_word' id='word_1_560' title='bbox 2685 4144 2951 4212; x_wconf 87' lang='lat' dir='ltr'>utrasque</span> <span class='ocrx_word' id='word_1_561' title='bbox 2987 4144 3295 4209; x_wconf 90' lang='lat' dir='ltr'>noverant,</span> <span class='ocrx_word' id='word_1_562' title='bbox 3328 4156 3458 4195; x_wconf 83' lang='lat' dir='ltr'>vere</span> <span class='ocrx_word' id='word_1_563' title='bbox 3483 4154 3570 4194; x_wconf 85' lang='lat' dir='ltr'>eas</span> <span class='ocrx_word' id='word_1_564' title='bbox 3596 4130 3773 4223; x_wconf 47' lang='lat' dir='ltr'>debilef.</span> 
     </span>
    </p>
   </div>
   <div class='ocr_carea' id='block_1_44' title="bbox 521 4215 3774 4291">
    <p class='ocr_par' dir='ltr' id='par_1_44' title="bbox 521 4215 3774 4291">
     <span class='ocr_line' id='line_1_44' title="bbox 521 4215 3774 4291; baseline -0.005 0"><span class='ocrx_word' id='word_1_565' title='bbox 521 4215 650 4291; x_wconf 74' lang='lat' dir='ltr'>tens</span> <span class='ocrx_word' id='word_1_566' title='bbox 671 4237 819 4290; x_wconf 85' lang='lat' dir='ltr'>Deus</span> <span class='ocrx_word' id='word_1_567' title='bbox 849 4232 993 4287; x_wconf 89' lang='lat' dir='ltr'>mihi</span> <span class='ocrx_word' id='word_1_568' title='bbox 1017 4247 1201 4287; x_wconf 75' lang='lat' dir='ltr'>curvze</span> <span class='ocrx_word' id='word_1_569' title='bbox 1229 4246 1293 4285; x_wconf 88' lang='lat' dir='ltr'>ac</span> <span class='ocrx_word' id='word_1_570' title='bbox 1323 4230 1921 4285; x_wconf 60' lang='lat' dir='ltr'>mutarectitudinem</span> <span class='ocrx_word' id='word_1_571' title='bbox 1944 4215 2133 4285; x_wconf 15' lang='lat' dir='ltr'>mclm-</span> <span class='ocrx_word' id='word_1_572' title='bbox 2233 4246 2367 4285; x_wconf 89' lang='lat' dir='ltr'>vere</span> <span class='ocrx_word' id='word_1_573' title='bbox 2398 4229 2667 4284; x_wconf 89' lang='lat' dir='ltr'>aChristo</span> <span class='ocrx_word' id='word_1_574' title='bbox 2699 4228 2918 4283; x_wconf 90' lang='lat' dir='ltr'>meritis</span> <span class='ocrx_word' id='word_1_575' title='bbox 2948 4232 3162 4284; x_wconf 63' lang='lat' dir='ltr'>sancta:</span> <span class='ocrx_word' id='word_1_576' title='bbox 3192 4247 3311 4285; x_wconf 68' lang='lat' dir='ltr'>suae</span> <span class='ocrx_word' id='word_1_577' title='bbox 3348 4223 3623 4285; x_wconf 86' lang='lat' dir='ltr'>Genitricis</span> <span class='ocrx_word' id='word_1_578' title='bbox 3642 4235 3693 4276; x_wconf 85' lang='lat' dir='ltr'>ac</span> <span class='ocrx_word' id='word_1_579' title='bbox 3716 4215 3774 4269; x_wconf 80' lang='lat' dir='ltr'>di-</span> 
     </span>
    </p>
   </div>
   <div class='ocr_carea' id='block_1_45' title="bbox 521 4316 3616 4391">
    <p class='ocr_par' dir='ltr' id='par_1_45' title="bbox 521 4316 3616 4391">
     <span class='ocr_line' id='line_1_45' title="bbox 521 4316 3616 4391; baseline -0.004 -13"><span class='ocrx_word' id='word_1_580' title='bbox 521 4325 760 4378; x_wconf 81' lang='lat' dir='ltr'>brorum</span> <span class='ocrx_word' id='word_1_581' title='bbox 778 4319 1021 4375; x_wconf 85' lang='lat' dir='ltr'>contulit</span> <span class='ocrx_word' id='word_1_582' title='bbox 1050 4322 1108 4373; x_wconf 92' lang='lat' dir='ltr'>et</span> <span class='ocrx_word' id='word_1_583' title='bbox 1132 4320 1445 4391; x_wconf 90' lang='lat' dir='ltr'>loquelam.</span> <span class='ocrx_word' id='word_1_584' title='bbox 1478 4318 1590 4373; x_wconf 88' lang='lat' dir='ltr'>Nec</span> <span class='ocrx_word' id='word_1_585' title='bbox 1616 4317 1796 4385; x_wconf 89' lang='lat' dir='ltr'>vobis,</span> <span class='ocrx_word' id='word_1_586' title='bbox 1828 4319 2009 4374; x_wconf 88' lang='lat' dir='ltr'>sancti</span> <span class='ocrx_word' id='word_1_587' title='bbox 2032 4321 2131 4375; x_wconf 82' lang='lat' dir='ltr'>Dei</span> <span class='ocrx_word' id='word_1_588' title='bbox 2234 4317 2364 4373; x_wconf 83' lang='lat' dir='ltr'>lecti</span> <span class='ocrx_word' id='word_1_589' title='bbox 2396 4318 2480 4372; x_wconf 91' lang='lat' dir='ltr'>sui</span> <span class='ocrx_word' id='word_1_590' title='bbox 2507 4316 2797 4373; x_wconf 91' lang='lat' dir='ltr'>Benedicti</span> <span class='ocrx_word' id='word_1_591' title='bbox 2828 4316 3000 4371; x_wconf 87' lang='lat' dir='ltr'>fuisse</span> <span class='ocrx_word' id='word_1_592' title='bbox 3031 4319 3266 4373; x_wconf 87' lang='lat' dir='ltr'>sanatas</span> <span class='ocrx_word' id='word_1_593' title='bbox 3295 4316 3616 4373; x_wconf 89' lang='lat' dir='ltr'>didicerunt.</span> 
     </span>
    </p>
   </div>
   <div class='ocr_carea' id='block_1_46' title="bbox 524 4405 3226 4479">
    <p class='ocr_par' dir='ltr' id='par_1_46' title="bbox 524 4405 3226 4479">
     <span class='ocr_line' id='line_1_46' title="bbox 524 4405 3226 4479; baseline -0.001 -14"><span class='ocrx_word' id='word_1_594' title='bbox 524 4409 764 4469; x_wconf 85' lang='lat' dir='ltr'>Eucheri</span> <span class='ocrx_word' id='word_1_595' title='bbox 795 4412 854 4462; x_wconf 93' lang='lat' dir='ltr'>et</span> <span class='ocrx_word' id='word_1_596' title='bbox 882 4408 1167 4474; x_wconf 87' lang='lat' dir='ltr'>Veranne,</span> <span class='ocrx_word' id='word_1_597' title='bbox 1214 4407 1471 4463; x_wconf 89' lang='lat' dir='ltr'>minores</span> <span class='ocrx_word' id='word_1_598' title='bbox 1516 4407 1777 4479; x_wconf 88' lang='lat' dir='ltr'>persolvo</span> <span class='ocrx_word' id='word_1_599' title='bbox 1813 4406 2130 4478; x_wconf 88' lang='lat' dir='ltr'>gratiarum</span> <span class='ocrx_word' id='word_1_600' title='bbox 2158 4458 2206 4479; x_wconf 48' lang='grc' dir='ltr'>ἢ</span> <span class='ocrx_word' id='word_1_601' title='bbox 2841 4405 3063 4460; x_wconf 81' lang='lat' dir='ltr'>CAPUT</span> <span class='ocrx_word' id='word_1_602' title='bbox 3094 4406 3226 4461; x_wconf 85' lang='lat' dir='ltr'><strong>XIX.</strong></span> 
     </span>
    </p>
   </div>
   <div class='ocr_carea' id='block_1_47' title="bbox 526 4458 3670 4568">
    <p class='ocr_par' dir='ltr' id='par_1_47' title="bbox 526 4458 3670 4568">
     <span class='ocr_line' id='line_1_47' title="bbox 526 4458 3670 4568; baseline -0.002 -14"><span class='ocrx_word' id='word_1_603' title='bbox 526 4498 801 4563; x_wconf 88' lang='lat' dir='ltr'>actiones,</span> <span class='ocrx_word' id='word_1_604' title='bbox 830 4511 973 4568; x_wconf 90' lang='lat' dir='ltr'>quos</span> <span class='ocrx_word' id='word_1_605' title='bbox 997 4458 1437 4568; x_wconf 46' lang='lat' dir='ltr'>smpebxoratos</span> <span class='ocrx_word' id='word_1_606' title='bbox 1459 4458 1605 4550; x_wconf 56' lang='lat' dir='ltr'>m’eaa</span> <span class='ocrx_word' id='word_1_607' title='bbox 1622 4510 1739 4549; x_wconf 92' lang='lat' dir='ltr'>non</span> <span class='ocrx_word' id='word_1_608' title='bbox 1755 4458 1954 4550; x_wconf 50' lang='lat' dir='ltr'>difﬁdo</span> <span class='ocrx_word' id='word_1_609' title='bbox 1969 4495 2131 4567; x_wconf 87' lang='lat' dir='ltr'>adju-</span> <span class='ocrx_word' id='word_1_610' title='bbox 2155 4458 2209 4518; x_wconf 70' lang='grc' dir='ltr'><strong>Β</strong></span> <span class='ocrx_word' id='word_1_611' title='bbox 2378 4494 2445 4550; x_wconf 78' lang='lat' dir='ltr'>In</span> <span class='ocrx_word' id='word_1_612' title='bbox 2480 4495 2607 4550; x_wconf 73' lang='lat' dir='ltr'>festo</span> <span class='ocrx_word' id='word_1_613' title='bbox 2645 4493 3015 4549; x_wconf 74' lang='lat' dir='ltr'>translationis</span> <span class='ocrx_word' id='word_1_614' title='bbox 3041 4494 3353 4551; x_wconf 66' lang='lat' dir='ltr'>incendium</span> <span class='ocrx_word' id='word_1_615' title='bbox 3376 4492 3670 4549; x_wconf 60' lang='lat' dir='ltr'>ramulum.</span> 
     </span>
    </p>
   </div>
   <div class='ocr_carea' id='block_1_48' title="bbox 527 4574 3768 4657">
    <p class='ocr_par' dir='ltr' id='par_1_48' title="bbox 527 4574 3768 4657">
     <span class='ocr_line' id='line_1_48' title="bbox 527 4574 3768 4657; baseline -0.005 -14"><span class='ocrx_word' id='word_1_616' title='bbox 527 4592 681 4643; x_wconf 88' lang='lat' dir='ltr'>tores</span> <span class='ocrx_word' id='word_1_617' title='bbox 709 4586 881 4640; x_wconf 87' lang='lat' dir='ltr'>fuisse</span> <span class='ocrx_word' id='word_1_618' title='bbox 894 4583 1107 4639; x_wconf 90' lang='lat' dir='ltr'>salutis.</span> <span class='ocrx_word' id='word_1_619' title='bbox 1136 4585 1197 4637; x_wconf 93' lang='lat' dir='ltr'><strong>In</strong></span> <span class='ocrx_word' id='word_1_620' title='bbox 1217 4583 1305 4638; x_wconf 89' lang='lat' dir='ltr'>his</span> <span class='ocrx_word' id='word_1_621' title='bbox 1324 4584 1554 4639; x_wconf 90' lang='lat' dir='ltr'>vocibus</span> <span class='ocrx_word' id='word_1_622' title='bbox 1572 4586 1755 4638; x_wconf 89' lang='lat' dir='ltr'>totam</span> <span class='ocrx_word' id='word_1_623' title='bbox 1780 4601 1928 4656; x_wconf 89' lang='lat' dir='ltr'>pene</span> <span class='ocrx_word' id='word_1_624' title='bbox 1948 4584 2137 4656; x_wconf 86' lang='lat' dir='ltr'>exegit</span> <span class='ocrx_word' id='word_1_625' title='bbox 2304 4586 2393 4639; x_wconf 90' lang='grc'><strong>42.</strong></span> <span class='ocrx_word' id='word_1_626' title='bbox 2420 4584 2700 4657; x_wconf 84' lang='lat' dir='ltr'>Migrante</span> <span class='ocrx_word' id='word_1_627' title='bbox 2723 4583 2795 4638; x_wconf 89' lang='lat' dir='ltr'>ad</span> <span class='ocrx_word' id='word_1_628' title='bbox 2821 4598 3057 4654; x_wconf 88' lang='lat' dir='ltr'>superos</span> <span class='ocrx_word' id='word_1_629' title='bbox 3077 4598 3146 4638; x_wconf 90' lang='lat' dir='ltr'>eo</span> <span class='ocrx_word' id='word_1_630' title='bbox 3178 4600 3294 4656; x_wconf 92' lang='lat' dir='ltr'>quo</span> <span class='ocrx_word' id='word_1_631' title='bbox 3317 4581 3562 4656; x_wconf 88' lang='lat' dir='ltr'>superius</span> <span class='ocrx_word' id='word_1_632' title='bbox 3582 4574 3768 4657; x_wconf 46' lang='lat' dir='ltr'>relaturi!</span> 
     </span>
    </p>
   </div>
   <div class='ocr_carea' id='block_1_49' title="bbox 527 4653 3769 4744">
    <p class='ocr_par' dir='ltr' id='par_1_49' title="bbox 527 4653 3769 4744">
     <span class='ocr_line' id='line_1_49' title="bbox 527 4653 3769 4744; baseline -0.006 -11"><span class='ocrx_word' id='word_1_633' title='bbox 527 4680 780 4733; x_wconf 90' lang='lat' dir='ltr'>noctem.</span> <span class='ocrx_word' id='word_1_634' title='bbox 811 4672 1107 4744; x_wconf 85' lang='lat' dir='ltr'>Agebatur</span> <span class='ocrx_word' id='word_1_635' title='bbox 1135 4688 1204 4726; x_wconf 92' lang='lat' dir='ltr'>eo</span> <span class='ocrx_word' id='word_1_636' title='bbox 1245 4672 1338 4727; x_wconf 91' lang='lat' dir='ltr'>die</span> <span class='ocrx_word' id='word_1_637' title='bbox 1381 4672 1653 4727; x_wconf 74' lang='lat' dir='ltr'>festivitas</span> <span class='ocrx_word' id='word_1_638' title='bbox 1684 4653 1838 4728; x_wconf 79' lang='lat' dir='ltr'>beati</span> <span class='ocrx_word' id='word_1_639' title='bbox 1889 4653 2134 4727; x_wconf 79' lang='lat' dir='ltr'>Romani</span> <span class='ocrx_word' id='word_1_640' title='bbox 2236 4676 2322 4727; x_wconf 92' lang='lat' dir='ltr'>est</span> <span class='ocrx_word' id='word_1_641' title='bbox 2352 4653 2554 4727; x_wconf 76' lang='lat' dir='ltr'>ordine</span> <span class='ocrx_word' id='word_1_642' title='bbox 2585 4653 2903 4726; x_wconf 85' lang='lat' dir='ltr'>venerabili</span> <span class='ocrx_word' id='word_1_643' title='bbox 2917 4672 3084 4725; x_wconf 88' lang='lat' dir='ltr'>Patre</span> <span class='ocrx_word' id='word_1_644' title='bbox 3100 4653 3301 4726; x_wconf 76' lang='lat' dir='ltr'>nostro</span> <span class='ocrx_word' id='word_1_645' title='bbox 3328 4653 3769 4729; x_wconf 76' lang='lat' dir='ltr'>Abbono,etvesti-</span> 
     </span>
    </p>
   </div>
   <div class='ocr_carea' id='block_1_50' title="bbox 529 4744 3772 4837">
    <p class='ocr_par' dir='ltr' id='par_1_50' title="bbox 529 4744 3772 4837">
     <span class='ocr_line' id='line_1_50' title="bbox 529 4744 3772 4837; baseline -0.003 -16"><span class='ocrx_word' id='word_1_646' title='bbox 529 4766 632 4837; x_wconf 77' lang='lat'>(52)</span> <span class='ocrx_word' id='word_1_647' title='bbox 662 4761 883 4819; x_wconf 89' lang='lat' dir='ltr'>alumni</span> <span class='ocrx_word' id='word_1_648' title='bbox 925 4760 1266 4817; x_wconf 88' lang='lat' dir='ltr'>sanctissimi</span> <span class='ocrx_word' id='word_1_649' title='bbox 1300 4761 1483 4816; x_wconf 89' lang='lat' dir='ltr'>Patris</span> <span class='ocrx_word' id='word_1_650' title='bbox 1511 4760 1692 4816; x_wconf 89' lang='lat' dir='ltr'>nostri</span> <span class='ocrx_word' id='word_1_651' title='bbox 1734 4760 2047 4828; x_wconf 91' lang='lat' dir='ltr'>Benedicti,</span> <span class='ocrx_word' id='word_1_652' title='bbox 2079 4764 2138 4816; x_wconf 92' lang='lat' dir='ltr'>et</span> <span class='ocrx_word' id='word_1_653' title='bbox 2237 4761 2333 4835; x_wconf 87' lang='lat' dir='ltr'>gio</span> <span class='ocrx_word' id='word_1_654' title='bbox 2367 4761 2634 4833; x_wconf 63' lang='lat' dir='ltr'>quiedam</span> <span class='ocrx_word' id='word_1_655' title='bbox 2668 4759 2921 4814; x_wconf 65' lang='lat' dir='ltr'>adversae</span> <span class='ocrx_word' id='word_1_656' title='bbox 2951 4775 3061 4826; x_wconf 89' lang='lat' dir='ltr'>res,</span> <span class='ocrx_word' id='word_1_657' title='bbox 3095 4759 3353 4814; x_wconf 82' lang='lat' dir='ltr'>maxime</span> <span class='ocrx_word' id='word_1_658' title='bbox 3383 4756 3538 4813; x_wconf 89' lang='lat' dir='ltr'>nobis</span> <span class='ocrx_word' id='word_1_659' title='bbox 3570 4750 3649 4825; x_wconf 84' lang='lat' dir='ltr'>qui</span> <span class='ocrx_word' id='word_1_660' title='bbox 3686 4744 3772 4837; x_wconf 60' lang='lat' dir='ltr'>eius</span> 
     </span>
    </p>
   </div>
   <div class='ocr_carea' id='block_1_51' title="bbox 525 4833 3769 4922">
    <p class='ocr_par' dir='ltr' id='par_1_51' title="bbox 525 4833 3769 4922">
     <span class='ocr_line' id='line_1_51' title="bbox 525 4833 3769 4922; baseline -0.005 -14"><span class='ocrx_word' id='word_1_661' title='bbox 525 4833 733 4909; x_wconf 86' lang='lat' dir='ltr'>fratres</span> <span class='ocrx_word' id='word_1_662' title='bbox 774 4849 1185 4922; x_wconf 87' lang='lat' dir='ltr'>completorios</span> <span class='ocrx_word' id='word_1_663' title='bbox 1213 4849 1330 4905; x_wconf 91' lang='lat' dir='ltr'>Deo</span> <span class='ocrx_word' id='word_1_664' title='bbox 1379 4849 1677 4905; x_wconf 84' lang='lat' dir='ltr'>solvebant</span> <span class='ocrx_word' id='word_1_665' title='bbox 1731 4849 2136 4922; x_wconf 83' lang='lat' dir='ltr'>hymnos;qui</span> <span class='ocrx_word' id='word_1_666' title='bbox 2239 4833 2512 4921; x_wconf 84' lang='lat' dir='ltr'>obsequio</span> <span class='ocrx_word' id='word_1_667' title='bbox 2531 4849 2979 4913; x_wconf 75' lang='lat' dir='ltr'>adheeseramus,</span> <span class='ocrx_word' id='word_1_668' title='bbox 3017 4864 3282 4903; x_wconf 89' lang='lat' dir='ltr'>evenere.</span> <span class='ocrx_word' id='word_1_669' title='bbox 3308 4849 3381 4901; x_wconf 76' lang='lat' dir='ltr'>At</span> <span class='ocrx_word' id='word_1_670' title='bbox 3400 4833 3769 4916; x_wconf 76' lang='lat' dir='ltr'>reliquisneg|e°</span> 
     </span>
    </p>
   </div>
   <div class='ocr_carea' id='block_1_52' title="bbox 526 4932 3768 5011">
    <p class='ocr_par' dir='ltr' id='par_1_52' title="bbox 526 4932 3768 5011">
     <span class='ocr_line' id='line_1_52' title="bbox 526 4932 3768 5011; baseline -0.004 -14"><span class='ocrx_word' id='word_1_671' title='bbox 526 4942 801 4998; x_wconf 90' lang='lat' dir='ltr'>continuo</span> <span class='ocrx_word' id='word_1_672' title='bbox 842 4940 1182 4995; x_wconf 80' lang='lat' dir='ltr'>sonantibus</span> <span class='ocrx_word' id='word_1_673' title='bbox 1218 4938 1396 5011; x_wconf 87' lang='lat' dir='ltr'>signis</span> <span class='ocrx_word' id='word_1_674' title='bbox 1426 4938 1623 4993; x_wconf 91' lang='lat' dir='ltr'>laudes</span> <span class='ocrx_word' id='word_1_675' title='bbox 1647 4938 1766 4992; x_wconf 92' lang='lat' dir='ltr'>Deo</span> <span class='ocrx_word' id='word_1_676' title='bbox 1794 4938 2008 4992; x_wconf 88' lang='lat' dir='ltr'>alacres</span> <span class='ocrx_word' id='word_1_677' title='bbox 2029 4955 2135 5011; x_wconf 90' lang='lat' dir='ltr'>pro</span> <span class='ocrx_word' id='word_1_678' title='bbox 2237 4939 2341 4995; x_wconf 91' lang='lat' dir='ltr'>ctis</span> <span class='ocrx_word' id='word_1_679' title='bbox 2362 4938 2655 5004; x_wconf 61' lang='lat' dir='ltr'>aerumnis,</span> <span class='ocrx_word' id='word_1_680' title='bbox 2689 4953 2861 4991; x_wconf 89' lang='lat' dir='ltr'>unam</span> <span class='ocrx_word' id='word_1_681' title='bbox 2896 4935 3197 4992; x_wconf 69' lang='lat' dir='ltr'>memoriae</span> <span class='ocrx_word' id='word_1_682' title='bbox 3225 4935 3497 4991; x_wconf 86' lang='lat' dir='ltr'>mandare</span> <span class='ocrx_word' id='word_1_683' title='bbox 3524 4946 3624 4986; x_wconf 89' lang='lat' dir='ltr'>non</span> <span class='ocrx_word' id='word_1_684' title='bbox 3644 4932 3768 4997; x_wconf 65' lang='lat' dir='ltr'>gn&quot;</span> 
     </span>
    </p>
   </div>
   <div class='ocr_carea' id='block_1_53' title="bbox 527 5017 3766 5099">
    <p class='ocr_par' dir='ltr' id='par_1_53' title="bbox 527 5017 3766 5099">
     <span class='ocr_line' id='line_1_53' title="bbox 527 5017 3766 5099; baseline -0.005 -13"><span class='ocrx_word' id='word_1_685' title='bbox 527 5033 756 5087; x_wconf 87' lang='lat' dir='ltr'>ostenso</span> <span class='ocrx_word' id='word_1_686' title='bbox 785 5028 1165 5084; x_wconf 85' lang='lat' dir='ltr'>reddiderunt</span> <span class='ocrx_word' id='word_1_687' title='bbox 1193 5028 1493 5082; x_wconf 88' lang='lat' dir='ltr'>miraculo.</span> <span class='ocrx_word' id='word_1_688' title='bbox 2237 5028 2496 5083; x_wconf 88' lang='lat' dir='ltr'>videatur</span> <span class='ocrx_word' id='word_1_689' title='bbox 2516 5025 2878 5081; x_wconf 89' lang='lat' dir='ltr'>audientibus</span> <span class='ocrx_word' id='word_1_690' title='bbox 2899 5043 2913 5091; x_wconf 88' lang='lat'><strong>;</strong></span> <span class='ocrx_word' id='word_1_691' title='bbox 2932 5042 3060 5097; x_wconf 73' lang='lat' dir='ltr'>quae</span> <span class='ocrx_word' id='word_1_692' title='bbox 3090 5018 3577 5096; x_wconf 85' lang='lat' dir='ltr'>peneintolerabili</span> <span class='ocrx_word' id='word_1_693' title='bbox 3598 5017 3685 5071; x_wconf 83' lang='lat' dir='ltr'>hoc</span> <span class='ocrx_word' id='word_1_694' title='bbox 3705 5023 3766 5099; x_wconf 47' lang='lat' dir='ltr'>Sa:</span> 
     </span>
    </p>
   </div>
   <div class='ocr_carea' id='block_1_54' title="bbox 1105 5107 3765 5186">
    <p class='ocr_par' dir='ltr' id='par_1_54' title="bbox 1105 5107 3765 5186">
     <span class='ocr_line' id='line_1_54' title="bbox 1105 5107 3765 5186; baseline -0.003 -16"><span class='ocrx_word' id='word_1_695' title='bbox 1105 5115 1328 5171; x_wconf 79' lang='lat' dir='ltr'>CAPUT</span> <span class='ocrx_word' id='word_1_696' title='bbox 1352 5114 1530 5170; x_wconf 81' lang='lat' dir='ltr'><strong>XVIII.</strong></span> <span class='ocrx_word' id='word_1_697' title='bbox 2236 5131 2397 5171; x_wconf 89' lang='lat' dir='ltr'>crum</span> <span class='ocrx_word' id='word_1_698' title='bbox 2438 5115 2763 5170; x_wconf 65' lang='lat' dir='ltr'>coenobium</span> <span class='ocrx_word' id='word_1_699' title='bbox 2795 5114 3157 5186; x_wconf 79' lang='lat' dir='ltr'>profligasset</span> <span class='ocrx_word' id='word_1_700' title='bbox 3214 5114 3451 5176; x_wconf 88' lang='lat' dir='ltr'>damno,</span> <span class='ocrx_word' id='word_1_701' title='bbox 3497 5107 3550 5164; x_wconf 91' lang='lat' dir='ltr'>ni</span> <span class='ocrx_word' id='word_1_702' title='bbox 3591 5108 3765 5173; x_wconf 71' lang='grc' dir='ltr'>ευροτηι</span> 
     </span>
    </p>
   </div>
   <div class='ocr_carea' id='block_1_55' title="bbox 525 5196 3764 5277">
    <p class='ocr_par' dir='ltr' id='par_1_55' title="bbox 525 5196 3764 5277">
     <span class='ocr_line' id='line_1_55' title="bbox 525 5196 3764 5277; baseline -0.006 -13"><span class='ocrx_word' id='word_1_703' title='bbox 525 5209 663 5268; x_wconf 75' lang='lat' dir='ltr'>Item</span> <span class='ocrx_word' id='word_1_704' title='bbox 691 5207 812 5265; x_wconf 77' lang='lat' dir='ltr'>alia</span> <span class='ocrx_word' id='word_1_705' title='bbox 835 5204 1116 5263; x_wconf 84' lang='lat' dir='ltr'>ambulare</span> <span class='ocrx_word' id='word_1_706' title='bbox 1170 5220 1280 5259; x_wconf 69' lang='lat' dir='ltr'>non</span> <span class='ocrx_word' id='word_1_707' title='bbox 1336 5204 1534 5260; x_wconf 78' lang='lat' dir='ltr'>valens.</span> <span class='ocrx_word' id='word_1_708' title='bbox 1592 5203 1799 5259; x_wconf 82' lang='lat' dir='ltr'>Iterum</span> <span class='ocrx_word' id='word_1_709' title='bbox 1850 5205 2131 5276; x_wconf 74' lang='lat' dir='ltr'>impotens,</span> <span class='ocrx_word' id='word_1_710' title='bbox 2235 5204 2407 5277; x_wconf 82' lang='lat' dir='ltr'>Regis</span> <span class='ocrx_word' id='word_1_711' title='bbox 2438 5203 2640 5259; x_wconf 77' lang='lat' dir='ltr'>Christi</span> <span class='ocrx_word' id='word_1_712' title='bbox 2673 5203 2767 5275; x_wconf 85' lang='lat' dir='ltr'>pia</span> <span class='ocrx_word' id='word_1_713' title='bbox 2788 5203 3117 5270; x_wconf 89' lang='lat' dir='ltr'>clementia,</span> <span class='ocrx_word' id='word_1_714' title='bbox 3140 5196 3660 5258; x_wconf 70' lang='lat' dir='ltr'>interventusanctae</span> <span class='ocrx_word' id='word_1_715' title='bbox 3682 5196 3764 5277; x_wconf 54' lang='lat' dir='ltr'>sfw</span> 
     </span>
    </p>
   </div>
   <div class='ocr_carea' id='block_1_56' title="bbox 1107 5271 3763 5363">
    <p class='ocr_par' dir='ltr' id='par_1_56' title="bbox 1107 5271 3763 5363">
     <span class='ocr_line' id='line_1_56' title="bbox 1107 5271 3763 5363; baseline -0.005 -10"><span class='ocrx_word' id='word_1_716' title='bbox 1107 5293 1309 5348; x_wconf 63' lang='lat' dir='ltr'>illrum</span> <span class='ocrx_word' id='word_1_717' title='bbox 1331 5298 1545 5347; x_wconf 63' lang='lat' dir='ltr'>adnata-</span> <span class='ocrx_word' id='word_1_718' title='bbox 1923 5271 1940 5276; x_wconf 30' lang='grc' dir='ltr'><strong><em>ν</em></strong></span> <span class='ocrx_word' id='word_1_719' title='bbox 2118 5271 2124 5273; x_wconf 20' lang='grc'>1</span> <span class='ocrx_word' id='word_1_720' title='bbox 2231 5271 2527 5350; x_wconf 74' lang='lat' dir='ltr'>Genitricis</span> <span class='ocrx_word' id='word_1_721' title='bbox 2560 5271 2854 5363; x_wconf 80' lang='lat' dir='ltr'>Patrisque</span> <span class='ocrx_word' id='word_1_722' title='bbox 2886 5292 3064 5346; x_wconf 86' lang='lat' dir='ltr'>nostri</span> <span class='ocrx_word' id='word_1_723' title='bbox 3093 5290 3381 5346; x_wconf 90' lang='lat' dir='ltr'>Benedicti</span> <span class='ocrx_word' id='word_1_724' title='bbox 3404 5285 3654 5355; x_wconf 73' lang='lat' dir='ltr'>mitigata.</span> <span class='ocrx_word' id='word_1_725' title='bbox 3678 5271 3763 5325; x_wconf 54' lang='grc' dir='ltr'>ἥθ’</span> 
     </span>
    </p>
   </div>
   <div class='ocr_carea' id='block_1_57' title="bbox 594 5371 3758 5455">
    <p class='ocr_par' dir='ltr' id='par_1_57' title="bbox 594 5371 3758 5455">
     <span class='ocr_line' id='line_1_57' title="bbox 594 5371 3758 5455; baseline -0.006 -14"><span class='ocrx_word' id='word_1_726' title='bbox 594 5388 682 5442; x_wconf 82' lang='grc'><strong>40.</strong></span> <span class='ocrx_word' id='word_1_727' title='bbox 715 5384 937 5440; x_wconf 85' lang='lat' dir='ltr'>Christo</span> <span class='ocrx_word' id='word_1_728' title='bbox 967 5382 1310 5455; x_wconf 85' lang='lat' dir='ltr'>disponente</span> <span class='ocrx_word' id='word_1_729' title='bbox 1340 5380 1526 5435; x_wconf 89' lang='lat' dir='ltr'>adhuc</span> <span class='ocrx_word' id='word_1_730' title='bbox 1556 5382 1781 5435; x_wconf 88' lang='lat' dir='ltr'>sanctos</span> <span class='ocrx_word' id='word_1_731' title='bbox 1807 5396 1937 5435; x_wconf 91' lang='lat' dir='ltr'>suos</span> <span class='ocrx_word' id='word_1_732' title='bbox 1956 5379 2131 5435; x_wconf 88' lang='lat' dir='ltr'>mira-</span> <span class='ocrx_word' id='word_1_733' title='bbox 2233 5384 2420 5439; x_wconf 91' lang='lat' dir='ltr'>dicem</span> <span class='ocrx_word' id='word_1_734' title='bbox 2452 5385 2779 5438; x_wconf 89' lang='lat' dir='ltr'>nostrorum</span> <span class='ocrx_word' id='word_1_735' title='bbox 2816 5381 3092 5434; x_wconf 68' lang='lat' dir='ltr'>scelerum</span> <span class='ocrx_word' id='word_1_736' title='bbox 3148 5378 3469 5434; x_wconf 79' lang='lat' dir='ltr'>retraxisset</span> <span class='ocrx_word' id='word_1_737' title='bbox 3509 5371 3758 5455; x_wconf 59' lang='lat' dir='ltr'>dexteram-</span> 
     </span>
    </p>
   </div>
   <div class='ocr_carea' id='block_1_58' title="bbox 524 5454 3761 5545">
    <p class='ocr_par' dir='ltr' id='par_1_58' title="bbox 524 5454 3761 5545">
     <span class='ocr_line' id='line_1_58' title="bbox 524 5454 3761 5545; baseline -0.008 -12"><span class='ocrx_word' id='word_1_738' title='bbox 524 5476 732 5533; x_wconf 89' lang='lat' dir='ltr'>bilibus</span> <span class='ocrx_word' id='word_1_739' title='bbox 762 5474 1016 5545; x_wconf 86' lang='lat' dir='ltr'>insignes</span> <span class='ocrx_word' id='word_1_740' title='bbox 1045 5454 1309 5537; x_wconf 82' lang='lat' dir='ltr'>reddere,</span> <span class='ocrx_word' id='word_1_741' title='bbox 1329 5485 1484 5525; x_wconf 91' lang='lat' dir='ltr'>nono</span> <span class='ocrx_word' id='word_1_742' title='bbox 1515 5472 1645 5540; x_wconf 91' lang='lat' dir='ltr'>post</span> <span class='ocrx_word' id='word_1_743' title='bbox 1673 5471 1964 5540; x_wconf 88' lang='lat' dir='ltr'>patratum</span> <span class='ocrx_word' id='word_1_744' title='bbox 1984 5468 2133 5525; x_wconf 88' lang='lat' dir='ltr'>istud</span> <span class='ocrx_word' id='word_1_745' title='bbox 2234 5473 2542 5529; x_wconf 83' lang='lat' dir='ltr'>Enimvero</span> <span class='ocrx_word' id='word_1_746' title='bbox 2595 5471 2728 5543; x_wconf 88' lang='lat' dir='ltr'>quia</span> <span class='ocrx_word' id='word_1_747' title='bbox 2758 5470 2815 5523; x_wconf 91' lang='lat' dir='ltr'>in</span> <span class='ocrx_word' id='word_1_748' title='bbox 2848 5469 3025 5542; x_wconf 86' lang='lat' dir='ltr'>signis</span> <span class='ocrx_word' id='word_1_749' title='bbox 3052 5467 3434 5541; x_wconf 89' lang='lat' dir='ltr'>superioribus</span> <span class='ocrx_word' id='word_1_750' title='bbox 3468 5454 3761 5518; x_wconf 47' lang='lat' dir='ltr'>demonstra-</span> 
     </span>
    </p>
   </div>
   <div class='ocr_carea' id='block_1_59' title="bbox 598 5564 3807 5673">
    <p class='ocr_par' dir='ltr' id='par_1_59' title="bbox 598 5564 3807 5673">
     <span class='ocr_line' id='line_1_59' title="bbox 598 5564 3807 5673; baseline -0.012 1"><span class='ocrx_word' id='word_1_751' title='bbox 598 5601 710 5673; x_wconf 58' lang='grc' dir='ltr'>(Μ)</span> <span class='ocrx_word' id='word_1_752' title='bbox 740 5599 798 5653; x_wconf 70' lang='grc' dir='ltr'>Ῑά</span> <span class='ocrx_word' id='word_1_753' title='bbox 833 5601 917 5652; x_wconf 59' lang='grc' dir='ltr'>θεῖ</span> <span class='ocrx_word' id='word_1_754' title='bbox 957 5597 1314 5673; x_wconf 46' lang='grc' dir='ltr'>,εΨηοᾸοβῖίς</span> <span class='ocrx_word' id='word_1_755' title='bbox 1357 5609 1470 5673; x_wconf 69' lang='lat'>‘1“0</span> <span class='ocrx_word' id='word_1_756' title='bbox 1500 5593 2027 5673; x_wconf 63' lang='lat' dir='ltr'>§aq9l93n__l_’aspl_1a</span> <span class='ocrx_word' id='word_1_757' title='bbox 2073 5593 2131 5673; x_wconf 71' lang='lat' dir='ltr'>in</span> <span class='ocrx_word' id='word_1_758' title='bbox 2239 5596 2450 5673; x_wconf 72' lang='lat' dir='ltr'>festum</span> <span class='ocrx_word' id='word_1_759' title='bbox 2473 5594 2919 5673; x_wconf 8' lang='lat' dir='ltr'>sanqctiﬁllornaqi</span> <span class='ocrx_word' id='word_1_760' title='bbox 2954 5592 3197 5673; x_wconf 72' lang='lat' dir='ltr'>abbatis,</span> <span class='ocrx_word' id='word_1_761' title='bbox 3246 5567 3760 5673; x_wconf 38' lang='lat' dir='ltr'>alumniseunpﬂég;</span> 
     </span>
    </p>
   </div>
   <div class='ocr_carea' id='block_1_60' title="bbox 524 5640 3759 5746">
    <p class='ocr_par' dir='ltr' id='par_1_60' title="bbox 524 5640 3759 5746">
     <span class='ocr_line' id='line_1_60' title="bbox 524 5640 3759 5746; baseline -0.013 0"><span class='ocrx_word' id='word_1_762' title='bbox 524 5640 1560 5746; x_wconf 42' lang='grc' dir='ltr'>ρτῖἔέιιὲιξηᾼριοίιίεη,μεριοὲοέιρε,ίη</span> <span class='ocrx_word' id='word_1_763' title='bbox 1580 5667 1649 5746; x_wconf 73' lang='lat'>20</span> <span class='ocrx_word' id='word_1_764' title='bbox 1670 5665 1795 5746; x_wconf 64' lang='lat' dir='ltr'>Mai}</span> <span class='ocrx_word' id='word_1_765' title='bbox 1826 5665 2130 5746; x_wconf 56' lang='lat' dir='ltr'>incidebat.</span> <span class='ocrx_word' id='word_1_766' title='bbox 2236 5640 2608 5746; x_wconf 25' lang='grc' dir='ltr'>ιονὶδΔεβῆείί</span> <span class='ocrx_word' id='word_1_767' title='bbox 2659 5665 2841 5746; x_wconf 58' lang='lat' dir='ltr'>Patris</span> <span class='ocrx_word' id='word_1_768' title='bbox 2875 5640 3385 5731; x_wconf 50' lang='lat' dir='ltr'>Benedicliicuius</span> <span class='ocrx_word' id='word_1_769' title='bbox 3427 5647 3639 5713; x_wconf 76' lang='lat' dir='ltr'>Romani</span> <span class='ocrx_word' id='word_1_770' title='bbox 3671 5640 3759 5695; x_wconf 68' lang='lat' dir='ltr'>luta</span> 
     </span>
    </p>
   </div>
   <div class='ocr_carea' id='block_1_61' title="bbox 593 5736 2831 5817">
    <p class='ocr_par' dir='ltr' id='par_1_61' title="bbox 593 5736 2831 5817">
     <span class='ocr_line' id='line_1_61' title="bbox 593 5736 2831 5817; baseline -0.003 -18"><span class='ocrx_word' id='word_1_771' title='bbox 593 5743 708 5817; x_wconf 83' lang='grc'>(52)</span> <span class='ocrx_word' id='word_1_772' title='bbox 770 5736 943 5797; x_wconf 81' lang='lat' dir='ltr'>Vides</span> <span class='ocrx_word' id='word_1_773' title='bbox 980 5738 1297 5815; x_wconf 89' lang='lat' dir='ltr'>antiquitus</span> <span class='ocrx_word' id='word_1_774' title='bbox 1348 5738 1701 5797; x_wconf 88' lang='lat' dir='ltr'>celebratum</span> <span class='ocrx_word' id='word_1_775' title='bbox 1760 5736 1933 5793; x_wconf 89' lang='lat' dir='ltr'>fuisse</span> <span class='ocrx_word' id='word_1_776' title='bbox 1977 5737 2133 5795; x_wconf 86' lang='lat' dir='ltr'>diem</span> <span class='ocrx_word' id='word_1_777' title='bbox 2236 5741 2421 5798; x_wconf 72' lang='lat' dir='ltr'>exstat</span> <span class='ocrx_word' id='word_1_778' title='bbox 2449 5738 2509 5796; x_wconf 90' lang='lat' dir='ltr'>in</span> <span class='ocrx_word' id='word_1_779' title='bbox 2542 5738 2761 5797; x_wconf 66' lang='lat' dir='ltr'>Secuto</span> <span class='ocrx_word' id='word_1_780' title='bbox 2792 5738 2831 5795; x_wconf 88' lang='grc' dir='ltr'>ι.</span> 
     </span>
    </p>
   </div>
   <div class='ocr_carea' id='block_1_62' title="bbox 3793 5415 3814 6034">
    <p class='ocr_par' dir='ltr' id='par_1_62' title="bbox 3794 5644 3805 6034">
     <span class='ocr_line' id='line_1_62' title="bbox 3804 5644 3805 5683; baseline 0 0"><span class='ocrx_word' id='word_1_781' title='bbox 3804 5644 3805 5683; x_wconf 73' lang='grc'>1</span> 
     </span>
     <span class='ocr_line' id='line_1_63' title="bbox 3802 5722 3803 5771; baseline 0 0"><span class='ocrx_word' id='word_1_782' title='bbox 3802 5722 3803 5771; x_wconf 95' lang='grc'>1</span> 
     </span>
     <span class='ocr_line' id='line_1_64' title="bbox 3800 5820 3801 5861; baseline 0 0"><span class='ocrx_word' id='word_1_783' title='bbox 3800 5820 3801 5861; x_wconf 81' lang='grc'>1</span> 
     </span>
     <span class='ocr_line' id='line_1_65' title="bbox 3798 5906 3799 5951; baseline 0 0"><span class='ocrx_word' id='word_1_784' title='bbox 3798 5906 3799 5951; x_wconf 95' lang='grc'>1</span> 
     </span>
     <span class='ocr_line' id='line_1_66' title="bbox 3794 5974 3797 6034; baseline 0 0"><span class='ocrx_word' id='word_1_785' title='bbox 3794 5974 3797 6034; x_wconf 95' lang='grc'>1</span> 
     </span>
    </p>
   </div>
   <div class='ocr_carea' id='block_1_63' title="bbox 3816 4410 3836 5020">
    <p class='ocr_par' dir='ltr' id='par_1_63' title="bbox 3816 4476 3831 5020">
     <span class='ocr_line' id='line_1_67' title="bbox 3830 4476 3831 4519; baseline 0 0"><span class='ocrx_word' id='word_1_786' title='bbox 3830 4476 3831 4519; x_wconf 73' lang='grc'>1</span> 
     </span>
     <span class='ocr_line' id='line_1_68' title="bbox 3828 4554 3829 4609; baseline 0 0"><span class='ocrx_word' id='word_1_787' title='bbox 3828 4554 3829 4609; x_wconf 95' lang='grc'>1</span> 
     </span>
     <span class='ocr_line' id='line_1_69' title="bbox 3826 4656 3827 4699; baseline 0 0"><span class='ocrx_word' id='word_1_788' title='bbox 3826 4656 3827 4699; x_wconf 73' lang='grc'>1</span> 
     </span>
     <span class='ocr_line' id='line_1_70' title="bbox 3816 4884 3821 5020; baseline 0 0"><span class='ocrx_word' id='word_1_789' title='bbox 3816 4884 3821 5020; x_wconf 92' lang='grc'>1</span> 
     </span>
    </p>
   </div>
  </div>
