3998 6166
241 337 334 405 8&9

1043 341 1132 398 DE
1163 331 1536 398 MIBACULIS
1575 340 1637 400 S.
1679 334 2041 394 BENEDIC'I‘I
2067 335 2248 394 LIBRI
2274 337 2439 396 DUO.
2470 369 2541 382 —
2572 339 2700 396 LIB.
2725 338 2771 398 ll

3480 339 3584 394 850

241 475 353 528 tum
385 475 475 526 est
519 487 706 544 quam
738 473 956 543 potens
996 467 1088 524 hic
1137 467 1404 539 egregius
1444 467 1555 523 dux
1585 469 1780 522 noster
1808 480 1874 520 ac
1894 469 1950 529 Α
1976 462 2140 528 Quod
2165 465 2260 520 ille
2285 465 2473 522 fucata
2492 483 2619 522 usus
2639 465 2829 534 laude,
2851 466 3105 538 quodam
3127 465 3580 522 deterrenarum

239 577 460 632 semper
491 559 908 616 nominandus
936 556 1349 613 Benedictusin
1369 557 1592 612 duobus
1621 555 1870 626 singula-

238 654 330 702 tim
360 648 656 704 exstiterit
687 647 1020 712 elementis,
1057 662 1207 716 aqua
1233 643 1498 699 videlicet
1537 647 1595 698 et
1624 643 1781 716 igne,
1812 643 1868 696 in

233 737 330 792 hoc
360 738 686 792 manifeste
720 735 1033 810 apparebit
1077 738 1362 806 quantum
1395 734 1453 788 in
1487 733 1742 804 utrisque
1773 748 1870 785 va-

231 825 391 879 luerit
419 841 543 880 uno
576 826 913 897 eodemque
943 828 1231 896 tempore,
1259 825 1338 890 ct,
1364 825 1428 877 ut
1451 820 1636 878 verius
1662 822 1864 895 fatear,

229 910 507 983 temporis
540 915 874 967 momento.

288 1035 378 1089 43.
411 1033 682 1090 Celebris
727 1038 928 1090 nostro
961 1033 1084 1090 orbi
1135 1033 1406 1090 illuxerat
1448 1035 1569 1090 dies
1619 1036 1863 1090 transla-

223 1123 389 1178 tionis
421 1123 610 1194 ipsius
630 1123 850 1178 summi
878 1123 1238 1192 confessoris,
1271 1141 1403 1196 quae
1425 1125 1628 1197 quinto
1657 1126 1859 1180 Iduum

219 1211 502 1266 Iuliarum
555 1228 828 1266 annuum
879 1212 1041 1267 nobis
1084 1217 1509 1284 repraesentare
1568 1214 1864 1268 consuevit

220 1300 688 1371 delectabileque
709 1301 944 1354 festum.
971 1301 1225 1372 Cumque
1245 1303 1374 1356 tota
1393 1301 1716 1373 vigiliarum
1749 1319 1862 1357 nox

218 1405 345 1443 cum
357 1389 771 1460 subsequente
789 1389 881 1443 die
895 1389 951 1443 in
965 1389 1224 1444 laudibus
1246 1392 1370 1446 Deo
1385 1390 1591 1445 debitis
1607 1407 1862 1462 congrue

219 1477 417 1532 fuisset
449 1493 718 1550 expensa
763 1478 835 1531 ob
876 1477 1023 1532 tanti
1074 1478 1452 1534 devotionem
1499 1479 1699 1547 Patris,
1733 1483 1864 1552 post

223 1565 480 1620 debitam
501 1565 894 1620 refectionem
915 1566 1413 1640 vespertinaleque
1433 1567 1863 1634 officium,hora

224 1652 426 1724 quietis
463 1653 732 1720 advenit,
757 1657 813 1708 et
840 1652 1196 1724 cupientibus
1228 1655 1404 1710 nobis
1429 1657 1624 1710 oculos
1652 1655 1860 1708 diurno

225 1740 394 1796 furari
415 1740 634 1810 labori,
654 1757 912 1797 erroneae
931 1742 1347 1814 antiquihostis
1359 1744 1596 1798 adfuere
1614 1742 1858 1838 insidiae,
1887 1777 1939 1838 Β

228 1831 484 1902 Namque
537 1831 667 1901 ejus
714 1830 981 1886 instinctu
1027 1833 1266 1904 quidam
1315 1849 1601 1906 perversa
1650 1831 1864 1887 mentis

228 1920 512 1987 homines,
551 1920 960 1989 latrocinandi,
984 1925 1046 1976 ut
1075 1922 1316 1994 quidam
1337 1924 1622 1992 referunt,
1642 1920 1861 1993 cupidi-

233 2011 588 2082 tate,ignem
616 2009 943 2065 forensibus
967 2011 1295 2083 imposuere
1324 2013 1594 2068 domibus
1617 2030 1631 2081 ;
1651 2014 1714 2066 ut
1731 2027 1864 2065 vero

237 2097 320 2151 alii
347 2098 636 2166 fatentur,
667 2098 906 2154 casualis
933 2099 1148 2154 eisdem
1179 2101 1400 2155 aedibus
1430 2100 1663 2173 irrepsit
1691 2099 1861 2170 ignis.

236 2184 346 2249 Qua
363 2188 434 2242 de
456 2203 660 2255 causa,
684 2189 926 2243 excitato
944 2190 1194 2244 tumultu
1217 2190 1426 2244 fratres
1451 2185 1860 2262 expergefacti,

237 2275 298 2330 ad
323 2276 779 2348 exstinguendas
807 2293 1040 2332 voraces
1068 2277 1324 2332 incendii
1350 2279 1622 2334 flammas
1649 2294 1860 2350 prope-

235 2369 442 2434 rarunt,
466 2365 870 2438 subductoque
891 2365 1169 2438 primum,
1199 2383 1429 2439 quaqua
1453 2367 1857 2440 opportunitas

237 2471 342 2510 sese
367 2454 604 2522 obtulit,
642 2454 804 2509 omni
831 2459 1039 2510 ornatu
1071 2455 1341 2524 basilica),
1371 2456 1467 2528 qui
1495 2474 1614 2511 non
1637 2458 1852 2526 minor,

236 2543 338 2599 imo
367 2560 472 2614 per
503 2543 712 2599 omnia
741 2544 930 2615 major
949 2561 1125 2617 quam
1150 2543 1208 2599 in
1243 2544 1420 2615 priori
1440 2546 1731 2614 incendio,
1753 2545 1852 2601 in-

235 2632 434 2688 teriora
485 2633 699 2704 templi
740 2634 1123 2702 venustabat;
1174 2634 1248 2688 ad
1284 2634 1410 2704 jam
1446 2635 1664 2690 dictum
1707 2652 1852 2708 opus

236 2722 530 2776 unanimes
574 2724 917 2790 vertuntur;
960 2723 1062 2778 sed
1105 2722 1338 2777 illorum
1368 2724 1532 2778 labor
1562 2723 1849 2779 incassum

235 2810 480 2865 cedebat.
511 2813 576 2864 In
608 2810 909 2881 superiora
949 2827 1207 2883 namque
1247 2828 1305 2866 se
1357 2829 1630 2868 aurarum
1675 2813 1852 2885 spira-

237 2898 380 2955 mine
403 2900 560 2972 ignis
593 2901 882 2969 attollens,
906 2902 1221 2974 coquinam
1237 2902 1579 2958 xenodocbii
1611 2907 1851 2976 repente

1973 555 2212 625 protulit
2241 554 2499 628 principe
2525 573 2720 612 rerum
2752 555 2833 611 ita
2858 554 3122 628 inquiens
3157 571 3169 608 :

2127 645 2164 691 Ο
2187 645 2393 692 nimium
2412 644 2591 694 dilecte
2627 646 2744 701 Deo.
2771 644 2862 694 tibi
2883 643 3064 693 militat
3086 643 3264 702 aether,

2129 708 2185 755 Et
2203 705 2444 770 conjurati
2465 707 2674 770 veniunt
2691 707 2755 757 ad
2771 708 2977 756 classica
2999 707 3151 756 venti.

2329 768 2440 836 (Ex
2471 769 2782 826 Claudiano
2811 771 2873 826 in
2902 771 3110 840 Paneg.
3143 767 3428 837 Honorii.)

1970 855 2160 911 Liceat
2172 857 2336 912 nobis
2346 857 2452 914 hac
2465 859 2533 914 de
2547 876 2607 913 re
2621 859 2887 931 quaedam
2901 858 3260 930 proludendo
3274 857 3571 929 paululum

1966 945 2156 1017 eloqui
2167 946 2518 1018 .Congruum
2529 952 2612 1016 ,ut
2623 948 2911 1013 reor,huic
2925 945 3420 1002 nostrovidebatur
3437 944 3573 1015 legi-

1965 1032 2088 1088 fero
2103 1033 2162 1088 in
2177 1036 2570 1092 commotione
2583 1033 3350 1091 elementorumvenerabilis
3360 1033 3570 1088 sororis

1965 1139 2081 1177 suae
2112 1123 2385 1179 adhibere
2407 1124 2697 1191 solatium,
2717 1141 2891 1196 quam
2907 1123 3338 1178 memineratad
3355 1139 3413 1177 se
3431 1121 3566 1192 reti-

1964 1211 2225 1266 nendum
2241 1215 2647 1283 tempestatum
2663 1212 2990 1283 opposuisse
3006 1213 3383 1268 obstaculum.
3404 1209 3567 1264 Unde

1963 1316 2082 1355 non
2114 1299 2451 1372 incongrue,
2485 1300 2649 1356 cereis
2678 1301 3055 1373 potestatibus
3083 1298 3434 1371 complacita
3461 1297 3566 1352 sibi

1963 1389 2090 1443 loca
2120 1392 2377 1444 evertere
2409 1389 2780 1444 molientibus
2801 1393 3031 1445 strenue
3058 1390 3503 1459 repugnaturus,
3535 1402 3570 1438 a

1962 1476 2078 1531 suis
2121 1477 2352 1532 famulis
2384 1478 2652 1532 eamdem
2699 1495 2960 1534 sororem
2992 1494 3153 1532 suam
3187 1492 3380 1530 secum
3415 1474 3570 1526 invo-

1963 1565 2080 1620 cari
2113 1566 2317 1634 voluit,
2345 1566 2504 1637 cujus
2542 1583 2741 1638 preces
2770 1567 2841 1621 ab
2878 1565 3222 1622 obtinendas
3248 1581 3282 1618 a
3319 1561 3566 1618 Domino

1962 1653 2238 1708 imbrium
2273 1655 2632 1727 profusiones
2665 1656 3015 1728 agnoscebat
3035 1656 3157 1711 fore
3189 1653 3446 1708 idoneas.

2589 1762 2812 1817 CAPUT
2850 1764 2952 1829 XX,

2469 1832 2764 1890 Contracta
2793 1837 3040 1903 erigitur.

2037 1922 2127 1976 44.
2150 1923 2406 1976 Puellam
2424 1924 2737 1994 quamdam
2751 1922 3039 1978 nobilibus
3053 1926 3239 1978 ortam
3258 1919 3571 1993 antiquitus

1966 2009 2140 2064 fuisse
2172 2010 2480 2079 natalibus,
2507 2012 2744 2068 nomine
2773 2011 3134 2080 Adelaidem,
3161 2027 3345 2081 nuper
3377 2009 3573 2064 didici-

1968 2117 2100 2155 mus
2119 2099 2378 2155 cruribus
2400 2105 2775 2157 contractam.
2803 2101 2987 2165 Quam
3005 2101 3144 2156 dum
3177 2103 3339 2173 pater
3365 2099 3484 2168 ejus
3507 2114 3571 2152 ac

1967 2193 2158 2245 mater
2170 2204 2274 2262 per
2286 2191 2807 2246 multasanctorum
2832 2193 2957 2245 loca
2978 2190 3268 2245 duxissent
3286 2188 3364 2243 nil
3382 2203 3568 2242 reme-

1965 2280 2044 2336 dii
2075 2279 2129 2336 ei
2158 2279 2368 2335 sanctis
2387 2279 2699 2352 impetrare
2716 2283 3049 2352 potuerunt.
3075 2279 3137 2347 Ii,
3162 2279 3463 2350 desperata
3483 2293 3576 2330 sa-

1962 2369 2191 2437 lute,ad
2217 2368 2453 2424 domum
2487 2387 2618 2426 eam
2644 2368 3334 2437 reducentes,manebant
3362 2366 3572 2430 tristes,

1958 2458 2101 2532 quid
2124 2457 2193 2512 de
2212 2474 2280 2512 ea
2291 2474 2460 2530 agere
2470 2459 3050 2531 ntignorantes.Nam
3066 2455 3310 2514 Parisius
3323 2457 3576 2524 (53)eam

1956 2549 2028 2603 ad
2047 2548 2104 2602 S.
2120 2546 2372 2619 Dionysii
2383 2550 2706 2621 sepulcrum
2717 2552 2909 2620 ,atque
2924 2547 3252 2604 Lemovicas
3265 2544 3338 2599 ad
3352 2542 3576 2598 domini

1954 2636 2225 2693 Martialis
2255 2637 2541 2705 tumbam,
2575 2638 2672 2710 qui
2705 2637 2880 2692 ambo
2910 2640 3048 2692 tunc
3079 2633 3372 2692 miraculis
3408 2649 3574 2687 coru-

1957 2724 2218 2788 scabant,
2268 2725 2671 2796 perducentes,
2714 2725 2856 2780 nihil
2902 2725 3145 2782 omnino
3182 2722 3573 2795 profecerant.

1961 2814 2290 2879 Quiescenti
2309 2817 2504 2869 autem
2523 2813 2695 2870 matri
2709 2815 2758 2884 ej
2769 2831 2831 2867 us
2846 2830 2952 2868 vox
2967 2815 3189 2870 coalitus
3201 2811 3431 2866 advenit
3443 2827 3573 2881 qua":

1961 2904 2180 2960 diceret
2211 2921 2224 2959 :
2261 2903 2559 2972 Qumnam,
2584 2903 2684 2966 ait,
2717 2903 3015 2958 dementia
3044 2920 3145 2960 vos
3169 2903 3356 2957 tantas
3386 2898 3444 2952 in
3475 2915 3572 2953 va-

238 2989 520 3063 corripuit,
556 3006 686 3062 quas
731 2993 872 3046 aulae
924 2995 1138 3047 sanctae
1182 2990 1279 3046 Dei
1329 2991 1620 3062 genitricis
1664 2993 1852 3050 Maria:
1892 3060 1928 3066 _
1960 3011 2102 3050 num
2134 2993 2415 3066 compulit
2445 2993 2689 3064 perdere
2727 3009 3025 3065 expensas,
3063 2996 3127 3047 ut
3169 2992 3338 3060 longe
3386 2987 3573 3060 posita

238 3076 403 3134 vicina
459 3083 612 3142 erat,
658 3078 716 3133 in
775 3097 888 3153 qua
934 3081 1225 3154 pretiosus
1275 3081 1566 3136 confessor
1620 3083 1852 3139 Domini
1882 3060 1929 3118 Ο
1957 3086 2290 3138 sanctorum
2349 3081 2582 3137 adiretis
2619 3080 2960 3154 patrocinia,
2994 3085 3183 3136 vestro
3229 3078 3318 3133 hic
3369 3077 3569 3134 relicto

239 3166 568 3223 Benedictus
609 3168 868 3240 quiescit.
923 3171 1069 3225 Tum
1117 3171 1307 3224 metus
1348 3169 1556 3241 ingens
1613 3175 1850 3228 cunctos

237 3255 440 3325 habuit,
489 3261 757 3312 verentes
803 3258 926 3329 ejus
979 3257 1122 3314 aedis
1170 3258 1468 3313 occasione
1520 3259 1848 3316 venerabile

235 3346 435 3400 cunctis
460 3345 781 3400 Dominum
803 3347 1147 3402 timentibus
1166 3349 1426 3402 exustum
1449 3347 1518 3402 iri
1534 3349 1842 3421 templum.

236 3434 382 3489 Unde
413 3435 657 3508 quidam
691 3441 1046 3506 nostrorum,
1077 3436 1374 3492 interioris
1402 3437 1656 3493 hominis
1684 3455 1842 3509 voce,

235 3525 480 3580 auxiliari
510 3525 618 3580 sibi
647 3525 756 3598 piis
778 3527 1040 3598 precibus
1071 3529 1336 3581 sanctam
1372 3526 1470 3580 Dei
1500 3525 1844 3599 genitricem

231 3611 451 3668 llariam
475 3614 883 3686 famulumque
902 3615 1024 3686 ejus
1043 3615 1326 3687 inclytum
1346 3615 1846 3686 poscebantBene-

235 3697 461 3769 dictum,
495 3702 746 3774 repetito
777 3703 982 3775 saepius
1006 3702 1248 3759 nomine
1275 3703 1486 3758 sororis
1514 3703 1636 3774 ejus
1667 3702 1842 3759 Scho-

235 3789 450 3846 lasticaa.
482 3791 594 3846 Alii
622 3808 760 3847 vero
789 3791 849 3846 id
874 3792 1065 3864 ipsum
1095 3793 1252 3847 clara
1285 3791 1522 3864 quidem
1553 3807 1710 3859 voce,
1741 3793 1840 3848 sed

234 3881 542 3948 querulosis
560 3881 854 3936 iterabant
869 3881 1074 3936 verbis.
1095 3881 1357 3936 Tandem
1378 3883 1837 3938 memoratorum

232 3981 419 4036 preces
464 3973 804 4024 sanctorum
861 3970 1041 4025 audiit
1085 3970 1487 4042 Omnipotens,
1519 3969 1758 4041 coelique
1807 3989 1840 4027 a

234 4061 384 4124 parte
431 4075 642 4114 serena
676 4059 948 4114 intonuit.
987 4059 1247 4131 Denique
1287 4076 1413 4113 cum
1458 4077 1687 4114 summa
1714 4062 1839 4116 coeli

234 4150 372 4199 esset
398 4148 698 4215 serenitas,
732 4148 995 4218 profusus
1030 4147 1218 4203 subito
1263 4163 1294 4201 e
1333 4147 1582 4203 nubibus
1629 4149 1837 4216 imber,

237 4228 491 4290 flammas
512 4252 643 4307 qua:
672 4235 952 4292 interiora
979 4237 1148 4292 castri
1180 4236 1422 4292 aedificia
1451 4238 1838 4309 depasceban-

1954 3172 2166 3239 vicino,
2219 3170 2578 3226 sanctissimo
2640 3169 2904 3225 videlicet
2951 3167 3300 3241 Dominique
3355 3167 3567 3222 dilecto

1953 3261 2287 3328 Benedicto,
2316 3259 2475 3330 cujus
2519 3258 2905 3315 sacratissima
2948 3277 3095 3327 ossa,
3129 3275 3234 3329 pro
3281 3261 3466 3311 vestra
3498 3256 3566 3328 (si

1949 3354 2149 3405 tamen
2192 3349 2250 3404 id
2308 3367 2373 3404 ex
2410 3348 2526 3404 fide
2563 3347 2934 3421 expetieritis)
2985 3350 3421 3417 multorumque
3465 3363 3568 3400 sa-

1948 3438 2088 3504 lute,
2118 3455 2183 3492 ex
2212 3437 2372 3492 Italia
2399 3437 2697 3510 provincia
2717 3436 2775 3492 in
2806 3437 2957 3492 hanc
2988 3437 3260 3492 divinitus
3284 3435 3566 3491 translata

1947 3530 2076 3582 sunt
2109 3526 2413 3598 regionem
2439 3527 2467 3583 ?
2499 3528 2662 3584 Unde
2706 3542 2811 3597 pro
2855 3530 3012 3581 certo
3045 3525 3190 3580 scias
3231 3525 3562 3580 nullatenus

1946 3620 2107 3672 tuam
2142 3619 2463 3673 sanandam
2506 3635 2626 3674 esse
2664 3618 2866 3685 ﬁliam,
2904 3616 3009 3671 nisi
3041 3632 3109 3671 eo
3145 3615 3336 3670 delata
3360 3613 3556 3669 fuerit.

1946 3706 2232 3778 Evigilans
2264 3706 2456 3778 itaque
2488 3708 2696 3762 mulier
2734 3704 2858 3759 viro
2890 3705 2995 3759 sibi
3040 3700 3364 3774 conjacenti
3400 3718 3558 3756 som-

1946 3794 2106 3850 nium
2138 3795 2334 3850 refert.
2367 3795 2467 3850 Cui
2495 3797 2587 3850 ille
2615 3813 2626 3849 :
2664 3795 2803 3865 Ego,
2824 3793 3113 3865 inquiens,
3133 3792 3251 3861 jam
3275 3789 3333 3843 id
3365 3789 3552 3860 ipsum

1940 3888 2139 3938 mente
2169 3900 2546 3956 conceperam
2575 3902 2588 3952 ;
2621 3883 2721 3936 sed
2750 3898 2952 3936 vereor
2975 3884 3037 3934 ut
3061 3883 3289 3936 sanctus
3320 3878 3412 3931 ille
3446 3897 3555 3933 no-

1940 3977 2058 4029 stro
2090 3972 2346 4027 irritatus
2375 3974 2715 4044 contemptu
2747 3970 3054 4024 Dominum
3089 3986 3196 4041 pro
3227 3984 3295 4022 ea
3312 3984 3550 4025 exorare

1940 4063 2095 4118 velit.
2124 4063 2211 4117 Ad
2232 4063 2352 4118 haec
2380 4061 2475 4117 illo
2499 4059 2858 4133 respondens
2887 4078 2898 4115 :
2935 4061 3202 4126 Ducatur,
3236 4058 3444 4129 inquit,
3472 4060 3544 4113 ad

1942 4152 2124 4209 sancti
2148 4154 2508 4223 sepulcrum;
2541 4156 2598 4205 et
2626 4149 2910 4221 siquidem
2944 4165 3074 4203 eam
3099 4147 3406 4213 senaverit,
3441 4149 3547 4202 ha-

1940 4242 2075 4297 beat
2105 4242 2289 4313 ipsam
2323 4241 2590 4296 ancillam
2616 4239 2673 4294 in
2697 4239 3146 4309 sempiternum;
3175 4237 3261 4291 sin
3284 4253 3418 4290 vero
3441 4254 3544 4291 no-

232 4321 339 4390 tur,
385 4324 648 4380 funditus
705 4325 986 4381 exstinxit.
1037 4324 1233 4381 Mutati
1285 4328 1479 4380 autem
1531 4330 1835 4383 venturum
1859 4349 1912 4408 D
1939 4331 2128 4398 luerit,
2161 4332 2506 4397 reducatur;
2539 4345 2670 4384 cum
2694 4328 2986 4383 debilitate
3011 4328 3188 4381 etiam
3216 4327 3546 4382 libertatem

232 4409 394 4468 flatus
421 4415 697 4470 cadentes
720 4415 958 4484 favillas,
992 4431 1237 4489 quarum
1269 4417 1432 4488 copia
1463 4417 1642 4473 instar
1682 4419 1835 4474 deci-

231 4498 414 4557 dentis
437 4503 583 4558 nivis
609 4504 892 4560 introrsus
909 4505 1223 4575 ferebatur,
1247 4510 1562 4563 retroactas
1578 4509 1634 4562 in
1655 4513 1838 4564 semet

229 4591 413 4648 redire
458 4595 768 4666 cogebant.
826 4597 909 4650 Ita
957 4596 1178 4652 meritis
1219 4597 1437 4668 egregii
1496 4600 1840 4669 protectoris

229 4681 406 4734 nostri
436 4681 730 4736 Benedicti
761 4699 876 4738 non
907 4685 1093 4739 solum
1120 4686 1843 4742 monasteriumincolume

227 4769 455 4837 resedit,
483 4787 687 4826 verum
716 4788 822 4826 nec
846 4775 1074 4828 tantum
1104 4773 1208 4829 vici
1237 4776 1500 4829 exustum
1531 4779 1636 4844 est,
1663 4792 1847 4848 quan-

223 4868 348 4920 tum
377 4862 558 4934 priori
590 4863 858 4920 incendio
889 4865 1164 4937 perierat,
1187 4865 1343 4937 quod
1373 4864 1432 4918 in
1460 4865 1665 4920 eadem
1695 4864 1847 4920 festi-

223 4947 427 5019 vitate,
450 4953 926 5026 temporibusque
948 4955 1259 5010 memorati
1274 4954 1516 5028 contigit
1531 4957 1845 5012 venerandi

224 5036 446 5094 abbatis
470 5041 747 5098 Abbonis.
773 5043 933 5098 Unde
960 5043 1238 5099 nimirum
1256 5045 1515 5116 legiones
1533 5047 1844 5102 monacho-

224 5141 353 5183 rum
378 5130 622 5186 domino
635 5149 736 5188 suo
759 5133 1067 5188 Benedicto
1090 5133 1231 5188 illud
1251 5133 1550 5205 cujusdam
1567 5135 1841 5207 sapientis

226 5231 343 5272 non
356 5219 679 5293 incongrue
692 5225 748 5277 et
765 5222 978 5296 absque
991 5222 1124 5278 fuco
1137 5225 1326 5279 valent
1343 5227 1541 5295 aptare
1557 5225 1838 5297 elogium,

298 5399 409 5482 (53)
453 5401 516 5456 Id
567 5401 1113 5482 estin-suburbano
1149 5405 1498 5482 Parisiorum
1542 5426 1705 5482 agro,
1744 5410 1842 5482 qui

230 5484 375 5549 unus
390 5473 551 5528 locus
581 5473 790 5529 sufficit
811 5476 882 5530 ad
905 5476 1370 5549 interpretandos
1392 5473 1672 5549 quosdam
1693 5473 1848 5536 locos

233 5547 534 5624 auctorum
568 5549 850 5624 veterum,
883 5548 981 5624 qui
1028 5547 1324 5624 basilicam
1357 5547 1552 5604 sancti
1597 5551 1852 5624 Dionysii

233 5615 453 5675 tumulo
477 5616 765 5680 illustrem
782 5615 1252 5680 Parisiuslocant.
1269 5621 1415 5680 Nam
1433 5638 1565 5680 eam
1584 5615 1851 5699 tempore

1938 4421 2215 4476 retinens.
2243 4422 2416 4475 Erant
2445 4419 2601 4475 enim
2633 4417 2738 4489 ipsi
2761 4435 2878 4472 non
2910 4419 3091 4472 solum
3125 4415 3314 4482 liberi,
3347 4433 3547 4470 verum

1941 4511 2116 4566 etiam
2138 4527 2353 4582 genere
2378 4507 2694 4574 clarissimi,
2725 4523 2790 4562 ac
2809 4507 3173 4562 facultatibus
3195 4504 3379 4560 ditati.
3410 4506 3547 4560 Orto

1943 4601 2120 4672 igitur
2169 4601 2287 4654 sole
2329 4599 2439 4654 iter
2483 4599 2554 4653 ad
2599 4597 3018 4652 monasterium
3051 4594 3354 4667 arripiunt,
3389 4595 3545 4666 quod

1945 4707 2063 4746 non
2092 4688 2198 4744 nisi
2227 4705 2358 4744 xvm
2392 4688 2644 4742 millibus
2660 4687 2730 4742 ab
2746 4701 2948 4740 eorum
2971 4685 3218 4740 distabat
3231 4685 3552 4750 domo,una

1948 4795 2142 4836 secum
2173 4779 2352 4832 filiam
2383 4776 2731 4832 deducentes
2763 4774 3032 4829 debilem.
3069 4775 3325 4829 Instabat
3355 4777 3549 4828 autem

1948 4871 2174 4926 celebre
2193 4870 2402 4924 festum
2433 4868 2692 4938 ejusdem
2713 4864 3054 4921 sanctissimi
3073 4863 3387 4931 Benedicti,
3413 4867 3471 4918 et
3492 4864 3551 4919 in

1947 4961 2070 5034 ipsa
2102 4959 2336 5032 quidem
2370 4957 2461 5012 die
2483 4955 2804 5011 festivitatis
2834 4973 2964 5010 eam
2997 4954 3319 5030 sanandam
3350 4959 3548 5010 sancto

1946 5051 2098 5105 Patri
2127 5048 2431 5104 Benedicto
2463 5048 2816 5101 obtulerunt.
2850 5046 2911 5099 In
2943 5043 3191 5099 crastino
3223 5061 3357 5098 vero
3379 5060 3552 5099 mane

1945 5142 2266 5210 surgentes,
2292 5137 2427 5191 dum
2445 5135 2673 5206 regredi
2695 5136 2992 5204 cuperent,
3013 5133 3192 5187 filiam
3209 5149 3407 5186 sanam
3423 5148 3553 5185 om-

1945 5229 2228 5298 nibusque
2246 5225 2524 5280 membris
2561 5223 3004 5280 benevalentem
3044 5221 3402 5292 repererunt.
3438 5220 3548 5274 Pro

1946 5408 2198 5463 Aimoini
2230 5406 2432 5479 quinto
2465 5405 2536 5460 ab
2570 5405 2710 5479 urbe
2749 5403 2938 5479 lapide
2967 5401 3139 5479 sitam
3179 5399 3348 5479 fuisse
3367 5416 3555 5479 nemo

1949 5471 2267 5560 negaverit,
2296 5478 2392 5550 qui
2410 5476 2623 5560 legerit
2649 5471 2858 5560 librum
2896 5475 2976 5560 De
3014 5473 3244 5560 ‘V‘itaﬂsz
3274 5471 3556 5560 Abbonis,

1953 5546 2079 5682 gap.
2124 5553 2214 5678 19.1
2220 5546 2376 5677 l[iege
2409 5546 2674 5621 Elogium
2707 5547 2934 5604 Fulradi
2979 5546 3200 5604 abbatis
3229 5548 3291 5603 in
3322 5546 3490 5613 parte
3522 5557 3560 5596 ιι

2000 5638 2119 5681 ωειλ
2144 5639 2164 5680 ι
2272 5663 2285 5678 .
