3998 6166
475 315 578 376 851

487 532 679 588 amico
723 531 1054 587 beatissimo
1100 531 1418 590 referentes
1450 533 1782 604 Benedicto,
1815 537 2087 594 eamdem

486 623 685 676 natam
737 637 900 675 suam
931 620 983 675 ei
1018 624 1300 693 perpetuo
1327 624 1670 680 servituram
1711 625 2096 696 tradiderunt,

485 719 613 780 quas
651 709 1029 780 postmodum
1064 710 1279 765 ducens
1306 711 1514 780 virum,
1558 713 1704 768 ﬁlios
1735 717 2092 785 procreavit;

481 812 548 850 ex
579 812 827 867 quorum
875 797 1158 869 progenie
1190 800 1429 872 quidam
1469 800 1657 856 adhuc
1699 819 1817 857 non
1866 802 2097 860 inutiles

482 883 533 955 (5
548 885 596 951 ι)
628 884 685 938 ἱιι
717 885 946 940 servitio
979 887 1300 958 perdurant
1328 889 1596 944 fratrum.

1091 975 1316 1031 CAPUT
1352 977 1484 1035 XXI.

868 1062 1014 1119 Caeci
1049 1065 1158 1120 duo
1189 1066 1363 1122 lumen
1390 1075 1718 1140 receperunt.

551 1153 643 1208 45.
672 1153 864 1224 Nuper
898 1169 1129 1224 quoque
1142 1170 1235 1208 res
1259 1158 1346 1209 est
1360 1159 1522 1226 gesta
1541 1174 1715 1229 quam
1736 1172 1930 1212 narro.
1959 1155 2094 1222 Qui-

483 1241 619 1296 dam
642 1258 825 1296 cmcus
849 1243 1399 1314 Argentomagensis
1419 1245 1588 1300 castri
1616 1245 1826 1314 incola,
1850 1246 1990 1300 dum
2011 1263 2098 1302 re-

481 1331 672 1402 liquizn
715 1331 888 1403 ipsius
933 1332 1446 1401 praecellentissimi
1506 1335 1852 1390 confessoris
1891 1335 2096 1396 Christi

481 1419 774 1473 Benedicti
815 1435 848 1472 a
883 1419 1105 1474 Salensi
1149 1421 1291 1474 cella
1337 1421 1409 1475 ad
1456 1421 1732 1477 Sanctum
1765 1423 2094 1478 Marcellum

483 1509 801 1578 martyrem
833 1505 942 1578 (55)
977 1524 1009 1561 a
1032 1508 1304 1563 fratribus
1333 1509 1688 1578 deferentur,
1722 1513 1875 1566 tacto
1908 1512 2094 1566 loculo

483 1595 793 1650 confestim
824 1596 1007 1649 visum
1045 1597 1286 1668 recepit.
1341 1598 1666 1670 Requiescit
1704 1615 1844 1654 sane
1890 1615 2097 1670 corpus

485 1683 659 1754 ipsius
687 1683 869 1738 sancti
898 1684 1168 1756 martyris
1193 1685 1251 1739 in
1275 1686 1514 1742 ecclesia
1535 1704 1653 1742 non
1677 1689 1850 1760 longe
1874 1687 1946 1742 ab
1973 1687 2095 1759 ipso

1573 313 1842 377 MMOINI
1864 315 2126 378 MONAGI

2207 306 2712 382 FLORIAGENSIS
3657 323 3744 390 852

483 459 600 517 qua
633 440 1020 500 rcimmensas
1062 439 1384 516 gratiarum
1423 443 1679 504 actiones
1721 445 1840 503 Deo
1878 463 1943 504 ac
1981 446 2178 521 ejusA

2813 448 3039 510 CAPUT
3073 436 3220 507 xxn.

2695 536 2914 596 Auctor
2943 537 3112 595 multa
3147 539 3345 596 omisit.

2269 627 2359 682 46.
2393 627 2524 683 Haec
2548 626 2620 682 de
2645 626 2937 682 miraculis
2968 643 3093 699 qua:
3119 628 3267 683 Deus
3292 644 3394 700 per
3405 626 3757 686 meritasancti

2198 716 2285 770 sui
2317 714 2609 771 Benedicti
2640 714 2874 770 diversis
2904 714 2961 770 in
2981 713 3117 770 locis
3146 716 3372 788 operari
3405 715 3646 788 dignatus
3663 721 3756 786 est,

2197 803 2370 860 inerti
2398 805 2546 876 stylo
2573 819 2638 858 ac
2650 819 2919 859 sermone
2941 803 3229 859 rusticano
3247 804 3539 864 edidimus.
3556 806 3760 862 Verum-

2195 895 2396 947 tamen
2424 893 2573 946 hanc
2599 891 2949 946 sententiam
2968 891 3290 948 claudendo
3314 892 3468 964 operi
3491 892 3756 950 adnecten-

2197 983 2301 1048 tes,
2336 996 2645 1035 monemus
2663 981 2941 1036 lectorem
2963 981 3147 1035 multa
3178 997 3285 1036 nos
3304 981 3541 1036 scienter
3558 985 3759 1054 praeter-

2197 1067 2346 1124 iisse.
2389 1067 2723 1123 Cavendum
2757 1071 2844 1123 est
2873 1069 3030 1124 enim
3054 1068 3114 1123 in
3145 1069 3421 1124 universis
3444 1069 3598 1125 rebus
3617 1086 3761 1126 omne

2197 1157 2470 1224 nimium,
2495 1160 2554 1212 et
2571 1156 2903 1212 auditorum
2926 1156 3173 1212 intentio
3195 1160 3363 1229 grata
3381 1157 3637 1214 brevitate
3649 1158 3764 1214 invi-

2195 1245 2395 1312 tanda,
2430 1261 2551 1300 non
2591 1243 2888 1300 fastidiosa
2918 1248 3004 1301 est
3047 1245 3396 1318 loquacitate
3441 1245 3761 1302 deterrenda.

2195 1333 2296 1388 Hic
2325 1349 2464 1404 ergo
2488 1331 2619 1388 finis
2641 1333 2751 1388 erit
2776 1333 2930 1402 libri,
2951 1333 3235 1406 quamvis,
3256 1333 3300 1388 si
3327 1333 3590 1390 Dominus
3601 1336 3764 1390 volue-

2196 1421 2272 1476 rit
2299 1421 2532 1494 vitaque
2563 1437 2758 1476 comes
2788 1421 2986 1488 fuerit,
3003 1438 3071 1477 ea
3089 1438 3218 1494 qum
3241 1421 3421 1477 fidelis
3433 1422 3582 1477 fama
3602 1421 3764 1477 intota

2194 1525 2347 1582 pene
2399 1509 2706 1582 divulgavi.
2749 1510 3034 1578 Neustria,
3065 1513 3267 1566 nostra
3295 1526 3642 1583 nequaquam
3673 1511 3764 1566 sint

2196 1598 2418 1654 silenda
2429 1598 2669 1653 desidia.
2693 1598 3063 1671 Compellunt
3087 1599 3265 1654 etiam
3289 1615 3395 1654 nos
3408 1599 3479 1654 ad
3499 1599 3764 1654 tacendum

2199 1686 2368 1741 amici
2402 1687 2492 1757 [f.,
2524 1685 2766 1748 inimici]
2797 1687 3000 1755 nostri,
3033 1687 3130 1760 qui
3174 1687 3498 1743 maximum
3525 1686 3766 1760 deputant

484 1775 671 1826 castro
705 1775 1054 1827 constructa.
1090 1773 1255 1837 Quod
1284 1789 1419 1830 cum
1458 1775 1784 1830 identidem
1815 1792 1850 1830 a
1882 1775 1997 1830 suis
2023 1775 2097 1830 ad
2119 1775 2176 1834 Β
2196 1774 2306 1830 si-bi
2327 1774 2570 1830 afﬂuere
2592 1776 2850 1846 epulum,
2873 1775 2919 1830 si
2941 1776 3187 1832 aliorum
3201 1776 3404 1832 studiis
3421 1776 3656 1831 lacerum
3669 1773 3768 1830 inﬂ-

485 1860 717 1916 Salense
764 1861 1182 1916 monasterium
1217 1862 1474 1918 delatum
1497 1864 1714 1931 fuisset,
1745 1865 1890 1919 alter
1918 1880 2098 1919 caecus

485 1949 556 2004 de
583 1949 712 2003 villa
735 1949 912 2020 ipsius
929 1951 1289 2020 monasterii,
1303 1952 1545 2008 Modicia
1561 1952 1820 2021 nomine,
1839 1952 1916 2008 ibi
1934 1953 2100 2008 adve-

484 2037 571 2092 nit
598 2039 827 2109 magnis
853 2038 1083 2094 vocibus
1103 2042 1368 2095 sanctum
1390 2041 1668 2097 invocans
1687 2041 2096 2108 Benedictum;

486 2125 642 2179 fama
673 2142 926 2198 namque
945 2127 1225 2199 suprafati
1246 2129 1512 2184 miraculi
1525 2130 1656 2200 jam
1683 2130 1804 2201 ejus
1829 2129 2101 2202 attigerat

486 2231 674 2268 aures.
709 2213 816 2278 Qui
848 2217 906 2269 et
930 2216 1053 2286 ipse
1077 2233 1195 2270 non
1223 2218 1410 2272 multo
1434 2222 1742 2290 postquam
1767 2217 1984 2273 ibidem
2005 2217 2102 2272 ad-

486 2307 724 2358 venerat
753 2307 1041 2374 tempore,
1065 2303 1378 2361 miserante
1402 2307 1520 2361 Deo
1551 2309 1608 2360 et
1629 2307 1850 2362 meritis
1879 2309 2104 2360 sancto-

486 2407 615 2448 rum
657 2393 1076 2458 obtinentibus,
1117 2394 1317 2449 lumen
1360 2395 1516 2466 quod
1555 2395 1812 2467 petebat,
1842 2393 2102 2464 recipere

486 2481 717 2536 meruit.
769 2482 831 2534 In
883 2498 997 2552 quo
1044 2481 1308 2537 videlicet
1360 2483 1580 2539 Salensi
1611 2484 1880 2541 coenobio
1923 2483 2100 2539 tantis

487 2573 722 2642 tamque
755 2569 995 2625 assiduis
1040 2569 1198 2625 idem
1229 2573 1352 2627 toto
1393 2572 1533 2627 orbe
1563 2573 1904 2629 venerabilis
1931 2574 2101 2628 Pater

488 2659 912 2714 monachorum
947 2662 1164 2714 renitet
1189 2660 1480 2716 miraculis
1507 2662 1864 2730 Benedictus,
1898 2664 1957 2716 et
1975 2677 2103 2716 ma-

488 2746 639 2802 xime
666 2747 725 2801 in
749 2747 1092 2802 ulciscendis
1119 2747 1386 2817 inimicis,
1419 2753 1482 2805 ut
1505 2750 1550 2804 si
1584 2753 1793 2806 cuncta
1819 2749 1945 2822 quis
1972 2748 2106 2804 velit

489 2836 771 2892 mandare
814 2836 1142 2905 memerita,
1171 2837 1408 2911 proprio
1451 2838 1757 2912 indigeant
1784 2839 2104 2896 volumine.

561 3087 677 3160 (54)
701 3086 920 3158 Nempe
949 3087 1094 3161 servi
1128 3087 1494 3145 monasteriis
1524 3087 1738 3157 devoti,
1764 3088 1808 3144 si
1837 3104 1982 3161 quos
2020 3087 2107 3161 gi-

491 3139 753 3231 gnebant
775 3139 1006 3226 libreros,
1027 3160 1063 3214 ii
1087 3161 1452 3215 monasteriis
1475 3161 1650 3216 etiam
1678 3139 1894 3217 addicti
1922 3139 2108 3216 erait.
2131 3139 2178 3199 Ο

562 3235 670 3296 (55)
701 3231 1028 3285 Marcellum
1052 3231 1205 3302 apud
1230 3234 1658 3302 Argentomum
1677 3235 1934 3302 castrum
1960 3248 2114 3285 mar-

494 3302 628 3372 tyrii
659 3303 920 3373 palmam
951 3301 1268 3355 obtinuisse
1308 3301 1521 3373 legitur
1555 3302 1615 3356 in
1642 3303 1770 3356 Vita
1798 3301 1855 3356 S.
1889 3303 2110 3357 Genulfi

2197 1865 2342 1935 gent
2385 1862 2642 1918 dentem.
2683 1865 2960 1919 Attamen
3003 1865 3162 1919 nulla
3211 1880 3416 1920 eorum
3459 1862 3768 1918 detractione

2200 1950 2632 2006 deterrebimur
2657 1951 2972 2024 quominus
2998 1953 3199 2009 laudes
3230 1953 3332 2010 Dei
3367 1969 3431 2008 ac
3460 1952 3578 2024 ejus
3593 1950 3768 2017 dilecti,

2201 2039 2385 2094 Patris
2414 2039 2677 2096 videlicet
2705 2041 2888 2096 nostri
2917 2040 3237 2098 beatissimi
3267 2040 3575 2109 Benedicti,
3593 2039 3774 2094 refera-

2201 2143 2352 2184 mus.
2389 2130 2501 2184 Ista
2527 2129 2708 2201 igitur
2738 2130 2959 2197 omnia,
2993 2135 3051 2186 et
3081 2147 3212 2202 quae
3243 2129 3303 2185 in
3336 2128 3513 2202 priori
3542 2126 3774 2200 Opusculo

2200 2217 2273 2272 ab
2301 2217 2428 2273 aliis
2456 2219 2784 2274 auctoribus
2801 2218 3094 2291 descripta
3114 2222 3252 2274 sunt
3276 2218 3568 2285 miracula,
3585 2215 3675 2271 sub
3693 2213 3776 2268 tri-

2201 2304 2363 2376 ginta
2393 2307 2504 2376 (56)
2531 2306 2858 2374 abbatibus,
2891 2308 2989 2380 qui
3015 2307 3148 2362 huic
3169 2306 3513 2363 Floriacensi
3549 2303 3772 2361 cccnobio

2202 2394 2276 2449 ab
2307 2393 2470 2450 initio
2505 2411 2621 2450 suae
2651 2394 3028 2462 fundationis,
3059 2412 3166 2469 per
3201 2399 3494 2452 trecentos
3522 2391 3775 2464 octoginta

2201 2482 2457 2554 quinque
2488 2484 2600 2556 (57)
2631 2486 2692 2538 et
2717 2499 2787 2539 eo
2831 2483 3080 2556 amplius
3111 2484 3472 2555 praefuerunt
3500 2497 3687 2549 annos,
3711 2478 3777 2534 di-

2202 2572 2376 2627 versis
2399 2572 2458 2626 in
2484 2573 2624 2628 locis
2647 2589 2752 2645 per
2781 2573 2993 2630 merita
3017 2575 3199 2630 sancti
3230 2573 3571 2630 confessoris
3597 2570 3679 2626 sui
3694 2571 3778 2625 Be-

2204 2659 2422 2717 nedicti
2446 2662 2675 2732 operari
2693 2661 2966 2734 dignatus
2988 2665 3073 2718 est
3090 2664 3118 2718 J
3123 2679 3252 2718 esus
3267 2662 3520 2718 Christus
3536 2658 3779 2717 Dominus

2206 2753 2422 2817 noster,
2455 2750 2552 2822 qui
2606 2767 2738 2806 cum
2775 2751 2895 2806 Deo
2937 2753 3106 2806 Patre
3145 2755 3205 2806 et
3257 2750 3471 2822 Spiritu
3519 2751 3695 2804 sancto
3730 2746 3778 2800 in

2203 2837 2484 2894 Trinitate
2513 2839 2769 2912 perfecta
2795 2839 2935 2894 vivit
2964 2844 3023 2896 et
3049 2841 3264 2913 regnat
3292 2841 3462 2908 Deus,
3492 2855 3598 2912 per
3613 2833 3777 2893 omnia

2207 2927 2419 2983 secula
2448 2928 2809 2984 saaculorum.
2841 2929 3050 2983 Amen.

2207 3086 2551 3170 vicesimum
2582 3087 2850 3170 quintum
2878 3091 3123 3161 occupat
3138 3089 3365 3170 locum.
3479 3157 3496 3170 ἱ
3606 3157 3658 3170 m
3721 3154 3731 3167 ο

2285 3161 2397 3232 (57)
2421 3157 2745 3222 Aimoinus,
2760 3170 2821 3232 et
2841 3177 2976 3232 eum
2999 3157 3224 3232 secutus
3247 3157 3582 3232 Helgaudus,
3606 3157 3780 3214 Floria-

2213 3231 2769 3307 censismonasterti
2797 3231 3194 3307 conditionem
3216 3231 3474 3307 referunt
3497 3231 3565 3286 ad
3592 3243 3776 3307 anum}!

2215 3301 2424 3356 Christi
2449 3305 2572 3367 6'20,
2599 3319 2665 3356 ex
2696 3305 2847 3356 male
2874 3307 3214 3373 comparato
3237 3316 3392 3357 anno
3416 3299 3781 3373 tucaruationis

494 3369 771 3442 episcopi,
799 3375 858 3426 et
911 3375 1110 3426 tamen
1140 3373 1294 3426 vicus
1331 3369 1526 3428 sancti
1564 3373 1813 3428 Marcelli
1837 3377 1925 3428 est
1959 3373 2115 3428 infra
2213 3389 2523 3444 cumanno
2539 3373 2794 3427 secundo
2818 3369 3088 3428 Clodovei
3112 3373 3363 3428 Junioris
3388 3369 3780 3444 DagobertiDa-

493 3445 1019 3513 Argentomagum,

568 3511 916 3586 (StilDesuut
943 3527 1104 3586 ergo
1143 3511 1401 3586 quinque
1431 3513 1492 3568 in
1537 3512 1817 3586 catalogis
1846 3513 2114 3586 vulgatis,

494 3581 554 3637 in
568 3581 773 3656 quibus
785 3581 1199 3651 Gauzlinus,cui
1219 3581 1326 3639 hos
1341 3585 1519 3641 libros
1535 3581 1764 3641 dedicat
1789 3581 1976 3641 Αἰκιιοῖ
1986 3581 2113 3654 nus,

2214 3443 2314 3514 gni
2329 3443 2431 3497 ﬁlii
2454 3461 2471 3517 ί
2499 3459 2785 3517 ςιιοίεῳῑιο
2802 3445 2927 3517 ejus
2943 3445 3282 3517 monasterii
3286 3445 3444 3517 jacta
3460 3439 3592 3499 s'unt
3607 3439 3780 3517 funda-

2216 3513 2435 3586 menta:
2454 3513 2600 3586 Lege
2609 3513 3088 3586 Dissertationem
3101 3515 3172 3570 de
3185 3513 3784 3586 translationecorporis

2217 3585 2276 3641 S.
2306 3586 2367 3640 P.
2401 3585 2700 3641 Benedicti
2731 3585 2792 3640 in
2821 3585 3066 3641 Galliam
3094 3586 3154 3642 in
3187 3585 3408 3642 Smculo
3439 3588 3503 3644 ΙΙ.

494 3801 3752 3834 mm

834 3940 1075 4086 ΔΙ
1107 3935 1771 4090 MOINI
1877 3935 3476 4095 FLORIAGENSIS

1946 4187 2331 4278 SERMO

1349 4409 1418 4462 IN
1441 4403 1990 4464 FESTlVlTATlBUS
2023 4403 2264 4461 SANCTI
2297 4403 2544 4462 PATRIS
2575 4404 2965 4471 BENEDICTI.

747 4530 931 4604 (Apud
961 4533 1245 4588 Joannem
1275 4549 1308 4586 A
1337 4533 1512 4588 Bosco
1535 4533 1794 4606 primum
1822 4531 1881 4588 in
1912 4532 2101 4587 lucem
2139 4530 2402 4601 emissus,
2430 4530 2759 4588 Bibliotheca
2787 4531 3164 4599 Floriacemis,
3195 4535 3235 4589 t.
3271 4534 3314 4604 Ι,
3344 4549 3400 4606 p.
3431 4530 3568 4596 27f.)

565 4777 629 4831 In
675 4777 880 4832 annuis
938 4781 1305 4835 terrenorum
1344 4779 1765 4851 imperatorum
1809 4778 2106 4850 natalitiis,
2137 4783 2191 4844 D
2216 4797 2305 4839 ore
2331 4782 2633 4853 peccatoris
2666 4779 2860 4854 (Ecclz'.
2901 4783 3022 4854 xv),
3054 4785 3257 4839 tamen
3301 4776 3662 4853 unusquisque

494 4865 677 4921 moris
708 4867 1005 4939 quondam
1033 4869 1142 4924 fuit
1165 4886 1199 4924 a
1219 4869 1486 4940 subjectis
1507 4870 1742 4942 regibus
1763 4869 2018 4925 maxima
2030 4870 2111 4926 eis
2210 4872 2396 4928 strum
2423 4871 2652 4927 studere
2674 4871 2848 4926 debet
2870 4875 2952 4939 ut,
2981 4871 3149 4942 juxta
3175 4864 3593 4941 Psalmograpbi
3620 4870 3772 4916 moni-

494 4954 751 5010 exhiberi
823 4956 1085 5016 donaria.
1147 4958 1429 5015 Studebat
1484 4959 1661 5032 igitur
1715 4959 2110 5032 unusquisque
2210 4963 2356 5028 tum,
2381 4962 2439 5013 in
2498 4962 2705 5016 sanctis
2753 4959 2867 5030 ejus
2911 4959 3109 5016 laudet
3155 4959 3445 5014 Dominum
3495 4942 3764 5039 (Ρεαῖ-

493 5059 701 5117 prose;
736 5047 880 5100 etne
897 5047 1042 5101 alter
1064 5047 1122 5101 in
1147 5047 1458 5105 efferendis
1479 5048 1816 5104 muneribus
1839 5049 2108 5119 potioreo
2211 5047 2575 5122 Quapropter
2603 5048 2998 5111 amantissimi
3027 5048 3260 5120 patroni
3310 5044 3480 5103 nostri
3522 5034 3764 5122 Benedicti

491 5134 784 5188 videretur
813 5134 1174 5190 elaborabat.
1210 5136 1332 5200 Quo
1366 5140 1657 5210 exemplo,
1689 5138 1968 5192 concedet
1990 5139 2111 5194 uni-

490 5223 695 5296 cuique
718 5228 978 5279 nostrum
1001 5225 1056 5279 in
1080 5227 1540 5282 solemnitatibus
1563 5231 1893 5282 sanctorum
1919 5229 2108 5298 placa-

493 5314 628 5370 bilia
655 5317 772 5370 Deo
821 5315 1031 5370 offerre
1061 5333 1326 5380 munera,
1360 5321 1417 5372 et
1439 5317 1530 5372 cui
1561 5318 1720 5372 deest
1751 5318 1875 5372 auri
1908 5319 1996 5372 vel
2021 5336 2110 5375 ar-

490 5403 650 5475 geuti
679 5403 845 5476 copia
872 5406 1082 5462 saltem
1115 5405 1436 5461 devotionis
1462 5406 1791 5478 praetendat
1807 5406 2104 5479 obsequia,

487 5491 696 5548 fundat
721 5507 922 5565 preces
951 5495 1025 5550 ad
1052 5493 1389 5563 Dominum,
1417 5499 1481 5550 ut
1511 5511 1677 5549 suum
1704 5495 1810 5548 rite
1833 5494 2106 5566 dignetur

489 5585 788 5665 acceptare
818 5586 1036 5644 votum.
1072 5585 1142 5642 Et
1164 5588 1422 5663 quamvis
1438 5601 1543 5642 non
1561 5584 1632 5641 sit
1651 5597 1883 5660 speciosa
1908 5583 2022 5642 laus
2043 5586 2100 5642 in

2210 5121 2516 5194 mansueta
2532 5138 2662 5193 beni
2669 5140 2844 5210 gnate
2867 5137 3237 5210 inducti,qua
3260 5153 3362 5193 nos
3374 5134 3483 5191 suis
3495 5125 3677 5216 sanctis
3695 5121 3762 5216 in:

2206 5226 2661 5283 terventionibus
2694 5227 2966 5298 adjuvare
2995 5243 3115 5283 nou
3148 5225 3380 5292 desistit,
3400 5213 3763 5305 dignum

2209 5334 2340 5373 mus
2365 5317 2630 5372 universa
2659 5333 2788 5388 quae
2805 5315 2874 5370 de
2888 5315 3246 5388 ipsiuslaude
3260 5309 3525 5371 adiversis
3552 5304 3760 5392 aucto?

2208 5407 2313 5463 bus
2339 5406 2582 5480 sparsim
2597 5385 2884 5475 descripta
2897 5385 3031 5460 sunt
3045 5403 3380 5461 summatim
3391 5400 3445 5456 in
3462 5385 3758 5483 unumcolli-

2207 5477 2384 5566 gere;
2397 5499 2455 5550 et
2483 5494 2644 5568 quasi
2677 5493 2973 5568 quoddam
3014 5510 3231 5550 munus
3264 5493 3467 5549 nostra;
3491 5477 3753 5568 servituti},

2205 5560 2266 5643 in
2287 5560 2408 5659 ejus
2423 5560 2594 5643 sacris
2619 5560 2935 5655 solemniis,
2948 5582 3083 5643 licet
3101 5583 3386 5660 exiguum,
3408 5581 3590 5637 tamen
3612 5560 3751 5626 ﬁdele
