3998 6166
238 329 352 387 863

1419 312 1658 372 SERMO
1687 313 1780 371 DE
1810 311 1869 374 S.
1901 312 2298 374 BENEDIGTO

3507 334 3614 390 854

234 449 592 523 persolvere,
625 449 690 501 ut
713 447 775 501 et
803 441 959 516 apud
1001 438 1365 516 quamplures
1393 436 1519 493 laus
1544 435 1595 508 ej
1605 453 1671 491 us
1719 434 1863 491 dila-
1887 439 1943 500 Α
1965 435 2126 492 tione
2139 433 2395 509 aequoris
2405 449 2476 492 ac
2491 433 2816 494 salvatione
2836 437 3033 498 fratris
3049 441 3262 516 duplex
3280 451 3616 522 apparuisse

232 541 362 594 tata
390 535 660 608 pateﬁat,
705 537 766 590 et
809 532 912 605 qui
965 530 1160 587 omnia
1215 525 1510 584 volumina
1558 527 1864 582 auctorum

230 625 455 681 habere
485 621 839 695 nequiverit,
866 618 1156 693 praeconia
1182 614 1398 672 alumni
1421 613 1508 670 sui
1561 614 1623 669 in
1682 628 1863 668 unum

232 714 480 768 collecta
499 728 561 766 se
582 709 872 766 invenisse
899 707 1242 779 gratuletur.
1267 705 1380 759 Hoc
1401 718 1542 775 ergo
1569 699 1866 774 promissis

233 801 324 856 rei
356 799 473 856 erit
501 798 833 855 exordium.

307 888 602 961 Superum
627 884 892 959 dignatio
915 881 1252 956 maiestatis,
1276 882 1487 938 electos
1511 896 1642 936 suos
1679 878 1868 935 coales-

231 978 390 1034 tibus
416 993 742 1032 munerane
759 973 947 1037 donis,
968 971 1028 1028 in
1048 970 1218 1028 terris
1243 987 1473 1043 quoque
1499 967 1722 1025 eximiis
1745 968 1866 1022 lau-

231 1067 376 1121 dum
409 1065 566 1120 ditat
596 1062 922 1135 praeconiis.
945 1061 1078 1125 Quae
1106 1076 1212 1132 per
1231 1075 1421 1115 servos
1443 1074 1594 1125 suos,
1627 1069 1868 1114 summa:

229 1154 452 1210 scilicet
478 1151 834 1225 eloquentiae
863 1152 1033 1216 viros,
1067 1149 1318 1204 dilatans
1341 1148 1400 1204 in
1420 1146 1670 1220 populis,
1693 1157 1870 1218 quam

229 1241 438 1315 magni
475 1241 640 1312 apud
669 1239 860 1295 sesint
889 1237 1081 1294 meriti
1107 1236 1370 1293 facundis
1400 1235 1678 1292 elucidari
1730 1249 1874 1306 pra:-

228 1335 343 1388 stat
372 1329 642 1402 scriptis.
667 1328 830 1383 Unde
856 1327 1075 1398 egregii
1111 1324 1306 1382 meriti
1358 1324 1643 1380 famulum
1691 1324 1874 1378 Bene-

227 1419 461 1475 dictum
488 1420 664 1472 tanto
705 1432 822 1489 pre:
859 1415 1079 1472 ceteris
1126 1417 1340 1469 sanctae
1372 1412 1635 1468 Ecclesia:
1690 1409 1874 1468 Patri-

227 1507 334 1564 hus
366 1505 626 1563 donavit
655 1504 980 1577 privilegio,
994 1506 1055 1560 ut
1083 1503 1204 1574 ejus
1234 1503 1363 1558 vitae
1388 1502 1587 1558 laudes
1615 1518 1734 1557 non
1755 1499 1878 1573 qui-

1965 524 2347 583 beneﬁcium.
2384 525 2471 581 lbi
2503 524 2684 580 vestis
2711 531 3043 602 cooperata'
3073 535 3159 588 est
3202 537 3490 609 magistri,
3524 541 3614 595 hic

1967 617 2208 687 ereptus
2228 629 2376 686 puer
2405 615 2700 671 melotam
2727 617 2954 676 abbatis
2969 637 3144 694 super
3173 639 3233 679 se
3258 624 3418 694 ferri,
3439 645 3616 700 seque

1969 703 2046 758 ab
2082 719 2154 757 ea
2176 702 2343 775 aquis
2374 703 2527 776 eripi
2582 707 2905 778 conspexit.
2955 709 3287 768 Revertenti
3332 715 3530 786 Elyseo
3583 734 3618 772 a

1967 791 2362 847 translatione
2389 791 2554 860 Elite,
2581 792 2686 848 filii
2703 797 3122 869 prophetarum
3146 799 3322 856 etiam
3342 803 3412 857 ab
3435 802 3612 859 invito

1968 879 2226 950 exigunt
2271 882 2336 934 ut
2373 881 2693 938 dominum
2741 884 2863 956 ejus
2919 904 3177 959 quazrere
3208 889 3289 945 eis
3317 891 3505 957 liceat,
3540 908 3612 946 ne

1969 966 2140 1022 forte
2170 967 2233 1022 in
2263 985 2443 1025 unam
2476 971 2740 1042 vallium,
2769 977 2866 1030 aut
2891 975 2949 1030 in
2977 977 3298 1049 quemlibet
3320 979 3611 1034 montium

1971 1057 2302 1113 translatus
2339 1060 2538 1116 lateat.
2567 1060 2931 1126 Quaesierunt
2953 1083 3113 1139 ergo,
3139 1067 3238 1122 sed
3259 1067 3499 1122 minime
3519 1084 3610 1123 re-

1975 1150 2276 1216 pererunt
2297 1147 2409 1219 (1V
2432 1149 2569 1221 Reg.
2615 1168 2677 1219 η,
2709 1154 2792 1221 l6,
2832 1153 2938 1226 l7).
2960 1156 3210 1212 Econtra
3227 1156 3427 1210 beatus
3442 1157 3613 1212 Pater

1976 1232 2350 1305 Benedictus,
2385 1254 2492 1309 pro
2524 1238 2627 1294 Dei
2660 1257 2860 1297 amore
2891 1243 3184 1298 consortia
3209 1243 3475 1314 linquens
3503 1244 3609 1298 ho-

1975 1322 2216 1378 minum
2239 1326 2299 1379 et
2323 1341 2578 1382 concava
2593 1331 2800 1398 petens
2827 1330 3084 1402 rupium,
3106 1347 3141 1385 a
3169 1330 3504 1402 presbytero
3530 1329 3611 1385 di-

1976 1411 2196 1468 vinitus
2219 1413 2468 1482 monito,
2489 1431 2598 1487 per
2616 1417 2843 1473 defossa
2861 1421 3173 1486 terrarum,
3192 1433 3297 1488 per
3316 1421 3610 1489 praerupta

1976 1501 2255 1574 quaesitus
2276 1503 2593 1572 montium,
2626 1507 2685 1560 et
2711 1510 3014 1579 repertus;
3046 1506 3204 1578 quod
3237 1506 3611 1561 Paschaesset

226 1597 370 1654 libet
396 1594 909 1661 scholasticorum,
936 1607 1132 1650 verum
1177 1592 1502 1665 praecipuus
1544 1593 1883 1658 doctorum,
1976 1595 2066 1646 est
2089 1591 2350 1655 edoctus,
2381 1595 2441 1649 et
2465 1592 2762 1650 alimentis
2778 1595 3051 1650 refectus.
3084 1593 3507 1649 Ascendentem
3537 1595 3610 1650 ad

225 1684 572 1759 Gregorius,
603 1687 817 1738 sanctae
869 1681 1018 1736 sedis
1056 1681 1423 1754 apostolicus,
1457 1679 1692 1736 mellitis
1723 1679 1872 1736 dita-
1898 1755 1934 1759 _
1976 1683 2267 1736 montana
2288 1681 2538 1737 Eliseum
2569 1683 2734 1755 pueri
2771 1685 3108 1739 cavillantes
3129 1682 3491 1752 deridebant,
3525 1683 3610 1739 di-

226 1755 364 1830 tarit
385 1771 671 1845 eloquiis,
705 1773 762 1826 et
795 1770 1109 1832 multorum
1135 1769 1374 1842 quidem
1388 1771 1731 1825 sanctorum
1761 1768 1875 1823 duo
1897 1755 1954 1816 Β
1977 1775 2203 1828 centes:
2223 1773 2492 1842 Ascende,
2516 1774 2684 1843 calve,
2702 1776 2944 1844 ascende,
2965 1773 3174 1846 calve(l
3187 1773 3236 1828 V
3260 1773 3396 1846 Reg.
3422 1791 3480 1840 ιι,
3497 1773 3612 1845 23).

226 1867 323 1919 aut
341 1862 465 1918 tria
497 1859 809 1917 defloravit
839 1858 1134 1915 miracula.
1165 1859 1344 1931 Hujus
1371 1861 1574 1914 autem
1597 1857 1784 1929 qualis
1803 1856 1876 1912 ab
1978 1861 2364 1918 Benedictum
2391 1866 2625 1920 Patrem
2672 1864 2746 1920 ad
2790 1881 3046 1937 superna
3093 1861 3280 1934 magis
3319 1879 3384 1918 ac
3427 1863 3614 1935 magis

228 1954 476 2008 ineunte
509 1951 685 2006 aetate
716 1947 892 2004 fuerit
916 1947 1050 2012 vita,
1068 1962 1367 2021 quamque
1407 1946 1753 2004 mirandum
1779 1946 1881 2000 ha-
1987 1949 2183 2006 animo
2219 1950 2629 2022 suspirantem,
2666 1951 2988 2018 daemones,
3018 1950 3117 2023 qui
3134 1949 3334 2020 utique
3365 1951 3423 2004 in
3451 1950 3614 2005 boni-

225 2041 423 2098 buerit
443 2037 760 2095 transitum
791 2035 1117 2092 dulcissima
1142 2034 1545 2109 promulgavit
1576 2033 1877 2091 facundia.
1983 2040 2102 2093 tate
2129 2037 2380 2096 infantes
2403 2043 2557 2108 sunt,
2583 2040 2912 2096 maledictis
2928 2038 3309 2106 lacessebant,
3327 2038 3609 2094 dicentes:

225 2131 286 2185 In
311 2129 486 2200 cujus
505 2127 650 2181 Vitae
678 2125 846 2191 libro,
862 2124 1014 2180 inter
1035 2125 1333 2196 aliahujus
1348 2122 1534 2180 sancti
1556 2121 1877 2195 prmconia,
1985 2126 2303 2195 Maledicte,
2328 2130 2516 2183 etnon
2534 2128 2867 2197 Benedicte,
2891 2129 3032 2201 quid
3059 2127 3364 2183 nobiscum
3395 2127 3614 2184 habes?

227 2235 356 2274 cum
391 2215 696 2289 aliquibus
724 2213 975 2286 antiquis
1004 2214 1269 2270 Patribus
1293 2211 1618 2285 aequiperat
1658 2213 1717 2269 in
1743 2210 1886 2284 qui-
1990 2217 2130 2290 quid
2185 2234 2292 2274 nos
2341 2217 2746 2291 persequeris?
2803 2234 3008 2274 verum
3062 2217 3349 2274 derisores
3405 2235 3615 2290 pueros

227 2307 483 2364 busdam
528 2303 944 2361 ῐῐιὶῐεωιιιοτιιῐῐι
971 2301 1179 2374 gestis:
1216 2301 1375 2356 inter
1428 2304 1671 2357 θεειεΐοδ
1716 2314 1884 2365 vero,
1991 2305 2205 2379 egressi
2227 2307 2298 2362 de
2342 2307 2480 2363 silva
2517 2307 2633 2364 ursi
2684 2309 3126 2364 devoraverunt.
3174 2307 3479 2364 Maledicos
3503 2309 3618 2364 dae-

227 2400 428 2454 sancte
447 2393 760 2468 propheta
772 2391 954 2447 Eliseo
975 2391 1133 2446 illum
1148 2393 1464 2461 comparat
1476 2388 1538 2446 in
1550 2389 1709 2446 ferro
1727 2388 1889 2463 quod
1991 2412 2199 2452 mones
2214 2396 2415 2452 aeterni
2431 2398 2716 2469 gehennae
2728 2397 2898 2471 ignes
2910 2400 3192 2472 perpetuo
3207 2396 3484 2452 adurunt.
3499 2395 3619 2451 Tri-

229 2502 293 2542 ex
323 2482 638 2559 profundo
658 2497 823 2554 aqua:
843 2480 916 2536 ab
935 2479 1189 2552 utrisque
1219 2479 1547 2533 retractum
1565 2481 1886 2534 memorat-
1992 2485 2099 2541 bus
2135 2483 2388 2556 regibus,
2417 2501 2555 2558 rege
2599 2485 2818 2542 scilicet
2857 2487 3026 2543 Israél
3057 2487 3115 2542 et
3144 2501 3283 2558 rege
3308 2485 3456 2541 Juda
3485 2501 3618 2540 cum

230 2574 452 2631 Verum
485 2588 620 2639 ῐιοθν
659 2571 814 2626 881νᾶ
842 2567 951 2642 ἱρεὶ
1006 2570 1208 2624 θεοῦθῐο
1262 2581 1431 2639 Pal)EB
1473 2565 1753 2638 Gregorio
1786 2580 1893 2620 8υᾶ
1994 2590 2132 2645 rege
2151 2573 2356 2640 Edom,
2381 2575 2651 2630 adversus
2667 2591 2874 2647 regem
2895 2575 3275 2632 Moabitarum
3299 2574 3618 2648 expeditio-

232 2661 618 2729 auctoritate,
643 2658 816 2716 liceat
869 2657 1058 2713 dicere
1107 2655 1290 2730 ipsius
1348 2655 1532 2710 sancti
1583 2655 1887 2729 prophetae

1995 2678 2134 2718 nem
2156 2661 2482 2733 agentibus,
2499 2664 2557 2718 et
2569 2662 2660 2718 siti
2681 2663 3104 2732 laborantibus,
3120 2662 3290 2736 jussit
3314 2665 3530 2720 Eliseus
3560 2663 3619 2718 in

233 2751 406 2809 Elisei
438 2751 613 2823 gesta
641 2747 824 2804 sancti
847 2745 1030 2802 Patris
1051 2744 1240 2801 nostri
1263 2742 1559 2798 Benedicti
1588 2743 1766 2816 gestis
1788 2760 1891 2816 pe-
1996 2751 2205 2806 siccato
2235 2751 2510 2806 torrentis
2537 2752 2696 2806 alveo
2727 2752 2920 2809 facere
2950 2753 3150 2822 fossas,
3179 2768 3210 2807 θ
3243 2754 3454 2824 quibus
3475 2768 3622 2824 aqua

234 2857 305 2897 ne
332 2853 453 2913 per
480 2836 689 2894 omnia
709 2836 838 2892 fore
877 2833 1107 2890 similia.
1141 2831 1335 2886 Liceat
1375 2829 1553 2903 igitur
1592 2833 1760 2888 nobis
1785 2831 1890 2887 ali-
1995 2835 2399 2907 progrediens,
2420 2837 2728 2910 fatigatum
2752 2842 2981 2897 satiavit
3010 2841 3328 2897 exercitum
3353 2841 3466 2914 (IV
3481 2841 3617 2910 Reg.

236 2929 376 3003 quid
411 2928 491 2984 de
509 2926 816 2992 ambobus,
844 2923 1007 2996 quasi
1027 2918 1453 2984 concionando,
1481 2918 1886 2977 sermocinari.
1996 2939 2080 2990 ιιι,
2116 2923 2229 2996 18).
2255 2925 2609 2983 Venerabilis
2636 2929 2984 2986 Benedictus
3001 2931 3304 2986 monachis
3328 2947 3396 2987 ex
3437 2931 3621 2985 tribus

237 3018 648 3089 Interrogatus
677 3014 737 3072 in
764 3011 1076 3085 Evangelia
1109 3026 1144 3065 a
1193 3007 1484 3079 discipulis
1515 3008 1798 3065 Dominus
1818 3007 1891 3063 de
1914 3067 1968 3092 η
1996 3013 2365 3069 monasteriis
2404 3031 2438 3070 a
2485 3031 2546 3072 se
2575 3017 2921 3082 constitutis,
2972 3023 3145 3092 atque
3203 3035 3312 3091 pro
3375 3017 3620 3092 penuria

239 3067 516 3165 adventi:
561 3103 720 3171 Elim,
759 3067 1064 3173 respondit
1105 3115 1118 3154 :
1149 3097 1312 3153 Elius
1334 3067 1458 3168 :iam
1487 3099 1633 3153 venit
1660 3096 1888 3169 (ΜαιιΙι.
1913 3067 1968 3131 C
1995 3116 2161 3173 aquae
2217 3067 2394 3160 adlisa
2409 3067 3143 3181 —véeiéii{is}is'§}a€é;i?
3157 3067 3360 3165 cdvavre

239 3213 382 3265 xvii,
415 3196 504 3266 l2)
536 3211 550 3262 ;
582 3197 640 3249 et
654 3193 826 3266 paulo
849 3194 1013 3261 post:
1043 3187 1285 3244 Sivultz's
1315 3185 1480 3255 scire,
1513 3188 1763 3244 Joannes
1778 3187 1892 3258 ipse
1995 3205 2167 3261 super
2185 3206 2362 3262 quam
2377 3195 2494 3250 tres
2523 3211 2636 3250 ase
2655 3195 2959 3267 impositos
2978 3197 3331 3254 invenissent
3359 3197 3610 3270 lapides.

238 3286 508 3344 estElia:
531 3281 786 3354 (ΜαιεΙι.)
817 3297 898 3349 xi,
934 3279 1040 3350 14).
1062 3279 1318 3350 Apparet
1347 3277 1542 3350 itaque
1571 3277 1732 3349 cujus
1763 3293 1893 3332 me-
1997 3278 2121 3342 Quo
2161 3279 2314 3336 facto
2340 3282 2470 3338 fons
2513 3283 2789 3341 continuo
2837 3287 3072 3359 prodiit,
3105 3287 3204 3360 qui
3234 3287 3526 3359 hodieque
3556 3285 3616 3341 in

239 3376 328 3432 riti
367 3373 536 3430 Elias
555 3371 751 3440 fuerit,
783 3385 918 3425 cum
947 3365 1166 3424 Joanni
1207 3368 1496 3437 sequatur,
1519 3365 1590 3421 de
1620 3383 1733 3439 quo
1766 3366 1894 3438 ipsa

236 3465 474 3522 Veritas
513 3463 758 3518 testatur
796 3457 956 3532 quod
1005 3458 1148 3512 inter
1173 3461 1338 3510 nata:
1371 3455 1657 3512 mulierum
1712 3471 1889 3512 nemo

237 3555 433 3628 maior
463 3568 536 3608 eo
583 3549 821 3606 surrexit
847 3544 1076 3620 (Matth.
1127 3560 1185 3599 ιι
1215 3547 1322 3612 Η).
1345 3545 1396 3599 Is
1426 3561 1564 3617 ergo
1604 3561 1738 3601 cum
1795 3559 1888 3599 ra-

239 3642 503 3714 piendus
529 3640 680 3694 esset
704 3654 738 3692 a
764 3634 1014 3692 Domino
1046 3632 1105 3688 in
1145 3632 1376 3698 coelum,
1393 3633 1615 3689 habens
1639 3633 1892 3689 Eliseum

237 3729 626 3802 discipulum,
655 3724 886 3782 monuit
911 3739 1050 3780 eum
1101 3724 1168 3776 ut
1214 3723 1440 3792 peteret
1488 3723 1645 3794 quod
1691 3721 1888 3788 vellet,

239 3821 597 3894 priusquam
631 3815 752 3887 ipse
783 3812 1214 3870 transferretur.
1257 3809 1346 3865 Ad
1372 3811 1496 3866 haec
1521 3811 1615 3866 ille
1647 3826 1661 3865 :
1726 3811 1893 3871 Peto,

241 3910 334 3979 αἱί,
377 3915 445 3962 ui
473 3907 575 3976 ﬁat
601 3905 826 3978 spiritus
857 3910 978 3957 tuus
1005 3898 1206 3972 duplex
1229 3900 1287 3954 in
1316 3916 1398 3954 me
1423 3898 1535 3969 (IV
1562 3899 1694 3970 Reg,
1756 3899 1891 3966 ιμ’).

240 3996 474 4054 Annuit
508 3995 627 4062 ille,
646 3994 702 4050 si
728 3999 907 4050 tum
948 4007 1035 4045 me
1064 3988 1283 4056 vida'is,
1308 3987 1515 4061 inquit,
1542 3987 1760 4060 quando
1792 3985 1891 4041 tol-

1991 3367 2178 3422 rivum
2207 3369 2334 3424 ﬂuit
2355 3376 2428 3438 (ir
2444 3371 2663 3444 Dialog.
2692 3389 2743 3429 c.
2776 3377 2850 3442 5).
2875 3375 3073 3432 Mulier
3110 3376 3404 3449 quedam,
3432 3393 3466 3430 a
3500 3390 3618 3430 cre-

1994 3455 2182 3512 ditore
2214 3457 2317 3512 viri
2346 3460 2432 3515 sui
2474 3461 2600 3532 jam
2654 3461 2909 3519 defuncti
2955 3465 3310 3521 calumniam
3368 3463 3614 3536 patiens,

1989 3542 2179 3599 virum
2210 3546 2312 3601 Dei
2343 3547 2488 3604 adiit
2516 3551 2794 3621 Eliseum,
2823 3552 3126 3608 consilium
3143 3555 3218 3609 ab
3237 3570 3306 3610 eo
3329 3553 3616 3624 simulque

1993 3633 2268 3690 auxilium
2299 3641 2590 3709 expetens.
2629 3639 2800 3712 Cujus
2833 3643 3056 3698 meritis
3089 3645 3285 3700 oleum
3309 3643 3464 3716 quod
3495 3658 3620 3695 mu-

1993 3721 2099 3777 lier
2147 3739 2209 3779 se
2268 3727 2530 3794 professa
2566 3728 2754 3784 fuerat
2785 3731 2997 3786 habere
3023 3731 3083 3786 in
3111 3735 3343 3788 tantum
3370 3729 3618 3786 excrevit

1995 3814 2060 3866 ut
2079 3813 2137 3866 et
2152 3811 2412 3869 debitum
2435 3816 2708 3871 creditori
2728 3819 3018 3886 redderet,
3037 3823 3096 3874 et
3126 3820 3256 3892 ipsi,
3299 3819 3453 3874 unde
3483 3833 3617 3872 cum

1996 3897 2131 3954 filiis
2160 3898 2396 3968 viveret,
2427 3902 2793 3959 abundanter
2808 3911 3142 3961 remaneret
3161 3905 3414 3975 (IVReg.
3445 3921 3519 3966 1v,
3537 3905 3614 3974 6).

1995 3987 2214 4043 Eodem
2233 3989 2409 4045 modo
2425 3990 2696 4047 dilectum
2716 3992 2965 4049 Domino
2984 3994 3359 4050 Benedictum
3375 3991 3612 4064 quidam

245 4087 325 4143 lar
358 4102 403 4139 α
428 4091 482 4140 te
508 4081 705 4156 (Ibid.,
736 4080 849 4152 lO).
873 4078 1029 4134 Vidit
1051 4076 1253 4148 igitur,
1287 4079 1344 4132 et
1373 4093 1502 4149 quae
1555 4075 1729 4149 petiit
1781 4074 1892 4129 im-

245 4172 530 4248 petravit.
575 4171 709 4228 Hac
737 4168 949 4226 idcirco
983 4163 1311 4233 retulimus,
1341 4165 1647 4222 ostendere
1693 4164 1891 4220 volen-

247 4268 328 4322 tes
362 4277 556 4337 quam
578 4258 780 4332 magni
809 4255 1007 4314 meriti
1037 4256 1268 4311 sanctus
1313 4253 1418 4311 iste
1473 4256 1643 4311 Pater
1693 4254 1892 4309 noster

1996 4075 2159 4145 adiit,
2183 4092 2299 4132 aere
2329 4093 2577 4149 pressus,
2605 4080 2816 4149 alieno,
2851 4081 3120 4137 duodeno
3152 4081 3370 4136 scilicet
3397 4079 3617 4134 solido-

1994 4179 2127 4219 rum
2153 4181 2421 4222 numero.
2476 4167 2576 4223 Cui
2616 4168 2742 4240 pius
2787 4171 2958 4224 Pater
2995 4169 3281 4235 subvenit,
3329 4165 3614 4222 tredecim

1995 4255 2208 4311 solidos
2263 4255 2317 4310 ei
2365 4257 2742 4327 conferendo,
2770 4274 2913 4331 quos
2943 4257 3221 4313 divinitus
3251 4257 3612 4328 susceperat;

246 4326 462 4410 beatus
489 4326 710 4406 existat
725 4346 1090 4413 Benedictus,
1119 4343 1282 4416 cujus
1313 4359 1492 4416 opera
1513 4343 1596 4398 illi
1626 4344 1760 4398 sunt
1790 4356 1892 4413 per
1912 4326 1967 4387 D
1994 4343 2140 4399 dans
2164 4343 2225 4398 in
2239 4345 2532 4401 mandatis
2562 4350 2624 4402 ut
2641 4326 2948 4402 duOdecim
2962 4346 3297 4403 faeneratori
3311 4326 3523 4400 reddet
3535 4347 3615 4398 et,

252 4441 466 4500 omnia
496 4437 734 4505 similia,
766 4435 864 4511 qui
892 4434 1162 4508 spiritum
1193 4433 1348 4502 Elite,
1379 4449 1444 4489 ac
1471 4449 1573 4506 per
1621 4429 1790 4486 Elisei
1811 4429 1891 4484 vi-

253 4522 1210 4599 delicet,cumactibusvenerabilis
1227 4521 1520 4578 Benedicti
1533 4537 1599 4576 co
1609 4521 1892 4593 mparata,

253 4619 310 4676 in
335 4621 506 4675 hunc
536 4615 780 4672 modum
806 4614 1071 4670 visuntur
1092 4629 1153 4668 se
1180 4611 1473 4667 habentia.
1506 4609 1738 4676 Eliseus,
1767 4611 1898 4679 post

255 4706 712 4766 translationem
741 4703 1028 4776 magistri,
1061 4700 1238 4774 pallio
1286 4701 1446 4771 quod
1479 4698 1558 4753 illi
1609 4697 1900 4753 ceciderat

256 4799 584 4855 Iordanem
614 4794 822 4862 divisit,
863 4797 921 4849 et
959 4790 1191 4848 transiit
1220 4789 1401 4859 (zbz'd.,
1440 4791 1549 4853 14).
1577 4789 1782 4843 Beatus
1801 4789 1902 4842 Pa.

260 4891 350 4944 ter
371 4883 741 4952 Benedictus,
765 4883 1040 4938 dilectum
1071 4879 1420 4952 discipulum
1448 4893 1617 4933 suum
1642 4877 1900 4931 Maurum

262 4993 435 5049 super
469 4989 654 5046 aquas
694 4971 779 5026 sui
809 4969 1001 5026 meriti
1057 4969 1266 5024 virtute
1328 4967 1628 5022 ambulare
1660 4964 1897 5048 faciens,

263 5065 568 5120 Placidum
584 5077 830 5134 puerum
849 5061 979 5131 jam
996 5059 1166 5114 deme
1176 5073 1334 5112 rsum
1357 5057 1428 5112 ad
1460 5055 1637 5110 vitam
1655 5053 1897 5109 reduxit.

267 5154 415 5220 Quid
434 5154 654 5209 horum
673 5151 962 5222 praecellat
978 5165 1096 5204 non
1112 5151 1198 5203 est
1209 5147 1378 5219 hujus
1393 5144 1582 5218 operis
1597 5143 1898 5209 disserere,

266 5244 522 5299 maxime
550 5256 688 5296 eum
710 5256 744 5295 a
772 5237 1088 5295 venerabili
1118 5236 1317 5292 Odone
1364 5236 1475 5290 hoc
1525 5233 1896 5300 miraculum,

270 5333 474 5406 onsis
505 5328 674 5404 operi
696 5328 754 5384 in
776 5328 1060 5384 divisione
1089 5326 1266 5381 maris
1280 5324 1456 5380 Rubri
1473 5325 1901 5395 comparatum,

276 5421 586 5495 propriam
616 5418 830 5475 habeat
869 5414 1312 5488 expositionem.
1347 5413 1464 5468 Hoc
1489 5411 1740 5468 breviter
1769 5409 1904 5465 inti-

1995 4432 2231 4488 tertium
2251 4432 2540 4490 decimum
2565 4436 2637 4490 ad
2654 4435 3060 4507 ususproprios
3074 4436 3356 4491 retineret
3373 4434 3435 4506 (ιι
3456 4432 3616 4489 Dial'

1995 4537 2046 4576 c.
2101 4519 2220 4594 27).
2255 4523 2514 4594 Itemque
2559 4539 2689 4580 vase
2740 4525 2920 4580 vitreo
2962 4525 3186 4598 petenti
3214 4523 3444 4591 clerico,
3479 4539 3613 4578 cum

1998 4610 2126 4666 oleo
2157 4611 2314 4678 dato,
2343 4611 2416 4666 ad
2441 4613 2563 4684 ejus
2608 4613 2955 4682 orationem,
3004 4613 3222 4669 dolium
3265 4628 3509 4669 vacuum
3537 4611 3616 4665 ita

1999 4699 2262 4772 replevit,
2316 4703 2379 4754 ut
2422 4704 2895 4775 superexundans
2926 4702 3323 4774 pavimentum
3353 4701 3617 4755 madefa-

2001 4793 2175 4846 ceret.
2231 4789 2397 4845 Elisei
2452 4792 2628 4847 virtus
2680 4791 2996 4847 Sunamitis
3045 4791 3228 4846 illium
3285 4791 3356 4846 ab
3415 4789 3616 4844 inferis

2003 4879 2246 4946 orando,
2280 4879 2566 4934 revocavit
2593 4880 2668 4934 ad
2696 4881 2898 4937 vitam.
2924 4879 3277 4934 Venerabilis
3321 4876 3617 4933 Benedicti

2004 4967 2278 5022 meritum
2307 4966 2503 5022 rustici
2539 4984 2784 5040 puerum
2803 4968 3012 5023 sanctis
3042 4967 3306 5040 precibus
3326 4967 3477 5038 patri
3492 4965 3621 5020 red-

2005 5055 2152 5110 didit
2179 5055 2388 5114 vivum.
2424 5055 2839 5112 Commorante
2868 5057 3052 5112 Eliseo
3102 5056 3161 5110 in
3204 5055 3436 5127 Galgala
3486 5069 3618 5107 cum

2004 5141 2104 5198 ﬁlii
2122 5145 2537 5216 prophetarum
2555 5162 2686 5200 cum
2705 5162 2774 5201 eo
2793 5145 3070 5218 degentes
3091 5144 3458 5199 mortiferum
3477 5139 3618 5212 quid

2004 5232 2404 5304 degustassent
2423 5238 2650 5289 coctum
2668 5235 2727 5290 in
2750 5235 2883 5303 olla,
2909 5234 3084 5307 ipsius
3098 5232 3422 5287 medicante
3439 5244 3618 5284 manu

2005 5325 2309 5376 evaserunt
2334 5322 2539 5378 mortis
2570 5322 2906 5378 discrimina
2955 5321 3064 5393 (IV
3103 5319 3239 5390 Reg.
3275 5334 3349 5385 1v,
3382 5319 3494 5389 40).
3522 5314 3620 5369 Ni-

2005 5409 2320 5466 hilominus
2349 5413 2519 5467 Pater
2563 5412 2901 5468 Benedictus
2943 5410 3200 5466 oblatum
3249 5407 3356 5462 sibi
3402 5425 3438 5463 a
3467 5402 3622 5460 falsis

275 5494 462 5568 messe
476 5507 732 5566 mfﬂciat
750 5522 855 5579 per
879 5506 1130 5562 Eliseum
1157 5519 1340 5559 unum
1360 5502 1422 5558 in
1455 5500 1730 5557 divisione
1743 5515 1911 5572 aqua:
2011 5497 2286 5558 fratribus
2301 5499 2510 5558 veneni
2537 5502 2829 5574 poculum,
2871 5513 2975 5574 per
3010 5497 3193 5555 crucis
3233 5494 3620 5570 signaculum,

297 5603 604 5678 patratum
635 5595 1004 5674 signum,per
1027 5593 1264 5658 beatum
1283 5589 1658 5655 Benedictum
1673 5587 1735 5648 in
1746 5588 1914 5648 colla-
