  <div class='ocr_page' id='page_1' title='image "/cluster/home/n/w/nwhite01/storage/ocr_20150623/139/hvd.32044054759998/434.png"; bbox 0 0 3998 6166; ppageno 0'>
   <div class='ocr_carea' id='block_1_1' title="bbox 1126 206 1167 257">
    <p class='ocr_par' dir='ltr' id='par_1_1' title="bbox 1126 206 1167 257">
     <span class='ocr_line' id='line_1_1' title="bbox 1126 206 1167 257; baseline 0 0"><span class='ocrx_word' id='word_1_1' title='bbox 1126 206 1167 257; x_wconf 68' lang='grc' dir='ltr'>ι</span> 
     </span>
    </p>
   </div>
   <div class='ocr_carea' id='block_1_2' title="bbox 255 331 2320 402">
    <p class='ocr_par' dir='ltr' id='par_1_2' title="bbox 255 331 2320 402">
     <span class='ocr_line' id='line_1_2' title="bbox 255 331 2320 402; baseline -0.005 0"><span class='ocrx_word' id='word_1_2' title='bbox 255 345 335 402; x_wconf 81' lang='lat'><strong>857</strong></span> <span class='ocrx_word' id='word_1_3' title='bbox 1469 331 1704 392; x_wconf 69' lang='lat' dir='ltr'><strong>SERMO</strong></span> <span class='ocrx_word' id='word_1_4' title='bbox 1737 338 1828 393; x_wconf 85' lang='lat' dir='ltr'><strong>DE</strong></span> <span class='ocrx_word' id='word_1_5' title='bbox 1851 339 1910 394; x_wconf 92' lang='lat' dir='ltr'><strong>S.</strong></span> <span class='ocrx_word' id='word_1_6' title='bbox 1935 336 2064 393; x_wconf 85' lang='lat' dir='ltr'><strong>BEN</strong></span> <span class='ocrx_word' id='word_1_7' title='bbox 2073 333 2270 392; x_wconf 85' lang='lat' dir='ltr'><strong>EDICT</strong></span> <span class='ocrx_word' id='word_1_8' title='bbox 2276 336 2320 392; x_wconf 88' lang='grc' dir='ltr'><strong>Ο</strong></span> 
     </span>
    </p>
   </div>
   <div class='ocr_carea' id='block_1_3' title="bbox 3456 335 3559 392">
    <p class='ocr_par' dir='ltr' id='par_1_3' title="bbox 3456 335 3559 392">
     <span class='ocr_line' id='line_1_3' title="bbox 3456 335 3559 392; baseline 0.019 -2"><span class='ocrx_word' id='word_1_9' title='bbox 3456 335 3559 392; x_wconf 79' lang='lat'><strong>858</strong></span> 
     </span>
    </p>
   </div>
   <div class='ocr_carea' id='block_1_4' title="bbox 254 457 3561 537">
    <p class='ocr_par' dir='ltr' id='par_1_4' title="bbox 254 457 3561 537">
     <span class='ocr_line' id='line_1_4' title="bbox 254 457 3561 537; baseline -0.004 -10"><span class='ocrx_word' id='word_1_10' title='bbox 254 488 305 526; x_wconf 82' lang='lat' dir='ltr'><strong>ex</strong></span> <span class='ocrx_word' id='word_1_11' title='bbox 329 471 536 526; x_wconf 85' lang='lat' dir='ltr'><strong>ducum</strong></span> <span class='ocrx_word' id='word_1_12' title='bbox 568 461 868 537; x_wconf 83' lang='lat' dir='ltr'><strong>obsequiis</strong></span> <span class='ocrx_word' id='word_1_13' title='bbox 898 479 1000 519; x_wconf 89' lang='lat' dir='ltr'><strong>rex</strong></span> <span class='ocrx_word' id='word_1_14' title='bbox 1025 465 1338 534; x_wconf 75' lang='lat' dir='ltr'><strong>putaretur.</strong></span> <span class='ocrx_word' id='word_1_15' title='bbox 1372 461 1471 516; x_wconf 89' lang='lat' dir='ltr'><strong>Cui</strong></span> <span class='ocrx_word' id='word_1_16' title='bbox 1518 461 1849 518; x_wconf 76' lang='lat' dir='ltr'><strong>advenienti</strong></span> <span class='ocrx_word' id='word_1_17' title='bbox 1877 470 1928 528; x_wconf 81' lang='grc' dir='ltr'><strong>Α</strong></span> <span class='ocrx_word' id='word_1_18' title='bbox 1950 464 2118 518; x_wconf 90' lang='lat' dir='ltr'><strong>Patre</strong></span> <span class='ocrx_word' id='word_1_19' title='bbox 2149 462 2516 533; x_wconf 85' lang='lat' dir='ltr'><strong>ubicumque,</strong></span> <span class='ocrx_word' id='word_1_20' title='bbox 2549 477 2652 532; x_wconf 90' lang='lat' dir='ltr'><strong>per</strong></span> <span class='ocrx_word' id='word_1_21' title='bbox 2679 458 2880 526; x_wconf 76' lang='lat' dir='ltr'><strong>tribas,</strong></span> <span class='ocrx_word' id='word_1_22' title='bbox 2913 473 3016 529; x_wconf 92' lang='lat' dir='ltr'><strong>per</strong></span> <span class='ocrx_word' id='word_1_23' title='bbox 3047 457 3292 529; x_wconf 83' lang='lat' dir='ltr'><strong>linguas,</strong></span> <span class='ocrx_word' id='word_1_24' title='bbox 3326 475 3431 532; x_wconf 90' lang='lat' dir='ltr'><strong>per</strong></span> <span class='ocrx_word' id='word_1_25' title='bbox 3461 477 3561 514; x_wconf 88' lang='lat' dir='ltr'><strong>na-</strong></span> 
     </span>
    </p>
   </div>
   <div class='ocr_carea' id='block_1_5' title="bbox 254 549 1848 621">
    <p class='ocr_par' dir='ltr' id='par_1_5' title="bbox 254 549 1848 621">
     <span class='ocr_line' id='line_1_5' title="bbox 254 549 1848 621; baseline -0.007 -5"><span class='ocrx_word' id='word_1_26' title='bbox 254 573 534 616; x_wconf 87' lang='lat' dir='ltr'><strong>occurrens</strong></span> <span class='ocrx_word' id='word_1_27' title='bbox 566 555 669 611; x_wconf 87' lang='lat' dir='ltr'><strong>Dei</strong></span> <span class='ocrx_word' id='word_1_28' title='bbox 699 553 982 619; x_wconf 86' lang='lat' dir='ltr'><strong>famulus,</strong></span> <span class='ocrx_word' id='word_1_29' title='bbox 1010 551 1193 606; x_wconf 89' lang='lat' dir='ltr'><strong>adhuc</strong></span> <span class='ocrx_word' id='word_1_30' title='bbox 1245 549 1470 621; x_wconf 85' lang='lat' dir='ltr'><strong>longius</strong></span> <span class='ocrx_word' id='word_1_31' title='bbox 1513 550 1848 618; x_wconf 85' lang='lat' dir='ltr'><strong>constituto,</strong></span> 
     </span>
    </p>
   </div>
   <div class='ocr_carea' id='block_1_6' title="bbox 252 638 1850 717">
    <p class='ocr_par' dir='ltr' id='par_1_6' title="bbox 252 638 1850 717">
     <span class='ocr_line' id='line_1_6' title="bbox 252 638 1850 717; baseline -0.006 -13"><span class='ocrx_word' id='word_1_32' title='bbox 252 651 480 704; x_wconf 87' lang='lat' dir='ltr'><strong>clamans</strong></span> <span class='ocrx_word' id='word_1_33' title='bbox 521 643 872 717; x_wconf 79' lang='lat' dir='ltr'><strong>imperavit:</strong></span> <span class='ocrx_word' id='word_1_34' title='bbox 909 660 942 694; x_wconf 83' lang='grc'><strong>«</strong></span> <span class='ocrx_word' id='word_1_35' title='bbox 978 642 1154 707; x_wconf 89' lang='lat' dir='ltr'><strong>Pone,</strong></span> <span class='ocrx_word' id='word_1_36' title='bbox 1207 638 1307 706; x_wconf 85' lang='lat' dir='ltr'><strong>ﬁli,</strong></span> <span class='ocrx_word' id='word_1_37' title='bbox 1359 655 1510 710; x_wconf 88' lang='lat' dir='ltr'><strong>pone</strong></span> <span class='ocrx_word' id='word_1_38' title='bbox 1554 640 1664 694; x_wconf 89' lang='lat' dir='ltr'><strong>hoc</strong></span> <span class='ocrx_word' id='word_1_39' title='bbox 1695 640 1850 711; x_wconf 90' lang='lat' dir='ltr'><strong>quod</strong></span> 
     </span>
    </p>
   </div>
   <div class='ocr_carea' id='block_1_7' title="bbox 249 727 1848 810">
    <p class='ocr_par' dir='ltr' id='par_1_7' title="bbox 249 727 1848 810">
     <span class='ocr_line' id='line_1_7' title="bbox 249 727 1848 810; baseline -0.008 -17"><span class='ocrx_word' id='word_1_40' title='bbox 249 740 446 810; x_wconf 87' lang='lat' dir='ltr'><strong>portas;</strong></span> <span class='ocrx_word' id='word_1_41' title='bbox 483 751 607 790; x_wconf 93' lang='lat' dir='ltr'><strong>non</strong></span> <span class='ocrx_word' id='word_1_42' title='bbox 636 736 723 787; x_wconf 90' lang='lat' dir='ltr'><strong>est</strong></span> <span class='ocrx_word' id='word_1_43' title='bbox 744 736 942 793; x_wconf 91' lang='lat' dir='ltr'><strong>tuum,</strong></span> <span class='ocrx_word' id='word_1_44' title='bbox 967 750 995 777; x_wconf 75' lang='grc' dir='ltr'><strong>ι)</strong></span> <span class='ocrx_word' id='word_1_45' title='bbox 1025 728 1147 792; x_wconf 90' lang='lat' dir='ltr'><strong>Quo</strong></span> <span class='ocrx_word' id='word_1_46' title='bbox 1175 743 1308 781; x_wconf 91' lang='lat' dir='ltr'><strong>cum</strong></span> <span class='ocrx_word' id='word_1_47' title='bbox 1333 727 1543 781; x_wconf 87' lang='lat' dir='ltr'><strong>rubore</strong></span> <span class='ocrx_word' id='word_1_48' title='bbox 1568 729 1641 782; x_wconf 92' lang='lat' dir='ltr'><strong>ad</strong></span> <span class='ocrx_word' id='word_1_49' title='bbox 1657 727 1848 783; x_wconf 90' lang='lat' dir='ltr'><strong>domi-</strong></span> 
     </span>
    </p>
   </div>
   <div class='ocr_carea' id='block_1_8' title="bbox 249 815 1850 888">
    <p class='ocr_par' dir='ltr' id='par_1_8' title="bbox 249 815 1850 888">
     <span class='ocr_line' id='line_1_8' title="bbox 249 815 1850 888; baseline -0.006 -8"><span class='ocrx_word' id='word_1_50' title='bbox 249 841 359 881; x_wconf 88' lang='lat' dir='ltr'><strong>num</strong></span> <span class='ocrx_word' id='word_1_51' title='bbox 385 839 563 878; x_wconf 88' lang='lat' dir='ltr'><strong>suum</strong></span> <span class='ocrx_word' id='word_1_52' title='bbox 589 835 846 886; x_wconf 87' lang='lat' dir='ltr'><strong>reverso,</strong></span> <span class='ocrx_word' id='word_1_53' title='bbox 877 818 1004 888; x_wconf 91' lang='lat' dir='ltr'><strong>ipse</strong></span> <span class='ocrx_word' id='word_1_54' title='bbox 1020 816 1219 882; x_wconf 89' lang='lat' dir='ltr'><strong>Totila,</strong></span> <span class='ocrx_word' id='word_1_55' title='bbox 1249 830 1354 885; x_wconf 90' lang='lat' dir='ltr'><strong>per</strong></span> <span class='ocrx_word' id='word_1_56' title='bbox 1376 815 1750 887; x_wconf 82' lang='lat' dir='ltr'><strong>semetipsum</strong></span> <span class='ocrx_word' id='word_1_57' title='bbox 1777 815 1850 870; x_wconf 87' lang='lat' dir='ltr'><strong>ad</strong></span> 
     </span>
    </p>
   </div>
   <div class='ocr_carea' id='block_1_9' title="bbox 247 902 1852 977">
    <p class='ocr_par' dir='ltr' id='par_1_9' title="bbox 247 902 1852 977">
     <span class='ocr_line' id='line_1_9' title="bbox 247 902 1852 977; baseline -0.006 -9"><span class='ocrx_word' id='word_1_58' title='bbox 247 912 326 970; x_wconf 90' lang='lat' dir='ltr'><strong>Dei</strong></span> <span class='ocrx_word' id='word_1_59' title='bbox 349 910 664 966; x_wconf 84' lang='lat' dir='ltr'><strong>hominem</strong></span> <span class='ocrx_word' id='word_1_60' title='bbox 706 906 968 974; x_wconf 90' lang='lat' dir='ltr'><strong>accessit,</strong></span> <span class='ocrx_word' id='word_1_61' title='bbox 999 909 1055 960; x_wconf 93' lang='lat' dir='ltr'><strong>et</strong></span> <span class='ocrx_word' id='word_1_62' title='bbox 1075 921 1200 977; x_wconf 69' lang='lat' dir='ltr'><strong>quin</strong></span> <span class='ocrx_word' id='word_1_63' title='bbox 1231 902 1510 975; x_wconf 67' lang='lat' dir='ltr'><strong>praedicta</strong></span> <span class='ocrx_word' id='word_1_64' title='bbox 1539 907 1672 958; x_wconf 88' lang='lat' dir='ltr'><strong>sunt</strong></span> <span class='ocrx_word' id='word_1_65' title='bbox 1710 920 1852 976; x_wconf 89' lang='lat' dir='ltr'><strong>pro-</strong></span> 
     </span>
    </p>
   </div>
   <div class='ocr_carea' id='block_1_10' title="bbox 244 994 1096 1075">
    <p class='ocr_par' dir='ltr' id='par_1_10' title="bbox 244 994 1096 1075">
     <span class='ocr_line' id='line_1_10' title="bbox 244 994 1096 1075; baseline -0.007 -18"><span class='ocrx_word' id='word_1_66' title='bbox 244 1003 407 1075; x_wconf 67' lang='lat' dir='ltr'><strong>phetae</strong></span> <span class='ocrx_word' id='word_1_67' title='bbox 438 999 624 1054; x_wconf 90' lang='lat' dir='ltr'><strong>verba</strong></span> <span class='ocrx_word' id='word_1_68' title='bbox 653 997 725 1052; x_wconf 86' lang='lat' dir='ltr'><strong>ab</strong></span> <span class='ocrx_word' id='word_1_69' title='bbox 750 1013 820 1052; x_wconf 93' lang='lat' dir='ltr'><strong>eo</strong></span> <span class='ocrx_word' id='word_1_70' title='bbox 857 994 1096 1051; x_wconf 78' lang='lat' dir='ltr'><strong>audivit.</strong></span> 
     </span>
    </p>
   </div>
   <div class='ocr_carea' id='block_1_11' title="bbox 301 1085 1852 1153">
    <p class='ocr_par' dir='ltr' id='par_1_11' title="bbox 301 1085 1852 1153">
     <span class='ocr_line' id='line_1_11' title="bbox 301 1085 1852 1153; baseline -0.003 -11"><span class='ocrx_word' id='word_1_71' title='bbox 301 1090 506 1144; x_wconf 82' lang='lat' dir='ltr'><strong>Verum</strong></span> <span class='ocrx_word' id='word_1_72' title='bbox 538 1103 651 1142; x_wconf 91' lang='lat' dir='ltr'><strong>nos</strong></span> <span class='ocrx_word' id='word_1_73' title='bbox 682 1085 752 1140; x_wconf 92' lang='lat' dir='ltr'><strong>ad</strong></span> <span class='ocrx_word' id='word_1_74' title='bbox 779 1087 1055 1140; x_wconf 88' lang='lat' dir='ltr'><strong>nostrum</strong></span> <span class='ocrx_word' id='word_1_75' title='bbox 1102 1085 1414 1143; x_wconf 85' lang='lat' dir='ltr'><strong>redeamus</strong></span> <span class='ocrx_word' id='word_1_76' title='bbox 1444 1087 1716 1153; x_wconf 90' lang='lat' dir='ltr'><strong>Eliseum,</strong></span> <span class='ocrx_word' id='word_1_77' title='bbox 1753 1099 1852 1138; x_wconf 86' lang='lat' dir='ltr'><strong>no-</strong></span> 
     </span>
    </p>
   </div>
   <div class='ocr_carea' id='block_1_12' title="bbox 237 1168 1853 1248">
    <p class='ocr_par' dir='ltr' id='par_1_12' title="bbox 237 1168 1853 1248">
     <span class='ocr_line' id='line_1_12' title="bbox 237 1168 1853 1248; baseline -0.006 -15"><span class='ocrx_word' id='word_1_78' title='bbox 237 1181 399 1233; x_wconf 85' lang='lat' dir='ltr'><strong>strum</strong></span> <span class='ocrx_word' id='word_1_79' title='bbox 431 1176 662 1248; x_wconf 78' lang='lat' dir='ltr'><strong>utique,</strong></span> <span class='ocrx_word' id='word_1_80' title='bbox 693 1172 830 1246; x_wconf 90' lang='lat' dir='ltr'><strong>quia</strong></span> <span class='ocrx_word' id='word_1_81' title='bbox 847 1173 1016 1245; x_wconf 69' lang='lat' dir='ltr'><strong>cuius</strong></span> <span class='ocrx_word' id='word_1_82' title='bbox 1036 1190 1212 1246; x_wconf 87' lang='lat' dir='ltr'><strong>opera</strong></span> <span class='ocrx_word' id='word_1_83' title='bbox 1234 1176 1418 1231; x_wconf 85' lang='lat' dir='ltr'><strong>sancti</strong></span> <span class='ocrx_word' id='word_1_84' title='bbox 1447 1176 1630 1232; x_wconf 84' lang='lat' dir='ltr'><strong>Patris</strong></span> <span class='ocrx_word' id='word_1_85' title='bbox 1671 1168 1853 1229; x_wconf 82' lang='lat' dir='ltr'><strong>nostri</strong></span> 
     </span>
    </p>
   </div>
   <div class='ocr_carea' id='block_1_13' title="bbox 236 1261 1853 1336">
    <p class='ocr_par' dir='ltr' id='par_1_13' title="bbox 236 1261 1853 1336">
     <span class='ocr_line' id='line_1_13' title="bbox 236 1261 1853 1336; baseline -0.004 -14"><span class='ocrx_word' id='word_1_86' title='bbox 236 1265 512 1322; x_wconf 86' lang='lat' dir='ltr'><strong>Benedicti</strong></span> <span class='ocrx_word' id='word_1_87' title='bbox 537 1262 810 1335; x_wconf 84' lang='lat' dir='ltr'><strong>operibus</strong></span> <span class='ocrx_word' id='word_1_88' title='bbox 828 1265 975 1317; x_wconf 90' lang='lat' dir='ltr'><strong>sunt</strong></span> <span class='ocrx_word' id='word_1_89' title='bbox 995 1261 1199 1316; x_wconf 88' lang='lat' dir='ltr'><strong>similia</strong></span> <span class='ocrx_word' id='word_1_90' title='bbox 1221 1263 1377 1318; x_wconf 90' lang='lat' dir='ltr'><strong>hunc</strong></span> <span class='ocrx_word' id='word_1_91' title='bbox 1409 1281 1516 1319; x_wconf 90' lang='lat' dir='ltr'><strong>nos</strong></span> <span class='ocrx_word' id='word_1_92' title='bbox 1537 1279 1656 1336; x_wconf 91' lang='lat' dir='ltr'><strong>prae</strong></span> <span class='ocrx_word' id='word_1_93' title='bbox 1682 1265 1853 1316; x_wconf 82' lang='lat' dir='ltr'><strong>caete-</strong></span> 
     </span>
    </p>
   </div>
   <div class='ocr_carea' id='block_1_14' title="bbox 233 1350 1846 1426">
    <p class='ocr_par' dir='ltr' id='par_1_14' title="bbox 233 1350 1846 1426">
     <span class='ocr_line' id='line_1_14' title="bbox 233 1350 1846 1426; baseline -0.004 -16"><span class='ocrx_word' id='word_1_94' title='bbox 233 1356 301 1411; x_wconf 85' lang='lat' dir='ltr'><strong>ris</strong></span> <span class='ocrx_word' id='word_1_95' title='bbox 316 1351 624 1426; x_wconf 85' lang='lat' dir='ltr'><strong>prophetis</strong></span> <span class='ocrx_word' id='word_1_96' title='bbox 638 1350 889 1422; x_wconf 90' lang='lat' dir='ltr'><strong>dignum</strong></span> <span class='ocrx_word' id='word_1_97' title='bbox 915 1350 1174 1405; x_wconf 86' lang='lat' dir='ltr'><strong>ducimus</strong></span> <span class='ocrx_word' id='word_1_98' title='bbox 1205 1351 1516 1407; x_wconf 90' lang='lat' dir='ltr'><strong>dilectione</strong></span> <span class='ocrx_word' id='word_1_99' title='bbox 1539 1350 1846 1425; x_wconf 63' lang='lat' dir='ltr'><strong>praecipua.</strong></span> 
     </span>
    </p>
   </div>
   <div class='ocr_carea' id='block_1_15' title="bbox 233 1438 1848 1512">
    <p class='ocr_par' dir='ltr' id='par_1_15' title="bbox 233 1438 1848 1512">
     <span class='ocr_line' id='line_1_15' title="bbox 233 1438 1848 1512; baseline -0.002 -14"><span class='ocrx_word' id='word_1_100' title='bbox 233 1444 500 1499; x_wconf 86' lang='lat' dir='ltr'><strong>Ultimum</strong></span> <span class='ocrx_word' id='word_1_101' title='bbox 518 1455 664 1512; x_wconf 89' lang='lat' dir='ltr'><strong>ergo</strong></span> <span class='ocrx_word' id='word_1_102' title='bbox 701 1439 824 1509; x_wconf 88' lang='lat' dir='ltr'><strong>ejus</strong></span> <span class='ocrx_word' id='word_1_103' title='bbox 856 1438 1276 1494; x_wconf 85' lang='lat' dir='ltr'><strong>miraculorum</strong></span> <span class='ocrx_word' id='word_1_104' title='bbox 1301 1456 1436 1494; x_wconf 93' lang='lat' dir='ltr'><strong>cum</strong></span> <span class='ocrx_word' id='word_1_105' title='bbox 1458 1457 1596 1506; x_wconf 92' lang='lat' dir='ltr'><strong>uno,</strong></span> <span class='ocrx_word' id='word_1_106' title='bbox 1619 1439 1717 1494; x_wconf 92' lang='lat' dir='ltr'><strong>sed</strong></span> <span class='ocrx_word' id='word_1_107' title='bbox 1748 1454 1848 1494; x_wconf 91' lang='lat' dir='ltr'><strong>ne-</strong></span> 
     </span>
    </p>
   </div>
   <div class='ocr_carea' id='block_1_16' title="bbox 233 1524 1849 1604">
    <p class='ocr_par' dir='ltr' id='par_1_16' title="bbox 233 1524 1849 1604">
     <span class='ocr_line' id='line_1_16' title="bbox 233 1524 1849 1604; baseline -0.005 -18"><span class='ocrx_word' id='word_1_108' title='bbox 233 1547 511 1604; x_wconf 84' lang='lat' dir='ltr'><strong>quaquam</strong></span> <span class='ocrx_word' id='word_1_109' title='bbox 527 1525 1182 1594; x_wconf 82' lang='lat' dir='ltr'><strong>extremo,mirabilium</strong></span> <span class='ocrx_word' id='word_1_110' title='bbox 1198 1527 1544 1582; x_wconf 86' lang='lat' dir='ltr'><strong>venerabilis</strong></span> <span class='ocrx_word' id='word_1_111' title='bbox 1557 1524 1849 1582; x_wconf 89' lang='lat' dir='ltr'><strong>Benedicti</strong></span> 
     </span>
    </p>
   </div>
   <div class='ocr_carea' id='block_1_17' title="bbox 234 1613 1848 1690">
    <p class='ocr_par' dir='ltr' id='par_1_17' title="bbox 234 1613 1848 1690">
     <span class='ocr_line' id='line_1_17' title="bbox 234 1613 1848 1690; baseline -0.005 -14"><span class='ocrx_word' id='word_1_112' title='bbox 234 1634 652 1690; x_wconf 86' lang='lat' dir='ltr'><strong>comparemus.</strong></span> <span class='ocrx_word' id='word_1_113' title='bbox 674 1616 820 1670; x_wconf 83' lang='lat' dir='ltr'><strong>Nam</strong></span> <span class='ocrx_word' id='word_1_114' title='bbox 845 1631 984 1669; x_wconf 90' lang='lat' dir='ltr'><strong>cum</strong></span> <span class='ocrx_word' id='word_1_115' title='bbox 1005 1613 1157 1668; x_wconf 90' lang='lat' dir='ltr'><strong>idem</strong></span> <span class='ocrx_word' id='word_1_116' title='bbox 1175 1631 1370 1670; x_wconf 90' lang='lat' dir='ltr'><strong>servus</strong></span> <span class='ocrx_word' id='word_1_117' title='bbox 1387 1617 1508 1684; x_wconf 90' lang='lat' dir='ltr'><strong>Dei,</strong></span> <span class='ocrx_word' id='word_1_118' title='bbox 1530 1633 1560 1670; x_wconf 91' lang='lat' dir='ltr'><strong>e</strong></span> <span class='ocrx_word' id='word_1_119' title='bbox 1579 1614 1848 1687; x_wconf 77' lang='lat' dir='ltr'><strong>praesenti</strong></span> 
     </span>
    </p>
   </div>
   <div class='ocr_carea' id='block_1_18' title="bbox 237 1703 1846 1776">
    <p class='ocr_par' dir='ltr' id='par_1_18' title="bbox 237 1703 1846 1776">
     <span class='ocr_line' id='line_1_18' title="bbox 237 1703 1846 1776; baseline -0.002 -14"><span class='ocrx_word' id='word_1_120' title='bbox 237 1707 552 1762; x_wconf 79' lang='lat' dir='ltr'><strong>excessisset</strong></span> <span class='ocrx_word' id='word_1_121' title='bbox 577 1704 710 1771; x_wconf 89' lang='lat' dir='ltr'><strong>vita,</strong></span> <span class='ocrx_word' id='word_1_122' title='bbox 737 1706 877 1776; x_wconf 91' lang='lat' dir='ltr'><strong>post</strong></span> <span class='ocrx_word' id='word_1_123' title='bbox 908 1719 1030 1757; x_wconf 94' lang='lat' dir='ltr'><strong>non</strong></span> <span class='ocrx_word' id='word_1_124' title='bbox 1057 1703 1299 1774; x_wconf 86' lang='lat' dir='ltr'><strong>longum</strong></span> <span class='ocrx_word' id='word_1_125' title='bbox 1331 1707 1582 1775; x_wconf 91' lang='lat' dir='ltr'><strong>tempus,</strong></span> <span class='ocrx_word' id='word_1_126' title='bbox 1611 1704 1846 1775; x_wconf 88' lang='lat' dir='ltr'><strong>quidam</strong></span> 
     </span>
    </p>
   </div>
   <div class='ocr_carea' id='block_1_19' title="bbox 242 1789 1926 1868">
    <p class='ocr_par' dir='ltr' id='par_1_19' title="bbox 242 1789 1926 1868">
     <span class='ocr_line' id='line_1_19' title="bbox 242 1789 1926 1868; baseline -0.002 -18"><span class='ocrx_word' id='word_1_127' title='bbox 242 1797 572 1868; x_wconf 82' lang='lat' dir='ltr'><strong>sepelientes</strong></span> <span class='ocrx_word' id='word_1_128' title='bbox 593 1791 924 1859; x_wconf 90' lang='lat' dir='ltr'><strong>hominem,</strong></span> <span class='ocrx_word' id='word_1_129' title='bbox 957 1790 1091 1846; x_wconf 87' lang='lat' dir='ltr'><strong>visis</strong></span> <span class='ocrx_word' id='word_1_130' title='bbox 1119 1793 1459 1859; x_wconf 89' lang='lat' dir='ltr'><strong>latronibus,</strong></span> <span class='ocrx_word' id='word_1_131' title='bbox 1480 1793 1851 1864; x_wconf 90' lang='lat' dir='ltr'><strong>projecerunt</strong></span> <span class='ocrx_word' id='word_1_132' title='bbox 1875 1789 1926 1847; x_wconf 92' lang='lat' dir='ltr'><strong>B</strong></span> 
     </span>
    </p>
   </div>
   <div class='ocr_carea' id='block_1_20' title="bbox 245 1879 1848 1952">
    <p class='ocr_par' dir='ltr' id='par_1_20' title="bbox 245 1879 1848 1952">
     <span class='ocr_line' id='line_1_20' title="bbox 245 1879 1848 1952; baseline -0.001 -14"><span class='ocrx_word' id='word_1_133' title='bbox 245 1884 468 1938; x_wconf 82' lang='lat' dir='ltr'><strong>cadaver</strong></span> <span class='ocrx_word' id='word_1_134' title='bbox 497 1883 559 1937; x_wconf 91' lang='lat' dir='ltr'><strong>in</strong></span> <span class='ocrx_word' id='word_1_135' title='bbox 594 1881 858 1952; x_wconf 88' lang='lat' dir='ltr'><strong>sepulcro</strong></span> <span class='ocrx_word' id='word_1_136' title='bbox 917 1879 1104 1934; x_wconf 90' lang='lat' dir='ltr'><strong>Elisei.</strong></span> <span class='ocrx_word' id='word_1_137' title='bbox 1140 1880 1312 1951; x_wconf 89' lang='lat' dir='ltr'><strong>Cujus</strong></span> <span class='ocrx_word' id='word_1_138' title='bbox 1341 1883 1496 1936; x_wconf 89' lang='lat' dir='ltr'><strong>tactu</strong></span> <span class='ocrx_word' id='word_1_139' title='bbox 1527 1898 1659 1936; x_wconf 87' lang='lat' dir='ltr'><strong>mox</strong></span> <span class='ocrx_word' id='word_1_140' title='bbox 1690 1897 1848 1936; x_wconf 91' lang='lat' dir='ltr'><strong>mor-</strong></span> 
     </span>
    </p>
   </div>
   <div class='ocr_carea' id='block_1_21' title="bbox 244 1969 1850 2044">
    <p class='ocr_par' dir='ltr' id='par_1_21' title="bbox 244 1969 1850 2044">
     <span class='ocr_line' id='line_1_21' title="bbox 244 1969 1850 2044; baseline 0 -18"><span class='ocrx_word' id='word_1_141' title='bbox 244 1975 355 2028; x_wconf 88' lang='lat' dir='ltr'><strong>tuus</strong></span> <span class='ocrx_word' id='word_1_142' title='bbox 378 1988 648 2044; x_wconf 78' lang='lat' dir='ltr'><strong>surgens,</strong></span> <span class='ocrx_word' id='word_1_143' title='bbox 694 1969 765 2026; x_wconf 85' lang='lat' dir='ltr'><strong>ad</strong></span> <span class='ocrx_word' id='word_1_144' title='bbox 796 1969 1042 2042; x_wconf 88' lang='lat' dir='ltr'><strong>propria</strong></span> <span class='ocrx_word' id='word_1_145' title='bbox 1080 1969 1270 2025; x_wconf 90' lang='lat' dir='ltr'><strong>rediit.</strong></span> <span class='ocrx_word' id='word_1_146' title='bbox 1319 1972 1424 2025; x_wconf 87' lang='lat' dir='ltr'><strong>Per</strong></span> <span class='ocrx_word' id='word_1_147' title='bbox 1451 1971 1850 2026; x_wconf 89' lang='lat' dir='ltr'><strong>beatissimum</strong></span> 
     </span>
    </p>
   </div>
   <div class='ocr_carea' id='block_1_22' title="bbox 243 2058 1849 2133">
    <p class='ocr_par' dir='ltr' id='par_1_22' title="bbox 243 2058 1849 2133">
     <span class='ocr_line' id='line_1_22' title="bbox 243 2058 1849 2133; baseline -0.003 -16"><span class='ocrx_word' id='word_1_148' title='bbox 243 2078 447 2133; x_wconf 84' lang='lat' dir='ltr'><strong>quoque</strong></span> <span class='ocrx_word' id='word_1_149' title='bbox 475 2058 882 2126; x_wconf 87' lang='lat' dir='ltr'><strong>Benedictum,</strong></span> <span class='ocrx_word' id='word_1_150' title='bbox 913 2073 980 2112; x_wconf 91' lang='lat' dir='ltr'><strong>ac</strong></span> <span class='ocrx_word' id='word_1_151' title='bbox 1009 2058 1133 2129; x_wconf 89' lang='lat' dir='ltr'><strong>ejus</strong></span> <span class='ocrx_word' id='word_1_152' title='bbox 1156 2058 1552 2114; x_wconf 84' lang='lat' dir='ltr'><strong>venerabilem</strong></span> <span class='ocrx_word' id='word_1_153' title='bbox 1583 2075 1849 2115; x_wconf 90' lang='lat' dir='ltr'><strong>sororem</strong></span> 
     </span>
    </p>
   </div>
   <div class='ocr_carea' id='block_1_23' title="bbox 246 2146 1853 2216">
    <p class='ocr_par' dir='ltr' id='par_1_23' title="bbox 246 2146 1853 2216">
     <span class='ocr_line' id='line_1_23' title="bbox 246 2146 1853 2216; baseline 0 -14"><span class='ocrx_word' id='word_1_154' title='bbox 246 2148 658 2214; x_wconf 86' lang='lat' dir='ltr'><strong>Scholasticam,</strong></span> <span class='ocrx_word' id='word_1_155' title='bbox 681 2147 821 2202; x_wconf 90' lang='lat' dir='ltr'><strong>dum</strong></span> <span class='ocrx_word' id='word_1_156' title='bbox 846 2147 922 2202; x_wconf 91' lang='lat' dir='ltr'><strong>ab</strong></span> <span class='ocrx_word' id='word_1_157' title='bbox 938 2146 1116 2200; x_wconf 76' lang='lat' dir='ltr'><strong>ltalim</strong></span> <span class='ocrx_word' id='word_1_158' title='bbox 1135 2147 1415 2216; x_wconf 88' lang='lat' dir='ltr'><strong>partibus,</strong></span> <span class='ocrx_word' id='word_1_159' title='bbox 1441 2164 1644 2202; x_wconf 90' lang='lat' dir='ltr'><strong>eorum</strong></span> <span class='ocrx_word' id='word_1_160' title='bbox 1667 2164 1853 2202; x_wconf 88' lang='lat' dir='ltr'><strong>sacra-</strong></span> 
     </span>
    </p>
   </div>
   <div class='ocr_carea' id='block_1_24' title="bbox 250 2234 1848 2308">
    <p class='ocr_par' dir='ltr' id='par_1_24' title="bbox 250 2234 1848 2308">
     <span class='ocr_line' id='line_1_24' title="bbox 250 2234 1848 2308; baseline 0.001 -18"><span class='ocrx_word' id='word_1_161' title='bbox 250 2236 443 2291; x_wconf 84' lang='lat' dir='ltr'><strong>tissima</strong></span> <span class='ocrx_word' id='word_1_162' title='bbox 491 2253 626 2292; x_wconf 88' lang='lat' dir='ltr'><strong>ossa</strong></span> <span class='ocrx_word' id='word_1_163' title='bbox 671 2234 953 2308; x_wconf 82' lang='lat' dir='ltr'><strong>gaudenti</strong></span> <span class='ocrx_word' id='word_1_164' title='bbox 1005 2234 1422 2289; x_wconf 82' lang='lat' dir='ltr'><strong>inveherentur</strong></span> <span class='ocrx_word' id='word_1_165' title='bbox 1467 2236 1680 2304; x_wconf 68' lang='lat' dir='ltr'><strong>Gallias,</strong></span> <span class='ocrx_word' id='word_1_166' title='bbox 1733 2236 1848 2290; x_wconf 92' lang='lat' dir='ltr'><strong>duo</strong></span> 
     </span>
    </p>
   </div>
   <div class='ocr_carea' id='block_1_25' title="bbox 251 2322 1847 2396">
    <p class='ocr_par' dir='ltr' id='par_1_25' title="bbox 251 2322 1847 2396">
     <span class='ocr_line' id='line_1_25' title="bbox 251 2322 1847 2396; baseline 0 -18"><span class='ocrx_word' id='word_1_167' title='bbox 251 2325 434 2379; x_wconf 86' lang='lat' dir='ltr'><strong>mortui</strong></span> <span class='ocrx_word' id='word_1_168' title='bbox 451 2325 588 2380; x_wconf 68' lang='lat' dir='ltr'><strong>vitae</strong></span> <span class='ocrx_word' id='word_1_169' title='bbox 610 2327 747 2379; x_wconf 91' lang='lat' dir='ltr'><strong>sunt</strong></span> <span class='ocrx_word' id='word_1_170' title='bbox 760 2322 995 2378; x_wconf 90' lang='lat' dir='ltr'><strong>redditi.</strong></span> <span class='ocrx_word' id='word_1_171' title='bbox 1021 2323 1090 2376; x_wconf 91' lang='lat' dir='ltr'><strong>Et</strong></span> <span class='ocrx_word' id='word_1_172' title='bbox 1114 2323 1238 2377; x_wconf 89' lang='lat' dir='ltr'><strong>haec</strong></span> <span class='ocrx_word' id='word_1_173' title='bbox 1279 2323 1514 2394; x_wconf 88' lang='lat' dir='ltr'><strong>quidem</strong></span> <span class='ocrx_word' id='word_1_174' title='bbox 1542 2341 1668 2396; x_wconf 71' lang='lat' dir='ltr'><strong>quae</strong></span> <span class='ocrx_word' id='word_1_175' title='bbox 1689 2328 1847 2378; x_wconf 90' lang='lat' dir='ltr'><strong>retu-</strong></span> 
     </span>
    </p>
   </div>
   <div class='ocr_carea' id='block_1_26' title="bbox 249 2411 1846 2486">
    <p class='ocr_par' dir='ltr' id='par_1_26' title="bbox 249 2411 1846 2486">
     <span class='ocr_line' id='line_1_26' title="bbox 249 2411 1846 2486; baseline 0.002 -20"><span class='ocrx_word' id='word_1_176' title='bbox 249 2413 392 2468; x_wconf 90' lang='lat' dir='ltr'><strong>limus</strong></span> <span class='ocrx_word' id='word_1_177' title='bbox 409 2415 582 2469; x_wconf 91' lang='lat' dir='ltr'><strong>beato</strong></span> <span class='ocrx_word' id='word_1_178' title='bbox 603 2413 761 2468; x_wconf 89' lang='lat' dir='ltr'><strong>Patri</strong></span> <span class='ocrx_word' id='word_1_179' title='bbox 807 2416 1006 2468; x_wconf 87' lang='lat' dir='ltr'><strong>nostro</strong></span> <span class='ocrx_word' id='word_1_180' title='bbox 1054 2411 1388 2478; x_wconf 90' lang='lat' dir='ltr'><strong>Benedicto,</strong></span> <span class='ocrx_word' id='word_1_181' title='bbox 1407 2414 1466 2466; x_wconf 91' lang='lat' dir='ltr'><strong>et</strong></span> <span class='ocrx_word' id='word_1_182' title='bbox 1483 2417 1678 2468; x_wconf 88' lang='lat' dir='ltr'><strong>sancto</strong></span> <span class='ocrx_word' id='word_1_183' title='bbox 1712 2430 1846 2486; x_wconf 89' lang='lat' dir='ltr'><strong>pro-</strong></span> 
     </span>
    </p>
   </div>
   <div class='ocr_carea' id='block_1_27' title="bbox 249 2501 1847 2574">
    <p class='ocr_par' dir='ltr' id='par_1_27' title="bbox 249 2501 1847 2574">
     <span class='ocr_line' id='line_1_27' title="bbox 249 2501 1847 2574; baseline 0.001 -19"><span class='ocrx_word' id='word_1_184' title='bbox 249 2501 410 2572; x_wconf 71' lang='lat' dir='ltr'><strong>pheta:</strong></span> <span class='ocrx_word' id='word_1_185' title='bbox 433 2503 621 2557; x_wconf 84' lang='lat' dir='ltr'><strong>Eliseo</strong></span> <span class='ocrx_word' id='word_1_186' title='bbox 641 2501 985 2557; x_wconf 89' lang='lat' dir='ltr'><strong>communia</strong></span> <span class='ocrx_word' id='word_1_187' title='bbox 1005 2504 1161 2556; x_wconf 89' lang='lat' dir='ltr'><strong>sunt.</strong></span> <span class='ocrx_word' id='word_1_188' title='bbox 1182 2501 1461 2556; x_wconf 88' lang='lat' dir='ltr'><strong>Veremur</strong></span> <span class='ocrx_word' id='word_1_189' title='bbox 1481 2503 1752 2574; x_wconf 89' lang='lat' dir='ltr'><strong>equidem</strong></span> <span class='ocrx_word' id='word_1_190' title='bbox 1775 2519 1847 2557; x_wconf 91' lang='lat' dir='ltr'><strong>ne</strong></span> 
     </span>
    </p>
   </div>
   <div class='ocr_carea' id='block_1_28' title="bbox 248 2589 1847 2662">
    <p class='ocr_par' dir='ltr' id='par_1_28' title="bbox 248 2589 1847 2662">
     <span class='ocr_line' id='line_1_28' title="bbox 248 2589 1847 2662; baseline 0.001 -19"><span class='ocrx_word' id='word_1_191' title='bbox 248 2605 276 2643; x_wconf 85' lang='lat' dir='ltr'><strong>a</strong></span> <span class='ocrx_word' id='word_1_192' title='bbox 291 2592 533 2662; x_wconf 83' lang='lat' dir='ltr'><strong>quolth</strong></span> <span class='ocrx_word' id='word_1_193' title='bbox 549 2593 885 2646; x_wconf 89' lang='lat' dir='ltr'><strong>amatorum</strong></span> <span class='ocrx_word' id='word_1_194' title='bbox 898 2589 1070 2661; x_wconf 92' lang='lat' dir='ltr'><strong>hujus</strong></span> <span class='ocrx_word' id='word_1_195' title='bbox 1088 2589 1309 2660; x_wconf 82' lang='lat' dir='ltr'><strong>egregii</strong></span> <span class='ocrx_word' id='word_1_196' title='bbox 1325 2589 1667 2646; x_wconf 85' lang='lat' dir='ltr'><strong>confessoris</strong></span> <span class='ocrx_word' id='word_1_197' title='bbox 1681 2591 1847 2647; x_wconf 92' lang='lat' dir='ltr'><strong>nobis</strong></span> 
     </span>
    </p>
   </div>
   <div class='ocr_carea' id='block_1_29' title="bbox 249 2676 1844 2752">
    <p class='ocr_par' dir='ltr' id='par_1_29' title="bbox 249 2676 1844 2752">
     <span class='ocr_line' id='line_1_29' title="bbox 249 2676 1844 2752; baseline 0.001 -19"><span class='ocrx_word' id='word_1_198' title='bbox 249 2679 525 2749; x_wconf 88' lang='lat' dir='ltr'><strong>objiciatur</strong></span> <span class='ocrx_word' id='word_1_199' title='bbox 546 2679 728 2752; x_wconf 90' lang='lat' dir='ltr'><strong>quod,</strong></span> <span class='ocrx_word' id='word_1_200' title='bbox 750 2679 889 2733; x_wconf 90' lang='lat' dir='ltr'><strong>dum</strong></span> <span class='ocrx_word' id='word_1_201' title='bbox 912 2694 1050 2733; x_wconf 90' lang='lat' dir='ltr'><strong>eum</strong></span> <span class='ocrx_word' id='word_1_202' title='bbox 1089 2676 1354 2731; x_wconf 86' lang='lat' dir='ltr'><strong>laudibus</strong></span> <span class='ocrx_word' id='word_1_203' title='bbox 1398 2679 1669 2733; x_wconf 82' lang='lat' dir='ltr'><strong>extollere</strong></span> <span class='ocrx_word' id='word_1_204' title='bbox 1685 2680 1844 2752; x_wconf 92' lang='lat' dir='ltr'><strong>cupi-</strong></span> 
     </span>
    </p>
   </div>
   <div class='ocr_carea' id='block_1_30' title="bbox 246 2766 1843 2835">
    <p class='ocr_par' dir='ltr' id='par_1_30' title="bbox 246 2766 1843 2835">
     <span class='ocr_line' id='line_1_30' title="bbox 246 2766 1843 2835; baseline 0.001 -13"><span class='ocrx_word' id='word_1_205' title='bbox 246 2784 372 2835; x_wconf 86' lang='lat' dir='ltr'><strong>mus,</strong></span> <span class='ocrx_word' id='word_1_206' title='bbox 397 2772 739 2824; x_wconf 86' lang='lat' dir='ltr'><strong>extenuasse</strong></span> <span class='ocrx_word' id='word_1_207' title='bbox 766 2766 869 2822; x_wconf 92' lang='lat' dir='ltr'><strong>visi</strong></span> <span class='ocrx_word' id='word_1_208' title='bbox 919 2767 1130 2826; x_wconf 77' lang='lat' dir='ltr'><strong>simus.-</strong></span> <span class='ocrx_word' id='word_1_209' title='bbox 1166 2782 1298 2819; x_wconf 90' lang='lat' dir='ltr'><strong>cum</strong></span> <span class='ocrx_word' id='word_1_210' title='bbox 1330 2782 1462 2820; x_wconf 91' lang='lat' dir='ltr'><strong>eum</strong></span> <span class='ocrx_word' id='word_1_211' title='bbox 1497 2768 1593 2822; x_wconf 92' lang='lat' dir='ltr'><strong>uni</strong></span> <span class='ocrx_word' id='word_1_212' title='bbox 1625 2769 1843 2823; x_wconf 89' lang='lat' dir='ltr'><strong>solum-</strong></span> 
     </span>
    </p>
   </div>
   <div class='ocr_carea' id='block_1_31' title="bbox 247 2852 1844 2929">
    <p class='ocr_par' dir='ltr' id='par_1_31' title="bbox 247 2852 1844 2929">
     <span class='ocr_line' id='line_1_31' title="bbox 247 2852 1844 2929; baseline 0.001 -19"><span class='ocrx_word' id='word_1_213' title='bbox 247 2857 399 2913; x_wconf 90' lang='lat' dir='ltr'><strong>modo</strong></span> <span class='ocrx_word' id='word_1_214' title='bbox 439 2858 744 2929; x_wconf 74' lang='lat' dir='ltr'><strong>prophetae</strong></span> <span class='ocrx_word' id='word_1_215' title='bbox 793 2852 1282 2927; x_wconf 87' lang='lat' dir='ltr'><strong>comparavimus.</strong></span> <span class='ocrx_word' id='word_1_216' title='bbox 1309 2853 1539 2923; x_wconf 90' lang='lat' dir='ltr'><strong>Verum,</strong></span> <span class='ocrx_word' id='word_1_217' title='bbox 1590 2856 1844 2928; x_wconf 89' lang='lat' dir='ltr'><strong>quisquis</strong></span> 
     </span>
    </p>
   </div>
   <div class='ocr_carea' id='block_1_32' title="bbox 246 2942 1842 3016">
    <p class='ocr_par' dir='ltr' id='par_1_32' title="bbox 246 2942 1842 3016">
     <span class='ocr_line' id='line_1_32' title="bbox 246 2942 1842 3016; baseline 0.003 -20"><span class='ocrx_word' id='word_1_218' title='bbox 246 2944 326 2998; x_wconf 91' lang='lat' dir='ltr'><strong>ille</strong></span> <span class='ocrx_word' id='word_1_219' title='bbox 355 2946 476 3014; x_wconf 89' lang='lat' dir='ltr'><strong>erit,</strong></span> <span class='ocrx_word' id='word_1_220' title='bbox 499 2946 669 3013; x_wconf 89' lang='lat' dir='ltr'><strong>sciat,</strong></span> <span class='ocrx_word' id='word_1_221' title='bbox 701 2948 761 3000; x_wconf 91' lang='lat' dir='ltr'><strong>et</strong></span> <span class='ocrx_word' id='word_1_222' title='bbox 788 2945 898 2999; x_wconf 91' lang='lat' dir='ltr'><strong>hoc</strong></span> <span class='ocrx_word' id='word_1_223' title='bbox 927 2942 1034 2997; x_wconf 89' lang='lat' dir='ltr'><strong>sibi</strong></span> <span class='ocrx_word' id='word_1_224' title='bbox 1062 2958 1408 3013; x_wconf 89' lang='lat' dir='ltr'><strong>responsum</strong></span> <span class='ocrx_word' id='word_1_225' title='bbox 1440 2960 1561 2999; x_wconf 87' lang='lat' dir='ltr'><strong>esse</strong></span> <span class='ocrx_word' id='word_1_226' title='bbox 1582 2945 1842 3016; x_wconf 89' lang='lat' dir='ltr'><strong>deputet,</strong></span> 
     </span>
    </p>
   </div>
   <div class='ocr_carea' id='block_1_33' title="bbox 1951 547 3564 617">
    <p class='ocr_par' dir='ltr' id='par_1_33' title="bbox 1951 547 3564 617">
     <span class='ocr_line' id='line_1_33' title="bbox 1951 547 3564 617; baseline -0.002 -11"><span class='ocrx_word' id='word_1_227' title='bbox 1951 551 2138 606; x_wconf 90' lang='lat' dir='ltr'><strong>tiones</strong></span> <span class='ocrx_word' id='word_1_228' title='bbox 2169 550 2336 604; x_wconf 90' lang='lat' dir='ltr'><strong>electi</strong></span> <span class='ocrx_word' id='word_1_229' title='bbox 2366 549 2465 603; x_wconf 90' lang='lat' dir='ltr'><strong>Dei</strong></span> <span class='ocrx_word' id='word_1_230' title='bbox 2497 547 2738 614; x_wconf 87' lang='lat' dir='ltr'><strong>dilatati,</strong></span> <span class='ocrx_word' id='word_1_231' title='bbox 2770 550 2904 601; x_wconf 90' lang='lat' dir='ltr'><strong>sunt</strong></span> <span class='ocrx_word' id='word_1_232' title='bbox 2942 549 3184 617; x_wconf 90' lang='lat' dir='ltr'><strong>paterna</strong></span> <span class='ocrx_word' id='word_1_233' title='bbox 3234 552 3564 603; x_wconf 83' lang='lat' dir='ltr'><strong>mansuetu-</strong></span> 
     </span>
    </p>
   </div>
   <div class='ocr_carea' id='block_1_34' title="bbox 1951 635 3559 710">
    <p class='ocr_par' dir='ltr' id='par_1_34' title="bbox 1951 635 3559 710">
     <span class='ocr_line' id='line_1_34' title="bbox 1951 635 3559 710; baseline -0.002 -16"><span class='ocrx_word' id='word_1_234' title='bbox 1951 639 2085 694; x_wconf 90' lang='lat' dir='ltr'><strong>dine</strong></span> <span class='ocrx_word' id='word_1_235' title='bbox 2115 638 2214 692; x_wconf 85' lang='lat' dir='ltr'><strong>lilii</strong></span> <span class='ocrx_word' id='word_1_236' title='bbox 2241 636 2532 710; x_wconf 83' lang='lat' dir='ltr'><strong>appellati,</strong></span> <span class='ocrx_word' id='word_1_237' title='bbox 2566 640 2628 691; x_wconf 93' lang='lat' dir='ltr'><strong>ut</strong></span> <span class='ocrx_word' id='word_1_238' title='bbox 2658 635 2813 690; x_wconf 86' lang='lat' dir='ltr'><strong>suavi</strong></span> <span class='ocrx_word' id='word_1_239' title='bbox 2837 635 2980 707; x_wconf 87' lang='lat' dir='ltr'><strong>jugo</strong></span> <span class='ocrx_word' id='word_1_240' title='bbox 3017 635 3223 690; x_wconf 86' lang='lat' dir='ltr'><strong>Christi</strong></span> <span class='ocrx_word' id='word_1_241' title='bbox 3252 637 3396 690; x_wconf 91' lang='lat' dir='ltr'><strong>colla</strong></span> <span class='ocrx_word' id='word_1_242' title='bbox 3427 638 3559 690; x_wconf 91' lang='lat' dir='ltr'><strong>sub-</strong></span> 
     </span>
    </p>
   </div>
   <div class='ocr_carea' id='block_1_35' title="bbox 1949 727 2621 782">
    <p class='ocr_par' dir='ltr' id='par_1_35' title="bbox 1949 727 2621 782">
     <span class='ocr_line' id='line_1_35' title="bbox 1949 727 2621 782; baseline -0.006 0"><span class='ocrx_word' id='word_1_243' title='bbox 1949 727 2187 782; x_wconf 88' lang='lat' dir='ltr'><strong>mittant</strong></span> <span class='ocrx_word' id='word_1_244' title='bbox 2209 727 2621 782; x_wconf 89' lang='lat' dir='ltr'><strong>admonentur.</strong></span> 
     </span>
    </p>
   </div>
   <div class='ocr_carea' id='block_1_36' title="bbox 2031 811 3559 888">
    <p class='ocr_par' dir='ltr' id='par_1_36' title="bbox 2031 811 3559 888">
     <span class='ocr_line' id='line_1_36' title="bbox 2031 811 3559 888; baseline -0.003 -18"><span class='ocrx_word' id='word_1_245' title='bbox 2031 817 2099 870; x_wconf 86' lang='lat' dir='ltr'><strong>Et</strong></span> <span class='ocrx_word' id='word_1_246' title='bbox 2113 817 2237 871; x_wconf 78' lang='lat' dir='ltr'><strong>haec</strong></span> <span class='ocrx_word' id='word_1_247' title='bbox 2249 816 2487 888; x_wconf 90' lang='lat' dir='ltr'><strong>quidam</strong></span> <span class='ocrx_word' id='word_1_248' title='bbox 2507 831 2540 869; x_wconf 90' lang='lat' dir='ltr'><strong>a</strong></span> <span class='ocrx_word' id='word_1_249' title='bbox 2558 814 2722 868; x_wconf 91' lang='lat' dir='ltr'><strong>nobis</strong></span> <span class='ocrx_word' id='word_1_250' title='bbox 2739 811 3070 867; x_wconf 90' lang='lat' dir='ltr'><strong>abbreviato</strong></span> <span class='ocrx_word' id='word_1_251' title='bbox 3092 812 3264 868; x_wconf 92' lang='lat' dir='ltr'><strong>modo</strong></span> <span class='ocrx_word' id='word_1_252' title='bbox 3281 812 3559 884; x_wconf 90' lang='lat' dir='ltr'><strong>loquendi</strong></span> 
     </span>
    </p>
   </div>
   <div class='ocr_carea' id='block_1_37' title="bbox 1951 903 3557 975">
    <p class='ocr_par' dir='ltr' id='par_1_37' title="bbox 1951 903 3557 975">
     <span class='ocr_line' id='line_1_37' title="bbox 1951 903 3557 975; baseline -0.008 -5"><span class='ocrx_word' id='word_1_253' title='bbox 1951 915 2105 972; x_wconf 90' lang='lat' dir='ltr'><strong>dicta</strong></span> <span class='ocrx_word' id='word_1_254' title='bbox 2133 907 2453 966; x_wconf 84' lang='lat' dir='ltr'><strong>fautoribus</strong></span> <span class='ocrx_word' id='word_1_255' title='bbox 2480 910 2599 960; x_wconf 89' lang='lat' dir='ltr'><strong>tam</strong></span> <span class='ocrx_word' id='word_1_256' title='bbox 2632 903 2828 975; x_wconf 79' lang='lat' dir='ltr'><strong>inclyti</strong></span> <span class='ocrx_word' id='word_1_257' title='bbox 2880 903 3240 970; x_wconf 88' lang='lat' dir='ltr'><strong>confessoris,</strong></span> <span class='ocrx_word' id='word_1_258' title='bbox 3303 920 3557 969; x_wconf 90' lang='lat' dir='ltr'><strong>oramus,</strong></span> 
     </span>
    </p>
   </div>
   <div class='ocr_carea' id='block_1_38' title="bbox 1949 993 3557 1074">
    <p class='ocr_par' dir='ltr' id='par_1_38' title="bbox 1949 993 3557 1074">
     <span class='ocr_line' id='line_1_38' title="bbox 1949 993 3557 1074; baseline -0.009 -14"><span class='ocrx_word' id='word_1_259' title='bbox 1949 1003 2108 1060; x_wconf 90' lang='lat' dir='ltr'><strong>haud</strong></span> <span class='ocrx_word' id='word_1_260' title='bbox 2129 1014 2420 1074; x_wconf 89' lang='lat' dir='ltr'><strong>quaquam</strong></span> <span class='ocrx_word' id='word_1_261' title='bbox 2434 995 2790 1066; x_wconf 88' lang='lat' dir='ltr'><strong>displiceant.</strong></span> <span class='ocrx_word' id='word_1_262' title='bbox 2815 993 3095 1048; x_wconf 79' lang='lat' dir='ltr'><strong>Caeterum</strong></span> <span class='ocrx_word' id='word_1_263' title='bbox 3112 1009 3180 1046; x_wconf 91' lang='lat' dir='ltr'><strong>ea</strong></span> <span class='ocrx_word' id='word_1_264' title='bbox 3197 1009 3323 1064; x_wconf 66' lang='lat' dir='ltr'><strong>quae</strong></span> <span class='ocrx_word' id='word_1_265' title='bbox 3343 993 3557 1046; x_wconf 90' lang='lat' dir='ltr'><strong>abeato</strong></span> 
     </span>
    </p>
   </div>
   <div class='ocr_carea' id='block_1_39' title="bbox 1951 1080 3561 1163">
    <p class='ocr_par' dir='ltr' id='par_1_39' title="bbox 1951 1080 3561 1163">
     <span class='ocr_line' id='line_1_39' title="bbox 1951 1080 3561 1163; baseline -0.009 -15"><span class='ocrx_word' id='word_1_266' title='bbox 1951 1091 2226 1163; x_wconf 86' lang='lat' dir='ltr'><strong>Gregorio</strong></span> <span class='ocrx_word' id='word_1_267' title='bbox 2259 1085 2542 1157; x_wconf 89' lang='lat' dir='ltr'><strong>descripta</strong></span> <span class='ocrx_word' id='word_1_268' title='bbox 2572 1085 2726 1149; x_wconf 93' lang='lat' dir='ltr'><strong>sunt,</strong></span> <span class='ocrx_word' id='word_1_269' title='bbox 2751 1082 2872 1152; x_wconf 87' lang='lat' dir='ltr'><strong>ejus</strong></span> <span class='ocrx_word' id='word_1_270' title='bbox 2884 1080 3262 1152; x_wconf 89' lang='lat' dir='ltr'><strong>relinquimus</strong></span> <span class='ocrx_word' id='word_1_271' title='bbox 3283 1080 3561 1135; x_wconf 89' lang='lat' dir='ltr'><strong>excellen-</strong></span> 
     </span>
    </p>
   </div>
   <div class='ocr_carea' id='block_1_40' title="bbox 1951 1169 3559 1242">
    <p class='ocr_par' dir='ltr' id='par_1_40' title="bbox 1951 1169 3559 1242">
     <span class='ocr_line' id='line_1_40' title="bbox 1951 1169 3559 1242; baseline -0.008 -6"><span class='ocrx_word' id='word_1_272' title='bbox 1951 1181 2068 1236; x_wconf 70' lang='lat' dir='ltr'><strong>tiae.</strong></span> <span class='ocrx_word' id='word_1_273' title='bbox 2095 1181 2210 1234; x_wconf 84' lang='lat' dir='ltr'><strong>Hoc</strong></span> <span class='ocrx_word' id='word_1_274' title='bbox 2240 1177 2310 1232; x_wconf 92' lang='lat' dir='ltr'><strong>de</strong></span> <span class='ocrx_word' id='word_1_275' title='bbox 2340 1173 2530 1240; x_wconf 87' lang='lat' dir='ltr'><strong>nobis,</strong></span> <span class='ocrx_word' id='word_1_276' title='bbox 2561 1171 2760 1242; x_wconf 90' lang='lat' dir='ltr'><strong>procul</strong></span> <span class='ocrx_word' id='word_1_277' title='bbox 2791 1169 2963 1224; x_wconf 90' lang='lat' dir='ltr'><strong>dubio</strong></span> <span class='ocrx_word' id='word_1_278' title='bbox 2979 1169 3315 1241; x_wconf 85' lang='lat' dir='ltr'><strong>proﬁtentes</strong></span> <span class='ocrx_word' id='word_1_279' title='bbox 3338 1186 3559 1240; x_wconf 89' lang='lat' dir='ltr'><strong>nequa-</strong></span> 
     </span>
    </p>
   </div>
   <div class='ocr_carea' id='block_1_41' title="bbox 1953 1257 3557 1342">
    <p class='ocr_par' dir='ltr' id='par_1_41' title="bbox 1953 1257 3557 1342">
     <span class='ocr_line' id='line_1_41' title="bbox 1953 1257 3557 1342; baseline -0.009 -17"><span class='ocrx_word' id='word_1_280' title='bbox 1953 1284 2128 1342; x_wconf 87' lang='lat' dir='ltr'><strong>quam</strong></span> <span class='ocrx_word' id='word_1_281' title='bbox 2143 1264 2396 1340; x_wconf 88' lang='lat' dir='ltr'><strong>gloriam</strong></span> <span class='ocrx_word' id='word_1_282' title='bbox 2410 1261 2590 1318; x_wconf 89' lang='lat' dir='ltr'><strong>sancti</strong></span> <span class='ocrx_word' id='word_1_283' title='bbox 2609 1258 2792 1314; x_wconf 87' lang='lat' dir='ltr'><strong>Patris</strong></span> <span class='ocrx_word' id='word_1_284' title='bbox 2809 1257 3017 1313; x_wconf 89' lang='lat' dir='ltr'><strong>nostris</strong></span> <span class='ocrx_word' id='word_1_285' title='bbox 3045 1258 3308 1312; x_wconf 87' lang='lat' dir='ltr'><strong>laudibus</strong></span> <span class='ocrx_word' id='word_1_286' title='bbox 3329 1275 3396 1312; x_wconf 91' lang='lat' dir='ltr'><strong>eo</strong></span> <span class='ocrx_word' id='word_1_287' title='bbox 3424 1273 3557 1328; x_wconf 91' lang='lat' dir='ltr'><strong>pro-</strong></span> 
     </span>
    </p>
   </div>
   <div class='ocr_carea' id='block_1_42' title="bbox 1950 1346 3559 1429">
    <p class='ocr_par' dir='ltr' id='par_1_42' title="bbox 1950 1346 3559 1429">
     <span class='ocr_line' id='line_1_42' title="bbox 1950 1346 3559 1429; baseline -0.008 -17"><span class='ocrx_word' id='word_1_288' title='bbox 1950 1355 2153 1429; x_wconf 89' lang='lat' dir='ltr'><strong>pagari</strong></span> <span class='ocrx_word' id='word_1_289' title='bbox 2185 1371 2296 1426; x_wconf 93' lang='lat' dir='ltr'><strong>quo</strong></span> <span class='ocrx_word' id='word_1_290' title='bbox 2311 1369 2438 1407; x_wconf 89' lang='lat' dir='ltr'><strong>eam</strong></span> <span class='ocrx_word' id='word_1_291' title='bbox 2455 1346 3028 1422; x_wconf 89' lang='lat' dir='ltr'><strong>promulgavitdulcis</strong></span> <span class='ocrx_word' id='word_1_292' title='bbox 3050 1346 3379 1418; x_wconf 90' lang='lat' dir='ltr'><strong>eloquentia</strong></span> <span class='ocrx_word' id='word_1_293' title='bbox 3390 1346 3559 1416; x_wconf 81' lang='lat' dir='ltr'><strong>hujus</strong></span> 
     </span>
    </p>
   </div>
   <div class='ocr_carea' id='block_1_43' title="bbox 1951 1435 3556 1520">
    <p class='ocr_par' dir='ltr' id='par_1_43' title="bbox 1951 1435 3556 1520">
     <span class='ocr_line' id='line_1_43' title="bbox 1951 1435 3556 1520; baseline -0.009 -19"><span class='ocrx_word' id='word_1_294' title='bbox 1951 1445 2230 1520; x_wconf 64' lang='lat' dir='ltr'><strong>praesulis.</strong></span> <span class='ocrx_word' id='word_1_295' title='bbox 2265 1442 2372 1507; x_wconf 86' lang='lat' dir='ltr'><strong>Qui</strong></span> <span class='ocrx_word' id='word_1_296' title='bbox 2401 1440 2666 1495; x_wconf 89' lang='lat' dir='ltr'><strong>videlicet</strong></span> <span class='ocrx_word' id='word_1_297' title='bbox 2697 1439 2897 1492; x_wconf 90' lang='lat' dir='ltr'><strong>beatus</strong></span> <span class='ocrx_word' id='word_1_298' title='bbox 2926 1453 3077 1508; x_wconf 87' lang='lat' dir='ltr'><strong>papa</strong></span> <span class='ocrx_word' id='word_1_299' title='bbox 3105 1435 3179 1503; x_wconf 81' lang='lat' dir='ltr'><strong>(S.</strong></span> <span class='ocrx_word' id='word_1_300' title='bbox 3207 1435 3556 1506; x_wconf 83' lang='lat' dir='ltr'><strong>Gregorius),</strong></span> 
     </span>
    </p>
   </div>
   <div class='ocr_carea' id='block_1_44' title="bbox 1951 1524 3556 1600">
    <p class='ocr_par' dir='ltr' id='par_1_44' title="bbox 1951 1524 3556 1600">
     <span class='ocr_line' id='line_1_44' title="bbox 1951 1524 3556 1600; baseline -0.009 -10"><span class='ocrx_word' id='word_1_301' title='bbox 1951 1535 2314 1599; x_wconf 86' lang='lat' dir='ltr'><strong>utiJoannes,</strong></span> <span class='ocrx_word' id='word_1_302' title='bbox 2347 1528 2584 1600; x_wconf 87' lang='lat' dir='ltr'><strong>majoris</strong></span> <span class='ocrx_word' id='word_1_303' title='bbox 2609 1528 2731 1598; x_wconf 90' lang='lat' dir='ltr'><strong>ejus</strong></span> <span class='ocrx_word' id='word_1_304' title='bbox 2755 1525 2894 1580; x_wconf 59' lang='lat' dir='ltr'><strong>Vitae</strong></span> <span class='ocrx_word' id='word_1_305' title='bbox 2925 1524 3260 1596; x_wconf 84' lang='lat' dir='ltr'><strong>descriptor,</strong></span> <span class='ocrx_word' id='word_1_306' title='bbox 3293 1526 3556 1585; x_wconf 85' lang='lat' dir='ltr'><strong>testatur,</strong></span> 
     </span>
    </p>
   </div>
   <div class='ocr_carea' id='block_1_45' title="bbox 1951 1612 3562 1691">
    <p class='ocr_par' dir='ltr' id='par_1_45' title="bbox 1951 1612 3562 1691">
     <span class='ocr_line' id='line_1_45' title="bbox 1951 1612 3562 1691; baseline -0.009 -12"><span class='ocrx_word' id='word_1_307' title='bbox 1951 1623 2135 1678; x_wconf 88' lang='lat' dir='ltr'><strong>missis</strong></span> <span class='ocrx_word' id='word_1_308' title='bbox 2163 1621 2484 1691; x_wconf 76' lang='lat' dir='ltr'><strong>Anglorum</strong></span> <span class='ocrx_word' id='word_1_309' title='bbox 2514 1616 2673 1687; x_wconf 92' lang='lat' dir='ltr'><strong>genti</strong></span> <span class='ocrx_word' id='word_1_310' title='bbox 2695 1613 3184 1688; x_wconf 68' lang='lat' dir='ltr'><strong>praedicatoribus,</strong></span> <span class='ocrx_word' id='word_1_311' title='bbox 3206 1612 3374 1683; x_wconf 91' lang='lat' dir='ltr'><strong>hujus</strong></span> <span class='ocrx_word' id='word_1_312' title='bbox 3398 1628 3562 1666; x_wconf 87' lang='lat' dir='ltr'><strong>man-</strong></span> 
     </span>
    </p>
   </div>
   <div class='ocr_carea' id='block_1_46' title="bbox 1949 1703 3558 1778">
    <p class='ocr_par' dir='ltr' id='par_1_46' title="bbox 1949 1703 3558 1778">
     <span class='ocr_line' id='line_1_46' title="bbox 1949 1703 3558 1778; baseline -0.008 -11"><span class='ocrx_word' id='word_1_313' title='bbox 1949 1709 2258 1766; x_wconf 86' lang='lat' dir='ltr'><strong>suetissimi</strong></span> <span class='ocrx_word' id='word_1_314' title='bbox 2284 1705 2626 1778; x_wconf 89' lang='lat' dir='ltr'><strong>legislatoris</strong></span> <span class='ocrx_word' id='word_1_315' title='bbox 2654 1703 3100 1769; x_wconf 89' lang='lat' dir='ltr'><strong>institutionem,</strong></span> <span class='ocrx_word' id='word_1_316' title='bbox 3136 1705 3265 1773; x_wconf 91' lang='lat' dir='ltr'><strong>post</strong></span> <span class='ocrx_word' id='word_1_317' title='bbox 3296 1703 3558 1755; x_wconf 90' lang='lat' dir='ltr'><strong>sanctum</strong></span> 
     </span>
    </p>
   </div>
   <div class='ocr_carea' id='block_1_47' title="bbox 1949 1789 3560 1871">
    <p class='ocr_par' dir='ltr' id='par_1_47' title="bbox 1949 1789 3560 1871">
     <span class='ocr_line' id='line_1_47' title="bbox 1949 1789 3560 1871; baseline -0.009 -15"><span class='ocrx_word' id='word_1_318' title='bbox 1949 1795 2622 1871; x_wconf 70' lang='lat' dir='ltr'><strong>evangelium,pra2cipue</strong></span> <span class='ocrx_word' id='word_1_319' title='bbox 2637 1794 3061 1848; x_wconf 90' lang='lat' dir='ltr'><strong>observandum</strong></span> <span class='ocrx_word' id='word_1_320' title='bbox 3074 1789 3560 1860; x_wconf 89' lang='lat' dir='ltr'><strong>tradidit.Quique</strong></span> 
     </span>
    </p>
   </div>
   <div class='ocr_carea' id='block_1_48' title="bbox 1949 1877 3560 1958">
    <p class='ocr_par' dir='ltr' id='par_1_48' title="bbox 1949 1877 3560 1958">
     <span class='ocr_line' id='line_1_48' title="bbox 1949 1877 3560 1958; baseline -0.006 -16"><span class='ocrx_word' id='word_1_321' title='bbox 1949 1887 2008 1943; x_wconf 91' lang='lat' dir='ltr'><strong>in</strong></span> <span class='ocrx_word' id='word_1_322' title='bbox 2055 1888 2294 1958; x_wconf 90' lang='lat' dir='ltr'><strong>Dialogo</strong></span> <span class='ocrx_word' id='word_1_323' title='bbox 2335 1901 2459 1950; x_wconf 92' lang='lat' dir='ltr'><strong>suo,</strong></span> <span class='ocrx_word' id='word_1_324' title='bbox 2516 1885 2644 1956; x_wconf 92' lang='lat' dir='ltr'><strong>post</strong></span> <span class='ocrx_word' id='word_1_325' title='bbox 2690 1881 3155 1954; x_wconf 83' lang='lat' dir='ltr'><strong>explanationem</strong></span> <span class='ocrx_word' id='word_1_326' title='bbox 3211 1878 3350 1933; x_wconf 68' lang='lat' dir='ltr'><strong>Vita:</strong></span> <span class='ocrx_word' id='word_1_327' title='bbox 3383 1877 3560 1949; x_wconf 89' lang='lat' dir='ltr'><strong>ipsius</strong></span> 
     </span>
    </p>
   </div>
   <div class='ocr_carea' id='block_1_49' title="bbox 1949 1966 3560 2044">
    <p class='ocr_par' dir='ltr' id='par_1_49' title="bbox 1949 1966 3560 2044">
     <span class='ocr_line' id='line_1_49' title="bbox 1949 1966 3560 2044; baseline -0.008 -12"><span class='ocrx_word' id='word_1_328' title='bbox 1949 1974 2292 2032; x_wconf 87' lang='lat' dir='ltr'><strong>sanctissimi</strong></span> <span class='ocrx_word' id='word_1_329' title='bbox 2333 1972 2536 2041; x_wconf 88' lang='lat' dir='ltr'><strong>Patris,</strong></span> <span class='ocrx_word' id='word_1_330' title='bbox 2570 1988 2744 2044; x_wconf 90' lang='lat' dir='ltr'><strong>quam</strong></span> <span class='ocrx_word' id='word_1_331' title='bbox 2776 1969 3028 2024; x_wconf 90' lang='lat' dir='ltr'><strong>secundo</strong></span> <span class='ocrx_word' id='word_1_332' title='bbox 3078 1967 3266 2039; x_wconf 76' lang='lat' dir='ltr'><strong>poSuit</strong></span> <span class='ocrx_word' id='word_1_333' title='bbox 3319 1967 3468 2034; x_wconf 91' lang='lat' dir='ltr'><strong>loco,</strong></span> <span class='ocrx_word' id='word_1_334' title='bbox 3500 1966 3560 2020; x_wconf 92' lang='lat' dir='ltr'><strong>in</strong></span> 
     </span>
    </p>
   </div>
   <div class='ocr_carea' id='block_1_50' title="bbox 1950 2055 3564 2132">
    <p class='ocr_par' dir='ltr' id='par_1_50' title="bbox 1950 2055 3564 2132">
     <span class='ocr_line' id='line_1_50' title="bbox 1950 2055 3564 2132; baseline -0.007 -12"><span class='ocrx_word' id='word_1_335' title='bbox 1950 2065 2120 2120; x_wconf 88' lang='lat' dir='ltr'><strong>tertio</strong></span> <span class='ocrx_word' id='word_1_336' title='bbox 2146 2061 2461 2129; x_wconf 91' lang='lat' dir='ltr'><strong>volumine,</strong></span> <span class='ocrx_word' id='word_1_337' title='bbox 2517 2060 2768 2132; x_wconf 90' lang='lat' dir='ltr'><strong>capituto</strong></span> <span class='ocrx_word' id='word_1_338' title='bbox 2794 2075 2903 2126; x_wconf 78' lang='lat' dir='ltr'><strong>XV],</strong></span> <span class='ocrx_word' id='word_1_339' title='bbox 2934 2057 3094 2130; x_wconf 91' lang='lat' dir='ltr'><strong>quasi</strong></span> <span class='ocrx_word' id='word_1_340' title='bbox 3117 2073 3244 2129; x_wconf 79' lang='lat' dir='ltr'><strong>quae</strong></span> <span class='ocrx_word' id='word_1_341' title='bbox 3277 2055 3564 2110; x_wconf 88' lang='lat' dir='ltr'><strong>memoria</strong></span> 
     </span>
    </p>
   </div>
   <div class='ocr_carea' id='block_1_51' title="bbox 1949 2143 3569 2223">
    <p class='ocr_par' dir='ltr' id='par_1_51' title="bbox 1949 2143 3569 2223">
     <span class='ocr_line' id='line_1_51' title="bbox 1949 2143 3569 2223; baseline -0.008 -13"><span class='ocrx_word' id='word_1_342' title='bbox 1949 2153 2313 2218; x_wconf 90' lang='lat' dir='ltr'><strong>excessisent,</strong></span> <span class='ocrx_word' id='word_1_343' title='bbox 2348 2150 2616 2223; x_wconf 61' lang='lat' dir='ltr'><strong>quaedam</strong></span> <span class='ocrx_word' id='word_1_344' title='bbox 2650 2149 2720 2203; x_wconf 92' lang='lat' dir='ltr'><strong>de</strong></span> <span class='ocrx_word' id='word_1_345' title='bbox 2748 2148 2866 2220; x_wconf 89' lang='lat' dir='ltr'><strong>ipse</strong></span> <span class='ocrx_word' id='word_1_346' title='bbox 2897 2145 3114 2203; x_wconf 91' lang='lat' dir='ltr'><strong>intulit.</strong></span> <span class='ocrx_word' id='word_1_347' title='bbox 3146 2145 3295 2199; x_wconf 92' lang='lat' dir='ltr'><strong>Dum</strong></span> <span class='ocrx_word' id='word_1_348' title='bbox 3327 2143 3398 2197; x_wconf 93' lang='lat' dir='ltr'><strong>de</strong></span> <span class='ocrx_word' id='word_1_349' title='bbox 3427 2161 3569 2214; x_wconf 88' lang='lat' dir='ltr'><strong>quo-</strong></span> 
     </span>
    </p>
   </div>
   <div class='ocr_carea' id='block_1_52' title="bbox 1951 2232 3568 2306">
    <p class='ocr_par' dir='ltr' id='par_1_52' title="bbox 1951 2232 3568 2306">
     <span class='ocr_line' id='line_1_52' title="bbox 1951 2232 3568 2306; baseline -0.009 -6"><span class='ocrx_word' id='word_1_350' title='bbox 1951 2245 2086 2300; x_wconf 90' lang='lat' dir='ltr'><strong>dam</strong></span> <span class='ocrx_word' id='word_1_351' title='bbox 2108 2244 2305 2296; x_wconf 91' lang='lat' dir='ltr'><strong>sancto</strong></span> <span class='ocrx_word' id='word_1_352' title='bbox 2324 2237 2720 2306; x_wconf 85' lang='lat' dir='ltr'><strong>viro,Martino</strong></span> <span class='ocrx_word' id='word_1_353' title='bbox 2741 2235 3356 2306; x_wconf 90' lang='lat' dir='ltr'><strong>nomine,loqueretur,</strong></span> <span class='ocrx_word' id='word_1_354' title='bbox 3380 2232 3461 2286; x_wconf 90' lang='lat' dir='ltr'><strong>ita</strong></span> <span class='ocrx_word' id='word_1_355' title='bbox 3483 2232 3568 2286; x_wconf 83' lang='lat' dir='ltr'><strong>in-</strong></span> 
     </span>
    </p>
   </div>
   <div class='ocr_carea' id='block_1_53' title="bbox 1949 2321 3560 2404">
    <p class='ocr_par' dir='ltr' id='par_1_53' title="bbox 1949 2321 3560 2404">
     <span class='ocr_line' id='line_1_53' title="bbox 1949 2321 3560 2404; baseline -0.007 -18"><span class='ocrx_word' id='word_1_356' title='bbox 1949 2332 2182 2404; x_wconf 89' lang='lat' dir='ltr'><strong>quiens:</strong></span> <span class='ocrx_word' id='word_1_357' title='bbox 2222 2328 2361 2382; x_wconf 82' lang='lat' dir='ltr'><strong>«Hic</strong></span> <span class='ocrx_word' id='word_1_358' title='bbox 2381 2327 2466 2381; x_wconf 90' lang='lat' dir='ltr'><strong>vir</strong></span> <span class='ocrx_word' id='word_1_359' title='bbox 2486 2325 2737 2387; x_wconf 88' lang='lat' dir='ltr'><strong>Domini,</strong></span> <span class='ocrx_word' id='word_1_360' title='bbox 2754 2324 2905 2379; x_wconf 91' lang='lat' dir='ltr'><strong>haud</strong></span> <span class='ocrx_word' id='word_1_361' title='bbox 2944 2323 3182 2378; x_wconf 91' lang='lat' dir='ltr'><strong>dubium</strong></span> <span class='ocrx_word' id='word_1_362' title='bbox 3206 2321 3345 2394; x_wconf 89' lang='lat' dir='ltr'><strong>quin</strong></span> <span class='ocrx_word' id='word_1_363' title='bbox 3369 2321 3560 2377; x_wconf 86' lang='lat' dir='ltr'><strong>Marti-</strong></span> 
     </span>
    </p>
   </div>
   <div class='ocr_carea' id='block_1_54' title="bbox 1948 2410 3564 2490">
    <p class='ocr_par' dir='ltr' id='par_1_54' title="bbox 1948 2410 3564 2490">
     <span class='ocr_line' id='line_1_54' title="bbox 1948 2410 3564 2490; baseline -0.007 -15"><span class='ocrx_word' id='word_1_364' title='bbox 1948 2438 2076 2488; x_wconf 91' lang='lat' dir='ltr'><strong>nus,</strong></span> <span class='ocrx_word' id='word_1_365' title='bbox 2100 2435 2232 2474; x_wconf 91' lang='lat' dir='ltr'><strong>cum</strong></span> <span class='ocrx_word' id='word_1_366' title='bbox 2251 2416 2404 2490; x_wconf 91' lang='lat' dir='ltr'><strong>prius</strong></span> <span class='ocrx_word' id='word_1_367' title='bbox 2428 2417 2487 2470; x_wconf 90' lang='lat' dir='ltr'><strong>in</strong></span> <span class='ocrx_word' id='word_1_368' title='bbox 2503 2416 2708 2470; x_wconf 90' lang='lat' dir='ltr'><strong>eodem</strong></span> <span class='ocrx_word' id='word_1_369' title='bbox 2728 2416 2928 2468; x_wconf 90' lang='lat' dir='ltr'><strong>monte</strong></span> <span class='ocrx_word' id='word_1_370' title='bbox 2946 2429 3005 2467; x_wconf 91' lang='lat' dir='ltr'><strong>se</strong></span> <span class='ocrx_word' id='word_1_371' title='bbox 3028 2411 3291 2477; x_wconf 90' lang='lat' dir='ltr'><strong>contulit,</strong></span> <span class='ocrx_word' id='word_1_372' title='bbox 3316 2410 3564 2464; x_wconf 88' lang='lat' dir='ltr'><strong>necdum</strong></span> 
     </span>
    </p>
   </div>
   <div class='ocr_carea' id='block_1_55' title="bbox 1948 2499 3565 2578">
    <p class='ocr_par' dir='ltr' id='par_1_55' title="bbox 1948 2499 3565 2578">
     <span class='ocr_line' id='line_1_55' title="bbox 1948 2499 3565 2578; baseline -0.007 -14"><span class='ocrx_word' id='word_1_373' title='bbox 1948 2511 2142 2565; x_wconf 91' lang='lat' dir='ltr'><strong>clauso</strong></span> <span class='ocrx_word' id='word_1_374' title='bbox 2169 2523 2340 2578; x_wconf 90' lang='lat' dir='ltr'><strong>specu</strong></span> <span class='ocrx_word' id='word_1_375' title='bbox 2379 2505 2665 2572; x_wconf 88' lang='lat' dir='ltr'><strong>habitans,</strong></span> <span class='ocrx_word' id='word_1_376' title='bbox 2716 2507 2919 2558; x_wconf 89' lang='lat' dir='ltr'><strong>catena</strong></span> <span class='ocrx_word' id='word_1_377' title='bbox 2968 2502 3072 2557; x_wconf 90' lang='lat' dir='ltr'><strong>sibi</strong></span> <span class='ocrx_word' id='word_1_378' title='bbox 3125 2501 3316 2555; x_wconf 84' lang='lat' dir='ltr'><strong>ferrea</strong></span> <span class='ocrx_word' id='word_1_379' title='bbox 3355 2499 3565 2572; x_wconf 89' lang='lat' dir='ltr'><strong>pedem</strong></span> 
     </span>
    </p>
   </div>
   <div class='ocr_carea' id='block_1_56' title="bbox 1947 2589 3568 2670">
    <p class='ocr_par' dir='ltr' id='par_1_56' title="bbox 1947 2589 3568 2670">
     <span class='ocr_line' id='line_1_56' title="bbox 1947 2589 3568 2670; baseline -0.007 -17"><span class='ocrx_word' id='word_1_380' title='bbox 1947 2597 2168 2670; x_wconf 89' lang='lat' dir='ltr'><strong>ligavit,</strong></span> <span class='ocrx_word' id='word_1_381' title='bbox 2193 2613 2439 2667; x_wconf 87' lang='lat' dir='ltr'><strong>eamque</strong></span> <span class='ocrx_word' id='word_1_382' title='bbox 2462 2612 2596 2650; x_wconf 89' lang='lat' dir='ltr'><strong>saxo</strong></span> <span class='ocrx_word' id='word_1_383' title='bbox 2619 2611 2683 2649; x_wconf 85' lang='lat' dir='ltr'><strong>ex</strong></span> <span class='ocrx_word' id='word_1_384' title='bbox 2703 2595 2868 2664; x_wconf 89' lang='lat' dir='ltr'><strong>parte</strong></span> <span class='ocrx_word' id='word_1_385' title='bbox 2892 2593 3073 2647; x_wconf 89' lang='lat' dir='ltr'><strong>altera</strong></span> <span class='ocrx_word' id='word_1_386' title='bbox 3089 2590 3298 2658; x_wconf 81' lang='lat' dir='ltr'><strong>afﬁxit;</strong></span> <span class='ocrx_word' id='word_1_387' title='bbox 3326 2606 3397 2643; x_wconf 90' lang='lat' dir='ltr'><strong>ne</strong></span> <span class='ocrx_word' id='word_1_388' title='bbox 3416 2589 3568 2643; x_wconf 91' lang='lat' dir='ltr'><strong>ultra</strong></span> 
     </span>
    </p>
   </div>
   <div class='ocr_carea' id='block_1_57' title="bbox 1948 2678 3562 2756">
    <p class='ocr_par' dir='ltr' id='par_1_57' title="bbox 1948 2678 3562 2756">
     <span class='ocr_line' id='line_1_57' title="bbox 1948 2678 3562 2756; baseline -0.006 -15"><span class='ocrx_word' id='word_1_389' title='bbox 1948 2687 2000 2742; x_wconf 88' lang='lat' dir='ltr'><strong>ei</strong></span> <span class='ocrx_word' id='word_1_390' title='bbox 2030 2687 2230 2740; x_wconf 90' lang='lat' dir='ltr'><strong>liceret</strong></span> <span class='ocrx_word' id='word_1_391' title='bbox 2260 2684 2533 2756; x_wconf 90' lang='lat' dir='ltr'><strong>progredi</strong></span> <span class='ocrx_word' id='word_1_392' title='bbox 2553 2699 2726 2756; x_wconf 91' lang='lat' dir='ltr'><strong>quam</strong></span> <span class='ocrx_word' id='word_1_393' title='bbox 2748 2685 2964 2736; x_wconf 69' lang='lat' dir='ltr'><strong>catena:</strong></span> <span class='ocrx_word' id='word_1_394' title='bbox 2987 2679 3246 2751; x_wconf 90' lang='lat' dir='ltr'><strong>ejusdem</strong></span> <span class='ocrx_word' id='word_1_395' title='bbox 3272 2678 3562 2750; x_wconf 85' lang='lat' dir='ltr'><strong>quantitas</strong></span> 
     </span>
    </p>
   </div>
   <div class='ocr_carea' id='block_1_58' title="bbox 1947 2765 3565 2836">
    <p class='ocr_par' dir='ltr' id='par_1_58' title="bbox 1947 2765 3565 2836">
     <span class='ocr_line' id='line_1_58' title="bbox 1947 2765 3565 2836; baseline -0.006 -6"><span class='ocrx_word' id='word_1_396' title='bbox 1947 2774 2319 2831; x_wconf 89' lang='lat' dir='ltr'><strong>tendebatur.</strong></span> <span class='ocrx_word' id='word_1_397' title='bbox 2350 2772 2516 2836; x_wconf 86' lang='lat' dir='ltr'><strong>Quod</strong></span> <span class='ocrx_word' id='word_1_398' title='bbox 2544 2771 2626 2826; x_wconf 92' lang='lat' dir='ltr'><strong>vir</strong></span> <span class='ocrx_word' id='word_1_399' title='bbox 2674 2769 2804 2824; x_wconf 67' lang='lat' dir='ltr'><strong>vita:</strong></span> <span class='ocrx_word' id='word_1_400' title='bbox 2853 2766 3195 2824; x_wconf 87' lang='lat' dir='ltr'><strong>venerabilis</strong></span> <span class='ocrx_word' id='word_1_401' title='bbox 3227 2765 3565 2820; x_wconf 86' lang='lat' dir='ltr'><strong>Benedictus</strong></span> 
     </span>
    </p>
   </div>
   <div class='ocr_carea' id='block_1_59' title="bbox 1947 2853 3568 2932">
    <p class='ocr_par' dir='ltr' id='par_1_59' title="bbox 1947 2853 3568 2932">
     <span class='ocr_line' id='line_1_59' title="bbox 1947 2853 3568 2932; baseline -0.007 -14"><span class='ocrx_word' id='word_1_402' title='bbox 1947 2863 2209 2928; x_wconf 89' lang='lat' dir='ltr'><strong>audiens,</strong></span> <span class='ocrx_word' id='word_1_403' title='bbox 2233 2859 2663 2932; x_wconf 88' lang='lat' dir='ltr'><strong>cujussuperius</strong></span> <span class='ocrx_word' id='word_1_404' title='bbox 2686 2857 3033 2912; x_wconf 89' lang='lat' dir='ltr'><strong>memoriam</strong></span> <span class='ocrx_word' id='word_1_405' title='bbox 3051 2854 3182 2921; x_wconf 87' lang='lat' dir='ltr'><strong>feci,</strong></span> <span class='ocrx_word' id='word_1_406' title='bbox 3206 2853 3258 2909; x_wconf 92' lang='lat' dir='ltr'><strong>ei</strong></span> <span class='ocrx_word' id='word_1_407' title='bbox 3280 2870 3384 2924; x_wconf 90' lang='lat' dir='ltr'><strong>per</strong></span> <span class='ocrx_word' id='word_1_408' title='bbox 3405 2853 3568 2907; x_wconf 90' lang='lat' dir='ltr'><strong>disci-</strong></span> 
     </span>
    </p>
   </div>
   <div class='ocr_carea' id='block_1_60' title="bbox 1944 2942 3565 3024">
    <p class='ocr_par' dir='ltr' id='par_1_60' title="bbox 1944 2942 3565 3024">
     <span class='ocr_line' id='line_1_60' title="bbox 1944 2942 3565 3024; baseline -0.006 -18"><span class='ocrx_word' id='word_1_409' title='bbox 1944 2952 2150 3024; x_wconf 91' lang='lat' dir='ltr'><strong>pulum</strong></span> <span class='ocrx_word' id='word_1_410' title='bbox 2172 2967 2337 3004; x_wconf 90' lang='lat' dir='ltr'><strong>suum</strong></span> <span class='ocrx_word' id='word_1_411' title='bbox 2354 2949 2632 3003; x_wconf 90' lang='lat' dir='ltr'><strong>mandare</strong></span> <span class='ocrx_word' id='word_1_412' title='bbox 2651 2948 2900 3002; x_wconf 88' lang='lat' dir='ltr'><strong>curavit:</strong></span> <span class='ocrx_word' id='word_1_413' title='bbox 2930 2945 2987 3000; x_wconf 91' lang='lat' dir='ltr'><strong>Si</strong></span> <span class='ocrx_word' id='word_1_414' title='bbox 3018 2959 3211 2998; x_wconf 89' lang='lat' dir='ltr'><strong>servus</strong></span> <span class='ocrx_word' id='word_1_415' title='bbox 3230 2942 3331 2997; x_wconf 93' lang='lat' dir='ltr'><strong>Dei</strong></span> <span class='ocrx_word' id='word_1_416' title='bbox 3348 2958 3431 3009; x_wconf 91' lang='lat' dir='ltr'><strong>es,</strong></span> <span class='ocrx_word' id='word_1_417' title='bbox 3446 2957 3565 2996; x_wconf 91' lang='lat' dir='ltr'><strong>non</strong></span> 
     </span>
    </p>
   </div>
   <div class='ocr_carea' id='block_1_61' title="bbox 244 3029 3568 3134">
    <p class='ocr_par' dir='ltr' id='par_1_61' title="bbox 244 3029 3568 3134">
     <span class='ocr_line' id='line_1_61' title="bbox 244 3029 3568 3134; baseline -0.001 -46"><span class='ocrx_word' id='word_1_418' title='bbox 244 3048 346 3087; x_wconf 89' lang='lat' dir='ltr'><strong>non</strong></span> <span class='ocrx_word' id='word_1_419' title='bbox 369 3051 471 3089; x_wconf 90' lang='lat' dir='ltr'><strong>nos</strong></span> <span class='ocrx_word' id='word_1_420' title='bbox 492 3035 660 3089; x_wconf 90' lang='lat' dir='ltr'><strong>illum</strong></span> <span class='ocrx_word' id='word_1_421' title='bbox 706 3032 944 3088; x_wconf 89' lang='lat' dir='ltr'><strong>cuilibet</strong></span> <span class='ocrx_word' id='word_1_422' title='bbox 976 3047 1044 3085; x_wconf 91' lang='lat' dir='ltr'><strong>ex</strong></span> <span class='ocrx_word' id='word_1_423' title='bbox 1072 3029 1389 3134; x_wconf 70' lang='lat' dir='ltr'><strong>prophetis,</strong></span> <span class='ocrx_word' id='word_1_424' title='bbox 1418 3031 1518 3086; x_wconf 88' lang='lat' dir='ltr'><strong>sed</strong></span> <span class='ocrx_word' id='word_1_425' title='bbox 1545 3032 1626 3087; x_wconf 91' lang='lat' dir='ltr'><strong>illi</strong></span> <span class='ocrx_word' id='word_1_426' title='bbox 1655 3033 1843 3104; x_wconf 90' lang='lat' dir='ltr'><strong>ipsum</strong></span> <span class='ocrx_word' id='word_1_427' title='bbox 1869 3071 1916 3134; x_wconf 68' lang='grc' dir='ltr'>Ο</span> <span class='ocrx_word' id='word_1_428' title='bbox 1945 3045 2005 3096; x_wconf 89' lang='lat' dir='ltr'><strong>te</strong></span> <span class='ocrx_word' id='word_1_429' title='bbox 2031 3043 2228 3094; x_wconf 88' lang='lat' dir='ltr'><strong>teneat</strong></span> <span class='ocrx_word' id='word_1_430' title='bbox 2285 3041 2491 3093; x_wconf 89' lang='lat' dir='ltr'><strong>catena</strong></span> <span class='ocrx_word' id='word_1_431' title='bbox 2541 3038 2751 3098; x_wconf 89' lang='lat' dir='ltr'><strong>ferrea,</strong></span> <span class='ocrx_word' id='word_1_432' title='bbox 2802 3035 2902 3090; x_wconf 90' lang='lat' dir='ltr'><strong>sed</strong></span> <span class='ocrx_word' id='word_1_433' title='bbox 2949 3036 3153 3090; x_wconf 87' lang='lat' dir='ltr'><strong>catena</strong></span> <span class='ocrx_word' id='word_1_434' title='bbox 3200 3029 3425 3086; x_wconf 88' lang='lat' dir='ltr'><strong>Christi.</strong></span> <span class='ocrx_word' id='word_1_435' title='bbox 3472 3030 3568 3085; x_wconf 86' lang='lat' dir='ltr'><strong>Ad</strong></span> 
     </span>
    </p>
   </div>
   <div class='ocr_carea' id='block_1_62' title="bbox 243 3117 1848 3195">
    <p class='ocr_par' dir='ltr' id='par_1_62' title="bbox 243 3117 1848 3195">
     <span class='ocr_line' id='line_1_62' title="bbox 243 3117 1848 3195; baseline 0.003 -21"><span class='ocrx_word' id='word_1_436' title='bbox 243 3137 549 3195; x_wconf 76' lang='lat' dir='ltr'><strong>exaequasse</strong></span> <span class='ocrx_word' id='word_1_437' title='bbox 577 3122 640 3177; x_wconf 92' lang='lat' dir='ltr'><strong>in</strong></span> <span class='ocrx_word' id='word_1_438' title='bbox 674 3139 790 3195; x_wconf 90' lang='lat' dir='ltr'><strong>quo</strong></span> <span class='ocrx_word' id='word_1_439' title='bbox 807 3121 1016 3193; x_wconf 82' lang='lat' dir='ltr'><strong>duplex</strong></span> <span class='ocrx_word' id='word_1_440' title='bbox 1032 3117 1169 3172; x_wconf 64' lang='lat' dir='ltr'><strong>Elim</strong></span> <span class='ocrx_word' id='word_1_441' title='bbox 1194 3117 1477 3188; x_wconf 90' lang='lat' dir='ltr'><strong>requievit</strong></span> <span class='ocrx_word' id='word_1_442' title='bbox 1503 3120 1756 3192; x_wconf 89' lang='lat' dir='ltr'><strong>spiritus.</strong></span> <span class='ocrx_word' id='word_1_443' title='bbox 1780 3124 1848 3179; x_wconf 90' lang='lat' dir='ltr'><strong>Et</strong></span> 
     </span>
    </p>
   </div>
   <div class='ocr_carea' id='block_1_63' title="bbox 244 3205 1844 3282">
    <p class='ocr_par' dir='ltr' id='par_1_63' title="bbox 244 3205 1844 3282">
     <span class='ocr_line' id='line_1_63' title="bbox 244 3205 1844 3282; baseline 0.001 -19"><span class='ocrx_word' id='word_1_444' title='bbox 244 3225 308 3263; x_wconf 90' lang='lat' dir='ltr'><strong>ne</strong></span> <span class='ocrx_word' id='word_1_445' title='bbox 339 3211 583 3282; x_wconf 91' lang='lat' dir='ltr'><strong>objectio</strong></span> <span class='ocrx_word' id='word_1_446' title='bbox 617 3212 728 3266; x_wconf 89' lang='lat' dir='ltr'><strong>ista</strong></span> <span class='ocrx_word' id='word_1_447' title='bbox 779 3209 1113 3282; x_wconf 69' lang='lat' dir='ltr'><strong>praevaleat,</strong></span> <span class='ocrx_word' id='word_1_448' title='bbox 1171 3205 1529 3276; x_wconf 89' lang='lat' dir='ltr'><strong>succinctim,</strong></span> <span class='ocrx_word' id='word_1_449' title='bbox 1559 3209 1605 3264; x_wconf 92' lang='lat' dir='ltr'><strong>si</strong></span> <span class='ocrx_word' id='word_1_450' title='bbox 1635 3210 1844 3281; x_wconf 90' lang='lat' dir='ltr'><strong>placet,</strong></span> 
     </span>
    </p>
   </div>
   <div class='ocr_carea' id='block_1_64' title="bbox 243 3294 1844 3371">
    <p class='ocr_par' dir='ltr' id='par_1_64' title="bbox 243 3294 1844 3371">
     <span class='ocr_line' id='line_1_64' title="bbox 243 3294 1844 3371; baseline 0.002 -20"><span class='ocrx_word' id='word_1_451' title='bbox 243 3304 556 3371; x_wconf 67' lang='lat' dir='ltr'><strong>coaequetur</strong></span> <span class='ocrx_word' id='word_1_452' title='bbox 606 3302 732 3355; x_wconf 91' lang='lat' dir='ltr'><strong>tam</strong></span> <span class='ocrx_word' id='word_1_453' title='bbox 789 3297 954 3354; x_wconf 91' lang='lat' dir='ltr'><strong>novis</strong></span> <span class='ocrx_word' id='word_1_454' title='bbox 1007 3311 1186 3368; x_wconf 90' lang='lat' dir='ltr'><strong>quam</strong></span> <span class='ocrx_word' id='word_1_455' title='bbox 1246 3294 1495 3367; x_wconf 87' lang='lat' dir='ltr'><strong>antiquis</strong></span> <span class='ocrx_word' id='word_1_456' title='bbox 1551 3297 1844 3356; x_wconf 88' lang='lat' dir='ltr'><strong>Patribus:</strong></span> 
     </span>
    </p>
   </div>
   <div class='ocr_carea' id='block_1_65' title="bbox 242 3382 1847 3454">
    <p class='ocr_par' dir='ltr' id='par_1_65' title="bbox 242 3382 1847 3454">
     <span class='ocr_line' id='line_1_65' title="bbox 242 3382 1847 3454; baseline 0.002 -14"><span class='ocrx_word' id='word_1_457' title='bbox 242 3384 295 3442; x_wconf 88' lang='lat' dir='ltr'><strong>in</strong></span> <span class='ocrx_word' id='word_1_458' title='bbox 343 3387 765 3443; x_wconf 86' lang='lat' dir='ltr'><strong>restauratione</strong></span> <span class='ocrx_word' id='word_1_459' title='bbox 816 3385 1084 3442; x_wconf 89' lang='lat' dir='ltr'><strong>videlicet</strong></span> <span class='ocrx_word' id='word_1_460' title='bbox 1130 3382 1443 3454; x_wconf 88' lang='lat' dir='ltr'><strong>capisterii.</strong></span> <span class='ocrx_word' id='word_1_461' title='bbox 1501 3386 1709 3441; x_wconf 88' lang='lat' dir='ltr'><strong>Joanni</strong></span> <span class='ocrx_word' id='word_1_462' title='bbox 1761 3388 1847 3444; x_wconf 92' lang='lat' dir='ltr'><strong>di-</strong></span> 
     </span>
    </p>
   </div>
   <div class='ocr_carea' id='block_1_66' title="bbox 241 3474 1848 3549">
    <p class='ocr_par' dir='ltr' id='par_1_66' title="bbox 241 3474 1848 3549">
     <span class='ocr_line' id='line_1_66' title="bbox 241 3474 1848 3549; baseline 0.002 -22"><span class='ocrx_word' id='word_1_463' title='bbox 241 3474 376 3531; x_wconf 81' lang='lat' dir='ltr'><strong>lecto</strong></span> <span class='ocrx_word' id='word_1_464' title='bbox 421 3477 682 3544; x_wconf 90' lang='lat' dir='ltr'><strong>Domini,</strong></span> <span class='ocrx_word' id='word_1_465' title='bbox 739 3476 839 3549; x_wconf 90' lang='lat' dir='ltr'><strong>qui</strong></span> <span class='ocrx_word' id='word_1_466' title='bbox 891 3476 1225 3548; x_wconf 88' lang='lat' dir='ltr'><strong>fragmenta</strong></span> <span class='ocrx_word' id='word_1_467' title='bbox 1273 3491 1639 3546; x_wconf 85' lang='lat' dir='ltr'><strong>gemmarum</strong></span> <span class='ocrx_word' id='word_1_468' title='bbox 1709 3492 1848 3532; x_wconf 90' lang='lat' dir='ltr'><strong>con-</strong></span> 
     </span>
    </p>
   </div>
   <div class='ocr_carea' id='block_1_67' title="bbox 235 3561 1847 3636">
    <p class='ocr_par' dir='ltr' id='par_1_67' title="bbox 235 3561 1847 3636">
     <span class='ocr_line' id='line_1_67' title="bbox 235 3561 1847 3636; baseline 0.002 -19"><span class='ocrx_word' id='word_1_469' title='bbox 235 3561 411 3632; x_wconf 89' lang='lat' dir='ltr'><strong>junxit</strong></span> <span class='ocrx_word' id='word_1_470' title='bbox 437 3565 495 3620; x_wconf 95' lang='lat' dir='ltr'><strong>in</strong></span> <span class='ocrx_word' id='word_1_471' title='bbox 544 3564 827 3634; x_wconf 91' lang='lat' dir='ltr'><strong>solidum;</strong></span> <span class='ocrx_word' id='word_1_472' title='bbox 875 3564 934 3620; x_wconf 92' lang='lat' dir='ltr'><strong>in</strong></span> <span class='ocrx_word' id='word_1_473' title='bbox 967 3565 1403 3622; x_wconf 87' lang='lat' dir='ltr'><strong>conversatione</strong></span> <span class='ocrx_word' id='word_1_474' title='bbox 1435 3565 1618 3622; x_wconf 89' lang='lat' dir='ltr'><strong>eremi</strong></span> <span class='ocrx_word' id='word_1_475' title='bbox 1648 3582 1682 3620; x_wconf 91' lang='lat' dir='ltr'><strong>a</strong></span> <span class='ocrx_word' id='word_1_476' title='bbox 1706 3581 1847 3636; x_wconf 91' lang='lat' dir='ltr'><strong>pue-</strong></span> 
     </span>
    </p>
   </div>
   <div class='ocr_carea' id='block_1_68' title="bbox 239 3651 1849 3726">
    <p class='ocr_par' dir='ltr' id='par_1_68' title="bbox 239 3651 1849 3726">
     <span class='ocr_line' id='line_1_68' title="bbox 239 3651 1849 3726; baseline 0.004 -22"><span class='ocrx_word' id='word_1_477' title='bbox 239 3651 381 3719; x_wconf 89' lang='lat' dir='ltr'><strong>ritia,</strong></span> <span class='ocrx_word' id='word_1_478' title='bbox 435 3654 595 3722; x_wconf 68' lang='lat' dir='ltr'><strong>Elize,</strong></span> <span class='ocrx_word' id='word_1_479' title='bbox 648 3655 736 3709; x_wconf 87' lang='lat' dir='ltr'><strong>vel</strong></span> <span class='ocrx_word' id='word_1_480' title='bbox 787 3653 1056 3726; x_wconf 73' lang='lat' dir='ltr'><strong>Baptista:</strong></span> <span class='ocrx_word' id='word_1_481' title='bbox 1106 3655 1344 3723; x_wconf 80' lang='lat' dir='ltr'><strong>Joanni;</strong></span> <span class='ocrx_word' id='word_1_482' title='bbox 1403 3655 1462 3709; x_wconf 92' lang='lat' dir='ltr'><strong>in</strong></span> <span class='ocrx_word' id='word_1_483' title='bbox 1512 3653 1849 3710; x_wconf 75' lang='lat' dir='ltr'><strong>dimissione</strong></span> 
     </span>
    </p>
   </div>
   <div class='ocr_carea' id='block_1_69' title="bbox 239 3742 1846 3816">
    <p class='ocr_par' dir='ltr' id='par_1_69' title="bbox 239 3742 1846 3816">
     <span class='ocr_line' id='line_1_69' title="bbox 239 3742 1846 3816; baseline 0.002 -22"><span class='ocrx_word' id='word_1_484' title='bbox 239 3742 602 3810; x_wconf 65' lang='lat' dir='ltr'><strong>prmlationis,</strong></span> <span class='ocrx_word' id='word_1_485' title='bbox 649 3742 927 3810; x_wconf 89' lang='lat' dir='ltr'><strong>Samueli,</strong></span> <span class='ocrx_word' id='word_1_486' title='bbox 983 3759 1084 3798; x_wconf 90' lang='lat' dir='ltr'><strong>seu</strong></span> <span class='ocrx_word' id='word_1_487' title='bbox 1145 3743 1255 3815; x_wconf 92' lang='lat' dir='ltr'><strong>ipsi</strong></span> <span class='ocrx_word' id='word_1_488' title='bbox 1307 3744 1572 3816; x_wconf 66' lang='lat' dir='ltr'><strong>Baptista:</strong></span> <span class='ocrx_word' id='word_1_489' title='bbox 1615 3743 1846 3812; x_wconf 86' lang='lat' dir='ltr'><strong>Joanni,</strong></span> 
     </span>
    </p>
   </div>
   <div class='ocr_carea' id='block_1_70' title="bbox 242 3829 1846 3904">
    <p class='ocr_par' dir='ltr' id='par_1_70' title="bbox 242 3829 1846 3904">
     <span class='ocr_line' id='line_1_70' title="bbox 242 3829 1846 3904; baseline 0.002 -23"><span class='ocrx_word' id='word_1_490' title='bbox 242 3829 352 3898; x_wconf 90' lang='lat' dir='ltr'><strong>qui,</strong></span> <span class='ocrx_word' id='word_1_491' title='bbox 379 3848 608 3887; x_wconf 87' lang='lat' dir='ltr'><strong>summo</strong></span> <span class='ocrx_word' id='word_1_492' title='bbox 641 3831 980 3904; x_wconf 90' lang='lat' dir='ltr'><strong>progenitus</strong></span> <span class='ocrx_word' id='word_1_493' title='bbox 1028 3833 1351 3901; x_wconf 89' lang='lat' dir='ltr'><strong>sacerdote,</strong></span> <span class='ocrx_word' id='word_1_494' title='bbox 1404 3832 1611 3887; x_wconf 90' lang='lat' dir='ltr'><strong>maluit</strong></span> <span class='ocrx_word' id='word_1_495' title='bbox 1665 3832 1846 3886; x_wconf 90' lang='lat' dir='ltr'><strong>eremi</strong></span> 
     </span>
    </p>
   </div>
   <div class='ocr_carea' id='block_1_71' title="bbox 241 3915 1846 3992">
    <p class='ocr_par' dir='ltr' id='par_1_71' title="bbox 241 3915 1846 3992">
     <span class='ocr_line' id='line_1_71' title="bbox 241 3915 1846 3992; baseline 0.003 -23"><span class='ocrx_word' id='word_1_496' title='bbox 241 3915 455 3975; x_wconf 84' lang='lat' dir='ltr'><strong>deserta</strong></span> <span class='ocrx_word' id='word_1_497' title='bbox 477 3920 735 3976; x_wconf 91' lang='lat' dir='ltr'><strong>incolere</strong></span> <span class='ocrx_word' id='word_1_498' title='bbox 773 3937 950 3992; x_wconf 90' lang='lat' dir='ltr'><strong>quam</strong></span> <span class='ocrx_word' id='word_1_499' title='bbox 1004 3921 1311 3976; x_wconf 87' lang='lat' dir='ltr'><strong>sacerdotii</strong></span> <span class='ocrx_word' id='word_1_500' title='bbox 1340 3921 1730 3992; x_wconf 90' lang='lat' dir='ltr'><strong>principatum</strong></span> <span class='ocrx_word' id='word_1_501' title='bbox 1761 3923 1846 3975; x_wconf 91' lang='lat' dir='ltr'><strong>te-</strong></span> 
     </span>
    </p>
   </div>
   <div class='ocr_carea' id='block_1_72' title="bbox 239 4009 1849 4082">
    <p class='ocr_par' dir='ltr' id='par_1_72' title="bbox 239 4009 1849 4082">
     <span class='ocr_line' id='line_1_72' title="bbox 239 4009 1849 4082; baseline 0.002 -21"><span class='ocrx_word' id='word_1_502' title='bbox 239 4023 396 4078; x_wconf 89' lang='lat' dir='ltr'><strong>nere;</strong></span> <span class='ocrx_word' id='word_1_503' title='bbox 419 4009 476 4064; x_wconf 91' lang='lat' dir='ltr'><strong>in</strong></span> <span class='ocrx_word' id='word_1_504' title='bbox 511 4009 822 4082; x_wconf 88' lang='lat' dir='ltr'><strong>prophetia</strong></span> <span class='ocrx_word' id='word_1_505' title='bbox 847 4009 1256 4065; x_wconf 90' lang='lat' dir='ltr'><strong>destructionis</strong></span> <span class='ocrx_word' id='word_1_506' title='bbox 1276 4009 1613 4065; x_wconf 90' lang='lat' dir='ltr'><strong>monasterii</strong></span> <span class='ocrx_word' id='word_1_507' title='bbox 1635 4009 1849 4076; x_wconf 92' lang='lat' dir='ltr'><strong>sui,seu</strong></span> 
     </span>
    </p>
   </div>
   <div class='ocr_carea' id='block_1_73' title="bbox 238 4096 1849 4170">
    <p class='ocr_par' dir='ltr' id='par_1_73' title="bbox 238 4096 1849 4170">
     <span class='ocr_line' id='line_1_73' title="bbox 238 4096 1849 4170; baseline 0.002 -19"><span class='ocrx_word' id='word_1_508' title='bbox 238 4096 615 4155; x_wconf 78' lang='lat' dir='ltr'><strong>subversionis</strong></span> <span class='ocrx_word' id='word_1_509' title='bbox 676 4099 955 4154; x_wconf 82' lang='lat' dir='ltr'><strong>Romanae</strong></span> <span class='ocrx_word' id='word_1_510' title='bbox 1022 4098 1200 4167; x_wconf 85' lang='lat' dir='ltr'><strong>urbis,</strong></span> <span class='ocrx_word' id='word_1_511' title='bbox 1271 4099 1449 4168; x_wconf 73' lang='lat' dir='ltr'><strong>Isaiae,</strong></span> <span class='ocrx_word' id='word_1_512' title='bbox 1506 4100 1597 4154; x_wconf 87' lang='lat' dir='ltr'><strong>vel</strong></span> <span class='ocrx_word' id='word_1_513' title='bbox 1658 4098 1849 4170; x_wconf 88' lang='lat' dir='ltr'><strong>potius</strong></span> 
     </span>
    </p>
   </div>
   <div class='ocr_carea' id='block_1_74' title="bbox 235 4184 1846 4261">
    <p class='ocr_par' dir='ltr' id='par_1_74' title="bbox 235 4184 1846 4261">
     <span class='ocr_line' id='line_1_74' title="bbox 235 4184 1846 4261; baseline 0.004 -23"><span class='ocrx_word' id='word_1_514' title='bbox 235 4184 513 4251; x_wconf 70' lang='lat' dir='ltr'><strong>Jeremiaa,</strong></span> <span class='ocrx_word' id='word_1_515' title='bbox 545 4188 648 4260; x_wconf 89' lang='lat' dir='ltr'><strong>qui</strong></span> <span class='ocrx_word' id='word_1_516' title='bbox 678 4187 908 4242; x_wconf 91' lang='lat' dir='ltr'><strong>ruinam</strong></span> <span class='ocrx_word' id='word_1_517' title='bbox 953 4188 1110 4243; x_wconf 87' lang='lat' dir='ltr'><strong>urbis</strong></span> <span class='ocrx_word' id='word_1_518' title='bbox 1164 4188 1696 4261; x_wconf 84' lang='lat' dir='ltr'><strong>Hierosolymarum</strong></span> <span class='ocrx_word' id='word_1_519' title='bbox 1742 4189 1846 4244; x_wconf 93' lang='lat' dir='ltr'><strong>du-</strong></span> 
     </span>
    </p>
   </div>
   <div class='ocr_carea' id='block_1_75' title="bbox 237 4275 1849 4350">
    <p class='ocr_par' dir='ltr' id='par_1_75' title="bbox 237 4275 1849 4350">
     <span class='ocr_line' id='line_1_75' title="bbox 237 4275 1849 4350; baseline 0.003 -22"><span class='ocrx_word' id='word_1_520' title='bbox 237 4275 364 4344; x_wconf 88' lang='lat' dir='ltr'><strong>plici</strong></span> <span class='ocrx_word' id='word_1_521' title='bbox 387 4277 607 4350; x_wconf 82' lang='lat' dir='ltr'><strong>planxit</strong></span> <span class='ocrx_word' id='word_1_522' title='bbox 629 4277 960 4348; x_wconf 88' lang='lat' dir='ltr'><strong>alphabeto.</strong></span> <span class='ocrx_word' id='word_1_523' title='bbox 978 4277 1208 4333; x_wconf 90' lang='lat' dir='ltr'><strong>Domini</strong></span> <span class='ocrx_word' id='word_1_524' title='bbox 1225 4294 1454 4350; x_wconf 91' lang='lat' dir='ltr'><strong>quoque</strong></span> <span class='ocrx_word' id='word_1_525' title='bbox 1469 4278 1554 4332; x_wconf 92' lang='lat' dir='ltr'><strong>sui</strong></span> <span class='ocrx_word' id='word_1_526' title='bbox 1581 4278 1849 4334; x_wconf 90' lang='lat' dir='ltr'><strong>videlicet</strong></span> 
     </span>
    </p>
   </div>
   <div class='ocr_carea' id='block_1_76' title="bbox 1948 3118 3569 3202">
    <p class='ocr_par' dir='ltr' id='par_1_76' title="bbox 1948 3118 3569 3202">
     <span class='ocr_line' id='line_1_76' title="bbox 1948 3118 3569 3202; baseline -0.006 -18"><span class='ocrx_word' id='word_1_527' title='bbox 1948 3146 2128 3202; x_wconf 83' lang='lat' dir='ltr'><strong>quam</strong></span> <span class='ocrx_word' id='word_1_528' title='bbox 2146 3143 2349 3183; x_wconf 88' lang='lat' dir='ltr'><strong>vocem</strong></span> <span class='ocrx_word' id='word_1_529' title='bbox 2370 3126 2633 3200; x_wconf 91' lang='lat' dir='ltr'><strong>protinus</strong></span> <span class='ocrx_word' id='word_1_530' title='bbox 2643 3124 2917 3180; x_wconf 88' lang='lat' dir='ltr'><strong>Martinus</strong></span> <span class='ocrx_word' id='word_1_531' title='bbox 2933 3122 3200 3178; x_wconf 91' lang='lat' dir='ltr'><strong>eamdem</strong></span> <span class='ocrx_word' id='word_1_532' title='bbox 3225 3118 3569 3190; x_wconf 90' lang='lat' dir='ltr'><strong>compedem</strong></span> 
     </span>
    </p>
   </div>
   <div class='ocr_carea' id='block_1_77' title="bbox 1947 3207 3570 3287">
    <p class='ocr_par' dir='ltr' id='par_1_77' title="bbox 1947 3207 3570 3287">
     <span class='ocr_line' id='line_1_77' title="bbox 1947 3207 3570 3287; baseline -0.006 -14"><span class='ocrx_word' id='word_1_533' title='bbox 1947 3217 2135 3274; x_wconf 88' lang='lat' dir='ltr'><strong>solvit.</strong></span> <span class='ocrx_word' id='word_1_534' title='bbox 2163 3216 2276 3272; x_wconf 90' lang='lat' dir='ltr'><strong>Sed</strong></span> <span class='ocrx_word' id='word_1_535' title='bbox 2305 3231 2605 3287; x_wconf 89' lang='lat' dir='ltr'><strong>nunquam</strong></span> <span class='ocrx_word' id='word_1_536' title='bbox 2633 3213 3007 3286; x_wconf 90' lang='lat' dir='ltr'><strong>postmodum</strong></span> <span class='ocrx_word' id='word_1_537' title='bbox 3040 3211 3291 3265; x_wconf 90' lang='lat' dir='ltr'><strong>solutum</strong></span> <span class='ocrx_word' id='word_1_538' title='bbox 3321 3207 3570 3263; x_wconf 84' lang='lat' dir='ltr'><strong>tetendit</strong></span> 
     </span>
    </p>
   </div>
   <div class='ocr_carea' id='block_1_78' title="bbox 1948 3297 3571 3379">
    <p class='ocr_par' dir='ltr' id='par_1_78' title="bbox 1948 3297 3571 3379">
     <span class='ocr_line' id='line_1_78' title="bbox 1948 3297 3571 3379; baseline -0.007 -17"><span class='ocrx_word' id='word_1_539' title='bbox 1948 3306 2165 3379; x_wconf 90' lang='lat' dir='ltr'><strong>pedem</strong></span> <span class='ocrx_word' id='word_1_540' title='bbox 2190 3306 2338 3360; x_wconf 91' lang='lat' dir='ltr'><strong>ultra</strong></span> <span class='ocrx_word' id='word_1_541' title='bbox 2361 3306 2554 3360; x_wconf 90' lang='lat' dir='ltr'><strong>locum</strong></span> <span class='ocrx_word' id='word_1_542' title='bbox 2600 3321 2714 3375; x_wconf 92' lang='lat' dir='ltr'><strong>quo</strong></span> <span class='ocrx_word' id='word_1_543' title='bbox 2749 3302 2902 3357; x_wconf 86' lang='lat' dir='ltr'><strong>hunc</strong></span> <span class='ocrx_word' id='word_1_544' title='bbox 2923 3297 3417 3370; x_wconf 89' lang='lat' dir='ltr'><strong>tendereligatum</strong></span> <span class='ocrx_word' id='word_1_545' title='bbox 3436 3313 3571 3352; x_wconf 90' lang='lat' dir='ltr'><strong>con-</strong></span> 
     </span>
    </p>
   </div>
   <div class='ocr_carea' id='block_1_79' title="bbox 1950 3387 3571 3466">
    <p class='ocr_par' dir='ltr' id='par_1_79' title="bbox 1950 3387 3571 3466">
     <span class='ocr_line' id='line_1_79' title="bbox 1950 3387 3571 3466; baseline -0.003 -16"><span class='ocrx_word' id='word_1_546' title='bbox 1950 3397 2232 3451; x_wconf 83' lang='lat' dir='ltr'><strong>sueverat.</strong></span> <span class='ocrx_word' id='word_1_547' title='bbox 2260 3416 2288 3444; x_wconf 85' lang='lat'><strong>»</strong></span> <span class='ocrx_word' id='word_1_548' title='bbox 2309 3396 2370 3448; x_wconf 91' lang='lat' dir='ltr'><strong>In</strong></span> <span class='ocrx_word' id='word_1_549' title='bbox 2386 3397 2592 3466; x_wconf 90' lang='lat' dir='ltr'><strong>quarto</strong></span> <span class='ocrx_word' id='word_1_550' title='bbox 2611 3409 2841 3465; x_wconf 91' lang='lat' dir='ltr'><strong>quoque</strong></span> <span class='ocrx_word' id='word_1_551' title='bbox 2851 3387 3314 3457; x_wconf 90' lang='lat' dir='ltr'><strong>volumine,dum</strong></span> <span class='ocrx_word' id='word_1_552' title='bbox 3329 3387 3400 3442; x_wconf 94' lang='lat' dir='ltr'><strong>de</strong></span> <span class='ocrx_word' id='word_1_553' title='bbox 3414 3388 3571 3445; x_wconf 86' lang='lat' dir='ltr'><strong>exitu</strong></span> 
     </span>
    </p>
   </div>
   <div class='ocr_carea' id='block_1_80' title="bbox 1948 3477 3573 3556">
    <p class='ocr_par' dir='ltr' id='par_1_80' title="bbox 1948 3477 3573 3556">
     <span class='ocr_line' id='line_1_80' title="bbox 1948 3477 3573 3556; baseline -0.002 -17"><span class='ocrx_word' id='word_1_554' title='bbox 1948 3485 2286 3556; x_wconf 88' lang='lat' dir='ltr'><strong>loqueretur</strong></span> <span class='ocrx_word' id='word_1_555' title='bbox 2298 3483 2630 3539; x_wconf 89' lang='lat' dir='ltr'><strong>animarum</strong></span> <span class='ocrx_word' id='word_1_556' title='bbox 2649 3481 2996 3537; x_wconf 89' lang='lat' dir='ltr'><strong>miraculum</strong></span> <span class='ocrx_word' id='word_1_557' title='bbox 3011 3479 3239 3552; x_wconf 90' lang='lat' dir='ltr'><strong>quodin</strong></span> <span class='ocrx_word' id='word_1_558' title='bbox 3252 3477 3380 3532; x_wconf 89' lang='lat' dir='ltr'><strong>Vita</strong></span> <span class='ocrx_word' id='word_1_559' title='bbox 3392 3477 3573 3549; x_wconf 85' lang='lat' dir='ltr'><strong>ipsius</strong></span> 
     </span>
    </p>
   </div>
   <div class='ocr_carea' id='block_1_81' title="bbox 1953 3567 3573 3644">
    <p class='ocr_par' dir='ltr' id='par_1_81' title="bbox 1953 3567 3573 3644">
     <span class='ocr_line' id='line_1_81' title="bbox 1953 3567 3573 3644; baseline -0.002 -16"><span class='ocrx_word' id='word_1_560' title='bbox 1953 3572 2301 3644; x_wconf 89' lang='lat' dir='ltr'><strong>legislatoris</strong></span> <span class='ocrx_word' id='word_1_561' title='bbox 2328 3573 2509 3628; x_wconf 89' lang='lat' dir='ltr'><strong>nostri</strong></span> <span class='ocrx_word' id='word_1_562' title='bbox 2543 3571 2840 3627; x_wconf 89' lang='lat' dir='ltr'><strong>Benedicti</strong></span> <span class='ocrx_word' id='word_1_563' title='bbox 2867 3570 3262 3642; x_wconf 88' lang='lat' dir='ltr'><strong>descripserat,</strong></span> <span class='ocrx_word' id='word_1_564' title='bbox 3300 3567 3573 3641; x_wconf 86' lang='lat' dir='ltr'><strong>quodque</strong></span> 
     </span>
    </p>
   </div>
   <div class='ocr_carea' id='block_1_82' title="bbox 1950 3657 3574 3734">
    <p class='ocr_par' dir='ltr' id='par_1_82' title="bbox 1950 3657 3574 3734">
     <span class='ocr_line' id='line_1_82' title="bbox 1950 3657 3574 3734; baseline -0.002 -18"><span class='ocrx_word' id='word_1_565' title='bbox 1950 3678 2058 3734; x_wconf 91' lang='lat' dir='ltr'><strong>pro</strong></span> <span class='ocrx_word' id='word_1_566' title='bbox 2101 3661 2188 3716; x_wconf 91' lang='lat' dir='ltr'><strong>sui</strong></span> <span class='ocrx_word' id='word_1_567' title='bbox 2231 3661 2639 3732; x_wconf 87' lang='lat' dir='ltr'><strong>magnitudine</strong></span> <span class='ocrx_word' id='word_1_568' title='bbox 2670 3661 2824 3732; x_wconf 89' lang='lat' dir='ltr'><strong>apud</strong></span> <span class='ocrx_word' id='word_1_569' title='bbox 2855 3660 3224 3715; x_wconf 80' lang='lat' dir='ltr'><strong>infirmorum</strong></span> <span class='ocrx_word' id='word_1_570' title='bbox 3256 3659 3484 3712; x_wconf 90' lang='lat' dir='ltr'><strong>mentes</strong></span> <span class='ocrx_word' id='word_1_571' title='bbox 3511 3657 3574 3713; x_wconf 92' lang='lat' dir='ltr'><strong>in</strong></span> 
     </span>
    </p>
   </div>
   <div class='ocr_carea' id='block_1_83' title="bbox 1953 3746 3573 3822">
    <p class='ocr_par' dir='ltr' id='par_1_83' title="bbox 1953 3746 3573 3822">
     <span class='ocr_line' id='line_1_83' title="bbox 1953 3746 3573 3822; baseline -0.001 -18"><span class='ocrx_word' id='word_1_572' title='bbox 1953 3749 2195 3804; x_wconf 91' lang='lat' dir='ltr'><strong>dubium</strong></span> <span class='ocrx_word' id='word_1_573' title='bbox 2225 3750 2486 3804; x_wconf 83' lang='lat' dir='ltr'><strong>fortassis</strong></span> <span class='ocrx_word' id='word_1_574' title='bbox 2517 3750 2786 3804; x_wconf 88' lang='lat' dir='ltr'><strong>devenire</strong></span> <span class='ocrx_word' id='word_1_575' title='bbox 2840 3751 3086 3822; x_wconf 88' lang='lat' dir='ltr'><strong>poterat,</strong></span> <span class='ocrx_word' id='word_1_576' title='bbox 3137 3746 3573 3817; x_wconf 86' lang='lat' dir='ltr'><strong>recapitulando</strong></span> 
     </span>
    </p>
   </div>
   <div class='ocr_carea' id='block_1_84' title="bbox 1950 3834 3570 3909">
    <p class='ocr_par' dir='ltr' id='par_1_84' title="bbox 1950 3834 3570 3909">
     <span class='ocr_line' id='line_1_84' title="bbox 1950 3834 3570 3909; baseline -0.004 -16"><span class='ocrx_word' id='word_1_577' title='bbox 1950 3838 2209 3893; x_wconf 82' lang='lat' dir='ltr'><strong>inferens</strong></span> <span class='ocrx_word' id='word_1_578' title='bbox 2237 3838 2393 3893; x_wconf 91' lang='lat' dir='ltr'><strong>aliud</strong></span> <span class='ocrx_word' id='word_1_579' title='bbox 2421 3838 2579 3909; x_wconf 90' lang='lat' dir='ltr'><strong>quod</strong></span> <span class='ocrx_word' id='word_1_580' title='bbox 2631 3838 2876 3893; x_wconf 90' lang='lat' dir='ltr'><strong>minime</strong></span> <span class='ocrx_word' id='word_1_581' title='bbox 2931 3838 3225 3902; x_wconf 88' lang='lat' dir='ltr'><strong>retulerat,</strong></span> <span class='ocrx_word' id='word_1_582' title='bbox 3258 3834 3570 3904; x_wconf 90' lang='lat' dir='ltr'><strong>subjunxit.</strong></span> 
     </span>
    </p>
   </div>
   <div class='ocr_carea' id='block_1_85' title="bbox 1950 3921 3573 3998">
    <p class='ocr_par' dir='ltr' id='par_1_85' title="bbox 1950 3921 3573 3998">
     <span class='ocr_line' id='line_1_85' title="bbox 1950 3921 3573 3998; baseline -0.002 -17"><span class='ocrx_word' id='word_1_583' title='bbox 1950 3927 2051 3981; x_wconf 84' lang='lat' dir='ltr'><strong>Ait</strong></span> <span class='ocrx_word' id='word_1_584' title='bbox 2081 3926 2237 3981; x_wconf 88' lang='lat' dir='ltr'><strong>enim</strong></span> <span class='ocrx_word' id='word_1_585' title='bbox 2270 3927 2519 3998; x_wconf 91' lang='lat' dir='ltr'><strong>capitulo</strong></span> <span class='ocrx_word' id='word_1_586' title='bbox 2569 3929 2766 3980; x_wconf 90' lang='lat' dir='ltr'><strong>octavo</strong></span> <span class='ocrx_word' id='word_1_587' title='bbox 2829 3927 2939 3981; x_wconf 90' lang='lat' dir='ltr'><strong>ita:</strong></span> <span class='ocrx_word' id='word_1_588' title='bbox 2966 3950 2991 3975; x_wconf 90' lang='grc'><em>‹‹</em></span> <span class='ocrx_word' id='word_1_589' title='bbox 3025 3927 3087 3978; x_wconf 88' lang='lat' dir='ltr'><strong>In</strong></span> <span class='ocrx_word' id='word_1_590' title='bbox 3118 3922 3370 3978; x_wconf 90' lang='lat' dir='ltr'><strong>secundo</strong></span> <span class='ocrx_word' id='word_1_591' title='bbox 3402 3921 3573 3992; x_wconf 90' lang='lat' dir='ltr'><strong>hujus</strong></span> 
     </span>
    </p>
   </div>
   <div class='ocr_carea' id='block_1_86' title="bbox 1951 4010 3574 4087">
    <p class='ocr_par' dir='ltr' id='par_1_86' title="bbox 1951 4010 3574 4087">
     <span class='ocr_line' id='line_1_86' title="bbox 1951 4010 3574 4087; baseline -0.002 -17"><span class='ocrx_word' id='word_1_592' title='bbox 1951 4015 2142 4087; x_wconf 90' lang='lat' dir='ltr'><strong>operis</strong></span> <span class='ocrx_word' id='word_1_593' title='bbox 2160 4015 2306 4071; x_wconf 87' lang='lat' dir='ltr'><strong>libro</strong></span> <span class='ocrx_word' id='word_1_594' title='bbox 2326 4015 2450 4086; x_wconf 89' lang='lat' dir='ltr'><strong>jam</strong></span> <span class='ocrx_word' id='word_1_595' title='bbox 2480 4015 2753 4086; x_wconf 85' lang='lat' dir='ltr'><strong>praefatus</strong></span> <span class='ocrx_word' id='word_1_596' title='bbox 2775 4031 2901 4070; x_wconf 91' lang='lat' dir='ltr'><strong>sum</strong></span> <span class='ocrx_word' id='word_1_597' title='bbox 2923 4013 3078 4085; x_wconf 89' lang='lat' dir='ltr'><strong>quod</strong></span> <span class='ocrx_word' id='word_1_598' title='bbox 3114 4012 3200 4066; x_wconf 89' lang='lat' dir='ltr'><strong>vir</strong></span> <span class='ocrx_word' id='word_1_599' title='bbox 3227 4010 3574 4066; x_wconf 87' lang='lat' dir='ltr'><strong>venerabilis</strong></span> 
     </span>
    </p>
   </div>
   <div class='ocr_carea' id='block_1_87' title="bbox 1951 4098 3566 4174">
    <p class='ocr_par' dir='ltr' id='par_1_87' title="bbox 1951 4098 3566 4174">
     <span class='ocr_line' id='line_1_87' title="bbox 1951 4098 3566 4174; baseline -0.005 -15"><span class='ocrx_word' id='word_1_600' title='bbox 1951 4103 2315 4173; x_wconf 88' lang='lat' dir='ltr'><strong>Benedictus,</strong></span> <span class='ocrx_word' id='word_1_601' title='bbox 2344 4104 2488 4158; x_wconf 90' lang='lat' dir='ltr'><strong>sicut</strong></span> <span class='ocrx_word' id='word_1_602' title='bbox 2516 4120 2550 4158; x_wconf 90' lang='lat' dir='ltr'><strong>a</strong></span> <span class='ocrx_word' id='word_1_603' title='bbox 2579 4103 2843 4157; x_wconf 80' lang='lat' dir='ltr'><strong>fidelibus</strong></span> <span class='ocrx_word' id='word_1_604' title='bbox 2879 4103 2999 4174; x_wconf 88' lang='lat' dir='ltr'><strong>ejus</strong></span> <span class='ocrx_word' id='word_1_605' title='bbox 3021 4098 3306 4171; x_wconf 91' lang='lat' dir='ltr'><strong>discipulis</strong></span> <span class='ocrx_word' id='word_1_606' title='bbox 3333 4098 3566 4169; x_wconf 87' lang='lat' dir='ltr'><strong>agnovi,</strong></span> 
     </span>
    </p>
   </div>
   <div class='ocr_carea' id='block_1_88' title="bbox 1947 4187 3568 4265">
    <p class='ocr_par' dir='ltr' id='par_1_88' title="bbox 1947 4187 3568 4265">
     <span class='ocr_line' id='line_1_88' title="bbox 1947 4187 3568 4265; baseline -0.003 -18"><span class='ocrx_word' id='word_1_607' title='bbox 1947 4194 2122 4264; x_wconf 89' lang='lat' dir='ltr'><strong>longe</strong></span> <span class='ocrx_word' id='word_1_608' title='bbox 2150 4209 2184 4247; x_wconf 89' lang='lat' dir='ltr'><strong>a</strong></span> <span class='ocrx_word' id='word_1_609' title='bbox 2215 4194 2488 4265; x_wconf 90' lang='lat' dir='ltr'><strong>Capuana</strong></span> <span class='ocrx_word' id='word_1_610' title='bbox 2519 4193 2659 4247; x_wconf 92' lang='lat' dir='ltr'><strong>urbe</strong></span> <span class='ocrx_word' id='word_1_611' title='bbox 2693 4191 2931 4263; x_wconf 87' lang='lat' dir='ltr'><strong>positus,</strong></span> <span class='ocrx_word' id='word_1_612' title='bbox 2988 4187 3258 4244; x_wconf 91' lang='lat' dir='ltr'><strong>Germani</strong></span> <span class='ocrx_word' id='word_1_613' title='bbox 3308 4187 3568 4258; x_wconf 87' lang='lat' dir='ltr'><strong>ejusdem</strong></span> 
     </span>
    </p>
   </div>
   <div class='ocr_carea' id='block_1_89' title="bbox 1949 4275 3566 4353">
    <p class='ocr_par' dir='ltr' id='par_1_89' title="bbox 1949 4275 3566 4353">
     <span class='ocr_line' id='line_1_89' title="bbox 1949 4275 3566 4353; baseline -0.003 -18"><span class='ocrx_word' id='word_1_614' title='bbox 1949 4281 2109 4335; x_wconf 89' lang='lat' dir='ltr'><strong>urbis</strong></span> <span class='ocrx_word' id='word_1_615' title='bbox 2138 4281 2389 4353; x_wconf 90' lang='lat' dir='ltr'><strong>episcopi</strong></span> <span class='ocrx_word' id='word_1_616' title='bbox 2419 4281 2675 4336; x_wconf 90' lang='lat' dir='ltr'><strong>animam</strong></span> <span class='ocrx_word' id='word_1_617' title='bbox 2702 4283 2871 4336; x_wconf 89' lang='lat' dir='ltr'><strong>nocte</strong></span> <span class='ocrx_word' id='word_1_618' title='bbox 2894 4277 3088 4334; x_wconf 91' lang='lat' dir='ltr'><strong>media</strong></span> <span class='ocrx_word' id='word_1_619' title='bbox 3106 4277 3165 4332; x_wconf 93' lang='lat' dir='ltr'><strong>in</strong></span> <span class='ocrx_word' id='word_1_620' title='bbox 3186 4276 3360 4348; x_wconf 90' lang='lat' dir='ltr'><strong>globo</strong></span> <span class='ocrx_word' id='word_1_621' title='bbox 3392 4275 3566 4347; x_wconf 89' lang='lat' dir='ltr'><strong>igneo</strong></span> 
     </span>
    </p>
   </div>
   <div class='ocr_carea' id='block_1_90' title="bbox 236 4361 3565 4442">
    <p class='ocr_par' dir='ltr' id='par_1_90' title="bbox 236 4361 3565 4442">
     <span class='ocr_line' id='line_1_90' title="bbox 236 4361 3565 4442; baseline 0.001 -25"><span class='ocrx_word' id='word_1_622' title='bbox 236 4361 635 4438; x_wconf 79' lang='lat' dir='ltr'><strong>Redemptoris</strong></span> <span class='ocrx_word' id='word_1_623' title='bbox 682 4366 945 4422; x_wconf 90' lang='lat' dir='ltr'><strong>omnium</strong></span> <span class='ocrx_word' id='word_1_624' title='bbox 976 4369 1105 4422; x_wconf 73' lang='lat' dir='ltr'><strong>Iesu</strong></span> <span class='ocrx_word' id='word_1_625' title='bbox 1135 4367 1343 4423; x_wconf 89' lang='lat' dir='ltr'><strong>Christi</strong></span> <span class='ocrx_word' id='word_1_626' title='bbox 1374 4368 1631 4424; x_wconf 88' lang='lat' dir='ltr'><strong>imitatus</strong></span> <span class='ocrx_word' id='word_1_627' title='bbox 1661 4385 1850 4424; x_wconf 84' lang='lat' dir='ltr'><strong>exem-</strong></span> <span class='ocrx_word' id='word_1_628' title='bbox 1869 4362 1922 4421; x_wconf 91' lang='lat' dir='ltr'><strong>D</strong></span> <span class='ocrx_word' id='word_1_629' title='bbox 1948 4370 2021 4426; x_wconf 90' lang='lat' dir='ltr'><strong>ad</strong></span> <span class='ocrx_word' id='word_1_630' title='bbox 2051 4370 2257 4425; x_wconf 78' lang='lat' dir='ltr'><strong>coelum</strong></span> <span class='ocrx_word' id='word_1_631' title='bbox 2290 4369 2428 4424; x_wconf 87' lang='lat' dir='ltr'><strong>ferri</strong></span> <span class='ocrx_word' id='word_1_632' title='bbox 2483 4370 2555 4424; x_wconf 90' lang='lat' dir='ltr'><strong>ab</strong></span> <span class='ocrx_word' id='word_1_633' title='bbox 2600 4369 2819 4442; x_wconf 90' lang='lat' dir='ltr'><strong>angelis</strong></span> <span class='ocrx_word' id='word_1_634' title='bbox 2863 4368 3100 4441; x_wconf 89' lang='lat' dir='ltr'><strong>aspexit.</strong></span> <span class='ocrx_word' id='word_1_635' title='bbox 3155 4366 3262 4431; x_wconf 86' lang='lat' dir='ltr'><strong>Qui</strong></span> <span class='ocrx_word' id='word_1_636' title='bbox 3293 4365 3565 4421; x_wconf 87' lang='lat' dir='ltr'><strong>eamdem</strong></span> 
     </span>
    </p>
   </div>
   <div class='ocr_carea' id='block_1_91' title="bbox 227 4451 1843 4528">
    <p class='ocr_par' dir='ltr' id='par_1_91' title="bbox 227 4451 1843 4528">
     <span class='ocr_line' id='line_1_91' title="bbox 227 4451 1843 4528; baseline 0.004 -24"><span class='ocrx_word' id='word_1_637' title='bbox 227 4451 388 4522; x_wconf 87' lang='lat' dir='ltr'><strong>plum</strong></span> <span class='ocrx_word' id='word_1_638' title='bbox 414 4455 471 4510; x_wconf 92' lang='lat' dir='ltr'><strong>in</strong></span> <span class='ocrx_word' id='word_1_639' title='bbox 489 4457 600 4511; x_wconf 89' lang='lat' dir='ltr'><strong>hoc</strong></span> <span class='ocrx_word' id='word_1_640' title='bbox 620 4455 770 4511; x_wconf 88' lang='lat' dir='ltr'><strong>facto</strong></span> <span class='ocrx_word' id='word_1_641' title='bbox 797 4459 883 4510; x_wconf 89' lang='lat' dir='ltr'><strong>est</strong></span> <span class='ocrx_word' id='word_1_642' title='bbox 903 4473 915 4510; x_wconf 92' lang='lat'><strong>:</strong></span> <span class='ocrx_word' id='word_1_643' title='bbox 934 4456 1152 4511; x_wconf 89' lang='lat' dir='ltr'><strong>etenim</strong></span> <span class='ocrx_word' id='word_1_644' title='bbox 1169 4457 1455 4528; x_wconf 89' lang='lat' dir='ltr'><strong>benignus</strong></span> <span class='ocrx_word' id='word_1_645' title='bbox 1465 4458 1624 4513; x_wconf 85' lang='lat' dir='ltr'><strong>Jesus</strong></span> <span class='ocrx_word' id='word_1_646' title='bbox 1641 4457 1843 4512; x_wconf 88' lang='lat' dir='ltr'><strong>odien-</strong></span> 
     </span>
    </p>
   </div>
   <div class='ocr_carea' id='block_1_92' title="bbox 231 4539 1847 4618">
    <p class='ocr_par' dir='ltr' id='par_1_92' title="bbox 231 4539 1847 4618">
     <span class='ocr_line' id='line_1_92' title="bbox 231 4539 1847 4618; baseline 0.006 -26"><span class='ocrx_word' id='word_1_647' title='bbox 231 4539 306 4594; x_wconf 84' lang='lat' dir='ltr'><strong>tis</strong></span> <span class='ocrx_word' id='word_1_648' title='bbox 325 4558 380 4597; x_wconf 87' lang='lat' dir='ltr'><strong>se</strong></span> <span class='ocrx_word' id='word_1_649' title='bbox 412 4544 822 4616; x_wconf 59' lang='lat' dir='ltr'><strong>Hierosolyma</strong></span> <span class='ocrx_word' id='word_1_650' title='bbox 866 4543 1110 4599; x_wconf 88' lang='lat' dir='ltr'><strong>civitatis</strong></span> <span class='ocrx_word' id='word_1_651' title='bbox 1138 4545 1495 4600; x_wconf 89' lang='lat' dir='ltr'><strong>eversionem</strong></span> <span class='ocrx_word' id='word_1_652' title='bbox 1519 4547 1847 4618; x_wconf 89' lang='lat' dir='ltr'><strong>lacrymans</strong></span> 
     </span>
    </p>
   </div>
   <div class='ocr_carea' id='block_1_93' title="bbox 232 4630 1842 4704">
    <p class='ocr_par' dir='ltr' id='par_1_93' title="bbox 232 4630 1842 4704">
     <span class='ocr_line' id='line_1_93' title="bbox 232 4630 1842 4704; baseline 0.004 -23"><span class='ocrx_word' id='word_1_653' title='bbox 232 4630 509 4696; x_wconf 60' lang='lat' dir='ltr'><strong>pradixit.</strong></span> <span class='ocrx_word' id='word_1_654' title='bbox 543 4633 680 4704; x_wconf 89' lang='lat' dir='ltr'><strong>Ejus</strong></span> <span class='ocrx_word' id='word_1_655' title='bbox 729 4636 922 4687; x_wconf 90' lang='lat' dir='ltr'><strong>autem</strong></span> <span class='ocrx_word' id='word_1_656' title='bbox 975 4650 1138 4688; x_wconf 90' lang='lat' dir='ltr'><strong>verus</strong></span> <span class='ocrx_word' id='word_1_657' title='bbox 1178 4634 1428 4689; x_wconf 87' lang='lat' dir='ltr'><strong>famulus</strong></span> <span class='ocrx_word' id='word_1_658' title='bbox 1480 4635 1842 4702; x_wconf 90' lang='lat' dir='ltr'><strong>Benedictus,</strong></span> 
     </span>
    </p>
   </div>
   <div class='ocr_carea' id='block_1_94' title="bbox 233 4715 1846 4791">
    <p class='ocr_par' dir='ltr' id='par_1_94' title="bbox 233 4715 1846 4791">
     <span class='ocr_line' id='line_1_94' title="bbox 233 4715 1846 4791; baseline 0.005 -22"><span class='ocrx_word' id='word_1_659' title='bbox 233 4715 451 4776; x_wconf 66' lang='lat' dir='ltr'><strong>dilectae</strong></span> <span class='ocrx_word' id='word_1_660' title='bbox 477 4721 585 4777; x_wconf 91' lang='lat' dir='ltr'><strong>sibi</strong></span> <span class='ocrx_word' id='word_1_661' title='bbox 615 4721 987 4777; x_wconf 87' lang='lat' dir='ltr'><strong>habitationis</strong></span> <span class='ocrx_word' id='word_1_662' title='bbox 1045 4722 1359 4791; x_wconf 87' lang='lat' dir='ltr'><strong>domicilia,</strong></span> <span class='ocrx_word' id='word_1_663' title='bbox 1393 4722 1660 4779; x_wconf 89' lang='lat' dir='ltr'><strong>divinitus</strong></span> <span class='ocrx_word' id='word_1_664' title='bbox 1690 4739 1846 4778; x_wconf 91' lang='lat' dir='ltr'><strong>ever-</strong></span> 
     </span>
    </p>
   </div>
   <div class='ocr_carea' id='block_1_95' title="bbox 230 4804 1846 4884">
    <p class='ocr_par' dir='ltr' id='par_1_95' title="bbox 230 4804 1846 4884">
     <span class='ocr_line' id='line_1_95' title="bbox 230 4804 1846 4884; baseline 0.005 -25"><span class='ocrx_word' id='word_1_665' title='bbox 230 4804 380 4864; x_wconf 84' lang='lat' dir='ltr'><strong>sioni</strong></span> <span class='ocrx_word' id='word_1_666' title='bbox 409 4811 676 4883; x_wconf 89' lang='lat' dir='ltr'><strong>gentium</strong></span> <span class='ocrx_word' id='word_1_667' title='bbox 701 4809 934 4880; x_wconf 88' lang='lat' dir='ltr'><strong>tradita,</strong></span> <span class='ocrx_word' id='word_1_668' title='bbox 965 4810 1184 4867; x_wconf 87' lang='lat' dir='ltr'><strong>deﬂens</strong></span> <span class='ocrx_word' id='word_1_669' title='bbox 1211 4828 1277 4868; x_wconf 88' lang='lat' dir='ltr'><strong>ac</strong></span> <span class='ocrx_word' id='word_1_670' title='bbox 1298 4811 1686 4884; x_wconf 90' lang='lat' dir='ltr'><strong>ingemiscens</strong></span> <span class='ocrx_word' id='word_1_671' title='bbox 1701 4828 1846 4884; x_wconf 75' lang='lat' dir='ltr'><strong>pra:-</strong></span> 
     </span>
    </p>
   </div>
   <div class='ocr_carea' id='block_1_96' title="bbox 230 4899 535 4955">
    <p class='ocr_par' dir='ltr' id='par_1_96' title="bbox 230 4899 535 4955">
     <span class='ocr_line' id='line_1_96' title="bbox 230 4899 535 4955; baseline 0.023 -7"><span class='ocrx_word' id='word_1_672' title='bbox 230 4899 535 4955; x_wconf 85' lang='lat' dir='ltr'><strong>nuntiavit.</strong></span> 
     </span>
    </p>
   </div>
   <div class='ocr_carea' id='block_1_97' title="bbox 303 4986 1845 5062">
    <p class='ocr_par' dir='ltr' id='par_1_97' title="bbox 303 4986 1845 5062">
     <span class='ocr_line' id='line_1_97' title="bbox 303 4986 1845 5062; baseline 0.003 -20"><span class='ocrx_word' id='word_1_673' title='bbox 303 4986 615 5045; x_wconf 77' lang='lat' dir='ltr'><strong>Enimvero</strong></span> <span class='ocrx_word' id='word_1_674' title='bbox 639 4987 823 5044; x_wconf 88' lang='lat' dir='ltr'><strong>Eliam</strong></span> <span class='ocrx_word' id='word_1_675' title='bbox 847 4988 1001 5045; x_wconf 92' lang='lat' dir='ltr'><strong>corvi</strong></span> <span class='ocrx_word' id='word_1_676' title='bbox 1025 4990 1321 5062; x_wconf 89' lang='lat' dir='ltr'><strong>quondam</strong></span> <span class='ocrx_word' id='word_1_677' title='bbox 1335 5005 1544 5062; x_wconf 88' lang='lat' dir='ltr'><strong>pavere</strong></span> <span class='ocrx_word' id='word_1_678' title='bbox 1575 4989 1845 5060; x_wconf 91' lang='lat' dir='ltr'><strong>ministri,</strong></span> 
     </span>
    </p>
   </div>
   <div class='ocr_carea' id='block_1_98' title="bbox 229 5071 1851 5151">
    <p class='ocr_par' dir='ltr' id='par_1_98' title="bbox 229 5071 1851 5151">
     <span class='ocr_line' id='line_1_98' title="bbox 229 5071 1851 5151; baseline 0.003 -22"><span class='ocrx_word' id='word_1_679' title='bbox 229 5071 471 5133; x_wconf 86' lang='lat' dir='ltr'><strong>beatum</strong></span> <span class='ocrx_word' id='word_1_680' title='bbox 525 5077 904 5134; x_wconf 88' lang='lat' dir='ltr'><strong>Benedictum</strong></span> <span class='ocrx_word' id='word_1_681' title='bbox 963 5080 1192 5134; x_wconf 89' lang='lat' dir='ltr'><strong>Patrem</strong></span> <span class='ocrx_word' id='word_1_682' title='bbox 1252 5079 1363 5135; x_wconf 89' lang='lat' dir='ltr'><strong>iter</strong></span> <span class='ocrx_word' id='word_1_683' title='bbox 1415 5083 1688 5151; x_wconf 90' lang='lat' dir='ltr'><strong>agentem</strong></span> <span class='ocrx_word' id='word_1_684' title='bbox 1718 5083 1851 5135; x_wconf 91' lang='lat' dir='ltr'><strong>sunt</strong></span> 
     </span>
    </p>
   </div>
   <div class='ocr_carea' id='block_1_99' title="bbox 229 5163 1849 5224">
    <p class='ocr_par' dir='ltr' id='par_1_99' title="bbox 229 5163 1849 5224">
     <span class='ocr_line' id='line_1_99' title="bbox 229 5163 1849 5224; baseline 0.006 -9"><span class='ocrx_word' id='word_1_685' title='bbox 229 5163 722 5223; x_wconf 84' lang='lat' dir='ltr'><strong>circumvolantes</strong></span> <span class='ocrx_word' id='word_1_686' title='bbox 745 5167 942 5222; x_wconf 90' lang='lat' dir='ltr'><strong>secuti.</strong></span> <span class='ocrx_word' id='word_1_687' title='bbox 969 5168 1105 5223; x_wconf 69' lang='lat' dir='ltr'><strong>Elia:</strong></span> <span class='ocrx_word' id='word_1_688' title='bbox 1125 5169 1198 5224; x_wconf 89' lang='lat' dir='ltr'><strong>ad</strong></span> <span class='ocrx_word' id='word_1_689' title='bbox 1215 5169 1367 5224; x_wconf 93' lang='lat' dir='ltr'><strong>solos</strong></span> <span class='ocrx_word' id='word_1_690' title='bbox 1384 5169 1645 5224; x_wconf 90' lang='lat' dir='ltr'><strong>ciborum</strong></span> <span class='ocrx_word' id='word_1_691' title='bbox 1677 5169 1849 5224; x_wconf 86' lang='lat' dir='ltr'><strong>mini-</strong></span> 
     </span>
    </p>
   </div>
   <div class='ocr_carea' id='block_1_100' title="bbox 231 5256 1850 5326">
    <p class='ocr_par' dir='ltr' id='par_1_100' title="bbox 231 5256 1850 5326">
     <span class='ocr_line' id='line_1_100' title="bbox 231 5256 1850 5326; baseline 0.003 -18"><span class='ocrx_word' id='word_1_692' title='bbox 231 5256 564 5312; x_wconf 82' lang='lat' dir='ltr'><strong>straverunt</strong></span> <span class='ocrx_word' id='word_1_693' title='bbox 620 5273 781 5326; x_wconf 88' lang='lat' dir='ltr'><strong>usus;</strong></span> <span class='ocrx_word' id='word_1_694' title='bbox 837 5257 1144 5313; x_wconf 90' lang='lat' dir='ltr'><strong>Benedicto</strong></span> <span class='ocrx_word' id='word_1_695' title='bbox 1189 5258 1343 5313; x_wconf 89' lang='lat' dir='ltr'><strong>Patri</strong></span> <span class='ocrx_word' id='word_1_696' title='bbox 1397 5275 1513 5314; x_wconf 92' lang='lat' dir='ltr'><strong>non</strong></span> <span class='ocrx_word' id='word_1_697' title='bbox 1563 5260 1749 5314; x_wconf 89' lang='lat' dir='ltr'><strong>solum</strong></span> <span class='ocrx_word' id='word_1_698' title='bbox 1789 5259 1850 5313; x_wconf 92' lang='lat' dir='ltr'><strong>in</strong></span> 
     </span>
    </p>
   </div>
   <div class='ocr_carea' id='block_1_101' title="bbox 232 5346 1848 5419">
    <p class='ocr_par' dir='ltr' id='par_1_101' title="bbox 232 5346 1848 5419">
     <span class='ocr_line' id='line_1_101' title="bbox 232 5346 1848 5419; baseline 0.004 -23"><span class='ocrx_word' id='word_1_699' title='bbox 232 5346 731 5419; x_wconf 77' lang='lat' dir='ltr'><strong>transportatione</strong></span> <span class='ocrx_word' id='word_1_700' title='bbox 774 5346 1042 5402; x_wconf 86' lang='lat' dir='ltr'><strong>venenati</strong></span> <span class='ocrx_word' id='word_1_701' title='bbox 1089 5347 1276 5418; x_wconf 89' lang='lat' dir='ltr'><strong>panis,</strong></span> <span class='ocrx_word' id='word_1_702' title='bbox 1330 5365 1532 5403; x_wconf 89' lang='lat' dir='ltr'><strong>verum</strong></span> <span class='ocrx_word' id='word_1_703' title='bbox 1581 5351 1758 5403; x_wconf 90' lang='lat' dir='ltr'><strong>etiam</strong></span> <span class='ocrx_word' id='word_1_704' title='bbox 1790 5347 1848 5402; x_wconf 91' lang='lat' dir='ltr'><strong>in</strong></span> 
     </span>
    </p>
   </div>
   <div class='ocr_carea' id='block_1_102' title="bbox 232 5435 1847 5509">
    <p class='ocr_par' dir='ltr' id='par_1_102' title="bbox 232 5435 1847 5509">
     <span class='ocr_line' id='line_1_102' title="bbox 232 5435 1847 5509; baseline 0.002 -21"><span class='ocrx_word' id='word_1_705' title='bbox 232 5435 514 5491; x_wconf 83' lang='lat' dir='ltr'><strong>comitatu</strong></span> <span class='ocrx_word' id='word_1_706' title='bbox 537 5435 860 5491; x_wconf 87' lang='lat' dir='ltr'><strong>servierunt</strong></span> <span class='ocrx_word' id='word_1_707' title='bbox 895 5435 1130 5491; x_wconf 89' lang='lat' dir='ltr'><strong>itineris.</strong></span> <span class='ocrx_word' id='word_1_708' title='bbox 1159 5437 1560 5508; x_wconf 88' lang='lat' dir='ltr'><strong>Comparetur,</strong></span> <span class='ocrx_word' id='word_1_709' title='bbox 1604 5437 1737 5509; x_wconf 89' lang='lat' dir='ltr'><strong>quia</strong></span> <span class='ocrx_word' id='word_1_710' title='bbox 1762 5437 1847 5492; x_wconf 94' lang='lat' dir='ltr'><strong>di-</strong></span> 
     </span>
    </p>
   </div>
   <div class='ocr_carea' id='block_1_103' title="bbox 234 5524 1847 5598">
    <p class='ocr_par' dir='ltr' id='par_1_103' title="bbox 234 5524 1847 5598">
     <span class='ocr_line' id='line_1_103' title="bbox 234 5524 1847 5598; baseline 0.002 -20"><span class='ocrx_word' id='word_1_711' title='bbox 234 5538 418 5594; x_wconf 88' lang='lat' dir='ltr'><strong>gnum</strong></span> <span class='ocrx_word' id='word_1_712' title='bbox 449 5529 556 5592; x_wconf 87' lang='lat' dir='ltr'><strong>est,</strong></span> <span class='ocrx_word' id='word_1_713' title='bbox 585 5525 646 5580; x_wconf 91' lang='lat' dir='ltr'><strong>in</strong></span> <span class='ocrx_word' id='word_1_714' title='bbox 676 5525 1035 5597; x_wconf 87' lang='lat' dir='ltr'><strong>legislatione</strong></span> <span class='ocrx_word' id='word_1_715' title='bbox 1078 5525 1272 5598; x_wconf 82' lang='lat' dir='ltr'><strong>Moysi.</strong></span> <span class='ocrx_word' id='word_1_716' title='bbox 1305 5524 1576 5590; x_wconf 88' lang='lat' dir='ltr'><strong>Quamvis</strong></span> <span class='ocrx_word' id='word_1_717' title='bbox 1605 5542 1639 5581; x_wconf 89' lang='lat' dir='ltr'><strong>a</strong></span> <span class='ocrx_word' id='word_1_718' title='bbox 1661 5527 1847 5598; x_wconf 85' lang='lat' dir='ltr'><strong>Moyse</strong></span> 
     </span>
    </p>
   </div>
   <div class='ocr_carea' id='block_1_104' title="bbox 236 5613 1849 5688">
    <p class='ocr_par' dir='ltr' id='par_1_104' title="bbox 236 5613 1849 5688">
     <span class='ocr_line' id='line_1_104' title="bbox 236 5613 1849 5688; baseline 0 -16"><span class='ocrx_word' id='word_1_719' title='bbox 236 5614 340 5672; x_wconf 82' lang='lat' dir='ltr'><strong>uni</strong></span> <span class='ocrx_word' id='word_1_720' title='bbox 366 5613 785 5677; x_wconf 83' lang='lat' dir='ltr'><strong>tantummodo</strong></span> <span class='ocrx_word' id='word_1_721' title='bbox 829 5614 989 5687; x_wconf 78' lang='lat' dir='ltr'><strong>genti</strong></span> <span class='ocrx_word' id='word_1_722' title='bbox 1041 5614 1128 5672; x_wconf 89' lang='lat' dir='ltr'><strong>lex</strong></span> <span class='ocrx_word' id='word_1_723' title='bbox 1179 5614 1315 5675; x_wconf 80' lang='lat' dir='ltr'><strong>data</strong></span> <span class='ocrx_word' id='word_1_724' title='bbox 1341 5615 1441 5688; x_wconf 85' lang='lat' dir='ltr'><strong>sit;</strong></span> <span class='ocrx_word' id='word_1_725' title='bbox 1473 5631 1509 5675; x_wconf 85' lang='lat' dir='ltr'><strong>a</strong></span> <span class='ocrx_word' id='word_1_726' title='bbox 1535 5614 1849 5675; x_wconf 84' lang='lat' dir='ltr'><strong>venerabili</strong></span> 
     </span>
    </p>
   </div>
   <div class='ocr_carea' id='block_1_105' title="bbox 1947 4455 3568 4529">
    <p class='ocr_par' dir='ltr' id='par_1_105' title="bbox 1947 4455 3568 4529">
     <span class='ocr_line' id='line_1_105' title="bbox 1947 4455 3568 4529; baseline -0.002 -16"><span class='ocrx_word' id='word_1_727' title='bbox 1947 4475 2177 4529; x_wconf 89' lang='lat' dir='ltr'><strong>quoque</strong></span> <span class='ocrx_word' id='word_1_728' title='bbox 2195 4458 2605 4514; x_wconf 89' lang='lat' dir='ltr'><strong>ascendentem</strong></span> <span class='ocrx_word' id='word_1_729' title='bbox 2631 4458 2889 4513; x_wconf 90' lang='lat' dir='ltr'><strong>animam</strong></span> <span class='ocrx_word' id='word_1_730' title='bbox 2913 4458 3166 4521; x_wconf 88' lang='lat' dir='ltr'><strong>intuens,</strong></span> <span class='ocrx_word' id='word_1_731' title='bbox 3183 4455 3392 4510; x_wconf 90' lang='lat' dir='ltr'><strong>mentis</strong></span> <span class='ocrx_word' id='word_1_732' title='bbox 3414 4456 3568 4510; x_wconf 85' lang='lat' dir='ltr'><strong>laxa-</strong></span> 
     </span>
    </p>
   </div>
   <div class='ocr_carea' id='block_1_106' title="bbox 1945 4543 3566 4620">
    <p class='ocr_par' dir='ltr' id='par_1_106' title="bbox 1945 4543 3566 4620">
     <span class='ocr_line' id='line_1_106' title="bbox 1945 4543 3566 4620; baseline -0.002 -18"><span class='ocrx_word' id='word_1_733' title='bbox 1945 4551 2005 4602; x_wconf 92' lang='lat' dir='ltr'><strong>to</strong></span> <span class='ocrx_word' id='word_1_734' title='bbox 2031 4546 2181 4614; x_wconf 91' lang='lat' dir='ltr'><strong>sinu,</strong></span> <span class='ocrx_word' id='word_1_735' title='bbox 2213 4547 2374 4620; x_wconf 89' lang='lat' dir='ltr'><strong>quasi</strong></span> <span class='ocrx_word' id='word_1_736' title='bbox 2406 4549 2510 4602; x_wconf 81' lang='lat' dir='ltr'><strong>sub</strong></span> <span class='ocrx_word' id='word_1_737' title='bbox 2546 4563 2659 4602; x_wconf 89' lang='lat' dir='ltr'><strong>uno</strong></span> <span class='ocrx_word' id='word_1_738' title='bbox 2692 4547 2826 4602; x_wconf 90' lang='lat' dir='ltr'><strong>solis</strong></span> <span class='ocrx_word' id='word_1_739' title='bbox 2851 4547 3322 4615; x_wconf 90' lang='lat' dir='ltr'><strong>radio,cunctum</strong></span> <span class='ocrx_word' id='word_1_740' title='bbox 3353 4544 3412 4598; x_wconf 92' lang='lat' dir='ltr'><strong>in</strong></span> <span class='ocrx_word' id='word_1_741' title='bbox 3450 4543 3566 4599; x_wconf 89' lang='lat' dir='ltr'><strong>suis</strong></span> 
     </span>
    </p>
   </div>
   <div class='ocr_carea' id='block_1_107' title="bbox 1947 4633 3567 4707">
    <p class='ocr_par' dir='ltr' id='par_1_107' title="bbox 1947 4633 3567 4707">
     <span class='ocr_line' id='line_1_107' title="bbox 1947 4633 3567 4707; baseline -0.002 -17"><span class='ocrx_word' id='word_1_742' title='bbox 1947 4635 2126 4690; x_wconf 90' lang='lat' dir='ltr'><strong>oculis</strong></span> <span class='ocrx_word' id='word_1_743' title='bbox 2149 4636 2434 4690; x_wconf 85' lang='lat' dir='ltr'><strong>mundum</strong></span> <span class='ocrx_word' id='word_1_744' title='bbox 2459 4637 2762 4691; x_wconf 90' lang='lat' dir='ltr'><strong>collectum</strong></span> <span class='ocrx_word' id='word_1_745' title='bbox 2785 4635 2940 4690; x_wconf 90' lang='lat' dir='ltr'><strong>vidit.</strong></span> <span class='ocrx_word' id='word_1_746' title='bbox 2961 4635 3188 4691; x_wconf 87' lang='lat' dir='ltr'><strong>Eisdem</strong></span> <span class='ocrx_word' id='word_1_747' title='bbox 3208 4650 3438 4707; x_wconf 90' lang='lat' dir='ltr'><strong>quoque</strong></span> <span class='ocrx_word' id='word_1_748' title='bbox 3458 4633 3567 4688; x_wconf 85' lang='lat' dir='ltr'><strong>dis-</strong></span> 
     </span>
    </p>
   </div>
   <div class='ocr_carea' id='block_1_108' title="bbox 1945 4721 3564 4796">
    <p class='ocr_par' dir='ltr' id='par_1_108' title="bbox 1945 4721 3564 4796">
     <span class='ocr_line' id='line_1_108' title="bbox 1945 4721 3564 4796; baseline -0.002 -18"><span class='ocrx_word' id='word_1_749' title='bbox 1945 4723 2145 4796; x_wconf 90' lang='lat' dir='ltr'><strong>cipulis</strong></span> <span class='ocrx_word' id='word_1_750' title='bbox 2169 4724 2325 4779; x_wconf 90' lang='lat' dir='ltr'><strong>beati</strong></span> <span class='ocrx_word' id='word_1_751' title='bbox 2346 4723 2638 4779; x_wconf 91' lang='lat' dir='ltr'><strong>Benedicti</strong></span> <span class='ocrx_word' id='word_1_752' title='bbox 2669 4724 3060 4791; x_wconf 89' lang='lat' dir='ltr'><strong>narrantibus,</strong></span> <span class='ocrx_word' id='word_1_753' title='bbox 3090 4723 3260 4779; x_wconf 90' lang='lat' dir='ltr'><strong>didici</strong></span> <span class='ocrx_word' id='word_1_754' title='bbox 3288 4721 3424 4794; x_wconf 89' lang='lat' dir='ltr'><strong>quia</strong></span> <span class='ocrx_word' id='word_1_755' title='bbox 3449 4721 3564 4776; x_wconf 91' lang='lat' dir='ltr'><strong>duo</strong></span> 
     </span>
    </p>
   </div>
   <div class='ocr_carea' id='block_1_109' title="bbox 1944 4810 3570 4886">
    <p class='ocr_par' dir='ltr' id='par_1_109' title="bbox 1944 4810 3570 4886">
     <span class='ocr_line' id='line_1_109' title="bbox 1944 4810 3570 4886; baseline -0.002 -18"><span class='ocrx_word' id='word_1_756' title='bbox 1944 4812 2167 4868; x_wconf 90' lang='lat' dir='ltr'><strong>nobiles</strong></span> <span class='ocrx_word' id='word_1_757' title='bbox 2197 4813 2298 4868; x_wconf 91' lang='lat' dir='ltr'><strong>viri</strong></span> <span class='ocrx_word' id='word_1_758' title='bbox 2332 4817 2504 4886; x_wconf 90' lang='lat' dir='ltr'><strong>atque</strong></span> <span class='ocrx_word' id='word_1_759' title='bbox 2531 4812 2912 4868; x_wconf 90' lang='lat' dir='ltr'><strong>exterioribus</strong></span> <span class='ocrx_word' id='word_1_760' title='bbox 2941 4812 3141 4868; x_wconf 91' lang='lat' dir='ltr'><strong>studiis</strong></span> <span class='ocrx_word' id='word_1_761' title='bbox 3171 4810 3401 4879; x_wconf 90' lang='lat' dir='ltr'><strong>eruditi,</strong></span> <span class='ocrx_word' id='word_1_762' title='bbox 3435 4824 3570 4883; x_wconf 72' lang='lat' dir='ltr'><strong>ger‘</strong></span> 
     </span>
    </p>
   </div>
   <div class='ocr_carea' id='block_1_110' title="bbox 1947 4901 3565 4974">
    <p class='ocr_par' dir='ltr' id='par_1_110' title="bbox 1947 4901 3565 4974">
     <span class='ocr_line' id='line_1_110' title="bbox 1947 4901 3565 4974; baseline -0.001 -17"><span class='ocrx_word' id='word_1_763' title='bbox 1947 4901 2109 4958; x_wconf 90' lang='lat' dir='ltr'><strong>mani</strong></span> <span class='ocrx_word' id='word_1_764' title='bbox 2132 4901 2360 4970; x_wconf 87' lang='lat' dir='ltr'><strong>fratres,</strong></span> <span class='ocrx_word' id='word_1_765' title='bbox 2396 4919 2643 4974; x_wconf 92' lang='lat' dir='ltr'><strong>quorum</strong></span> <span class='ocrx_word' id='word_1_766' title='bbox 2671 4917 2816 4956; x_wconf 88' lang='lat' dir='ltr'><strong>unus</strong></span> <span class='ocrx_word' id='word_1_767' title='bbox 2870 4901 3189 4974; x_wconf 89' lang='lat' dir='ltr'><strong>Speciosus,</strong></span> <span class='ocrx_word' id='word_1_768' title='bbox 3238 4901 3385 4956; x_wconf 88' lang='lat' dir='ltr'><strong>alter</strong></span> <span class='ocrx_word' id='word_1_769' title='bbox 3426 4917 3565 4956; x_wconf 90' lang='lat' dir='ltr'><strong>vero</strong></span> 
     </span>
    </p>
   </div>
   <div class='ocr_carea' id='block_1_111' title="bbox 1947 4989 3570 5062">
    <p class='ocr_par' dir='ltr' id='par_1_111' title="bbox 1947 4989 3570 5062">
     <span class='ocr_line' id='line_1_111' title="bbox 1947 4989 3570 5062; baseline -0.001 -16"><span class='ocrx_word' id='word_1_770' title='bbox 1947 4991 2253 5062; x_wconf 83' lang='lat' dir='ltr'><strong>Gregorius</strong></span> <span class='ocrx_word' id='word_1_771' title='bbox 2275 4991 2594 5057; x_wconf 90' lang='lat' dir='ltr'><strong>dicebatur,</strong></span> <span class='ocrx_word' id='word_1_772' title='bbox 2631 4991 2754 5062; x_wconf 84' lang='lat' dir='ltr'><strong>ejus</strong></span> <span class='ocrx_word' id='word_1_773' title='bbox 2778 5007 2836 5046; x_wconf 92' lang='lat' dir='ltr'><strong>se</strong></span> <span class='ocrx_word' id='word_1_774' title='bbox 2866 4991 3082 5062; x_wconf 67' lang='lat' dir='ltr'><strong>regulae</strong></span> <span class='ocrx_word' id='word_1_775' title='bbox 3112 4989 3173 5044; x_wconf 93' lang='lat' dir='ltr'><strong>in</strong></span> <span class='ocrx_word' id='word_1_776' title='bbox 3203 4991 3401 5044; x_wconf 89' lang='lat' dir='ltr'><strong>sancta</strong></span> <span class='ocrx_word' id='word_1_777' title='bbox 3423 5005 3570 5044; x_wconf 89' lang='lat' dir='ltr'><strong>con-</strong></span> 
     </span>
    </p>
   </div>
   <div class='ocr_carea' id='block_1_112' title="bbox 1947 5077 3568 5144">
    <p class='ocr_par' dir='ltr' id='par_1_112' title="bbox 1947 5077 3568 5144">
     <span class='ocr_line' id='line_1_112' title="bbox 1947 5077 3568 5144; baseline -0.002 -10"><span class='ocrx_word' id='word_1_778' title='bbox 1947 5081 2275 5136; x_wconf 88' lang='lat' dir='ltr'><strong>versatione</strong></span> <span class='ocrx_word' id='word_1_779' title='bbox 2325 5080 2710 5135; x_wconf 88' lang='lat' dir='ltr'><strong>tradiderunt.</strong></span> <span class='ocrx_word' id='word_1_780' title='bbox 2773 5079 2926 5144; x_wconf 92' lang='lat' dir='ltr'><strong>Quos</strong></span> <span class='ocrx_word' id='word_1_781' title='bbox 2983 5079 3166 5136; x_wconf 92' lang='lat' dir='ltr'><strong>isdem</strong></span> <span class='ocrx_word' id='word_1_782' title='bbox 3224 5077 3568 5133; x_wconf 88' lang='lat' dir='ltr'><strong>venerabilis</strong></span> 
     </span>
    </p>
   </div>
   <div class='ocr_carea' id='block_1_113' title="bbox 1951 5166 3564 5240">
    <p class='ocr_par' dir='ltr' id='par_1_113' title="bbox 1951 5166 3564 5240">
     <span class='ocr_line' id='line_1_113' title="bbox 1951 5166 3564 5240; baseline -0.003 -17"><span class='ocrx_word' id='word_1_783' title='bbox 1951 5169 2120 5223; x_wconf 90' lang='lat' dir='ltr'><strong>Pater</strong></span> <span class='ocrx_word' id='word_1_784' title='bbox 2164 5168 2221 5223; x_wconf 92' lang='lat' dir='ltr'><strong>in</strong></span> <span class='ocrx_word' id='word_1_785' title='bbox 2276 5167 2630 5223; x_wconf 88' lang='lat' dir='ltr'><strong>monasterio</strong></span> <span class='ocrx_word' id='word_1_786' title='bbox 2680 5168 2837 5240; x_wconf 92' lang='lat' dir='ltr'><strong>quod</strong></span> <span class='ocrx_word' id='word_1_787' title='bbox 2877 5167 3042 5238; x_wconf 90' lang='lat' dir='ltr'><strong>juxta</strong></span> <span class='ocrx_word' id='word_1_788' title='bbox 3092 5166 3564 5222; x_wconf 87' lang='lat' dir='ltr'><strong>Terracinensem</strong></span> 
     </span>
    </p>
   </div>
   <div class='ocr_carea' id='block_1_114' title="bbox 1951 5254 3564 5327">
    <p class='ocr_par' dir='ltr' id='par_1_114' title="bbox 1951 5254 3564 5327">
     <span class='ocr_line' id='line_1_114' title="bbox 1951 5254 3564 5327; baseline -0.002 -15"><span class='ocrx_word' id='word_1_789' title='bbox 1951 5258 2157 5313; x_wconf 87' lang='lat' dir='ltr'><strong>urbem</strong></span> <span class='ocrx_word' id='word_1_790' title='bbox 2210 5260 2608 5313; x_wconf 85' lang='lat' dir='ltr'><strong>construxerat</strong></span> <span class='ocrx_word' id='word_1_791' title='bbox 2667 5257 2803 5312; x_wconf 88' lang='lat' dir='ltr'><strong>fecit</strong></span> <span class='ocrx_word' id='word_1_792' title='bbox 2856 5257 3148 5326; x_wconf 80' lang='lat' dir='ltr'><strong>habitare;</strong></span> <span class='ocrx_word' id='word_1_793' title='bbox 3203 5255 3300 5327; x_wconf 92' lang='lat' dir='ltr'><strong>qui</strong></span> <span class='ocrx_word' id='word_1_794' title='bbox 3331 5254 3564 5319; x_wconf 87' lang='lat' dir='ltr'><strong>multas,</strong></span> 
     </span>
    </p>
   </div>
   <div class='ocr_carea' id='block_1_115' title="bbox 1950 5342 3563 5419">
    <p class='ocr_par' dir='ltr' id='par_1_115' title="bbox 1950 5342 3563 5419">
     <span class='ocr_line' id='line_1_115' title="bbox 1950 5342 3563 5419; baseline -0.003 -19"><span class='ocrx_word' id='word_1_795' title='bbox 1950 5346 2186 5418; x_wconf 91' lang='lat' dir='ltr'><strong>quidem</strong></span> <span class='ocrx_word' id='word_1_796' title='bbox 2216 5347 2489 5419; x_wconf 89' lang='lat' dir='ltr'><strong>pecunias</strong></span> <span class='ocrx_word' id='word_1_797' title='bbox 2539 5347 2596 5402; x_wconf 92' lang='lat' dir='ltr'><strong>in</strong></span> <span class='ocrx_word' id='word_1_798' title='bbox 2650 5348 2761 5403; x_wconf 89' lang='lat' dir='ltr'><strong>hoc</strong></span> <span class='ocrx_word' id='word_1_799' title='bbox 2791 5347 3011 5402; x_wconf 91' lang='lat' dir='ltr'><strong>mundo</strong></span> <span class='ocrx_word' id='word_1_800' title='bbox 3031 5344 3429 5416; x_wconf 89' lang='lat' dir='ltr'><strong>possederunt,</strong></span> <span class='ocrx_word' id='word_1_801' title='bbox 3462 5342 3563 5397; x_wconf 89' lang='lat' dir='ltr'><strong>sed</strong></span> 
     </span>
    </p>
   </div>
   <div class='ocr_carea' id='block_1_116' title="bbox 1949 5431 3562 5508">
    <p class='ocr_par' dir='ltr' id='par_1_116' title="bbox 1949 5431 3562 5508">
     <span class='ocr_line' id='line_1_116' title="bbox 1949 5431 3562 5508; baseline -0.002 -19"><span class='ocrx_word' id='word_1_802' title='bbox 1949 5441 2156 5490; x_wconf 90' lang='lat' dir='ltr'><strong>cuncta</strong></span> <span class='ocrx_word' id='word_1_803' title='bbox 2187 5436 2537 5508; x_wconf 89' lang='lat' dir='ltr'><strong>pauperibus</strong></span> <span class='ocrx_word' id='word_1_804' title='bbox 2569 5453 2672 5508; x_wconf 91' lang='lat' dir='ltr'><strong>pro</strong></span> <span class='ocrx_word' id='word_1_805' title='bbox 2706 5436 3036 5491; x_wconf 91' lang='lat' dir='ltr'><strong>animarum</strong></span> <span class='ocrx_word' id='word_1_806' title='bbox 3067 5449 3300 5488; x_wconf 88' lang='lat' dir='ltr'><strong>suarum</strong></span> <span class='ocrx_word' id='word_1_807' title='bbox 3328 5431 3562 5486; x_wconf 85' lang='lat' dir='ltr'><strong>redem-</strong></span> 
     </span>
    </p>
   </div>
   <div class='ocr_carea' id='block_1_117' title="bbox 1949 5522 3562 5597">
    <p class='ocr_par' dir='ltr' id='par_1_117' title="bbox 1949 5522 3562 5597">
     <span class='ocr_line' id='line_1_117' title="bbox 1949 5522 3562 5597; baseline -0.002 -18"><span class='ocrx_word' id='word_1_808' title='bbox 1949 5526 2149 5597; x_wconf 90' lang='lat' dir='ltr'><strong>ptione</strong></span> <span class='ocrx_word' id='word_1_809' title='bbox 2172 5525 2365 5597; x_wconf 88' lang='lat' dir='ltr'><strong>largiti</strong></span> <span class='ocrx_word' id='word_1_810' title='bbox 2385 5529 2538 5596; x_wconf 91' lang='lat' dir='ltr'><strong>sunt,</strong></span> <span class='ocrx_word' id='word_1_811' title='bbox 2554 5529 2611 5582; x_wconf 92' lang='lat' dir='ltr'><strong>et</strong></span> <span class='ocrx_word' id='word_1_812' title='bbox 2627 5526 2685 5582; x_wconf 91' lang='lat' dir='ltr'><strong>in</strong></span> <span class='ocrx_word' id='word_1_813' title='bbox 2699 5544 2725 5582; x_wconf 88' lang='lat' dir='ltr'><strong>e</strong></span> <span class='ocrx_word' id='word_1_814' title='bbox 2735 5527 2908 5582; x_wconf 91' lang='lat' dir='ltr'><strong>odem</strong></span> <span class='ocrx_word' id='word_1_815' title='bbox 2921 5522 3273 5580; x_wconf 87' lang='lat' dir='ltr'><strong>monasterio</strong></span> <span class='ocrx_word' id='word_1_816' title='bbox 3291 5536 3562 5594; x_wconf 88' lang='lat' dir='ltr'><strong>perman-</strong></span> 
     </span>
    </p>
   </div>
   <div class='ocr_carea' id='block_1_118' title="bbox 1953 5610 3560 5687">
    <p class='ocr_par' dir='ltr' id='par_1_118' title="bbox 1953 5610 3560 5687">
     <span class='ocr_line' id='line_1_118' title="bbox 1953 5610 3560 5687; baseline 0.009 -18"><span class='ocrx_word' id='word_1_817' title='bbox 1953 5617 2174 5674; x_wconf 88' lang='lat' dir='ltr'><strong>serunt.</strong></span> <span class='ocrx_word' id='word_1_818' title='bbox 2208 5614 2468 5683; x_wconf 87' lang='lat' dir='ltr'><strong>Quorum</strong></span> <span class='ocrx_word' id='word_1_819' title='bbox 2512 5632 2678 5687; x_wconf 85' lang='lat' dir='ltr'><strong>unus,</strong></span> <span class='ocrx_word' id='word_1_820' title='bbox 2721 5613 2934 5675; x_wconf 88' lang='lat' dir='ltr'><strong>scilicet</strong></span> <span class='ocrx_word' id='word_1_821' title='bbox 2963 5611 3260 5685; x_wconf 86' lang='lat' dir='ltr'><strong>Speciosus</strong></span> <span class='ocrx_word' id='word_1_822' title='bbox 3285 5610 3424 5669; x_wconf 82' lang='lat' dir='ltr'><strong>dum</strong></span> <span class='ocrx_word' id='word_1_823' title='bbox 3455 5624 3560 5683; x_wconf 75' lang='lat' dir='ltr'><strong>P&quot;0</strong></span> 
     </span>
    </p>
   </div>
  </div>
