3998 6166
548 307 655 374 85.9

1645 318 1912 383 AIMOIN!
1945 321 2266 388 WAﬂﬂ
2293 325 2789 396 FLOBIACENSIS

2970 223 3007 275 1

546 437 792 496 utilitate
804 438 1142 529 monasterii
1162 439 1328 512 juxta
1349 441 1683 516 Capuanam
1713 447 1918 504 urbem
1945 449 2151 506 missus
2173 457 2230 517 Α
2254 453 2494 529 Templa
2521 456 2766 516 ruinosis
2791 459 2876 517 his
2905 460 3044 518 olim
3066 463 3342 523 struxerat
3359 467 3470 524 aris

545 525 770 594 fuisset,
786 527 877 583 die
903 528 1155 600 quadam
1177 529 1356 586 frater
1379 532 1502 605 ejus
1530 534 1857 607 Gregorius,
1886 553 2020 594 cum
2042 538 2156 594 fra-

547 616 726 671 tribus
755 616 828 671 ad
853 632 1117 673 mensam
1175 620 1382 676 sedens
1432 625 1605 695 atque
1655 639 2020 694 convescens,
2054 643 2159 699 per

546 703 807 776 spiritum
829 705 1151 762 sublevatus
1167 709 1387 780 aspexit
1402 714 1460 766 et
1472 711 1612 766 vidit
1623 712 1875 784 Speciosi
1893 721 2160 787 germani

545 791 628 846 sui
654 791 935 862 animam,
962 798 1084 851 tam
1114 797 1286 870 longe
1320 815 1354 854 a
1384 816 1444 854 se
1466 799 1662 872 positi,
1688 802 1758 857 de
1783 819 2025 875 corpore
2053 804 2163 860 exi-

545 895 626 935 re.
686 880 849 945 Quod
908 900 1043 939 mox
1099 885 1374 943 fratribus
1429 887 1720 959 indicavit,
1777 894 1836 946 et
1891 892 2158 949 cucurrit.

541 969 804 1042 Jamque,
840 973 1114 1028 eumdem
1135 974 1377 1032 fratrem
1399 993 1568 1032 suum
1607 979 1897 1051 sepultum
1923 981 2157 1053 reperit,

541 1054 732 1132 quem}
764 1063 964 1116 tamen
1008 1078 1078 1118 ea
1105 1063 1251 1119 hora
1281 1081 1395 1138 qua
1423 1065 1646 1123 viderat
1683 1067 1902 1136 exiisse,
1935 1069 2008 1124 de
2033 1085 2159 1125 cor-

539 1160 681 1215 pore
708 1147 945 1206 invenit.
977 1170 1007 1200 »
1043 1151 1455 1210 Verumtamen
1490 1171 1524 1210 a
1557 1156 1812 1228 quodam
1853 1157 2025 1228 huius
2049 1156 2159 1212 loci

540 1235 913 1308 sapientium,
968 1240 1057 1296 cui
1087 1241 1432 1298 Gausbertus
1462 1261 1704 1308 nomen,
1753 1245 1910 1301 haud
1933 1245 2156 1301 medio-

542 1323 716 1380 criter
743 1327 942 1383 studiis
972 1346 1006 1385 a
1035 1331 1283 1403 pueritia
1312 1332 1629 1389 liberaliter
1661 1334 1882 1390 imbuto
1916 1334 2155 1404 artium,

543 1413 712 1485 hujus
741 1417 900 1472 modi
931 1420 1370 1490 praefatiuncula
1397 1422 1538 1479 Vita:
1591 1423 1762 1494 hujus
1808 1422 2003 1479 eximii
2049 1425 2154 1480 Pa-

543 1501 667 1570 tris,
701 1507 1071 1578 superaddita
1102 1513 1214 1566 est:

544 1588 836 1662 Germine,
870 1595 1154 1666 doctrina,
1185 1599 1407 1656 meritis
1437 1616 1503 1656 ac
1535 1599 1775 1657 nomine
1807 1600 1945 1657 clari

613 1680 848 1737 Abbatis
878 1682 1054 1741 vitam
1084 1687 1343 1743 continet
1361 1687 1466 1743 iste
1493 1689 1658 1745 liber.

546 1764 729 1832 Quem
748 1769 918 1840 Deus,
945 1775 1166 1830 aeterna
1192 1775 1409 1832 faciens
1440 1776 1500 1833 in
1529 1779 1664 1834 sede
1690 1781 2019 1852 potentem,

614 1856 912 1915 Heredem
939 1863 1158 1936 proprii
1188 1864 1439 1921 nominis
1481 1882 1602 1922 esse
1628 1867 1810 1923 dedit.

541 1943 687 1999 Nam
709 1945 837 2014 fuit,
870 1953 978 2018 est,
1009 1954 1067 2005 et
1097 1951 1206 2007 erit
1231 1953 1570 2010 Benedictus
1584 1955 1717 2027 jure
1738 1958 2004 2012 vocatus:

613 2033 685 2088 Ut
711 2036 976 2108 relegens
1005 2040 1128 2111 ejus
1151 2045 1331 2114 gesta,
1359 2043 1610 2116 probare
1640 2044 1816 2104 vales.

539 2121 621 2178 De
645 2123 874 2196 quibus,
906 2132 970 2184 ut
993 2130 1135 2186 nulli
1161 2132 1426 2189 dubitare
1456 2133 1654 2190 liceret
1680 2134 2044 2200 homonum;

608 2213 895 2272 Eximium
918 2221 1122 2274 testem
1148 2237 1524 2292 promeruere
1553 2222 1661 2279 sui.

539 2300 833 2358 Romanus
861 2306 962 2361 sed
993 2307 1152 2362 enim
1180 2311 1386 2380 praesul
1409 2327 1580 2383 super
1610 2311 1830 2367 aethera
1852 2315 2043 2380 notus,

607 2389 935 2464 Gregorius,
967 2397 1187 2454 mundo
1219 2399 1344 2454 hinc
1369 2399 1817 2474 compublicavit
1841 2417 2045 2460 ovans.

541 2475 848 2537 Schemate
879 2499 1007 2554 quae
1035 2485 1323 2558 dialogico
1350 2487 1592 2543 variavit
1614 2489 1878 2557 honeste,

608 2567 836 2624 Lectori
861 2587 1051 2628 sermo
1081 2575 1300 2644 gratior
1333 2577 1487 2632 unde
1518 2577 1694 2632 foret.

536 2654 682 2711 Tum
704 2660 960 2731 sequitur
987 2679 1198 2719 munus
1224 2665 1391 2720 nobis
1422 2665 1695 2722 divinitus
1716 2667 1911 2722 actum

610 2745 879 2820 Corporis
907 2749 1168 2822 ejusdem
1198 2753 1400 2822 Patris,
1429 2757 1487 2809 et
1514 2771 1612 2810 ore
1640 2754 1817 2810 ducis.

538 2832 708 2905 Cujus
733 2836 805 2893 ab
836 2843 1038 2895 exortu
1063 2841 1369 2898 decoratur
1398 2843 1601 2899 Nursia
1625 2847 1834 2912 mater;

601 2923 834 2981 Miratur
858 2943 1104 2999 puerum
1132 2947 1308 3004 quem
1332 2931 1426 3005 pie
1456 2933 1642 2988 Roma
1670 2932 1896 3001 nutrix;

534 3012 816 3070 Provectu
845 3016 1006 3088 cujus
1027 3023 1335 3076 veneratur
1361 3019 1634 3077 Sublacus
1664 3024 1922 3090 antrum,

600 3103 849 3159 Pastoris
873 3105 1111 3176 fructus,
1140 3109 1242 3164 sed
1277 3110 1638 3166 Beneventus
1664 3111 1862 3166 habet.

530 3188 764 3246 Florida
789 3193 1074 3250 Floriacus
1106 3198 1394 3266 membra,
1427 3199 1499 3254 de
1550 3199 1810 3267 nomine,
1867 3196 2078 3254 fundus

597 3280 1048 3351 Aurelianensis,
1076 3287 1164 3339 ast
1189 3285 1334 3357 tegit
1361 3301 1492 3342 ecce
1537 3287 1680 3342 solo.

529 3366 730 3436 Gallia,
762 3370 971 3442 plaude
1001 3370 1158 3440 satis,
1189 3375 1353 3429 tanto
1382 3375 1599 3432 donata
1623 3379 1896 3447 patrono.

604 3457 736 3528 Ejus
761 3461 820 3512 et
849 3460 1124 3532 exemplis
1155 3464 1212 3516 te
1239 3478 1412 3534 super
1443 3467 1598 3520 astra
1618 3466 1763 3521 leva.

527 3543 741 3610 Gloria,
769 3545 1014 3616 Christe,
1038 3548 1165 3617 tibi,
1194 3549 1296 3605 tali
1325 3551 1424 3623 qui
1456 3554 1765 3610 stemmate
1795 3570 1984 3610 servos

597 3633 873 3691 Nobilitas
902 3636 1197 3709 proprios,
1221 3637 1415 3712 sicque
1442 3644 1686 3713 paterna
1715 3643 1890 3698 foves.

599 3719 749 3780 Sane
774 3726 906 3795 post
919 3724 1156 3782 beatum
1173 3727 1536 3800 Gregorium,
1559 3731 1794 3788 Faustus
1806 3732 1940 3789 vita:
1960 3735 2144 3791 sancti

521 3809 704 3868 Mauri
730 3813 1110 3889 conscriptor,
1140 3815 1488 3874 miraculum
1507 3821 1803 3892 quoddam
1829 3839 1864 3878 a
1883 3822 2139 3896 benigno

526 3901 697 3958 Patre
730 3905 928 3959 nostro
963 3905 1276 3962 Benedicto
1303 3911 1620 3979 patratum,
1670 3912 1774 3967 sed
1816 3912 1887 3968 ab
1932 3913 2142 3970 eodem

519 3990 798 4062 pontifice
822 3995 1301 4066 praetermissum,
1323 3996 1433 4052 hoc
1447 3999 1622 4055 modo
1645 4000 1850 4056 refert:
1877 4000 2142 4066 Quodam

521 4081 790 4154 tempore
809 4081 869 4139 S.
884 4083 1227 4140 Benedictus
1247 4102 1282 4140 a
1297 4085 1554 4159 quodam
1569 4088 1928 4146 nobilissimo
1945 4106 2143 4147 secun-

522 4166 663 4226 dum
682 4171 876 4228 saeculi
891 4171 1240 4245 dignitatem
1268 4173 1391 4230 viro
1431 4179 1699 4232 exoratus
1743 4180 1829 4233 est
1860 4178 2024 4234 udad
2039 4179 2140 4236 do-

519 4270 687 4316 mum
701 4261 825 4332 ejus
844 4259 1186 4333 dignaretur
1205 4278 1311 4336 per
1321 4263 1702 4338 semetipsum
1727 4267 2142 4342 accedere,quo

519 4363 762 4404 uxorem
783 4348 985 4421 ejusac
1001 4349 1204 4422 filium,
1232 4367 1406 4424 quem
1459 4370 1647 4427 nuper
1671 4354 1840 4411 enixa
1870 4355 2082 4422 fuerat,
2108 4373 2144 4412 a

522 4435 812 4493 daamonio
852 4454 966 4510 quo
1006 4440 1342 4512 gravissime
1395 4443 1614 4513 pariter
1642 4445 2000 4502 vexabantur
2024 4447 2142 4503 suis

521 4526 734 4581 sanctis
763 4526 985 4583 meritis
1012 4532 1071 4584 et
1099 4529 1457 4587 orationibus
1486 4532 1779 4590 liberaret.
1803 4536 1886 4591 At
1912 4539 2140 4592 sanctus

523 4612 779 4684 Domini,
811 4630 918 4687 pro
934 4631 1001 4670 eo
1014 4617 1170 4690 quod
1191 4618 1244 4672 ei
1259 4618 1563 4676 familiaris
1580 4637 1686 4694 pro
1710 4623 1996 4697 aliquibus
2007 4641 2140 4697 ope-

521 4703 680 4761 ribus
705 4705 776 4761 ab
803 4722 871 4761 eo
899 4705 1166 4779 religiose
1196 4709 1370 4781 gestis
1399 4710 1689 4782 existeret,
1737 4713 1824 4770 ire
1871 4731 1991 4772 non
2023 4715 2135 4773 dis-

523 4794 673 4864 tulit,
707 4810 920 4868 eosque
949 4794 1325 4869 integerrime
1355 4798 1585 4854 sanitati
1615 4801 1883 4859 restituit.

594 4883 814 4938 Dehinc
838 4885 1054 4940 Marcus
1064 4886 1302 4958 quidam
1315 4891 1511 4960 poeta,
1527 4889 1602 4944 ad
1615 4891 1888 4948 eumdem
1901 4909 2136 4951 venera-

518 4967 701 5026 bilem
735 4972 1110 5029 Benedictum
1139 4974 1375 5030 veniens
1419 4977 1654 5052 ejusque
1699 4981 2036 5053 magisterio
2075 5001 2136 5040 se

532 5059 926 5130 committens,
959 5062 1151 5136 aliqua
1180 5063 1242 5119 in
1296 5064 1417 5136 ejus
1455 5067 1644 5136 laude,
1710 5069 1906 5127 Levita
1960 5071 2138 5146 ipsius

521 5150 776 5207 versibus
808 5153 1082 5220 exaravit,
1113 5170 1241 5226 qua:
1272 5153 1351 5210 ita
1377 5171 1435 5210 se
1467 5156 1709 5214 habent.

525 5257 654 5315 CAP.
688 5260 732 5315 Ι.
761 5288 834 5301 -
857 5260 943 5316 De
971 5261 1227 5333 oratorio,
1247 5261 1391 5333 quod
1417 5259 1482 5317 S.
1516 5262 1688 5321 Pater
1719 5266 2041 5328 Benedictus
2081 5274 2140 5327 in

592 5348 798 5388 summa
822 5337 1000 5414 monte
1035 5332 1294 5402 condidit,
1325 5333 1422 5389 ubi
1459 5337 1802 5406 sacriﬁcabat
1851 5341 1982 5398 Jovi
1997 5361 2139 5401 erro-

591 5420 693 5459 nea
711 5411 1032 5476 paganitas.

523 5509 690 5570 Caeca
712 5509 1050 5584 profanatas
1076 5511 1296 5570 coleret
1318 5511 1460 5570 dum
1484 5514 1658 5574 turba
1683 5516 1918 5593 figuras,

591 5601 664 5662 Et
691 5599 962 5694 manibus
995 5601 1180 5665 factos
1205 5601 1470 5667 crederet
1500 5620 1624 5668 esse
1653 5605 1817 5683 deos,

2331 544 2518 608 (luteis
2547 547 2724 604 dabat
2750 549 3000 606 obsceno
3029 567 3190 608 sacra
3210 558 3436 612 cruenta
3451 558 3577 616 Iovi.

2262 631 2376 688 Sed
2397 633 2587 705 jussus
2608 637 2868 704 veniens,
2900 643 2959 696 et
2984 657 3180 698 eremo
3202 643 3404 701 sistitur
3431 649 3550 717 alta,

2333 724 2601 796 Purgavit
2628 729 2858 784 sanctus
2886 728 3039 785 hunc
3067 731 3394 790 Benedictus
3416 735 3655 804 humum,

2263 809 2609 886 Sculptaque
2629 816 2939 874 confractis
2963 818 3171 891 dejecit
3197 837 3478 880 marmora
3502 825 3670 898 signis,

2333 901 2399 955 Et
2428 904 2713 976 templum
2738 904 2863 962 vivo
2893 909 3141 980 praebuit
3161 926 3280 967 esse
3304 913 3436 968 Deo.

2261 988 2378 1044 Huc
2406 995 2679 1064 properet
2709 994 2883 1051 caelos
2908 997 3070 1068 optat
3084 998 3181 1070 qui
3209 1016 3438 1058 cernere
3459 1007 3683 1077 apertos,

2329 1079 2400 1134 Et
2427 1079 2522 1136 hic
2547 1097 2777 1138 memor
2806 1086 2868 1139 et
2890 1087 3090 1142 votum
3118 1092 3324 1153 [servet
3363 1093 3582 1161 votum],
3623 1095 3782 1152 semita

3271 1177 3433 1244 [dura
3453 1179 3616 1252 pium.

2259 1255 2502 1329 Semper
2527 1257 2747 1315 difficili
2775 1264 3114 1334 quaruntur
3143 1281 3357 1338 magna
3374 1267 3578 1338 labore,

2325 1346 2560 1403 Arctam
2592 1365 2822 1420 semper
2840 1351 3017 1409 habet
3039 1353 3153 1409 vita
3180 1353 3347 1410 beata
3375 1356 3536 1414 viam.

2258 1433 2417 1490 Hunc
2443 1451 2552 1508 ego
2584 1437 2722 1494 dum
2751 1456 2998 1512 pressus,
3031 1458 3362 1516 progressus
3380 1444 3528 1503 fasce
3546 1446 3792 1517 subissem,

2325 1522 2664 1596 Depositum
2687 1526 2838 1583 sensi
2869 1530 3096 1602 pondus
3123 1531 3326 1590 abesse.
3350 1533 3508 1591 mihi.

2258 1609 2442 1668 Credo
2472 1614 2629 1686 quod
2659 1618 2718 1671 et
2741 1616 2878 1673 felix
2904 1618 3020 1675 vita
3047 1619 3206 1678 fruar
3234 1621 3461 1697 insuper
3488 1623 3594 1693 illa,

2330 1700 2472 1757 Ores
2496 1719 2602 1776 pro
2627 1705 2812 1762 Marco
2842 1706 2918 1776 si,
2943 1707 3257 1767 Benedicto;
3277 1714 3395 1768 tuo.

2178 1815 2238 1877 Β
2256 1788 2418 1846 Hunc
2428 1792 2596 1863 plebs
2605 1794 2781 1849 stulta
2795 1796 2987 1852 locum
2997 1799 3300 1870 quondam
3311 1800 3792 1859 vocitaveralsreem

2327 1880 2776 1955 Marmoreisque
2799 1901 3027 1942 sacrum
3055 1887 3273 1946 fecerat
3300 1890 3584 1948 esse-deis...

2257 1965 2441 2032 Quem
2469 1972 2608 2026 tunc
2628 1970 2674 2026 si
2704 1989 2841 2028 vero
2862 1973 3144 2047 signasset
3174 1977 3418 2037 nomine
3445 1978 3728 2054 quisq-um

2321 2055 2662 2115 Tartareum
2689 2061 2880 2132 potuit
2899 2063 3033 2135 jure
3063 2081 3274 2123 vocare
3296 2068 3484 2126 chaos.

2252 2143 2340 2200 Ad
2367 2161 2544 2218 quem
2571 2149 2796 2206 ctecatis
2824 2157 3085 2211 errantes
3118 2156 3411 2214 mentibus
3438 2157 3618 2226 ibant,

2326 2236 2598 2308 Improbe
2625 2238 2931 2297 mortifero
2957 2243 3203 2301 reddere
3229 2248 3363 2302 vota
3391 2247 3528 2303 Iovi.

2255 2320 2390 2390 Sed,
2418 2328 2579 2396 puto,
2610 2343 2892 2399 perversa)
2915 2332 3154 2390 culmen:
3175 2333 3500 2408 signaverat
3526 2335 3673 2392 aulas.

2325 2411 2570 2469 Nomine
2596 2432 2750 2472 nunc
2774 2419 2939 2487 arcis,
2972 2422 3196 2496 templa;
3214 2425 3497 2482 moderns
3520 2425 3726 2480 vocant.

2253 2501 2317 2556 In
2343 2501 2550 2574 quibus
2579 2507 2816 2563 aeternae
2843 2507 3202 2568 damnorum
3229 2516 3398 2586 porta
3425 2514 3705 2588 getiam,

2322 2592 2551 2664 Arxque
2577 2594 2755 2650 modo
2785 2595 2914 2653 vitae
2933 2601 3027 2654 est
3051 2617 3178 2673 qua:
3207 2601 3322 2658 fuit
3346 2606 3478 2659 ante

2253 2677 2336 2732 De
2352 2694 2468 2750 qua
2490 2681 2774 2754 stelligeri
2799 2687 3060 2757 pulsatur
3081 2689 3268 2760 janna
3295 2689 3441 2761 caeli,

2251 2765 2402 2822 Dum
2429 2769 2584 2825 canit
2609 2773 2882 2844 angelicis
2909 2777 3079 2834 turba
3106 2779 3280 2836 beata
3308 2781 3513 2838 modis.

2249 2852 2332 2909 De
2363 2872 2479 2928 qua
2513 2861 2860 2933 colloqueris
2890 2864 2998 2934 vir,
3029 2883 3064 2923 ο
3093 2863 3427 2927 Benedicta;
3452 2867 3696 2937 Tonanti,

2317 2945 2642 3018 Monticola,
2673 2954 2733 3008 et
2756 2953 2902 3011 sacri
2927 2956 3046 3013 dux
3069 2959 3322 3017 eromite
3341 2960 3519 3017 chori.

2175 3105 2224 3166 C
2253 3068 2382 3126 CAP.
2412 3071 2478 3126 ll.
2511 3103 2579 3114 —
2631 3073 2715 3131 De
2767 3077 2976 3150 angelis
3023 3082 3117 3166 qui
3135 3081 3483 3166 ostenderunt
3505 3083 3556 3140 ei
3578 3082 3700 3138 viam
3723 3093 3802 3154 qua

2813 3153 3045 3222 pergere
3063 3153 3292 3212 deberet.

2252 3251 2338 3307 Ad
2373 3267 2550 3326 quam
2582 3256 2644 3309 tu
2670 3271 2737 3310 ex
2763 3255 2874 3313 alio
2895 3258 3152 3315 monitus
3181 3276 3317 3318 cum
3371 3265 3562 3319 monte
3609 3258 3802 3322 venires.

2325 3341 2434 3396 Per
2463 3341 2695 3399 deserta
2723 3342 2827 3401 tibi
2857 3345 2969 3402 dux
2994 3348 3102 3404 fuit
3132 3349 3254 3422 ipse
3279 3351 3449 3408 Deus.

2250 3429 2510 3503 Namque
2543 3431 2686 3489 duos
2704 3433 2950 3505 juvenes
2990 3436 3208 3494 bivium
3238 3439 3504 3513 perduxit
3548 3439 3617 3497 ad
3653 3451 3812 3502 omne,

2321 3518 2430 3584 Qui
2455 3523 2511 3574 te
2543 3519 2847 3579 ﬁrmarent
2873 3527 3032 3598 quod
3061 3529 3386 3600 sequereris
3417 3530 3541 3587 iter.

2247 3605 2347 3662 Hic
2375 3626 2607 3684 quoque
2639 3611 2849 3668 viventi
2862 3614 3154 3685 justorum
3185 3617 3412 3676 dixerat
3435 3618 3552 3688 uni,

2315 3696 2434 3766 His,
2469 3701 2557 3769 tu,
2580 3716 2752 3773 parce
2781 3702 2938 3773 locis,
2973 3706 3121 3762 alter
3149 3707 3371 3764 amicus
3402 3708 3575 3764 adest.

2245 3819 2427 3906 Capur
2464 3824 2556 3880 IIl.
2588 3825 2780 3907 —~D_e_
2798 3827 2964 3885 tribas
2989 3833 3166 3907 corvis
3193 3849 3326 3906 quos
3354 3832 3489 3889 atere
3512 3829 3680 3889 solitas
3696 3830 3806 3907 σᾳιν

2315 3897 2412 3965 qui
2433 3912 2551 3976 eam
2579 3895 2883 3976 aﬂublaca
2917 3919 3082 3976 usque
3121 3895 3513 3974 Beneventum,
3552 3919 3642 3976 per
3683 3900 3806 3972 qui”

2315 3968 2578 4037 quaginta
2597 3969 2708 4039 fere
2739 3968 3022 4042 milliaria,
3053 3981 3177 4029 sunt
3213 3979 3402 4046 secuti,

2245 4069 2548 4145 Credeque
2579 4074 2712 4131 ﬁcta
2736 4077 2915 4151 loqui,
2947 4079 3059 4135 nisi
3090 4081 3272 4138 ternis
3297 4083 3450 4140 solus
3478 4081 3670 4138 abiret.

2315 4159 2455 4216 Tres
2480 4163 2669 4220 subito
2702 4167 2856 4222 corvi
2887 4185 3269 4241 promeruere
3293 4170 3476 4245 sequi.

2244 4245 2344 4304 Hic
2375 4266 2605 4325 quoque
2626 4256 2682 4308 te
2703 4255 2961 4312 clamant
2981 4259 3230 4330 p0pulos
3247 4259 3347 4333 qui
3368 4262 3505 4317 teste
3528 4249 3802 4330 requirunt,

2315 4337 2619 4412 Exspectas
2645 4342 2828 4399 noctis
2857 4360 2990 4402 cum
3019 4346 3122 4420 pia
3166 4349 3318 4406 testa
3346 4365 3539 4407 sacrm.

2245 4425 2358 4491 Qui
2384 4429 2539 4484 velut
2560 4430 2767 4501 orbati,
2796 4433 3004 4505 raucis,
3033 4435 3137 4493 tibi
3166 4435 3307 4494 ﬁere
3332 4434 3566 4511 loquelis

2314 4516 2536 4574 Instant
2560 4520 2825 4576 convictu
2850 4524 3008 4595 quod
3033 4541 3274 4582 caruere
3302 4531 3423 4584 tuo.

2236 4597 2313 4658 Te
2343 4604 2450 4661 sibi
2479 4607 2704 4665 sublato
2739 4611 2995 4668 tenebris
3024 4630 3196 4672 mons
3221 4615 3426 4673 Coelius
3458 4615 3668 4682 horret,

2312 4694 2380 4748 Et
2411 4696 2591 4767 pollet
2617 4699 2842 4756 nebulis
2870 4704 3143 4760 concolor
3161 4703 3284 4778 ipse
3319 4704 3454 4762 suis.

2238 4817 2417 4900 mp."
2445 4821 2508 4877 ν·
2555 4853 2628 4864 --
2668 4824 2765 4900 Der
2802 4828 3075 4883 monachis
3124 4832 3238 4900 qui,
3287 4846 3353 4884 es:
3399 4827 3559 4884 tribus
3587 4825 3813 4880 mnsit?

2307 4893 2406 4946 riis
2433 4910 2536 4964 pro
2573 4899 2877 4952 necessitate
2923 4917 3072 4976 aqua:
3119 4893 3192 4976 5.4
3223 4893 3357 4957 "eum
3387 4900 3598 4965 collecti,

2309 4971 2439 5017 runt
2477 4983 2541 5019 ea:
2575 4975 2735 5040 petra
2767 4966 2981 5042 aquam_
3009 4970 3238 5027 ubertim
3267 4978 3569 5029 manantem
3595 4966 3800 5038 adipisci-

2237 5069 2498 5142 Moarent,
2529 5077 2586 5129 et
2616 5077 2792 5149 largis
2818 5076 3098 5135 distillant
3125 5079 3391 5137 ﬂuctibus
3420 5081 3598 5148 antra,

2325 5160 2585 5240 Cumque
2620 5166 2734 5224 suis
2755 5167 3043 5240 plangunt
3069 5169 3232 5225 arida
3257 5171 3435 5226 lustra
3461 5166 3605 5224 feris.

2235 5257 2338 5315 Ast
2362 5261 2502 5314 tunc
2525 5256 2810 5329 perdocte
2845 5257 3066 5330 scopuli
3095 5275 3314 5314 cessere
3343 5257 3598 5330 rubique,

2314 5348 2595 5420 Siccaque
2625 5345 2927 5404 mirandas
2954 5349 3111 5404 terra
3133 5349 3342 5405 retexit
3364 5362 3553 5421 aquas.

2242 5437 2483 5496 Certum
2504 5437 2594 5493 est
2619 5453 2800 5494 mons.
2821 5435 3029 5494 Christi
3057 5438 3214 5512 quod
3259 5435 3556 5582 montibu?
3583 5424 3796 5529 imperet

3541 5534 3672 5582 ipsis

3541 5538 3558 5578 ι

3541 5538 3558 5578 ι

2313 5614 2598 5692 Subiectis
2625 5615 2893 5693 pedibus,
2922 5631 3094 5678 mem
3121 5617 3291 5693 caput
3316 5613 3437 5692 ipse
