3998 6166
185 322 267 383 881
1324 312 1561 381 ΞΕΒΠΘ
1592 323 1689 384 ΒΕ
1716 322 1793 383 S.

1926 316 2206 387 ἔξωἮο

3450 332 3559 397 862

184 442 873 514 Utsnmmum,tusancte
888 444 1363 519 Pater,vegetere
1381 442 1822 518 (58)cacumen,
1852 450 1912 515 A,
2002 447 2277 519 Cognita,
2296 446 2543 518 Christe,
2570 449 2695 519 tibi,
2729 450 2992 508 laudibus
3018 456 3193 511 antra
3214 461 3449 515 sonant.

241 532 542 591 Submisso
574 531 878 588 tumidam
906 532 1117 588 vertice
1146 533 1346 604 planat
1376 534 1649 600 humum,

178 625 313 680 Neve
342 622 682 695 fatigentur
713 621 816 694 qui
848 623 930 689 te,
953 622 1279 689 Benedicto,
1306 620 1634 694 requirunt,

238 713 485 777 Moli'iter
514 710 831 783 obliquum
853 708 1024 781 ponit
1041 709 1248 783 ubique
1276 712 1444 767 latus.

178 803 323 857 Nunc
346 816 525 855 mons
554 798 682 870 ipsc
709 801 917 854 tamen
942 797 1097 870 juste
1128 796 1434 854 tibireddit
1460 797 1779 865 honorem,

240 888 341 953 Qui
373 887 603 944 meruit
632 890 893 956 tantum,
927 890 985 943 te
1013 886 1344 952 decorante,
1377 886 1619 940 bonum.

176 977 338 1033 Arida
369 980 431 1030 tu
464 975 658 1047 cujus,
685 975 873 1030 hortis
905 975 1211 1046 componis
1230 973 1495 1041 amoenis,

240 1066 522 1137 Nudaque
556 1064 815 1118 fecundo
849 1061 1093 1135 palmite
1126 1078 1263 1119 saxa
1293 1061 1455 1134 tegis.

177 1153 442 1212 Mirantur
470 1154 735 1219 montes,
770 1152 1009 1225 scopula
1035 1152 1331 1225 [scopuli],
1360 1151 1512 1206 freta
1540 1163 1707 1208 nunc
1720 1164 1833 1203 sua

1566 1238 1746 1305 dona,

242 1329 718 1402 Ponmiferisque
744 1327 891 1385 viret
917 1327 1052 1384 silva
1082 1329 1305 1387 decora
1331 1328 1531 1386 comis.

182 1421 261 1477 Sic
275 1420 599 1477 hominum
634 1419 854 1474 celeres
881 1416 942 1472 in
975 1417 1242 1473 fructum
1273 1418 1470 1491 dirigis
1497 1420 1678 1482 artus,

242 1511 399 1567 Sicca
423 1508 736 1564 salutifero
759 1505 998 1563 ﬂumine
1024 1508 1222 1563 corda
1252 1507 1471 1579 rigans.

184 1600 281 1667 Sic,
311 1616 485 1672 rogo,
520 1613 679 1653 nunc
709 1596 923 1671 spinas,
955 1594 1011 1676 in
1042 1595 1299 1667 frugem
1324 1599 1481 1652 verte
1512 1596 1823 1686 malignas,

244 1688 379 1754 Quae
411 1687 725 1743 macerant
750 1683 918 1741 Marci
944 1673 1196 1757 pectora
1218 1684 1391 1740 bruta
1421 1685 1523 1740 tui.

1928 534 2191 606 Frigora,
2213 536 2425 604 ﬂabra,
2449 538 2609 595 nives
2634 540 2853 612 perfert
2875 540 3058 597 tribus
3083 543 3332 617 impiger
3362 547 3555 618 annis,

1997 624 2235 680 Temnis
2257 642 2460 681 amore
2490 629 2613 695 Dei,
2646 628 2885 701 frigora,
2910 631 3115 696 ﬂabra,
3146 632 3324 694 nives.

1928 713 2110 768 Fraus
2144 716 2481 771 veneranda
2515 718 2723 789 placet,
2756 719 2986 790 pietatis
3026 722 3177 777 furta
3209 724 3550 795 probantur,

2006 801 2133 865 Qua
2162 818 2323 858 sacer
2354 804 2501 859 altus
2523 809 2667 873 erat,
2704 807 2858 862 fraus
2887 811 3215 866 veneranda
3234 813 3443 884 placet.

1939 888 2145 963 Signat
2160 891 2358 946 adesse
2389 892 2565 965 dapes
2595 911 2825 967 agapes,
2868 897 2967 952 sed
2992 897 3195 955 lividus
3224 901 3413 958 obstat

2010 978 2295 1033 Nilminus
2326 981 2480 1035 alma
2509 981 2670 1051 fides,
2701 983 2891 1055 signat
2927 986 3124 1043 adesse
3148 988 3342 1061 dapes.

1943 1064 2118 1138 Orgia
2157 1067 2266 1121 rite
2309 1069 2461 1138 colit,
2501 1070 2721 1126 Christo
2760 1072 2857 1145 qui
2890 1077 3295 1133 accommodat
3322 1094 3544 1147 aurem,

2011 1156 2373 1211 Abstemium
2396 1175 2656 1230 pascens,
2690 1161 2853 1232 orgia
2876 1162 2985 1217 rite
3006 1164 3162 1221 colit.

1940 1246 2152 1302 Pabula
2180 1250 2345 1318 grata
2374 1248 2568 1303 ferunt
2597 1250 2745 1305 avidi
2776 1251 2849 1306 ad
2878 1253 3089 1324 spelaea
3115 1253 3354 1324 subulci,

2010 1335 2342 1392 Pectoribus
2372 1338 2536 1406 laetis,
2564 1341 2776 1411 pabula
2799 1345 2966 1413 grata
2997 1342 3219 1411 ferunt;

1936 1424 2093 1497 Ignis
2131 1425 2203 1479 ab
2253 1425 2388 1497 igne
2420 1427 2592 1498 perit,
2620 1429 2880 1484 lacerant
2925 1430 3064 1485 dum
3096 1431 3312 1489 viscera
3333 1438 3541 1502 sentes,

2006 1514 2263 1569 Carneus
2287 1515 2563 1584 zethereo,
2590 1515 2737 1587 ignis
2768 1518 2839 1573 ab
2871 1518 3004 1590 igne
3032 1521 3203 1591 perit.

1932 1604 2111 1660 Pestis
2143 1603 2342 1675 iniqua
2377 1605 2581 1671 latens,
2616 1606 2779 1661 oculo
2811 1610 2899 1662 est
2933 1608 3293 1681 deprehensa
3331 1613 3541 1685 sagaci,

2000 1694 2127 1748 Non
2160 1692 2291 1747 tulit
2311 1709 2477 1749 arma
2505 1693 2706 1761 crucis,
2738 1695 2913 1765 pestis
2942 1696 3143 1769 iniqua
3172 1699 3379 1755 latens.

244 1777 455 1833 Ethice
476 1775 725 1849 quidem
748 1775 964 1831 Marcus
986 1772 1047 1829 in
1083 1772 1392 1843 praeconio
1427 1773 1694 1848 spiritalis
1722 1774 1826 1831 do-
1848 1759 1901 1820 Β
1928 1780 2104 1838 Lenia
2136 1782 2320 1853 ﬂagra
2350 1797 2556 1853 vagam
2598 1759 2806 1837 sistunt
2837 1759 3248 1842 modestimine
3279 1789 3544 1844 modera-

183 1867 345 1923 ctoris
372 1866 461 1923 sui
497 1864 746 1920 metrice
784 1863 934 1920 lusit.
966 1865 1100 1921 Post
1143 1878 1289 1917 eum
1318 1863 1532 1919 Paulus
1552 1862 1699 1919 sacri
1714 1880 1825 1920 coe-

184 1954 327 2012 nobii
354 1953 723 2011 Cassinensis
770 1952 1115 2019 monachus,
1149 1949 1215 2006 in
1282 1950 1526 2007 Historia
1556 1952 1823 2007 Romana

182 2045 318 2100 libro
332 2044 568 2100 decimo
581 2045 769 2109 sexto,
802 2040 1180 2111 taliterhujus
1225 2038 1407 2097 sancti
1428 2039 1609 2097 Patris
1637 2036 1819 2097 nostri

182 2132 309 2189 facit
335 2131 752 2188 mentionem:
786 2153 814 2182 «
856 2130 950 2186 His
974 2129 1109 2202 ipsis
1163 2128 1560 2199 temporibus,
1618 2129 1820 2201 procul

184 2222 346 2278 dubio
369 2222 587 2295 quibus
614 2219 922 2276 Belisarius
951 2217 1230 2289 patricius
1250 2217 1534 2274 Vandalos
1553 2218 1612 2273 in
1629 2218 1821 2274 Africa

186 2311 324 2367 bello
357 2310 621 2377 domuit;
671 2308 831 2380 apud
860 2307 1127 2364 Castrum
1159 2305 1483 2374 Cassinum,
1521 2311 1651 2379 post
1685 2306 1819 2361 soli-

185 2400 383 2455 tariam
408 2399 624 2466 vitam,
677 2399 879 2452 sancto
942 2395 1163 2468 degens
1199 2394 1488 2461 coenobio,
1521 2395 1821 2467 stupendis

185 2488 547 2544 beatissimus
560 2490 737 2543 Pater
754 2484 1121 2550 Benedictus,
1154 2499 1264 2540 nec
1280 2482 1474 2538 minus
1489 2484 1820 2540 futurorum

191 2578 473 2651 praescius,
532 2575 810 2632 radiabat
865 2573 1192 2630 virtutibus.
1237 2574 1419 2628 Porro
1467 2574 1525 2629 in
1575 2573 1822 2629 Historia

188 2667 363 2737 gentis
382 2666 647 2733 suae,hoc
668 2667 756 2720 est
784 2661 1335 2735 Longobarderum,
1351 2661 1529 2719 vitam
1560 2663 1820 2734 ejusdem

190 2755 361 2810 nostri
394 2756 532 2827 post
564 2752 889 2809 Dominum
942 2748 1288 2822 protectoris
1319 2749 1571 2821 elegacio
1631 2754 1818 2806 metro

191 2843 495 2899 discribere
529 2843 873 2915 disponens,
888 2840 999 2895 hoc
1032 2838 1279 2910 sumpsit
1302 2839 1621 2895 exordium.
1651 2840 1818 2895 «Jus-

187 2930 644 3003 tinianiAugusti
654 2927 1149 3001 temporibus,qui
1159 2929 1488 2985 Romanum
1506 2927 1819 3001 imperium

191 3018 327 3075 felici
357 3023 518 3076 sorte
542 3017 718 3086 rexit,
748 3016 848 3090 qui
878 3018 941 3071 et
966 3017 1121 3072 bella
1148 3032 1424 3090 prospere
1454 3017 1648 3089 gessit,
1675 3020 1731 3072 et
1758 3017 1817 3071 in

189 3109 355 3164 causis
392 3107 671 3164 civilibus
714 3104 991 3162 miriﬁcus
1037 3104 1275 3173 exstitit,
1315 3106 1677 3162 beatissimus
1713 3106 1816 3161 Be-

191 3197 438 3254 nedictus
470 3198 641 3271 prius
669 3195 731 3250 in
756 3195 885 3251 loco
932 3193 1029 3265 qui
1057 3192 1333 3248 Sublacus
1360 3194 1590 3263 dicitur,
1619 3194 1717 3267 qui
1743 3194 1815 3249 ab

189 3294 317 3349 urbe
338 3296 537 3350 Roma
567 3291 964 3365 quadraginta
1016 3288 1271 3345 millibus
1305 3289 1484 3358 abest,
1513 3294 1572 3347 et
1614 3292 1817 3361 postea

189 3382 242 3437 in
271 3383 470 3438 Castro
500 3380 745 3436 Cassino
768 3379 925 3454 quod
971 3379 1191 3433 Harum
1235 3378 1584 3449 appellatur,
1604 3381 1663 3433 et
1690 3395 1814 3433 ma-

189 3487 308 3543 gna:
336 3472 468 3527 vitae
506 3468 762 3533 meritis,
793 3472 852 3524 et
890 3466 1219 3540 apostolicis
1245 3467 1548 3524 virtutibus
1584 3467 1812 3523 effulsit.

191 3558 351 3633 Cujus
368 3561 581 3627 vitam,
608 3557 756 3614 sicut
784 3561 993 3614 notum
1016 3559 1122 3625 est,
1148 3556 1352 3612 beatus
1408 3573 1560 3628 papa
1602 3557 1818 3627 Grego-

190 3648 297 3705 rius
318 3651 379 3706 in
417 3650 539 3706 suis
567 3647 824 3718 Dialogis
849 3646 1005 3702 suavi
1034 3662 1303 3701 sermone
1320 3645 1665 3716 composuit.
1698 3647 1816 3719 Ego

192 3755 413 3814 quoque
441 3735 874 3807 Paulus,ipsius
895 3734 1247 3791 sanctissimi
1265 3735 1454 3793 Patris
1474 3735 1815 3806 monachus,

190 3843 284 3899 pro
310 3828 607 3903 parvitate
636 3825 859 3898 ingenii
881 3826 1020 3891 mei,
1051 3825 1125 3881 ad
1150 3826 1437 3883 honorem
1466 3825 1614 3883 tanti
1637 3825 1819 3881 Patris

191 3917 409 3990 singula
432 3917 563 3989 ejus
618 3915 920 3984 miracula,
952 3931 1059 3987 per
1109 3915 1336 3986 singula
1393 3915 1657 3983 disticha,
1702 3914 1816 3970 ele-

192 4006 346 4078 giaco
380 4009 581 4063 metro
605 4004 718 4059 hoc
737 4004 914 4061 modo
945 4003 1212 4061 contexui
1244 4020 1257 4058 :

193 4094 395 4152 Ordiar
415 4094 580 4151 unde
606 4097 756 4160 tuos,
788 4108 952 4149 sacer
976 4109 1010 4149 o
1029 4091 1357 4162 Benedicte,
1380 4092 1750 4166 triumphos?

256 4185 554 4241 Virtutum
582 4183 845 4239 cumulos
886 4181 1084 4238 ordiar
1104 4183 1260 4239 unde
1284 4186 1414 4241 tuos
1436 4184 1465 4238 7

194 4272 566 4347 Euge,‘beate
594 4273 786 4340 Pater,
810 4270 1087 4327 meritum
1117 4270 1215 4343 qui
1245 4271 1488 4330 nomine
1506 4270 1704 4347 prodis
1729 4270 1743 4327 l

261 4362 507 4435 Fulgida
538 4363 638 4417 lux
663 4358 836 4429 saecli,-
865 4375 1036 4433 euge,
1067 4359 1239 4417 beate
1269 4363 1438 4418 Pater
1468 4360 1482 4416 l

196 4448 415 4521 Nursia,
446 4450 665 4525 plaude
697 4448 853 4517 satis,
876 4452 1041 4505 tanto
1073 4449 1337 4508 sublimis
1362 4451 1623 4518 alumno,

258 4544 429 4597 Astra
455 4542 657 4596 ferens
685 4539 928 4607 mundo,
958 4539 1180 4606 Nursia,
1218 4539 1428 4612 plaude
1466 4540 1604 4597 satis
1635 4539 1650 4594 l

200 4628 239 4684 0
266 4630 490 4702 puerile
519 4630 699 4685 decus
717 4627 1137 4685 transcenderis
1160 4628 1417 4685 moribus
1448 4645 1656 4697 annos,

265 4720 749 4795 Exsuperansque
778 4734 965 4785 senes,
997 4733 1031 4772 ο
1057 4717 1281 4789 puerile
1309 4718 1519 4775 decus!

198 4805 339 4879 Flos,
372 4807 670 4883 paradise,
703 4810 835 4862 tuus
855 4806 1114 4878 despexit
1142 4806 1350 4864 ﬂorida
1378 4808 1606 4878 mundi,

263 4898 493 4971 Sprevit
507 4913 651 4969 opes
680 4896 881 4951 Romae
910 4894 1040 4963 ﬂos,
1072 4896 1357 4967 paradise,
1390 4901 1541 4953 tuus.

198 4984 302 5041 Vas
334 4989 649 5060 pedagoga
672 4985 779 5058 (59)
813 4983 945 5040 tulit
972 4985 1352 5051 confractum,
1384 4988 1618 5058 pectore
1669 4987 1813 5044 tristi

265 5078 421 5133 Laeta
473 5076 863 5132 reformatum
883 5091 980 5131 vas
1016 5074 1320 5147 pedagoga
1348 5077 1496 5131 tulit.

199 5166 346 5223 Urbe
366 5184 650 5224 vocamen
683 5165 905 5220 habens
933 5164 1072 5237 (60),
1092 5167 1360 5236 tyronem
1378 5166 1635 5224 cautibus
1665 5170 1827 5234 abdit

267 5259 401 5313 Fert
420 5256 651 5330 pietatis
678 5270 874 5327 opem,
904 5254 1052 5309 Urbe
1075 5270 1355 5311 vocanem
1383 5256 1624 5317 habens.

200 5346 484 5404 Laudibus
505 5350 678 5402 antra
697 5347 909 5400 sonant
940 5342 1287 5400 mortalibus
1324 5344 1521 5404 abdita
1578 5350 1817 5425 cunctis,

270 5509 713 5576 (‘68)Obscurum
750 5506 1011 5563 verbum.

270 5512 361 5576 (ὅὸ
393 5512 713 5568 Obscurum
750 5512 1011 5563 verbum.

270 5512 387 5660 (539;
418 5579 754 5641 Excusanda
780 5577 1112 5656 antiquitas.

1847 3069 1905 3135 Ct

3059 1874 3246 1935 [mine
3282 1880 3543 1933 mentem

1997 1959 2322 2015 Excludunt
2352 1960 2599 2029 pestem,
2632 1957 2784 2015 lenia
2810 1959 2994 2032 ﬂagra
3022 1978 3254 2034 vagam.

1925 2048 2094 2104 Unda
2118 2047 2388 2121 perennis
2418 2064 2605 2120 aqum,
2638 2048 2829 2103 nativo
2854 2066 2884 2103 e
2912 2064 3205 2106 marmore
3229 2055 3454 2119 manat,

1992 2136 2174 2191 Arida
2203 2136 2383 2191 corda.
2406 2135 2559 2207 rigat
2590 2135 2746 2191 unda
2773 2137 3054 2208 perennis
3083 2156 3271 2211 aquai.

1924 2224 2175 2297 Gurgitis
2204 2224 2325 2280 ima
2350 2224 2594 2296 Chalybs
2620 2226 2822 2295 capulo
2845 2225 3059 2282 divulse
3089 2228 3304 2298 petisti,

1996 2312 2221 2369 Deseris
2252 2314 2369 2367 alta
2390 2315 2612 2385 petens,
2640 2313 2884 2385 gurgitis
2907 2313 3029 2370 ima
3049 2315 3273 2389 Calybs.

1922 2404 2085 2459 Iussa
2105 2405 2354 2474 paterna
2376 2418 2586 2474 gerens
2614 2402 2865 2474 dilapsus
2881 2403 3061 2459 currit
3086 2405 3147 2459 in
3174 2422 3397 2478 mquor,

1996 2490 2195 2547 Currit
2222 2494 2415 2546 vectus
2444 2492 2625 2564 aquis,
2644 2491 2803 2563 jussa
2826 2496 3071 2564 paterna
3095 2511 3324 2567 gerens.

1923 2580 2178 2637 Prazbuit
2194 2579 2353 2636 unda
2367 2580 2543 2649 viam,
2558 2585 2831 2654 prompto
2853 2581 2927 2637 ad
2946 2586 3235 2655 praecepta
3255 2584 3539 2657 magistri,

1996 2668 2251 2726 Cursoris
2277 2667 2505 2739 ignaro,
2531 2668 2780 2739 praebuit
2804 2669 2959 2724 unda
2988 2668 3160 2725 viam.

1921 2760 2003 2815 Tu
2035 2773 2291 2830 quoque,
2317 2773 2491 2829 parve
2528 2772 2692 2827 puer,
2728 2756 2954 2828 raperis
2977 2773 3084 2813 nec
3115 2756 3327 2814 occidis
3356 2757 3533 2832 (mer-

3114 2846 3315 2921 Egeria)
3344 2849 3537 2916 undis,

1990 2935 2169 2992 Testis
2200 2933 2338 2990 ades
2365 2950 2558 3003 verax,
2582 2935 2643 2989 tu
2671 2949 2922 3005 quoque,
2946 2950 3122 3006 parve
3153 2952 3315 3006 puer.

1921 3024 2151 3081 Perfida
2180 3022 2602 3094 cordagemunt
2620 3022 2865 3077 stimulis
2893 3022 3111 3094 agitata
3139 3022 3412 3096 malignis

1987 3112 2274 3168 Tartareis
2299 3111 2552 3169 ﬂammis
2578 3111 2801 3183 perfida
2824 3113 3001 3169 corda
3029 3116 3296 3185 gemunt.

1919 3203 2053 3259 Fert
2082 3201 2365 3257 alimenta
2392 3200 2573 3256 Corax
2598 3200 2790 3272 digitis
2812 3202 3005 3257 oblata
3024 3202 3325 3274 malignis;

1992 3289 2337 3363 Diraprocul
2359 3289 2571 3360 jussus,
2609 3289 2723 3344 fert
2752 3289 3031 3356 alimenta
3060 3290 3263 3348 Corax.

1920 3381 2162 3436 Pectora
2200 3394 2362 3433 sacra
2401 3378 2600 3434 dolent
2626 3378 2932 3435 inimicum
2970 3381 3097 3437 labe
3138 3383 3529 3454 peremptum.

1995 3466 2265 3541 Discipuli
2294 3483 2589 3523 excessum
2618 3471 2861 3539 pectora
2885 3485 3048 3527 sacra
3076 3470 3296 3526 dolent.

1920 3557 2070 3614 Diris
2092 3573 2324 3613 amcena
2344 3559 2547 3627 patens
2574 3557 2812 3614 ducibus
2842 3558 3135 3617 comitaris
3164 3557 3394 3631 opimis,

1994 3646 2223 3704 Coelitus
2258 3646 2586 3715 attraheris,
2609 3646 2749 3719 lyris
2770 3664 3000 3706 amoena
3024 3652 3247 3721 petens.

1919 3736 2141 3809 Anguis
2169 3735 2369 3807 inique
2400 3735 2543 3792 furis
2568 3736 2694 3791 loco
2726 3736 2904 3801 [luco]
2936 3737 3213 3808 spoliatus
3241 3738 3299 3793 et
3319 3735 3469 3806 aris;

1992 3823 2230 3880 Amissis
2252 3823 2499 3894 populis,
2534 3823 2738 3894 anguis
2762 3825 2959 3897 inique
2986 3824 3149 3882 furis.

1921 3913 2192 3985 Improbe
2233 3927 2419 3966 sessor
2456 3911 2573 3979 abi,
2605 3911 2731 3968 sine
2756 3912 2967 3971 dentur
2995 3929 3295 3970 marmora
3322 3912 3535 3984 muris;

1992 4001 2231 4075 Cogoris
2258 4000 2527 4073 imperio,
2554 3999 2821 4071 improbe
2849 4018 3034 4059 sessor
3062 4002 3178 4059 abi.

1924 4091 2191 4153 Cernitur
2220 4089 2373 4163 ignis
2402 4091 2546 4146 edax
2576 4089 2730 4146 falsis
2759 4089 3060 4164 insurgere
3086 4089 3360 4158 ﬂammis,

1992 4181 2106 4237 Nec
2128 4179 2255 4247 tibi,
2285 4195 2525 4251 gemma
2546 4177 2788 4248 micans,
2820 4179 3078 4237 cernitur
3102 4178 3254 4251 ignis
3280 4178 3446 4237 edax.

1920 4270 2072 4327 Dum
2093 4267 2331 4325 struitur
2361 4268 2571 4341 paries,
2600 4269 2931 4326 lacerantur
2950 4267 3166 4325 viscera
3193 4267 3411 4326 fratris.

1842 4318 1898 4381 Β
1921 4318 1962 4327 ”
1975 4318 2211 4431 ἐἶξεῌὲεῖ
2215 4318 2395 4415 ius:
2405 4318 3061 4425 ἓὶξὶἑιοζᾞῖιὶιῖεὶῖἰιίὶῌιῖ
3071 4318 3294 4430 3.1.5.;

1920 4448 2131 4509 Abdita
2150 4448 2303 4505 facta
2331 4450 2554 4520 patent,
2587 4448 2785 4520 patulo
2814 4447 3142 4520 produntur
3166 4448 3390 4517 edaces,

1992 4537 2241 4597 Muneris
2268 4536 2509 4611 accepti,
2540 4536 2738 4593 abdita
2767 4536 2920 4593 facta
2941 4539 3164 4609 patent.

1924 4629 2083 4686 Saeve
2112 4629 2382 4699 tyranne,
2414 4628 2527 4682 tua:
2556 4625 2907 4682 frustrantur
2934 4625 3086 4683 retia
3108 4626 3349 4696 fraudis,

1992 4718 2181 4773 Frena
2208 4715 2362 4787 capis
2392 4716 2541 4784 vita},
2569 4732 2715 4771 smve
2740 4718 3007 4788 tyranne,
3040 4718 3176 4771 tuas.

1921 4804 2129 4865 Moenia
2157 4806 2308 4862 celsa
2335 4805 2571 4860 Neumte
2604 4805 2761 4860 nullo
2788 4805 3139 4860 subruentur
3163 4804 3236 4861 ab
3262 4804 3451 4873 hoste,

1991 4896 2181 4952 Turbo
2208 4895 2307 4964 ait,
2339 4897 2579 4962 evertet,
2602 4893 2817 4951 moenia
2845 4895 2995 4950 celsa
3023 4895 3258 4951 Neuma:

1924 4984 2194 5043 Plecteris
2222 4985 2388 5040 hoste
2417 4982 2574 5056 gravi
2604 5001 2680 5039 ne
2707 4983 2836 5039 lites
2863 5000 3074 5039 munus
3102 4984 3177 5039 ad
3207 5001 3391 5053 aram,

1994 5078 2192 5133 Munus
2222 5075 2336 5130 fers
2362 5073 2502 5129 dum
2532 5072 2665 5136 aris,
2694 5071 2959 5142 plecteris
2989 5073 3153 5129 hoste
3176 5074 3356 5146 gravi.

1927 5166 2136 5224 Omnia
2160 5167 2323 5238 septa
2351 5160 2563 5234 gregis,
2589 5160 2917 5231 praescitum
2955 5165 3061 5229 est,
3087 5164 3298 5218 tradita
3335 5160 3517 5233 genti,

1993 5256 2144 5311 Gens
2174 5254 2379 5309 eadem
2400 5253 2657 5322 reparat,
2686 5248 2885 5306 omnia
2915 5253 3078 5322 septa
3098 5251 3309 5322 gregis.

1921 5344 2159 5403 Fraudis
2187 5342 2371 5400 amice
2400 5356 2547 5413 puer
2575 5356 2739 5398 suaso
2760 5338 3006 5414 capturis
3035 5339 3109 5396 ab
3137 5337 3346 5413 hydro,

1990 5508 2096 5585 (60)
2129 5505 2190 5567 S.
2220 5506 2533 5566 Romanus.
