3934 6176
276 426 356 483 805

500 537 624 597 Vita:
647 552 823 595 sacra:
853 533 1211 610 sequacibus.

558 629 676 685 Jam
708 628 822 683 dux
851 627 1068 683 alumni
1099 630 1188 682 sat
1216 628 1444 698 potens,

489 717 644 774 Adsis
667 716 861 789 gregis
889 715 1162 790 suspiriis,

492 807 681 862 Gliscat
710 805 898 872 bonis,
938 805 1188 876 hydrum
1219 820 1444 872 cavens,

490 894 566 949 Sit
594 893 747 948 callis
776 895 839 949 ut
865 910 1074 966 sequax
1103 894 1204 948 tui.

1457 413 1685 473 SERMO
1708 413 1800 472 DE
1829 413 1888 472 S.
1923 414 2309 474 BENEDICTO

1825 539 1881 600 Α
1909 535 2188 591 Omnibus
2213 540 2298 592 est
2326 537 2488 610 virga
2508 536 2757 610 gracilis,
2777 538 3101 596 moderatio
3124 539 3302 613 justa,

3415 417 3518 478 866

1978 625 2139 681 Lima
2169 625 2266 698 pia
2291 625 2427 698 [pie]
2451 627 2703 698 capiens,
2735 644 2918 700 regna
2942 629 3112 686 beata
3140 648 3370 703 parans.

1901 712 2136 786 Arguit,
2165 715 2445 782 obsecrat,
2479 715 2759 788 increpat,
2807 720 2979 790 atque
3029 719 3280 774 libenter
3309 737 3514 778 emen-

3218 808 3316 864 dat

1975 889 2128 954 Quos
2158 892 2265 947 sibi
2291 908 2573 964 germano
2607 893 2823 950 foedere
2845 897 3156 954 consociat.
3191 820 3211 882 Ι

312 987 459 1041 Porro
507 981 914 1036 desolationem
960 981 1132 1054 ipsius
1172 981 1540 1037 sacratissimi
1595 981 1798 1038 Montis
1898 977 2063 1034 Novit
2089 981 2162 1034 ad
2192 979 2498 1036 aeternum'
2526 985 2842 1038 monachos
2892 985 3210 1056 perducere
3261 1002 3509 1058 regnum

256 1072 446 1138 Cassini,
471 1086 633 1143 quam
665 1069 868 1125 beatus
889 1072 1054 1125 Pater
1078 1071 1433 1138 Benedictus,
1457 1072 1638 1126 multo
1661 1075 1796 1126 ante

248 1159 543 1234 spiritalibus
572 1159 915 1230 prmviderat
951 1159 1148 1226 oculis,
1197 1175 1302 1213 nec
1360 1177 1477 1214 non
1509 1163 1795 1215 restaura-

246 1251 421 1304 tionem
466 1248 602 1319 ejus,
647 1247 984 1303 brevissimo
1029 1247 1304 1303 narrandi
1334 1265 1548 1320 genere
1579 1249 1797 1304 curavit

241 1337 576 1392 manifestare.
604 1337 679 1390 At
720 1353 854 1391 vero
882 1336 1241 1391 translationi
1272 1336 1636 1392 sacratissimi
1666 1354 1792 1393 cor-

240 1424 360 1496 poris
381 1424 620 1495 ejusdem
662 1423 846 1479 sancti
879 1424 1059 1480 Patris
1104 1441 1168 1479 ac
1226 1425 1436 1480 sororis
1467 1425 1588 1495 ejus
1614 1425 1790 1481 Scho-

236 1513 422 1579 lasticse,
452 1513 518 1568 ad
547 1513 702 1568 hunc
750 1513 1140 1568 venerabilem
1201 1515 1391 1568 locum
1445 1513 1788 1580 Floriacum,

233 1600 335 1654 licet
348 1600 555 1669 invitus,
574 1601 632 1656 in
652 1600 778 1674 ipsa
809 1601 1328 1672 Langobardorum
1360 1601 1606 1657 Historia
1633 1602 1789 1658 testi-

231 1688 444 1744 monium
468 1690 713 1761 praebuit
741 1691 968 1760 (Paulus
998 1689 1385 1760 Cassinensis.)
1418 1689 1554 1754 Quae
1589 1691 1789 1746 omnia

227 1777 330 1849 quia
358 1776 410 1831 in
452 1777 636 1848 primo
671 1777 818 1832 libro
845 1777 1246 1833 Miraculorum
1271 1793 1420 1848 pene
1447 1777 1621 1850 ipsius
1658 1795 1787 1834 ver-

1968 1069 2035 1121 Et
2065 1069 2282 1143 sociare
2313 1069 2487 1143 choro
2522 1071 2766 1143 dulciter
2793 1073 3079 1143 angelico.

1899 1137 2168 1202 Quamvis
2198 1141 2320 1195 haec
2353 1141 2534 1196 socios
2559 1142 2684 1196 caeli
2712 1137 2956 1197 deducat
2983 1145 3055 1199 ad
3087 1145 3222 1215 alta,

1969 1228 2062 1281 Est
2094 1232 2287 1283 tamen
2319 1233 2592 1300 augustus
2624 1231 2802 1297 callis,
2834 1235 2891 1285 et
2922 1236 3080 1286 arcta
3110 1232 3219 1300 via,

1892 1317 2065 1370 Arcta
2090 1316 2213 1386 pios
2244 1317 2376 1370 celsi
2410 1317 2640 1372 deducit
2671 1319 2743 1372 ad
2782 1319 2930 1374 atria
2955 1321 3144 1394 regni,

1963 1405 2171 1474 Ampla
2197 1406 2378 1459 malos
2404 1407 2560 1478 putei
2585 1406 2798 1477 mergit
2825 1407 2881 1461 in
2907 1408 3025 1462 ima
3047 1409 3216 1480 nigri.

1890 1491 2070 1547 Nemo
2086 1492 2235 1547 viam
2251 1492 2450 1548 timeat
2471 1496 2888 1549 monachorum
2908 1495 3124 1551 intrare
3140 1514 3243 1568 per
3265 1502 3505 1567 arctam,

1960 1580 2188 1634 Ducunt
2218 1581 2291 1635 ad
2318 1582 2664 1653 astrigerum
2691 1586 2878 1638 castra
2906 1585 3077 1639 beata
3105 1586 3327 1656 polum.

1963 1667 2275 1739 [Astrigero
2302 1668 2584 1724 inducunt
2611 1674 2798 1724 castra
2818 1672 2987 1726 beata
3008 1673 3161 1742 polo]

1893 1755 1990 1810 Ille
2021 1756 2136 1828 poli
2165 1757 2378 1827 poterit
2409 1757 2610 1812 leviter
2639 1759 3025 1814 conscendere
3058 1761 3210 1816 celsa

226 1843 290 1918 bis
303 1868 505 1920 exarata
523 1868 682 1934 sunt,
703 1882 807 1920 nos
828 1865 1064 1920 interim
1089 1865 1376 1920 succincto
1407 1882 1621 1938 genere
1652 1884 1786 1922 nar-
1813 1850 1866 1910 Β
1962 1843 2143 1938 QP“?
2172 1861 2356 1900 ¹¹⁰⁰¹¹⁰
2392 1846 2548 1938 “ulla
2569 1846 2827 1938 Pondere
2853 1849 3021 1938 cuipa
3046 1853 3266 1920 gravat»

222 1951 352 2006 randi
376 1953 696 2025 praelibasse
729 1953 992 2009 sufﬁciat.
1027 1954 1171 2008 Illud
1221 1971 1359 2009 sane
1398 1971 1515 2010 non
1546 1955 1788 2011 reticen-

226 2037 332 2094 dum
356 2040 478 2112 quia
494 2042 608 2097 Deo
627 2040 900 2096 amabilis
917 2041 1096 2096 abbas
1113 2041 1234 2096 Odo
1261 2042 1320 2096 in
1345 2043 1512 2098 laude
1525 2043 1785 2114 ejusdem

215 2127 358 2183 Patris
382 2145 713 2185 sermonem
738 2129 988 2186 facunda
1035 2129 1217 2184 edidit
1245 2131 1600 2202 eloquentia,
1634 2135 1694 2188 et
1725 2132 1786 2187 in

215 2232 438 2272 sermone
466 2235 644 2290 quem
679 2218 750 2273 de
776 2221 974 2273 sancto
1001 2218 1337 2290 conscripsit
1358 2219 1600 2275 Martino
1617 2220 1788 2291 hujus

213 2321 299 2360 non
325 2306 462 2361 siluit
490 2306 807 2379 praeconia.
836 2306 1186 2377 Smaragdus
1204 2323 1454 2380 quoque,
1479 2307 1788 2380 expositio-

210 2409 315 2448 nem
341 2393 393 2449 in
422 2395 591 2467 ipsius
622 2396 897 2468 regulam
918 2397 1366 2462 commentatus,
1384 2396 1489 2451 hos
1503 2395 1785 2468 praemisit

205 2481 464 2538 versiculos
478 2501 492 2538 :

208 2567 426 2642 Quisquis
455 2573 525 2627 ad
542 2575 841 2629 aeternum
863 2575 1082 2629 mavult
1098 2574 1487 2628 conscendere
1506 2589 1778 2646 regnum,

255 2659 412 2714 Debet
440 2660 511 2715 ad
543 2662 903 2734 astrigerum
937 2666 1132 2716 mente
1162 2663 1354 2717 subire
1381 2664 1600 2734 polum,

204 2745 477 2820 Relligione
508 2752 633 2822 pia,
670 2751 799 2806 vitae
828 2750 1166 2828 perquirere
1196 2752 1424 2818 callem,

257 2835 518 2894 Scandere
541 2855 669 2912 quo
701 2839 890 2894 valeat
917 2855 1092 2894 aurea
1119 2855 1302 2910 regna
1322 2839 1493 2906 celer,

200 2921 274 2976 Est
300 2927 579 2982 monachis
609 2927 804 2982 sancti
835 2927 1126 2982 Benedicti
1158 2929 1357 2998 regula
1386 2926 1567 2982 Patris

251 3011 514 3082 Perfectis,
542 3017 753 3089 plana,
786 3015 993 3083 suavis,
1024 3019 1082 3070 et
1111 3015 1303 3086 ampla
1328 3015 1438 3081 via,

195 3098 389 3169 Aspera,
407 3103 503 3158 sed
529 3104 758 3176 pueris,
792 3120 898 3158 nec
931 3120 1048 3158 non
1081 3103 1378 3175 tyronibus
1407 3106 1566 3158 arcta

249 3187 379 3253 Quos
403 3194 542 3248 aluit
569 3193 811 3266 gremio
842 3195 1026 3248 lactea
1050 3193 1165 3247 vita
1194 3193 1312 3248 diu.

190 3276 297 3332 Haec
322 3285 400 3337 est
423 3286 624 3338 sancta
664 3281 774 3350 via,
798 3283 1110 3354 prmlucida
1135 3282 1340 3338 semita
1368 3283 1524 3350 cmli;

251 3366 475 3441 Carpere
507 3388 694 3443 quam
737 3370 974 3443 cupiunt
999 3374 1184 3426 castra
1209 3371 1378 3426 beata
1404 3370 1527 3426 Dei.

191 3452 446 3511 Admonet
469 3459 597 3513 haec
625 3459 949 3514 monachos
997 3459 1259 3514 sublimis
1289 3460 1489 3530 regula
1517 3461 1775 3526 cunctos,

246 3542 306 3596 Ut
326 3545 489 3601 rebus
520 3549 788 3614 careant,
818 3563 1000 3618 regna
1029 3564 1280 3618 superna
1303 3551 1524 3620 petant,

186 3629 391 3704 Propria
422 3635 752 3702 dimittant,
785 3636 1040 3690 habeant
1060 3639 1122 3690 ut
1143 3636 1380 3706 propria
1405 3639 1632 3702 cuncta,

239 3719 498 3792 Prospera
528 3740 665 3796 qua:
695 3723 860 3778 sociis
891 3723 1086 3778 coelica
1117 3740 1302 3795 regna
1332 3729 1597 3792 manent,

182 3804 408 3864 Patribus
433 3828 469 3866 a
497 3811 740 3877 nostris,
773 3810 832 3866 in
861 3826 1023 3866 sacro
1041 3812 1299 3866 carmine
1328 3811 1491 3884 legis,

241 3893 404 3967 Regia
431 3898 804 3970 rectogradis
861 3899 1069 3954 dicitur
1099 3900 1207 3954 ista
1237 3900 1348 3957 via.

177 3979 282 4036 Haec
305 3989 385 4039 est
412 3985 531 4042 vita
565 3986 764 4052 bonis,
796 4003 903 4042 nec
937 4004 1053 4042 non
1084 3991 1142 4041 et
1172 4005 1381 4043 norma
1411 3988 1630 4056 salutis,

231 4072 392 4127 Arcus
420 4077 479 4128 et
505 4091 683 4129 arma
712 4074 843 4146 piis,
870 4074 1084 4146 frigida
1115 4077 1228 4131 tela
1258 4076 1450 4132 malis.

174 4153 302 4212 Hanc
330 4162 520 4216 nullus
546 4163 784 4229 nolens,
807 4163 1043 4234 cupiens
1074 4164 1340 4236 implebit
1364 4168 1423 4219 et
1444 4165 1663 4221 omnis:

227 4246 419 4320 Estque
447 4251 650 4321 gravis
675 4251 964 4322 gravibus,
999 4252 1183 4306 suavis
1222 4257 1280 4308 et
1309 4256 1444 4323 apta
1473 4253 1662 4311 bonis.

170 4330 416 4407 Florigeri
448 4338 765 4394 monachis
787 4339 932 4406 [coeli
947 4340 1114 4411 jubet
1137 4341 1245 4395 ista
1265 4341 1565 4413 docetque]
1585 4346 1773 4397 osten-

1088 4429 1197 4497 [dit
1225 4429 1348 4484 haec
1380 4429 1629 4502 paradisi

224 4511 448 4585 Regula,
483 4516 794 4572 luciﬂuum
818 4515 1145 4572 desiderare
1200 4517 1769 4661 locumnlconci)1pisse

1422 4605 1588 4644 ocum
1619 4631 1632 4644 .

1422 4605 1632 4644 οοιιηυ.

163 4667 271 4726 Haec
291 4675 437 4734 bene
468 4682 752 4735 materno
784 4679 952 4732 natos
981 4676 1223 4748 castigat
1252 4693 1476 4744 amore,

221 4765 731 4836 Arguiterudiens,
750 4769 808 4820 et
832 4765 955 4820 sine
985 4765 1116 4820 felle
1140 4781 1404 4819 monens.

161 4845 270 4906 Haec
294 4857 593 4925 patienter
626 4873 726 4910 eos
749 4858 952 4909 tenero
980 4871 1110 4908 cum
1143 4853 1382 4908 verbere
1415 4853 1616 4922 nutrit,

219 4939 469 5000 Candida
501 4947 644 5018 post
672 4943 895 4999 obitum
923 4942 1163 5015 praemia
1192 4943 1374 4996 multa
1400 4942 1581 5002 dabit.

163 5024 348 5084 Pandit
375 5031 490 5087 iter
518 5031 720 5099 rectis,
752 5031 1002 5086 caelestia
1030 5029 1235 5101 pandit
1264 5029 1482 5096 amicis,

219 5116 454 5175 Currere
483 5138 562 5176 ne
593 5119 812 5192 pigeat,
839 5119 941 5174 sed
968 5119 1258 5190 patienter
1287 5122 1442 5174 eant.

222 5204 519 5264 Examinat
547 5209 720 5274 vitas,
749 5223 942 5262 mores
967 5206 1267 5278 componit
1293 5210 1349 5261 et
1375 5209 1564 5262 ornat.

219 5291 403 5352 Librat
423 5302 485 5353 et
509 5296 837 5370 aequiparat
859 5299 918 5351 et
945 5295 1306 5351 moderando
1329 5295 1514 5351 minat
1538 5294 1620 5369 (et
1651 5296 1759 5352 mi-

1165 5385 1312 5448 [nuit
1332 5384 1684 5455 moderans).

157 5470 459 5544 Adnihilat,
491 5489 740 5548 parvum
761 5475 985 5548 justum
1034 5474 1332 5530 contlascit
1372 5478 1490 5547 (sic,
1522 5475 1759 5544 conﬁat]

1345 5567 1429 5632 [ut
1458 5580 1684 5619 aurum.

223 5651 402 5712 Limat
431 5659 494 5714 et
519 5656 837 5726 examinat,
861 5659 920 5714 et
943 5655 1214 5730 potiendo
1243 5654 1433 5710 librat.

1959 1933 2160 2004 [Noxia
2183 1951 2356 2006 quem
2380 1934 2535 1988 nullo
2568 1935 2824 2006 pondere
2852 1937 3020 2009 culpa
3047 1941 3316 2009 gravat..]

1887 2020 2084 2093 Aliger
2102 2023 2382 2077 aethereus
2407 2022 2643 2093 gravido
2675 2039 2806 2077 cum
2834 2040 3074 2096 corpore
3102 2027 3292 2081 nullus

1961 2109 2256 2178 Verberat,
2288 2111 2568 2166 mthereas
2599 2128 2751 2184 saepe
2781 2113 3028 2168 volando
3060 2113 3197 2167 vias.

1889 2197 2088 2253 Nullus
2109 2198 2268 2254 enim
2295 2200 2612 2254 monachus
2639 2201 2856 2272 peccati
2888 2201 3145 2272 pondere
3181 2219 3408 2274 pressus

1961 2285 2246 2358 Stelligeri
2280 2287 2492 2360 poterit
2515 2304 2697 2359 regna
2727 2289 2915 2343 subire
2948 2289 3086 2360 poli.

1887 2373 2088 2428 Omnis
2104 2375 2264 2429 enim
2296 2376 2612 2430 monachus
2643 2377 2910 2448 lacrymis
2951 2379 3256 2433 commissa
3310 2381 3501 2436 lavare

1955 2464 2157 2532 Debet,
2186 2469 2244 2518 et
2277 2465 2516 2519 ulterius
2538 2465 2697 2519 nulla
2725 2467 2969 2520 lavanda
3001 2468 3142 2537 pati.

1879 2551 2188 2625 Temperet
2212 2551 2432 2608 interea
2458 2552 2728 2607 monachi
2762 2553 3031 2608 discretio
3062 2555 3344 2622 mentem,

1955 2639 2020 2694 Et
2051 2641 2140 2694 via
2170 2658 2274 2713 per
2296 2640 2553 2695 medium
2585 2641 2745 2712 regia
2777 2642 2948 2696 ducat
2977 2659 3131 2697 eum.

1883 2729 1956 2783 Ut
1981 2729 2454 2783 caveatdextram
2473 2730 2670 2795 solers,
2706 2729 3021 2801 timeatque
3051 2730 3368 2800 sinistram,

1957 2818 2271 2872 Hortantur
2299 2835 2474 2872 sacrm
2508 2819 2708 2872 munia
2740 2819 2880 2890 legis
2915 2835 3070 2872 eum.

1879 2905 2087 2960 Tristia
2115 2922 2233 2960 non
2261 2907 2605 2960 timeat......
2639 2907 2738 2960 sed
2768 2923 3046 2978 prospera
3069 2909 3292 2976 mundi,

1953 2994 2241 3050 Scandere
2273 2998 2397 3049 tum
2427 2994 2661 3067 poterit,
2692 3011 2877 3066 regna
2907 2996 3076 3050 beata
3107 2997 3248 3067 poli.

1881 3082 2148 3156 Quisquis
2172 3086 2330 3138 amat
2362 3083 2564 3138 rutilos
2616 3086 2949 3138 sanctorum
2991 3100 3226 3156 carpere
3257 3085 3496 3156 fructus,

1948 3172 2179 3226 Actibus
2203 3172 2261 3227 in
2293 3171 2514 3226 cunctis
2539 3171 2901 3226 consocietur
2929 3172 3029 3227 eis.

1877 3260 2125 3316 Moribus
2140 3263 2397 3326 ornatus,
2431 3262 2489 3314 et
2513 3262 2667 3314 casto
2697 3276 2938 3331 corpore
2968 3264 3254 3333 comptus,

1948 3348 2131 3416 Vivat,
2161 3351 2217 3402 et
2243 3365 2276 3402 a
2308 3347 2556 3403 Domino
2589 3363 2820 3420 semper
2851 3352 3079 3404 amatus
3114 3349 3242 3404 erit.

1879 3435 1972 3492 Sic
2002 3437 2120 3506 [sit]
2154 3437 2378 3503 tacitus,
2405 3435 2659 3502 humilis,
2708 3435 3090 3506 mittissimus,
3135 3440 3306 3512 atque
3330 3438 3493 3494 beni-

3163 3528 3350 3599 [gnus.

1952 3613 2038 3669 Sit
2067 3613 2310 3685 patiens,
2344 3613 2566 3668 sobrius
2606 3613 2898 3687 providus,
2930 3617 3102 3687 atque
3133 3615 3280 3689 pius,

1880 3701 2098 3757 Indolis
2125 3705 2182 3756 et
2214 3701 2432 3767 docilis,
2453 3701 2707 3774 sapiens,
2735 3719 2799 3756 ac
2824 3706 3023 3757 mente
3055 3704 3292 3776 pusillus

1951 3791 2292 3862 Conceptus,
2325 3790 2600 3862 placidus,
2635 3794 2694 3846 et
2730 3791 2876 3844 bene
2904 3797 3131 3846 caustus
3157 3797 3271 3847 eat.

1879 3878 2096 3933 Excitet
2127 3878 2348 3932 interea
2373 3878 2561 3932 cordis
2592 3879 2960 3950 compunctio
2983 3883 3233 3945 sontem,

1951 3967 2058 4032 Qui
2090 3966 2288 4021 sordes
2310 3965 2519 4020 animae
2552 3966 2786 4040 [mentis
2812 3967 3138 4038 quisordcs]
3161 3967 3491 4041 illuviesque

3183 4057 3378 4126 [lavet.

1877 4144 2198 4200 Chrismate
2231 4143 2461 4218 perfuso
2492 4143 2882 4213 lacrymarum
2912 4143 3060 4198 fusio
3089 4143 3236 4198 fonti

1945 4234 2302 4307 quuiparat,
2337 4233 2590 4286 maculas
2617 4232 2792 4304 tergit
2821 4235 2884 4286 ut
2912 4231 3006 4287 ille
3035 4231 3248 4304 nigras.

1871 4324 2066 4395 Tergit
2092 4326 2150 4378 et
2176 4322 2400 4377 ablutos
2426 4321 2675 4392 paradisi
2707 4321 2814 4376 rite
2841 4323 3099 4385 colonos,

1795 4419 1849 4478 D
1946 4411 2133 4466 Efﬁcit
2163 4414 2224 4464 ut
2249 4410 2395 4464 cives
2419 4409 2544 4480 jam
2575 4409 2698 4463 sine
2731 4409 2844 4464 ﬁne
2876 4414 3054 4482 petat.

1874 4499 1980 4566 Qui
1985 4496 2660 4570 jugiter]audes[lautas)
2679 4497 2901 4567 possint
2919 4498 3244 4570 persolvere
3267 4501 3483 4570 grates,

1939 4589 2138 4642 Vivere
2160 4603 2290 4642 cum
2326 4585 2570 4641 Domino
2596 4602 2829 4659 semper
2855 4590 2912 4642 et
2942 4603 3062 4642 esse
3091 4604 3215 4644 suo.

1939 4676 2320 4731 Nihilominus
2345 4675 2670 4730 Adhelmus
2699 4676 2939 4746 Anglus,
2993 4675 3250 4747 primum
3283 4677 3482 4745 abbas,

1866 4769 1996 4837 post
2039 4765 2337 4837 episcopus
2381 4763 2584 4827 factus,
2637 4763 2693 4818 in
2736 4763 2880 4818 libro
2919 4765 3000 4817 De
3038 4764 3206 4818 laude
3254 4767 3482 4819 sancto-

1863 4871 1993 4910 rum
2023 4871 2136 4908 ase
2167 4852 2344 4920 edito,
2384 4852 2554 4923 hujus
2581 4851 2638 4906 S.
2693 4852 2874 4907 Patris
2912 4853 3022 4906 hoc
3065 4852 3231 4907 modo
3277 4853 3486 4908 memi-

1863 4943 1980 4997 nit.

1933 5030 2246 5102 Imperium
2274 5029 2479 5084 mundi
2509 5030 2724 5084 ﬂorens
2755 5045 2886 5084 cum
2908 5029 3093 5084 Roma
3119 5032 3366 5096 teneret,

1861 5122 2046 5192 Atque
2077 5119 2432 5191 gubernaret
2452 5133 2770 5188 regnorum
2795 5121 2956 5190 septa
2979 5135 3082 5190 per
3109 5119 3332 5184 orbem,

1859 5207 2238 5278 Temporibus
2253 5206 2491 5261 Faustus
2518 5205 2858 5260 Benedictus
2887 5205 3109 5260 claruit.
3146 5206 3331 5259 Isdem

1864 5295 2048 5360 Quem
2079 5295 2228 5348 Deus
2276 5294 2543 5348 Ausonia:
2602 5294 2857 5348 clemens
2908 5294 3224 5347 indulserat
3253 5296 3470 5359 auctor,

1862 5386 1935 5439 Ut
1956 5384 2233 5456 populum
2265 5382 2519 5448 Domini,
2554 5381 2861 5436 vadentem
2881 5381 3116 5435 tramite
3147 5385 3324 5450 recto,

1862 5475 2058 5528 Ferret
2085 5472 2157 5526 ad
2183 5471 2379 5526 aeterni
2408 5471 2610 5525 ductor
2636 5470 2872 5539 vestigia
2903 5469 3085 5540 regni.

1861 5562 2045 5627 Quem
2074 5563 2230 5635 prius
2261 5561 2549 5615 abstrusus
2576 5560 2736 5613 saevis
2764 5557 3115 5614 anfractibus
3139 5575 3322 5626 error,

1856 5652 2043 5710 Trusit
2069 5651 2144 5713 ad
2175 5649 2388 5706 inferni
2417 5648 2688 5705 torrentis
2719 5649 2935 5703 tartara
2965 5647 3151 5721 nigra,
