3998 6166
485 442 590 504 337
1546 430 1814 490 AIMOINI
1856 427 2170 488 MONAGHI
2215 427 2732 491 FLOBIACENSIS.
3624 437 3703 501 sos

487 565 652 636 saepe
679 564 1062 634 tyrannorum
1089 551 1364 610 contrivit
1389 553 1613 626 templa
1635 551 1922 625 priorum,
2118 553 2174 616 Α
2194 551 2262 608 Et
2285 551 2529 608 tremuit
2554 553 2722 610 tellus
2737 568 2952 627 magno
2983 549 3355 612 tremebunda
3377 550 3597 630 fragore.

487 653 595 720 Qui
629 647 943 708 Dominum
1000 644 1139 700 lucis
1187 642 1496 700 tenebroso
1545 641 1718 697 corde
1777 639 2094 714 negabant,
2197 641 2448 698 Humida
2475 641 2728 700 roriﬂuis
2753 643 3095 700 humectant
3121 643 3325 699 vellera
3351 645 3523 716 guttis,

483 742 607 800 Mox
637 737 750 795 illic
777 736 966 808 ﬁgens
987 731 1238 788 victricia
1267 731 1434 803 signa
1463 727 1661 784 salutis
2197 731 2405 803 Irrigat
2429 734 2488 786 et
2507 734 2722 787 terram
2754 731 3077 787 tenebrosis
3109 730 3358 786 imbrilus
3386 749 3490 790 aer.

487 831 576 888 Sic
609 828 773 886 miles
805 823 1035 891 Christi,
1061 821 1281 878 devicto
1311 823 1428 888 [ex]
1455 820 1620 875 hoste
1643 816 1986 890 triumphat.
2201 820 2582 893 Complentur
2603 820 2798 888 valles,
2832 823 2891 875 et
2917 822 3082 892 larga
3115 819 3327 876 ﬂuenta
3345 821 3644 889 redundant,

486 918 787 978 Basilicam
810 912 1057 970 Domino
1082 914 1411 967 restaurans
1442 908 1563 964 aede
1586 910 1810 973 renata,
2198 909 2357 965 Tunc
2381 909 2594 965 mansit
2613 911 2818 965 nolens
2849 909 2946 981 qui
2974 909 3202 981 pridem
3233 914 3422 981 sponte
3451 913 3622 984 negavi

485 1008 624 1074 Quis
646 1006 853 1062 modus
875 1007 973 1058 aut
1002 1016 1298 1066 numerus,
1329 998 1416 1052 vel
1461 1000 1615 1052 certe
1647 995 1894 1050 calculus
1924 993 2099 1049 index
2204 999 2370 1063 Quod
2392 1015 2670 1071 germana
2698 998 2866 1070 petit,
2887 999 3192 1069 deplorans
3213 996 3375 1052 anxia
3395 998 3544 1053 curis.

486 1100 804 1171 Explanare
829 1094 978 1149 valet
1007 1090 1242 1146 virtutes
1271 1087 1417 1143 illius
1449 1087 1672 1158 amplas
1691 1084 1719 1140 Ἰ
2205 1087 2296 1142 Sic
2327 1090 2474 1143 Deus
2499 1089 2780 1143 auscultat
2799 1085 3007 1142 devota
3038 1090 3230 1142 mente
3261 1089 3528 1158 rogantes,

489 1188 626 1254 Quae
654 1185 957 1242 modulum
979 1183 1037 1236 ct
1064 1194 1374 1235 numerum
1388 1175 1786 1246 exceduntpro
1801 1173 1953 1229 mole
1969 1187 2100 1228 suo-
2205 1175 2536 1241 Quamlibet
2563 1193 2597 1231 a
2627 1177 2785 1230 nullo
2809 1174 3034 1231 solandi
3062 1175 3234 1230 verba
3253 1179 3544 1250 capessant,

1818 1272 1988 1334 [rum,
2275 1266 2344 1320 Et
2376 1267 2498 1320 haec
2528 1265 2766 1337 quidam
2797 1264 3141 1319 Adhelmus.

488 1369 748 1438 Namque
775 1358 1144 1417 cadaveribus
1167 1354 1448 1411 reddebat
1473 1352 1699 1408 lumina
1728 1350 1958 1417 functis,
2009 1436 2021 1438 A
2274 1355 2697 1410 Adextremum
2715 1353 2932 1427 proprii
2963 1353 3203 1408 clientes
3227 1352 3398 1426 ipsius
3422 1355 3732 1414 amantissimi

493 1457 630 1522 Qum
655 1436 866 1527 gelida:
890 1446 1091 1503 mortis
1103 1462 1205 1520 per
1225 1444 1343 1498 vim
1371 1442 1603 1497 fortuna
1627 1442 1862 1496 uocarat
1891 1436 2102 1511 (melius
2206 1443 2438 1518 patroni
2457 1443 2636 1498 nostri
2657 1442 2974 1510 Benedicti,
2993 1442 3054 1496 in
3086 1443 3390 1514 praesentia
3407 1442 3735 1516 pretiosissimi

1751 1527 2028 1599 {negarat}
2205 1532 2462 1605 corporis
2484 1533 2604 1605 ejus
2620 1531 2773 1602 apud
2788 1529 3108 1586 Floriacum
3119 1530 3346 1604 speciali
3359 1532 3529 1604 gratia
3545 1532 3736 1602 educati,

494 1630 714 1690 Auditu
745 1627 946 1683 surdos
976 1627 1033 1679 et
1061 1621 1292 1678 claudos
1320 1618 1608 1690 gressibus
1639 1619 1828 1683 ornat,
2208 1622 2280 1676 ad
2305 1621 2661 1676 laudandum
2693 1621 2996 1674 alumnum
3026 1635 3195 1674 suum
3227 1619 3377 1674 haud
3412 1637 3593 1693 segnes
3610 1637 3739 1695 appa.

496 1722 764 1792 Egrolos
795 1715 1040 1788 vegetat.
1066 1710 1466 1767 membrorum
1488 1706 1699 1762 Viribus
1722 1721 1959 1777 augens,
2204 1712 2468 1765 ruerunt:
2490 1709 2549 1762 in
2565 1707 2944 1763 describenda
2974 1708 3255 1762 duntaxat
3277 1708 3620 1764 translatione
3644 1726 3739 1765 san-

497 1807 790 1866 Daamonis
812 1820 975 1859 arma
992 1802 1220 1872 fugans,
1241 1814 1468 1852 necnon
1493 1799 1548 1850 et
1569 1795 1785 1866 spicula
1806 1794 2076 1866 frangens

2208 1802 2432 1855 ctarum
2461 1799 2581 1868 ejus
2608 1795 3008 1868 reliquiarum,
3047 1812 3157 1850 nec
3197 1812 3315 1850 non
3367 1796 3627 1852 miraculis
3649 1814 3742 1870 qua

499 1898 765 1955 Hostibus
797 1871 1378 1964 explosis,irestaurat
1431 1884 1583 1939 socia
1624 1883 1820 1950 corda,

2168 1875 2180 1931 ἶ
2208 1903 2313 1960 per
2342 1887 2505 1941 illum
2533 1884 2783 1956 antiquis
2804 1901 2903 1939 seu
2927 1883 3226 1939 modernis
3247 1885 3582 1957 temporibus
3609 1886 3747 1943 Chris-

497 1991 605 2044 lste
632 1982 1000 2058 capisterium
1027 1978 1311 2032 rimarum
1351 1973 1641 2047 fragmine
1691 1974 1929 2043 ruptum
2209 1980 2299 2032 tus
2329 1974 2557 2046 operari
2585 1973 2855 2044 dignatus
2886 1975 2992 2028 est.
3025 1973 3139 2028 Nos
3170 1989 3395 2046 quoque
3434 1990 3529 2046 pro
3565 1976 3748 2030 modulo

499 2077 758 2140 Innovat,
795 2074 856 2126 ut
881 2067 1071 2125 nutrix
1093 2068 1480 2137 lacrymarum
1521 2061 1765 2118 ﬂumina
1794 2058 1963 2127 fudit,
2211 2068 2424 2120 nostra:
2443 2061 2858 2135 possibilitatis,
2883 2065 3013 2133 post
3045 2061 3382 2135 praescripta
3401 2063 3638 2136 quaedam
3663 2066 3752 2136 ejus

501 2163 841 2222 Pestiferum
873 2158 1109 2214 calicem
1140 2154 1237 2227 qui
1265 2152 1468 2207 mortis
1497 2151 1703 2223 pocula
1731 2148 1907 2204 cinxit

2210 2153 2509 2220 miracula,
2549 2151 2607 2206 in
2635 2148 2978 2223 ipsiuslaude
3015 2150 3127 2206 hoc
3173 2151 3422 2223 aggressi
3441 2169 3586 2226 opus,
3607 2152 3755 2208 videa-

498 2255 788 2318 Porrecta,
818 2246 972 2319 rupit
1001 2245 1201 2299 dextra
1231 2259 1334 2314 per
1363 2241 1532 2313 signa
1558 2238 1778 2294 salutis.
2212 2259 2342 2298 mus
2373 2241 2578 2314 quibus
2606 2239 2792 2294 adhuc
2821 2238 3029 2294 sanctis
3057 2240 3240 2311 possit
3270 2239 3592 2315 mquipa—rari
3613 2243 3754 2297 Patri-

497 2344 587 2400 Sic
617 2341 795 2398 etiam
825 2335 1139 2406 Chalybem
1168 2331 1502 2404 prolapsum
1520 2327 1748 2400 gurgite
1776 2323 1967 2394 Gothi,

2213 2332 2340 2388 bus.
2371 2331 2649 2403 [Equetur
2674 2345 2814 2384 sane
2845 2329 2965 2384 viro
2998 2329 3135 2384 forti
3159 2329 3430 2399 Gedeoni,
3483 2331 3570 2404 qui
3611 2333 3759 2387 hostes

497 2433 584 2488 Ad
607 2426 876 2502 preprios
905 2424 1116 2478 iterum
1139 2417 1313 2492 jussit
1341 2433 1606 2473 remeare
1628 2416 1893 2470 lacertos.
2214 2419 2540 2475 Israeliticae
2570 2417 2755 2489 plebis
2782 2417 2982 2489 praelia
3013 2432 3409 2490 aggressurus,
3464 2419 3604 2492 prius
3636 2436 3762 2474 aram

499 2521 690 2578 Primo
721 2514 819 2590 qui
851 2510 1050 2568 statuit
1079 2512 1291 2565 nostra?
1318 2503 1639 2561 certamina
1669 2503 1832 2572 VWB;
2217 2509 2410 2564 Balaal
2433 2507 2504 2562 de
2517 2509 2760 2577 paterna
2772 2505 3390 2577 exterminavitdomo,
3413 2508 3763 2580 nemusqueilli

503 2608 758 2676 Qualiter
779 2605 1039 2678 Optatam
1061 2600 1291 2654 tentant
1311 2593 1575 2652 coenobia
1605 2607 1900 2649 normam.

2217 2599 2506 2652 sacratum
2537 2593 2985 2668 exstirpavit.Sic
3006 2597 3064 2650 et
3092 2593 3201 2650 iste
3220 2595 3386 2651 fortis
3406 2596 3561 2654 miles
3582 2595 3765 2664 Christi,

503 2701 742 2772 Quoque
772 2692 946 2750 modo
979 2688 1252 2763 properet
1284 2685 1501 2741 directo
1533 2681 1764 2737 tramite
1791 2680 2042 2736 sanctus.

2221 2685 2410 2742 nereis
2437 2682 2816 2758 potestatibus
2845 2683 3063 2738 bellum
3088 2681 3149 2739 in
3185 2683 3380 2740 Castro
3413 2685 3624 2742 Cassino
3649 2684 3765 2742 indi-

503 2789 590 2845 Ad
615 2771 887 2858 superum
903 2779 1185 2836 scandens
1209 2776 1484 2832 caelorum
1515 2771 1770 2828 culmina
1799 2771 2007 2835 cultor,
2220 2777 2433 2841 cturus,
2466 2772 2766 2828 oraculum
2786 2771 3069 2844 Apollinis
3090 2773 3317 2843 evertit,
3346 2775 3529 2830 lucum
3558 2773 3769 2842 succidit,

505 2877 675 2949 Cujus
705 2872 1043 2947 praeclaram
1073 2865 1334 2940 pandens
1362 2863 1432 2918 ab
1460 2859 1686 2935 origine
1716 2859 1914 2949 vitam,
2221 2878 2288 2918 ac
2332 2861 2533 2949 fanum
2566 2860 2707 2949 ejus,
2735 2860 3021 2931 templum
3069 2859 3195 2918 vivo
3240 2862 3484 2936 praebuit
3529 2881 3635 2920 esse
3661 2865 3771 2919 Deo.

507 2947 812 3038 ϐτὲεοτὶιιε
837 2958 1044 3034 Ριᾛθδιι1
1066 2953 1279 3012 Charus
1296 2947 1866 3038 ἀθεοτίρεθπᾶῐίοιᾲίῐῐιο
1904 3035 1914 3038 _
2101 3035 2110 3038 Α
2223 2952 2465 3008 Samson
2489 2948 2584 3003 ille
2605 2948 2863 3003 virorum
2892 2947 3263 3019 fortissimus,
3314 2951 3644 3009 mirabilium
3679 2952 3774 3028 ejus

510 3035 701 3115 Donec
725 3051 1042 3108 mtheream
1067 3044 1422 3113 [Etheream
1449 3039 1653 3103 donee]
1678 3036 1811 3092 felix
1838 3035 2121 3108 migrare!-
2224 3040 2476 3097 invideat
2501 3037 2825 3095 virtutibus.
2842 3040 2967 3110 Ipse
2999 3039 3219 3096 etenim
3243 3057 3347 3114 pro
3378 3041 3646 3098 avulsione
3671 3057 3776 3097 ocu-

1646 3125 1728 3198 [in
1760 3139 1975 3180 arcem.
2019 3211 2030 3220 Δ
2147 3131 2436 3220 Clorum,
2484 3127 2706 3199 dejecto
2758 3127 2993 3194 solario,
3048 3127 3161 3184 tria
3189 3146 3225 3184 n

2223 3131 2436 3196 lorum,
2484 3127 2706 3199 dejecto
2758 3127 2993 3194 solario,
3048 3127 3161 3184 tria
3189 3129 3372 3186 millia
3401 3147 3582 3187 secum
3611 3129 3779 3186 delevit

513 3231 687 3305 Hujus
724 3229 1098 3285 damnorum
1136 3234 1379 3276 numero
1423 3217 1827 3290 ειοηιετωιιιι·
1868 3211 2120 3278 ovantes:
2157 3211 2199 3220 “
2225 3217 2625 3285 inimicorum;
2653 3215 2746 3271 hic
2777 3219 2975 3272 autem
3022 3217 3140 3272 Deo
3176 3219 3442 3275 amabilis
3470 3219 3780 3288 Benedictus,

513 3300 666 3390 Quos
697 3316 847 3391 gerit
877 3314 936 3368 in
966 3309 1192 3384 gremio
1222 3305 1470 3362 fecunda
1492 3302 1788 3358 Britannia
1808 3300 1978 3356 cives.

2227 3307 2402 3364 armis
2423 3304 2716 3380 patientiae
2743 3304 2938 3373 fultus,
2957 3305 3266 3363 inimicum
3277 3325 3441 3364 suum
3455 3308 3782 3375 Florentium,

513 3414 558 3470 Δ
589 3407 854 3486 quojam
876 3399 1041 3457 nobis
1063 3394 1334 3470 baptismi
1364 3391 1552 3486 gratia
1581 3390 1765 3486 fluxit,
2061 3475 2094 3486 η
2229 3400 2288 3452 et
2321 3393 2826 3452 devitavitvivum:
2854 3397 2912 3448 et
2933 3394 3125 3450 solarii
3145 3396 3318 3452 ruina
3334 3397 3650 3462 contritum,
3663 3396 3784 3453 ﬂevit

517 3475 701 3573 Atque
725 3475 1153 3564 ‘magistrorum
1202 3480 1534 3573 veneranda
1554 3483 1802 3573 caterva
1851 3475 2123 3573 cucurrit.
2228 3485 2403 3541 fuisse
2432 3483 2790 3538 defunctum.
2813 3482 3054 3538 Samson
3074 3501 3285 3542 nervos
3300 3486 3602 3555 etvincula,
3623 3486 3786 3560 quibus

592 3561 901 3644 Parimodo
917 3579 974 3634 in
990 3571 1280 3649 praeconio
1293 3568 1506 3626 sororis
1519 3568 1566 3639 ej
1575 3568 1852 3635 us,beatae
1865 3564 2130 3620 videlicet
2232 3573 2354 3647 ipse
2371 3573 2442 3627 ab
2454 3570 2702 3626 inimicis
2720 3570 2985 3643 alligatus
2998 3575 3143 3640 erat,
3163 3573 3321 3645 rupit
3337 3591 3400 3630 ac
3416 3575 3460 3629 si
3490 3561 3674 3647 stupea
3689 3573 3788 3640 ﬁla;

519 3673 905 3739 Scholasticae,
940 3667 1263 3740 aliquantos
1305 3659 1497 3716 eidem
1543 3654 1789 3712 carmini
1819 3653 2011 3710 taliter
2040 3655 2128 3710 in-
2233 3659 3788 3736 mitisPaterBenedictusaliena,et,quodmirabiliusest,

519 3764 747 3824 terserit
776 3758 1104 3818 versiculos.
2235 3753 2356 3807 solo
2393 3749 2602 3805 intuitu
2635 3748 2799 3803 solvit
2828 3749 3125 3820 ligamina.
3153 3751 3363 3808 Tobias
3384 3754 3558 3825 junor
3593 3753 3790 3808 archan-

517 3857 802 3926 Tempore
827 3848 1166 3912 Gothorum,
1188 3838 1343 3899 fulsit
1364 3837 1700 3912 virguncula
1733 3835 2058 3926 quasdam,

2235 3843 2431 3913 gelum
2463 3839 2836 3926 Raphaelem,
2869 3838 3084 3926 meruit
3112 3839 3338 3896 itineris
3368 3843 3572 3898 habere
3589 3842 3791 3904 ducem;

524 3923 992 4016 Quae-proprium
1017 3953 1085 3990 ex
1115 3931 1232 4007 (6t)
1263 3930 1457 3986 schola
1501 3926 1747 4000 sumpsit
1784 3923 2134 3980 Scholastica
2236 3931 2406 3986 beato
2422 3927 2576 3984 Patri
2597 3925 2904 3981 Benedicto
2920 3925 3034 3982 duo
3058 3930 3251 4000 angeli
3271 3930 3330 3985 in
3358 3931 3540 4004 ﬁgura
3560 3932 3794 4002 juvenum

1871 4023 2131 4083 [nomen.
2237 4019 2604 4091 apparentes,
2661 4015 2966 4071 ostendere
3015 4017 3068 4071 ei
3122 4017 3276 4073 viam
3323 4038 3437 4092 qua
3483 4021 3550 4076 ad
3589 4023 3795 4076 castrum

525 4126 681 4181 Hanc
714 4123 860 4178 Deus
880 4113 1133 4173 ubertim
1171 4105 1385 4166 caelesti
1415 4120 1656 4159 munere
1686 4102 1849 4169 ditat,
2238 4107 2539 4162 Cassinnm
2553 4120 2793 4176 pergere
2810 4103 3067 4160 deberet.
3084 4105 3386 4162 Danielvir
3401 4109 3794 4170 desideriorum.

523 4218 714 4272 Aurea
737 4207 995 4281 virgineo
1029 4201 1352 4256 lucrantem
1379 4193 1621 4264 praemia
1651 4195 1805 4246 voto.

2237 4194 2549 4268 sagacitate
2577 4196 2778 4248 astutae
2810 4193 3042 4261 mentis,
3074 4193 3287 4250 furtiva
3337 4197 3682 4253 sacerdotum
3706 4194 3797 4251 Beli

527 4307 607 4362 De
637 4317 752 4376 qua
774 4279 883 4352 hoc
917 4288 1272 4364 praecipuum
1299 4283 1433 4338 vitae
1454 4281 1811 4376 ramusculus
1842 4281 1997 4336 alma
2239 4280 2621 4358 deprehendit
2641 4279 2930 4349 convivia;
2955 4285 3221 4338 strenuus
3241 4283 3577 4341 Benedictus
3598 4284 3800 4356 Spiritus

528 4368 831 4460 Divulgare
861 4382 1026 4442 solet,
1049 4377 1196 4432 latus
1221 4390 1336 4448 qua
1365 4371 1620 4428 tenditur
1645 4370 1819 4460 orbis.
1853 4457 1862 4460 Α
1993 4458 2000 4460 Α
2166 4449 2212 4460 _
2241 4372 2422 4429 sancti
2450 4371 2764 4425 illustratus
2810 4368 3024 4440 gratia,
3057 4370 3386 4429 absentium
3418 4375 3649 4429 fratrum
3674 4389 3801 4428 sum-

531 4449 968 4545 Quodvfratrem
1014 4465 1247 4522 sibimet
1284 4477 1569 4535 germano
1607 4459 1822 4516 taedere
1845 4457 2135 4530 junctum,
2166 4449 2221 4510 D
2239 4466 2446 4536 ptuosa
2475 4457 2745 4531 cognovit
2775 4474 2840 4513 ac
2871 4457 3085 4514 detexit
3101 4464 3381 4522 convivia.
3401 4467 3502 4524 Ille
3533 4465 3802 4521 draconem

531 4563 798 4624 Subnixis
826 4555 1090 4632 precibus
1117 4551 1292 4627 gestit
1307 4550 1655 4621 compellere
1685 4549 1872 4620 virgo,
2242 4549 2502 4619 exsinxit,
2529 4547 2892 4619 istefugitivo
2915 4547 3082 4604 fratri
3113 4549 3382 4608 draconis
3408 4553 3646 4627 speciem
3675 4553 3804 4623 obje-

533 4657 827 4724 Quatenus
867 4645 1193 4720 acciperent
1225 4637 1557 4712 [acciperet]
1597 4655 1895 4695 sacrorum
1956 4638 2143 4696 dulcia
2243 4642 2340 4708 cit,
2357 4637 2654 4709 etantiqui
2670 4636 3644 4715 hostis,quiinserpenteiiguratur,
3679 4639 3806 4696 calli.-

1950 4727 2144 4801 [noctu
2246 4729 2347 4784 das
2389 4725 2788 4799 persuasiones
2841 4725 2901 4781 in
2947 4728 3070 4800 ejus
3111 4731 3286 4786 corde
3335 4730 3697 4789 mortiﬁcavit.
3747 4730 3809 4784 De

535 4834 772 4896 Feronia
795 4828 1101 4891 librorum,
1129 4824 1188 4878 et
1215 4816 1398 4878 sancti
1428 4816 1689 4874 convivia
1717 4817 1895 4874 verbi.
2247 4816 2495 4890 antiquis
2514 4814 2779 4871 Patribus
2797 4815 3004 4887 quibus
3025 4821 3125 4874 aut
3147 4820 3384 4892 aequalis
3415 4819 3706 4885 miraculis,
3733 4819 3812 4874 ιιι

535 4928 580 4982 Ε
608 4923 813 4998 quibus
842 4913 1063 4972 atl'atim
1085 4912 1419 4967 saturantur
1451 4909 1689 4980 pectora
1708 4906 1912 4980 plebis,
2249 4904 2620 4962 excellentior
2649 4903 2846 4970 fuerit,
2883 4905 3018 4961 satis
3061 4906 3302 4965 dictum.
3342 4912 3499 4966 Nunc
3535 4912 3673 4982 jam.
3699 4902 3812 4962 Νονί

537 4993 723 5086 Atque
751 5005 1091 5078 saginantur
1115 5003 1445 5056 sanctorum
1477 4995 1653 5086 corda
1676 4995 1956 5051 virorum.
2252 4997 2448 5052 Patres
2469 4993 2822 5048 Testameuti
2842 4999 3293 5068 perscrutantes,
3327 4999 3680 5073 inspiciamus
3696 5008 3814 5066 quas

541 5081 654 5159 Sed
673 5096 820 5153 ﬁdus
849 5090 1112 5166 precibus
1145 5087 1325 5142 frater
1355 5102 1474 5140 non
1507 5083 1757 5139 ﬂectitur
1789 5083 1938 5146 ullis,
2254 5087 2352 5138 aut
2375 5081 2637 5156 potentia
2658 5087 2920 5154 exaequet
2949 5083 3271 5156 signorum,
3306 5093 3405 5145 aut
3434 5087 3703 5144 exuberet.
3730 5086 3815 5139 Pe-

542 5186 815 5257 Quinimo
852 5182 1114 5236 sanctam
1146 5173 1496 5247 contempsit
1526 5189 1662 5228 voce
1689 5189 1972 5228 sororem.
2255 5177 2375 5228 trus
2403 5170 2625 5244 primus
2655 5170 2713 5225 in
2739 5173 3139 5242 apostolorum
3157 5177 3360 5235 ordine
3377 5180 3589 5251 primus
3607 5175 3817 5249 ponatur

537 5281 696 5338 Tunc
719 5274 894 5344 Virgo
921 5266 1212 5324 Christum
1243 5263 1507 5336 pulsabat
1537 5261 1710 5316 corde
1731 5263 2076 5335 benignum,
2256 5261 2496 5334 inhujus
2522 5275 2707 5314 causae
2733 5262 2987 5330 ratione,
3009 5265 3268 5322 cuihunc
3282 5268 3560 5341 inclytum
3575 5263 3821 5321 confesso-

543 5371 616 5427 Ut
640 5365 749 5422 sibi
774 5361 1047 5433 dignetur
1075 5354 1279 5410 vulnus
1307 5367 1511 5407 sanare
1534 5350 1775 5406 doloris:
2256 5367 2383 5406 rem
2413 5351 2616 5406 beatus
2643 5365 2795 5422 papa
2811 5350 3125 5425 Gregorius
3155 5374 3272 5413 non
3301 5357 3570 5413 dubitavit
3594 5366 3818 5422 conqua-

542 5463 668 5518 Mox
692 5453 867 5527 igitur
892 5448 1101 5505 coelum
1129 5441 1391 5500 nimbosa
1419 5439 1646 5495 turbine
1679 5444 1886 5508 totum,
2260 5457 2344 5508 re,
2377 5444 2496 5496 tam
2529 5439 2588 5494 in
2617 5438 2822 5494 itinere
2865 5459 3029 5515 aqua:
3050 5463 3229 5518 quam
3254 5447 3311 5504 in
3341 5441 3820 5505 sanctimonialium

548 5553 616 5607 Et
640 5556 895 5603 convexa
918 5536 1036 5610 poli
1065 5532 1399 5607 nigrescunt
1423 5530 1639 5584 aethere
1671 5530 1856 5585 furvo.
2260 5529 2887 5592 excommunicatione.
2917 5535 2998 5590 At
3030 5553 3163 5593 vero
3193 5539 3421 5594 Doctori
3431 5535 3676 5610 gentium
3688 5531 3821 5588 illum

546 5643 841 5700 lurmura
856 5627 1256 5693 vastatonant,
1279 5619 1532 5678 ﬂammis
1555 5621 1864 5677 commista
1892 5620 2157 5691 coruscis,

624 5762 736 5836 (ﬁt)
761 5759 830 5817 In
854 5757 964 5814 hoc
988 5749 1310 5811 excusanda
1339 5745 1646 5821 antiquitas
