3998 6166
225 429 328 492 873
675 427 993 488 JOANNES
1037 428 1388 500 ancones
1428 427 1769 492 VENETUS.
1799 464 1868 476 -
1895 432 2176 497 nomn
2200 438 2564 502 HISTORICA
2606 443 2691 504 ET
2729 445 3160 517 LITTERARIA.
3491 467 3558 529 ετ

219 551 576 609 duodecimo
600 551 940 607 Chronicon
957 550 1240 607 Gradense
1267 555 1628 623 excerptum,
1650 555 1865 612 eodem
1883 562 1940 623 Α
1970 564 2395 632 argumentum
2425 568 2531 635 est,
2565 569 2723 642 quod
2741 571 2787 628 si
2807 573 2888 631 ita
2913 579 3340 654 autographum
3361 602 3595 665 quoque

223 645 462 665 __-_-_L-
529 641 801 665 ---μ-1-...
863 639 1110 665 -L—-..!-!
1163 640 1359 665 ιγ---ιε
1427 640 1492 665 ..ιη
1568 643 1854 665 Δ..--12-ι-
2053 651 2088 665 ι·
2183 651 2216 665 ο.
2573 661 2580 665 .
2731 661 2746 665 -
2790 662 2799 665 _

216 645 466 698 exeunte
523 641 807 714 quaedam
859 639 1115 696 chronici
1163 640 1363 696 Veneti
1425 640 1497 696 ab
1555 643 1868 700 Annalista
1969 651 2295 724 antiquitus
2322 661 2693 726 compactum
2721 661 2894 720 fuisse
2919 670 3154 739 statuas,
3179 639 3405 742 jactura
3435 639 3594 750 prlio-

217 733 246 750 η
339 749 348 750 η
425 749 430 750 ,
790 729 1177 750 ,,,-M-_,_,M,
1365 732 1699 750 ,Αμηιμη
1770 749 1777 750 ,
2167 744 2176 750 .

3142 729 3153 739 .
3179 729 3200 742 ..
3347 729 3359 730 κ
3379 729 3405 732 κ
3436 729 3559 750 r---

217 733 443 789 Saxone
473 733 759 803 decerpta
789 731 1056 786 videmus
1076 729 1182 803 (6);
1212 747 1324 803 quo
1365 732 1564 785 tamen
1584 734 1866 804 tempore
1969 755 2104 794 rum
2129 744 2187 796 et
2201 741 2540 802 ultimarum
2558 750 2931 823 paginarum,
2950 757 3097 814 initii
3119 761 3375 820 chronici
3401 769 3591 828 Veniti

215 822 621 894 autographus
651 821 835 876 codex
865 821 1148 875 damnum
1175 837 1391 893 passus,
1444 819 1654 873 ultima
1693 821 1866 890 folia,

219 913 468 966 alteram
501 910 727 965 scilicet
755 908 1045 964 Chronoci
1093 907 1396 964 Gradensis
1424 910 1679 979 partem,
1714 909 1872 963 ami-

215 1001 298 1056 sit.
360 1000 595 1055 Saecula
647 999 880 1054 decimo
941 998 1112 1053 tertio
1161 997 1558 1070 transcriptus,
1622 997 1869 1054 decimo

217 1094 422 1163 quarto
460 1089 616 1144 liber
647 1091 770 1143 tam
814 1087 1086 1143 Chronici
1121 1087 1320 1143 Veneti
1345 1103 1519 1160 quam
1544 1086 1876 1143 Gradensis

214 1181 444 1251 integer
477 1179 554 1232 ab
587 1178 827 1233 Andrea
858 1177 1145 1242 Dandulo,
1181 1175 1556 1231 celeberrimo
1586 1175 1876 1232 Venetia-

213 1286 338 1322 rum
363 1268 540 1332 duce,
568 1265 846 1320 Historia:
864 1282 978 1318 suae
996 1264 1297 1320 adhibitus
1317 1268 1421 1332 est,
1449 1269 1506 1320 et
1525 1263 1876 1322 auctoribus

215 1358 504 1413 librorum
533 1357 615 1409 De
653 1353 794 1408 Vitis
843 1352 1317 1423 patriarcharum
1362 1353 1870 1426 Aquilegiensium

216 1446 493 1502 innotuit.
533 1445 638 1513 (7).
673 1442 919 1497 Posteris
949 1458 1194 1514 quoque
1225 1443 1444 1497 saeculis
1474 1459 1617 1513 opus
1646 1442 1866 1500 iterum
1905 1512 1908 1514 γ

1975 830 2032 882 et
2062 830 2300 885 alterius
2320 834 2496 902 partis
2523 837 2793 895 Chronici
2825 843 3147 915 Gradensis,
3171 851 3389 910 facilius
3409 860 3590 930 expli-

1973 919 2156 972 catur.
2192 919 2305 973 Ncc
2334 921 2670 980 adversatur
2689 931 2943 987 conditio
2961 936 3190 1006 codicis,
3214 957 3344 996 cum
3362 919 3590 1002 hodier.

1975 1022 2081 1059 nus
2102 1009 2553 1078 quaternionum
2571 1016 2713 1071 ordo
2732 1019 2943 1091 ciphris
2970 1026 3347 1095 prodentibus
3368 1034 3586 1092 recenti

1976 1097 2242 1168 tempore
2272 1097 2562 1156 institutus
2580 1104 2669 1172 sit,
2686 1109 2743 1161 et
2764 1110 2955 1180 prima
2977 1113 3163 1170 ultimi
3185 1124 3585 1191 quaternionis

1979 1186 2215 1257 pagina,
2259 1204 2385 1259 quin
2431 1209 2546 1247 una
2585 1211 2827 1252 numero
2873 1202 3109 1275 antiquo
3140 1224 3173 1261 Χ
3201 1208 3478 1281 signatur,
3503 1215 3585 1271 ita

1980 1274 2191 1330 detrita
2221 1277 2311 1344 sit,
2348 1282 2410 1333 ut
2435 1297 2565 1335 eam
2597 1288 2846 1355 primam
2879 1274 3051 1347 totius
3095 1274 3359 1354 Chroniei
3393 1274 3580 1374 quon-

1975 1363 2110 1419 dam
2142 1365 2314 1421 fuisse
2342 1368 2508 1424 facile
2538 1373 2828 1443 conjicias.

2040 1455 2116 1507 Ex
2144 1454 2414 1512 Urbinate
2445 1462 2820 1533 transcriptus
2851 1469 2953 1520 est.

215 1536 636 1609 transcriptum
705 1534 765 1586 ct
809 1531 982 1586 doctis
1032 1532 1286 1586 Venetis
1342 1531 1417 1602 (8)
1472 1536 1699 1600 notum,
1755 1535 1862 1590 sed

217 1624 447 1681 nonnisi
496 1639 656 1677 anno
706 1623 838 1677 1765
873 1617 1110 1673 Venitiis
1143 1636 1180 1673 a
1209 1619 1466 1674 Zanettio
1490 1620 1599 1674 luci
1624 1621 1852 1689 datum,

219 1714 384 1769 hodie
419 1711 682 1767 subsidio
712 1709 968 1766 codicum
999 1708 1375 1780 optimorum
1406 1708 1616 1764 iterum
1629 1711 1846 1781 prodit.

214 1803 363 1867 Quos
393 1802 553 1856 inter
584 1799 775 1872 primo
806 1801 928 1854 loco
960 1796 1367 1852 nominandus
1384 1797 1623 1854 eminet.

2036 1546 2112 1610 (2)
2138 1544 2316 1599 codex
2347 1546 2650 1603 Vaticanus
2681 1568 2927 1609 numero
2947 1559 3086 1612 5269
3104 1559 3361 1632 signatus
3388 1583 3575 1623 mem-

1958 1630 2296 1700 branaceus,
2328 1635 2494 1691 in-8°.
2522 1639 2751 1708 majori,
2771 1646 2828 1695 et
2854 1648 3060 1701 smculo
3083 1651 3360 1717 xm,intra
3390 1673 3574 1714 annos

1954 1719 2170 1775 scilicet
2195 1726 2328 1778 1237
2349 1727 2406 1778 et
2427 1728 2584 1793 1261,
2602 1733 2888 1785 exaratus.
2914 1733 3298 1794 Habenturibi
3317 1742 3416 1797 fol.
3443 1749 3573 1802 1-40

1953 1806 2328 1864 ChroniconV
2345 1815 2709 1882 enetum,fol.
2725 1819 2786 1872 41
2802 1821 2896 1874 -48
2914 1821 3237 1881 Chronicon
3253 1829 3565 1901 Gradcnse,

287 1893 338 1964 1)
367 1893 431 1948 C.
462 1871 607 1949 bibl.
636 1888 925 1945 Urbinatis
953 1887 1012 1942 in
1051 1885 1336 1940 Vaticano
1356 1903 1599 1943 numero
1629 1891 1736 1944 440
1767 1888 1842 1943 si-
1865 1871 1918 1932 B
1946 1898 2049 1961 fol.
2075 1899 2246 1953 49-96
2289 1900 2456 1990 Gesta
2492 1871 3264 1973 poritiﬂcrim—ilonianorum
3295 1871 3571 1990 add

218 1988 448 2056 gnatus,
510 1979 1016 2042 membranaceus,
1074 1975 1140 2029 in
1215 1977 1250 2029 4
1300 1975 1527 2046 majori,
1578 1994 1753 2048 quem
1811 1995 1845 2032 a

219 2072 547 2128 Boehmero
580 2070 782 2123 nostro
815 2067 1109 2122 evolutum
1154 2062 1420 2136 precibus
1458 2066 1601 2120 meis
1646 2066 1709 2119 V.
1769 2066 1841 2120 cl.

218 2159 594 2217 Giesebrecht
623 2157 728 2212 Ph.
762 2156 828 2209 D.
870 2151 1313 2224 diligentissimo
1345 2153 1656 2226 exscripsit.
1701 2154 1848 2209 Con-

218 2253 327 2307 stat
368 2244 865 2321 quaternionibus
905 2241 1186 2314 quinque,
1234 2257 1482 2312 quorum
1537 2243 1634 2314 qui
1674 2241 1848 2298 hodie

221 2339 482 2412 primum
524 2337 721 2389 locum
748 2327 992 2398 obtinet,
1038 2329 1141 2384 sed
1183 2330 1390 2383 saeculo
1438 2335 1590 2386 certe
1622 2330 1848 2388 decimo

222 2427 390 2483 tertio
434 2423 650 2479 ultimo
672 2422 800 2475 loco
815 2419 1034 2490 positus
1052 2417 1183 2484 fuit,
1201 2417 1848 2475 ChroniconGradense.

229 2513 438 2588 reliqui
470 2513 765 2566 Venetum
803 2507 1098 2562 exhibent.
1148 2507 1470 2577 Utrumque
1522 2508 1849 2564 Chronicon

219 2604 425 2658 eadem
460 2617 650 2657 manu
700 2597 979 2668 scriptum
1014 2597 1128 2662 est;
1171 2594 1272 2649 fol.
1301 2598 1373 2650 22
1401 2594 1536 2650 inde
1558 2614 1592 2651 a
1617 2597 1851 2652 vocibus

220 2696 615 2764 imperatorum
654 2686 950 2742 Grecorum
982 2685 1122 2738 ratio
1154 2685 1322 2754 coegit
1368 2685 1612 2756 scriptor
1656 2686 1852 2742 littera

219 2783 387 2854 paulo
412 2778 642 2835 minori
669 2778 730 2831 et
758 2773 945 2846 magis
974 2773 1183 2845 aequali
1225 2773 1440 2844 pergit;
1474 2774 1597 2830 folii
1623 2779 1690 2831 27
1717 2791 1850 2846 pars

222 2871 376 2944 prior
421 2870 616 2933 vacat,
678 2861 985 2937 posteriori
1027 2861 1270 2916 historia
1314 2863 1452 2917 anni
1510 2866 1604 2920 991
1655 2863 1850 2919 littera

220 2958 428 3031 majori
459 2960 518 3012 et
533 2956 870 3010 atramento
886 2950 1074 3025 magis
1089 2951 1304 3024 pallido
1323 2952 1532 3025 pergit.
1554 2952 1850 3024 Scriptura

223 3050 353 3105 inde
385 3066 418 3103 a
450 3045 600 3102 folio
615 3047 684 3100 32
726 3041 986 3112 Egressus
1030 3056 1151 3094 vero
1195 3038 1316 3095 inde
1356 3041 1619 3110 levigrade
1659 3042 1850 3097 minus

222 3138 437 3211 ampla,
473 3133 623 3189 folio
657 3135 723 3188 35
758 3145 920 3185 verso
961 3127 1127 3183 lineis
1169 3129 1393 3186 omissis
1426 3130 1638 3185 iterum
1679 3148 1851 3202 grau-

221 3227 418 3293 descit,
453 3227 517 3279 et
546 3223 651 3278 fol.
679 3223 743 3276 37
778 3217 970 3273 medio
1002 3217 1217 3274 Interea
1248 3218 1449 3275 Petrus
1469 3219 1580 3274 dux
1595 3219 1725 3276 dum
1751 3220 1853 3274 sibi

210 3333 306 3387 pro
343 3315 484 3369 votis
523 3310 856 3382 primarum
883 3307 1094 3362 iterum
1122 3307 1466 3380 paginarum
1504 3307 1846 3379 scripturam

221 3404 417 3460 refert.
476 3399 641 3455 Folio
684 3400 772 3465 38,
801 3396 956 3451 linea
991 3397 1169 3462 sexta,
1217 3396 1542 3451 Chronicon
1593 3397 1841 3468 explicit,

221 3492 479 3564 subjecto
512 3487 734 3561 pagina
776 3483 1084 3556 posteriori
1117 3487 1175 3539 et
1224 3487 1290 3540 39
1335 3487 1597 3557 catalogo
1631 3485 1843 3542 ducum

221 3581 604 3635 Venetorum.
642 3576 838 3629 Partes
868 3571 1097 3646 pagina;
1125 3589 1329 3628 vacuas
1359 3573 1708 3644 posteriores
1737 3591 1841 3629 sa:-

221 3671 327 3725 culi
362 3684 418 3723 x1
451 3665 662 3722 scribae
690 3661 901 3717 chartis
949 3662 1169 3716 duabus
1208 3665 1266 3716 et
1312 3663 1587 3735 catalogis
1634 3679 1843 3735 regum

223 3753 753 3829 Langobardorum
767 3750 912 3806 etim
921 3753 1251 3823 peratorem
1269 3749 1593 3808 Occidentis
1604 3750 1843 3808 aCarolo

222 3849 423 3919 Iagno
459 3858 648 3915 usque
691 3840 764 3895 ad
813 3840 1226 3910 Berengarium
1263 3843 1304 3908 l,
1348 3839 1597 3895 Orientis
1645 3839 1779 3896 inde
1812 3859 1846 3896 a

221 3937 365 3992 Julio
397 3934 631 3989 Cesare
665 3945 842 4001 usque
870 3929 944 3984 ad
976 3929 1228 3983 Probum
1260 3929 1654 4001 expleverunt.
1677 3928 1843 3984 Codi-

224 4042 348 4081 cem
393 4020 831 4092 autographum
889 4034 1010 4072 esse
1069 4017 1192 4088 ipsa
1229 4018 1527 4090 scripturae
1577 4017 1842 4087 varietas,

225 4129 420 4170 rerum
442 4107 985 4179 decursutemporis
1006 4110 1297 4177 gestarum
1314 4107 1522 4163 seriem
1548 4107 1841 4176 comitata,

226 4207 396 4274 atque
429 4197 626 4255 saeculi
653 4214 687 4250 x
722 4194 984 4250 exeuntis
1017 4199 1075 4249 et
1110 4212 1165 4250 xi
1197 4197 1594 4251 characterem
1625 4213 1745 4268 prae
1785 4213 1844 4252 se

224 4291 416 4346 ferens
441 4286 822 4358 comprobat;
856 4284 1016 4355 cujus
1045 4284 1127 4338 rei
1152 4287 1209 4338 et
1225 4287 1409 4339 multa
1426 4285 1631 4340 eadem
1665 4303 1846 4341 manu

227 4382 556 4450 eodemque
586 4381 849 4446 tempore
880 4378 1140 4428 correcta
1179 4375 1355 4430 fidem
1382 4374 1630 4443 faciunt;
1665 4392 1847 4447 pauca

1871 3184 1920 3243 C

1946 1986 2289 2057 Gregorium
2317 1988 2382 2056 ll,
2415 1991 2622 2061 quibus
2670 1993 2809 2048 olim
2850 1996 3027 2052 Lucas
3068 1986 3396 2061 Holstenius
3437 2027 3568 2066 usus

1951 2078 2038 2130 est
2058 2075 2157 2145 (9),
2177 2075 2277 2130 fol.
2301 2077 2470 2131 97-99
2494 2081 2787 2152 catalogus
2807 2083 3225 2156 imperatorum
3247 2094 3569 2154 Occidentis

1951 2166 2010 2218 et
2028 2163 2277 2219 Orientis
2293 2165 2576 2238 (9),usque
2589 2169 2661 2223 ad
2681 2171 3055 2230 Balduinuml
3072 2180 3384 2248 productus
3399 2186 3568 2243 Liber

1952 2253 2228 2307 amissam
2244 2253 2453 2309 codicis
2474 2257 2764 2313 Urbinatis
2792 2267 3017 2332 partem
3031 2267 3284 2336 priorem
3302 2277 3564 2346 servavit,

1954 2358 2070 2413 qua
2100 2341 2165 2399 V.
2193 2342 2647 2424 eLGiesebrecht
2677 2347 2738 2402 in
2754 2352 2912 2406 textu
2950 2355 3293 2426 corrigendo
3311 2379 3441 2418 usus
3457 2341 3566 2423 est.

2029 2431 2104 2502 (3)
2138 2431 2198 2488 C.
2249 2431 2387 2486 olim
2437 2435 2698 2504 Apostoli
2736 2439 2895 2507 Zeni,
2950 2446 3149 2513 postea
3201 2447 3567 2511 bibliotheca:

1961 2518 2414 2575 Przedicatorum
2440 2521 2580 2592 (10),
2628 2524 2754 2594 jam
2799 2545 2934 2585 vero
2978 2530 3037 2585 in
3077 2532 3424 2595 bibliotheca
3443 2543 3564 2600 Divi

1952 2607 2123 2662 Marci
2153 2607 2403 2663 Venetiis
2444 2610 2596 2666 inter
2637 2613 2816 2670 libros
2838 2622 3258 2694 manuscriptos
3288 2629 3478 2684 classis
3500 2633 3562 2700 Χ,

1955 2712 2199 2750 numero
2217 2698 2311 2751 141
2330 2697 2903 2770 signatus,referente
2918 2709 3157 2781 Koepkio
3173 2719 3367 2771 nostro
3383 2697 3568 2775 mem;

1951 2784 2268 2838 branaceus
2297 2783 2357 2838 in
2387 2785 2548 2854 folio,
2581 2790 2821 2858 pulchra
2849 2796 3038 2850 seaculi
3069 2815 3159 2852 xiv
3191 2805 3447 2860 exeuntis
3476 2811 3565 2864 vel

1952 2888 2022 2925 xv
2106 2871 2358 2926 ineuntis
2426 2891 2605 2930 manu
2654 2884 2917 2936 exaratus
2966 2887 3070 2943 est.
3131 2887 3430 2960 Originum
3495 2912 3563 2952 ex

1951 2958 2226 3014 Vaticano
2257 2959 2490 3015 ductam
2521 2963 2798 3021 lectiones
2827 2967 3107 3027 indicant.
3143 2958 3274 3031 Usui
3315 2979 3422 3033 fuit
3465 2983 3565 3037 Za-

1953 3048 2156 3115 nettio,
2200 3047 2299 3120 qui
2326 3047 2385 3103 in
2419 3049 2672 3106 editione
2703 3070 2806 3109 sua
2837 3057 3053 3113 textum
3087 3064 3236 3118 male
3267 3065 3401 3122 inde
3433 3070 3560 3125 des-

1952 3136 2203 3208 criptum
2227 3137 2522 3208 expressit,
2549 3141 2847 3215 variasque
2867 3150 3173 3206 nonnullas
3192 3153 3483 3213 Urbinatis
3504 3163 3564 3215 et

1953 3225 2205 3281 Vaticani
2232 3226 2495 3283 codicum
2520 3229 2796 3287 lectiones
2827 3236 3077 3308 margini
3110 3242 3387 3315 ascripsit,
3416 3264 3560 3320 quas

1950 3331 2018 3371 ex
2049 3315 2366 3387 utriusque.

2019 3406 2085 3475 (4)
2103 3405 2438 3475 apographo
2457 3405 2514 3460 in
2532 3424 2696 3464 usum
2713 3412 2880 3469 Marci
2893 3415 3192 3474 Foscareni
3206 3422 3558 3484 Venetorum

1947 3492 2125 3556 ducis,
2150 3491 2288 3546 dum
2325 3493 2546 3564 legatus
2585 3496 2783 3555 Romae
2812 3504 3170 3570 morabatur,
3213 3512 3473 3569 confecto
3501 3535 3560 3574 se

1945 3580 2252 3652 sumpsisse
2270 3582 2485 3637 scribit.
2507 3583 2673 3658 Quoq
2689 3589 2924 3660 quidem
2943 3598 3342 3668 apographum
3363 3618 3560 3662 veram

1947 3669 2208 3725 codicum
2243 3670 2553 3728 lectionem
2593 3675 2836 3734 minime
2886 3685 3178 3754 expressit,
3224 3693 3398 3760 prout
3428 3692 3563 3766 ipsis

1947 3757 2157 3813 iterum
2181 3758 2506 3832 iterumque
2536 3765 2774 3820 evolutis
2803 3757 3558 3853 Giesebrechtusperspexit,

1949 3863 2126 3919 quare
2141 3847 2453 3904 lectionem
2475 3854 2732 3908 nostram
2753 3872 2786 3910 a
2803 3858 2954 3912 notis
2968 3861 3212 3917 Zanettii
3228 3847 3513 3939 marginal
3523 3872 3562 3926 io

1946 3937 2052 3991 bus
2080 3935 2235 3990 haud
2255 3952 2386 3992 raro
2410 3939 2735 4012 discrepare
2751 3947 2998 4002 noveris.
3018 3935 3433 4025 Apographu‘m
3452 3958 3560 4015 hoc

1947 4042 2133 4097 nuper
2189 4025 2246 4080 in
2300 4030 2562 4101 catalogo
2596 4030 2957 4092 bibliotheca:
2998 4038 3315 4097 Foscarinas
3358 4046 3558 4102 lauda-

1947 4119 2071 4170 tum
2103 4115 2235 4187 (11),
2265 4115 2325 4170 in
2354 4117 2764 4176 bibliothecam
2799 4123 3117 4182 Cmsaream
3149 4131 3558 4191 Vindobonen-

1945 4222 2068 4261 sem
2095 4205 2322 4261 transiit
2346 4210 2476 4280 (12).

2020 4297 2126 4365 (4⁸)
2150 4295 2412 4352 Editione
2445 4301 2778 4372 nostrajam
2816 4305 3094 4375 absoluta,
3116 4310 3393 4367 beneﬁcio
3418 4314 3557 4370 Leo-

1947 4383 2105 4455 poldi
2150 4384 2370 4452 Ranke,
2427 4388 2725 4444 clarissimi
2782 4393 3034 4451 historia:
3082 4397 3140 4452 in
3190 4400 3558 4461 universitate

228 4470 549 4543 posteriore
583 4470 846 4536 tempore
893 4463 1111 4530 addita,
1150 4463 1210 4519 in
1243 4466 1503 4520 numeris
1533 4464 1843 4537 praecipue,
1874 4469 1926 4527 D
1948 4473 2111 4544 regia
2136 4474 2490 4532 Berolinensi
2521 4480 2878 4551 professoris,
2906 4485 2986 4539 uti
3019 4486 3176 4542 licuit
3219 4495 3556 4566 apographo

226 4560 388 4615 facile
435 4555 897 4626 distinguuntur.
952 4551 1228 4608 Ordinem
1271 4555 1617 4626 paginarum
1675 4557 1846 4612 hodie

228 4649 526 4704 turbatum
541 4643 844 4714 complura
857 4645 1128 4713 arguunt,
1145 4646 1269 4697 tum
1287 4644 1442 4714 quod
1473 4645 1643 4714 longe
1658 4646 1848 4716 potior

229 4737 353 4792 libri
384 4751 544 4807 pars,
591 4731 811 4786 scilicet
856 4730 1181 4785 Chronicon
1233 4731 1538 4798 Venetum,
1588 4733 1846 4802 primum

228 4825 413 4880 locum
436 4835 750 4893 occupasse
775 4818 1022 4890 judicari
1057 4822 1266 4890 potest,
1291 4823 1413 4874 tum
1438 4819 1717 4876 institutio
1749 4837 1843 4876 co-

228 4914 415 4968 dicum
432 4929 502 4967 ex
521 4913 723 4966 nostro
747 4907 1188 4979 descriptorum,
1214 4909 1272 4962 in
1287 4907 1492 4980 quibus
1519 4909 1843 4968 Chronicon

228 5001 515 5058 Gradense
548 4997 820 5055 ultimum
850 4999 1040 5052 locum
1083 5002 1324 5069 occupat
1368 5014 1476 5052 nec
1527 4997 1842 5056 minimum

299 5199 372 5266 (ϐ)
425 5199 490 5255 V.
524 5197 675 5251 Mon.
710 5195 898 5249 Germ.
949 5192 1048 5252 SS.
1101 5196 1143 5247 t.
1197 5194 1286 5260 VI,
1341 5210 1474 5266 pag.
1533 5197 1634 5252 567
1689 5202 1840 5265 (tom.

233 5259 446 5350 elui/.1!
475 5267 806 5350 Ραένοίορρο
1172 5339 1200 5350 η
1275 5259 1304 5350 ί.
1497 5340 1507 5350 .

298 5339 669 5417 (7)Murato_ri
702 5337 963 5417 SSLXVI,
1002 5353 1136 5417 pag:
1151 5339 1223 5417 Δ8,
1256 5342 1314 5393 et
1345 5340 1578 5395 alterius
1605 5344 1838 5398 auctore

233 5413 477 5494 Anton-io
513 5411 750 5494 Bellono
781 5409 1082 5494 ibidgpag.
1110 5409 1196 5488 3.0.
1227 5480 1261 5494 ﬁ
1415 5483 1447 5494 υ
1630 5485 1640 5494 .

304 5485 376 5573 <33
408 5480 671 5573 ειεῑῑιρξί
696 5478 1512 5573 gratuitum“Earlier:
1548 5485 1644 5573 (19.3
1686 5503 1837 5543 anno

243 5557 374 5607 1749
415 5556 471 5608 in
517 5551 1152 5630 Ecclesia_'l‘_orcellana,
1203 5558 1535 5630 paguii-H,
1563 5551 1644 5610 ‘15
1686 5574 1836 5630 sqq.,

241 5624 566 5701 fragmenta
597 5620 848 5701 chronici
879 5621 1180 5676 Gradcnsis
1204 5620 1408 5680 edidit.

316 5697 387 5766 (9)
415 5696 602 5752 Codex
633 5696 846 5747 minor.

667 5791 900 5847 Parnm"
934 5789 1183 5849 CXXXIX.

1949 4564 2258 4632 apparatus
2287 4565 2466 4620 critici
2488 4583 2520 4621 a
2551 4569 2611 4624 P.
2656 4571 2981 4643 Pellegrino
3036 4593 3089 4631 a.
3142 4580 3275 4632 1806
3308 4580 3363 4634 in
3392 4564 3557 4639 usum

1949 4649 2217 4704 editionis
2245 4669 2406 4708 nova).
2439 4657 2715 4727 congesti.
2749 4659 2983 4717 Constat
3012 4667 3169 4720 textu
3195 4669 3556 4736 Zanettiano,

1948 4737 2239 4794 adnotatis
2260 4741 2318 4796 in
2354 4745 2617 4815 margine
2648 4747 2989 4806 lectionibus
3020 4755 3282 4811 codicum
3318 4759 3370 4826 3,
3404 4763 3455 4828 2,
3494 4765 3552 4831 t;

1947 4828 2308 4898 praefatione,
2338 4849 2450 4903 qua
2480 4835 3020 4896 Zanettiiincuriam
3044 4845 3296 4917 exponit,
3323 4851 3557 4906 ctnovu:

1947 4915 2214 4971 editionis
2236 4919 2506 4989 subsidia,
2531 4925 2790 4981 codicem
2813 4929 3026 4986 scilicet
3043 4915 3323 4990 Venatum
3346 4937 3555 4996 funda-

2147 5203 2396 5286 Gornelii
2416 5209 2835 5286 Eccl._Torccll.
2869 5231 2926 5286 p.
2961 5221 3014 5272 5.

2151 5277 2412 5361 Al‘ClliViO
2443 5280 2651 5337 storico
2686 5274 2922 5342 ltaliario
2950 5290 3014 5361 Η.
3045 5307 3101 5361 p.
3138 5295 3260 5346 283.

2013 5344 2107 5434 (112
2137 5348 2393 5434 Alus'dc
2420 5367 2533 5434 quo
2568 5370 2730 5434 spem
2754 5344 3066 5434 quamdam
3096 5344 3549 5434 conceperamns

1941 5417 2116 5470 codcx
2146 5417 2789 5507 suseii‘li‘i'inads‘criptus:
2825 5417 3342 5507 illediomonlaniis,
3372 5454 3544 5507 quem

1940 5503 2126 5568 nuper
2155 5490 2306 5559 apud
2326 5491 2493 5575 _V_..ill.
2521 5490 2799 5575 Thomam
2823 5499 3095 5575 Phillipps
3118 5490 3548 5575 Equitczain‘evol;

1939 5557 2142 5639 vimus,
2177 5557 2249 5646 ex.
2269 5562 2522 5618 editione
2548 5567 2882 5645 lancttiana
2909 5557 3224 5646 descli'ipttis
3249 5583 3351 5644 cst,
3386 5579 3543 5633 idco-

1942 5647 2052 5702 quc
2083 5630 2140 5686 in
2169 5633 2448 5688 calculum
2481 5637 2674 5692 venire
2702 5654 2817 5693 non
2847 5644 3052 5710 potest.

3248 5819 3311 5871 28
