3934 6176
451 350 556 412 875

1664 349 1948 411 JOANNIS
1987 352 2269 412 DIACONI
2306 351 2554 412 VENETI
3577 363 3658 423 878

447 479 630 550 phum
658 477 892 534 curante
921 476 1130 550 Borgia
1159 475 1265 532 sibi
1303 477 1724 546 transmissum,
1755 482 2042 537 recenset:
2067 485 2122 544 Α
2144 497 2197 536 a.
2231 483 2363 536 t008
2396 480 2672 552 procedat
2697 479 2926 538 nonnisi
2971 497 3154 538 annos
3190 478 3382 552 Vitatis,
3423 484 3504 559 qui
3547 487 3665 544 circa

438 567 906 624 adnotationibus
949 566 1156 622 criticis
1175 571 1231 622 et
1243 567 1527 623 historicis
1556 569 1711 623 locos
1736 569 2043 624 aZanettio

438 656 854 729 praetermissos
878 655 1217 727 complexis;
1261 657 1543 711 Chronico
1566 657 1840 712 Gradensi
1864 675 1930 712 ex
1949 673 2042 712 co-

443 745 566 800 dice
594 745 809 799 Veneto
837 762 1014 816 usque
1047 746 1119 799 ad
1158 745 1513 815 Primogenii
1555 747 1891 815 patriarchas
1929 749 2043 802 ele-

441 834 694 889 ctionem
726 833 1026 905 producto,
1048 837 1105 888 et
1124 833 1309 888 indice
1327 835 1666 888 clericorum
1687 837 1857 906 atque
1875 835 2046 890 laico-

437 938 568 976 rum
604 921 699 992 qui
730 921 789 975 in
819 921 1100 976 Chronico
1128 922 1343 976 Veneto
1377 925 1700 978 occurrunt.

511 1013 586 1079 (5)
618 1011 677 1065 C.
697 1010 1057 1065 bibliotheca:
1072 1009 1342 1082 principis
1359 1010 1844 1077 Barberini,n.247
1860 1012 2045 1083 signa-

438 1103 550 1166 tus,
580 1103 636 1153 et
657 1099 860 1154 saeculo
889 1115 963 1152 xu
998 1101 1280 1160 exaratus,
1315 1098 1395 1152 ita
1425 1099 1784 1154 inscribitur:
1816 1100 2042 1155 Cronz’ca

436 1187 502 1245 de
518 1188 746 1257 singulis
767 1187 1090 1258 patriarchas
1119 1203 1250 1241 nove
1279 1187 1502 1258 aquileie
1531 1204 1649 1259 qua:
1668 1189 1942 1258 gradensz’s
1958 1208 2042 1244 ec-

436 1276 590 1330 clesia
641 1281 863 1330 vocatur
909 1293 942 1328 (ι
997 1281 1227 1345 tempore
1289 1275 1498 1330 domini
1579 1276 1728 1329 heliae
1805 1277 2040 1346 ejusdem

435 1356 663 1411 ecclesia"
676 1356 1022 1426 patriarchae.
1060 1355 1297 1409 Exhibet
1326 1355 1384 1409 in
1415 1359 1661 1426 quatuor
1681 1359 2040 1414 membrana:

435 1444 683 1516 plagulis
713 1443 978 1498 Chronici
1009 1442 1311 1498 Gradensis
1356 1447 1623 1515 excerpta
1675 1445 1784 1500 hoc
1841 1445 2036 1501 initio:

437 1531 781 1602 Temporibus
803 1532 996 1602 tyberii
1011 1533 1338 1586 constantini
1365 1535 1582 1601 augusti
1611 1533 1778 1588 [nelias
1795 1537 2040 1604 patriar-

435 1620 536 1676 cha
566 1620 901 1692 aguileiensis
957 1623 1012 1674 in
1067 1621 1320 1690 gradensi
1349 1627 1518 1674 castro
1547 1623 1817 1677 ecclesiam
1846 1632 2042 1680 sanctae

434 1709 680 1781 eufemiae
705 1709 976 1779 fabricari
993 1711 1246 1780 praecepit
1260 1737 1278 1775 ί
1306 1710 1363 1763 et
1393 1709 1541 1763 ultra
1571 1711 1726 1782 quod
1752 1710 1810 1764 in
1838 1713 2042 1767 codici-

2145 586 2178 625 a
2213 572 2346 626 1012
2377 569 2538 638 obiit,
2595 575 2652 625 et
2700 570 2825 625 Ursi
2867 572 3274 627 successionem
3321 589 3352 626 a
3392 574 3666 632 succedente

2144 658 2399 730 quodam
2441 658 2626 713 scriba
2679 659 2876 714 addita
2903 659 3193 730 conjicias.
3227 659 3476 715 Caeterum
3514 663 3667 720 codice

2143 750 2340 800 nostro
2358 746 2480 816 jam
2504 747 2772 818 Ughellus
2798 747 2857 801 in
2889 748 3268 802 Gradensibus
3301 749 3604 820 patriarchis,
3626 757 3671 807 et

2145 835 2547 906 apographum
2577 835 2823 907 Philippi
2854 852 2887 890 a
2909 837 3087 891 Turre
3118 839 3310 890 nactus
3335 837 3411 891 Jo.
3453 839 3529 891 Fr.
3567 840 3671 893 Ber-

2146 923 2360 977 nardus
2388 923 2561 978 Maria
2601 925 2671 978 de
2720 924 2928 979 Rubeis
2973 925 3029 978 in
3073 925 3433 980 Monumentis
3464 927 3674 982 Ecclesia:

2143 1008 2519 1082 Aquileiensis
2552 1012 2634 1066 usi
2667 1015 2799 1066 sunt
2832 1015 2978 1084 (t3);
3015 1016 3274 1067 nostrum
3305 1013 3358 1067 in
3383 1031 3524 1068 usum
3542 1015 3593 1069 V.
3620 1016 3674 1072 cl.

2145 1100 2411 1167 Roestell,
2443 1101 2700 1171 publicus
2735 1101 2876 1170 iuris
2907 1103 2964 1156 in
3000 1101 3357 1156 universitate
3386 1101 3524 1172 regia
3548 1103 3679 1156 Bero-

2141 1187 2348 1242 linensi
2389 1189 2696 1260 professor,
2747 1189 2887 1243 dum
2934 1193 3068 1244 ante
3098 1189 3294 1260 viginti
3327 1205 3490 1244 annos
3521 1189 3679 1244 Roma:

2141 1276 2407 1346 degebat,
2436 1277 2692 1331 codicem
2720 1277 2930 1331 iterum
2961 1277 3254 1348 exscripsit
3283 1281 3336 1331 et
3362 1277 3542 1331 varias.

2208 1365 2282 1433 (6)
2320 1364 2528 1419 codicis
2556 1365 2811 1419 Vaticani
2832 1382 2889 1419 n.
2913 1368 3051 1421 3922
3076 1365 3280 1420 eadem
3304 1370 3542 1437 excerpta
3561 1364 3682 1420 exhi-

2141 1451 2327 1505 bentis
2358 1453 2631 1506 lectiones
2655 1453 2970 1509 adnotavit.

2212 1539 2427 1603 Quibus
2470 1541 2730 1595 subsidiis
2775 1541 2977 1612 adjuti,
3025 1542 3336 1596 editionem
3367 1543 3593 1595 nostram
3625 1541 3686 1595 ita

2138 1627 2516 1694 instituimus,
2548 1632 2610 1682 ut
2634 1629 2830 1683 codice
2875 1635 2892 1683 t
2931 1629 3299 1684 fundamenti
3316 1630 3432 1684 loco
3451 1629 3686 1701 positola-

2139 1732 2312 1770 cunas
2334 1716 2380 1785 ej
2392 1734 2454 1770 ns
2477 1717 2686 1772 auxilio
2709 1718 2966 1775 codicis2
2991 1719 3370 1790 expleremus,
3392 1721 3445 1771 et
3472 1715 3690 1772 Chronici

433 1797 540 1851 bus
573 1800 592 1851 l
627 1798 660 1851 4
681 1799 863 1852 exstat
874 1798 1199 1868 catalogum
1215 1797 1779 1869 archiepiscoporum
1793 1799 2040 1855 Graden-
2060 1786 2110 1844 Β
2138 1805 2441 1859 Gradensis
2452 1809 2678 1876 partem
2699 1808 2963 1874 alteram,
2989 1786 3175 1880 qualis
3196 1807 3257 1860 in
3284 1806 3466 1861 codice
3485 1809 3513 1859 ’ὁ
3529 1808 3690 1871 exstat,

432 1885 582 1941 sium
632 1903 809 1958 usque
859 1886 932 1940 ad
982 1886 1188 1940 Ursum
1234 1886 1278 1937 ll
1325 1885 1609 1956 producit,
1662 1887 1760 1958 qui
1811 1904 1863 1942 a.
1904 1892 2040 1944 1012

432 1975 720 2030 cathedra:
744 1975 1032 2042 admotus,
1067 1991 1198 2028 eam
1232 1977 1297 2030 37
1335 1974 1503 2029 annis
1530 1977 1844 2048 occupavit.
1898 1979 2039 2034 Eam

430 2061 608 2135 igitur
628 2063 893 2120 Chronici
911 2067 1136 2135 partem
1149 2062 1359 2119 codicis
1384 2063 1553 2133 hujus
1569 2063 1850 2120 beneficio
1873 2068 2036 2122 resti-

429 2155 591 2210 tuere
622 2153 775 2208 licet.
800 2153 945 2208 Nam
974 2168 1106 2208 cum
1124 2151 1440 2209 chronicon
1461 2151 1744 2209 Venetum
1770 2171 1946 2228 usque
1965 2157 2039 2212 ad

2139 1893 2361 1964 aliquot
2389 1893 2529 1948 locis
2543 1910 2652 1965 ope
2669 1894 2936 1950 Chronici
2960 1895 3206 1950 Andreae
3228 1892 3694 1949 Danduliemenda-

2138 1987 2261 2038 tam
2294 1983 2726 2054 subjiceremus.
2761 1985 3056 2040 Lectiones
3085 1985 3352 2041 codicum
3376 1983 3584 2038 minutis
3598 1998 3695 2037 mo-

2137 2072 2323 2126 menti
2345 2075 2402 2126 et
2418 2072 2686 2128 editionis
2711 2074 3063 2129 Zanettianas
3092 2089 3228 2129 raro
3253 2070 3695 2129 tantumindican-

2138 2158 2241 2214 das
2263 2159 2612 2215 censuimus.

1976 2279 2198 2337 ΝΟΤᾸΕ.

499 2373 606 2446 (13)
647 2376 710 2434 Ρ.
735 2375 835 2431 241
868 2392 975 2448 sqq

436 2547 3678 2577 Mm

1096 2679 2046 2834 J'OANNIS
2132 2686 3062 2835 DIAGONI

749 2946 1583 3056 CHRONICON
1650 2949 2344 3058 VENETUM
2417 2951 2598 3055 ET
2669 2953 3428 3064 GBADENSE

1412 3164 1629 3237 (Pearz,
1651 3160 1901 3222 Monum.
1936 3162 2120 3220 Germ.
2153 3163 2274 3220 hist.
2306 3164 2514 3239 Script.
2541 3165 2654 3233 νη,
2685 3166 2758 3236 1.)

1300 3502 2142 3652 ⁴(ιΗΡιΟΙκΠρΟΙκῐ
2211 3508 2936 3616 VENETUM.

507 3721 806 3795 Siquidem
835 3716 1088 3774 Venetize
1116 3717 1243 3772 duae
1271 3719 1423 3772 sunt.
1457 3715 1651 3772 Prima
1674 3719 1758 3772 est
1786 3717 1883 3773 illa
1909 3735 2037 3791 qUtB
2065 3723 2111 3782 C
2137 3720 2342 3776 nianus
2354 3719 2799 3792 gloriosissimus
2812 3723 3084 3792 angustus
3097 3721 3717 3796 Romanumimperium

435 3813 494 3870 in
518 3811 928 3884 antiquitatum
942 3805 1210 3880 hystoriis
1233 3805 1582 3869 continetur,
1603 3823 1730 3879 quae
1763 3824 1796 3862 a
1816 3809 2040 3864 Panno-

435 3903 546 3958 niae
569 3898 832 3955 terminis
863 3911 1039 3969 usque
1084 3895 1157 3950 ad
1190 3893 1354 3949 Adda
1410 3893 1645 3948 ﬂuvium
1685 3896 2038 3965 proteletur;

435 3991 594 4062 cujus
611 3992 668 4044 et
688 3985 986 4060 Aquilegia
1006 3984 1198 4039 civitas
1221 3981 1406 4037 extitit
1443 3985 1634 4054 caput,
1678 3982 1736 4036 in
1761 4001 1874 4055 qua
1902 3985 2041 4040 bea-

437 4084 526 4135 tus
549 4079 764 4134 Marcus
794 4072 1144 4146 evangelista
1174 4070 1368 4126 divina
1413 4071 1598 4140 gratia
1645 4071 2042 4141 perlnstratus,

440 4167 729 4222 Christum
739 4166 932 4220 Iesum
945 4161 1251 4217 dominum
1265 4158 1613 4230 praedicavit.
1635 4159 1899 4214 Secunda
1911 4177 2044 4216 vero

440 4256 677 4311 Venetia
712 4257 796 4308 est
839 4253 936 4306 illa
982 4266 1158 4322 quam
1200 4247 1354 4320 apud
1391 4247 1606 4302 insulas
1653 4248 1881 4316 scimus,
1920 4267 2048 4320 qua:

441 4343 714 4401 Adriatici
747 4341 920 4396 maris
947 4339 1186 4394 collecta
1211 4337 1341 4392 sinu
1376 4336 1836 4391 interﬂuentibus
1879 4337 2050 4392 undis

444 4432 729 4506 positione
748 4426 1018 4494 mirabili,
1039 4425 1406 4481 multitudine
1422 4424 1619 4497 populi
1634 4424 1874 4480 feliciter
1891 4425 2050 4480 habi-

446 4525 601 4578 tatur
629 4518 805 4583 ιυριιί
826 4516 1088 4571 videlicet
1117 4515 1380 4588 populus,
1411 4517 1693 4586 quantum
1715 4531 1780 4568 ex
1811 4513 2048 4568 nomine

449 4611 618 4666 datur
646 4605 888 4677 intelligi
921 4608 979 4658 et
1007 4604 1166 4658 libris
1194 4601 1498 4657 annalibus
1525 4603 1961 4674 comprobatur,
1983 4619 2051 4656 ex

448 4699 622 4776 priori
649 4695 890 4751 Venetia
911 4693 1066 4749 ducit
1087 4689 1395 4762 originem.
1418 4689 1581 4754 Quod
1603 4695 1796 4744 autem
1819 4691 1876 4744 in
1892 4690 2052 4744 insn-

448 4789 516 4844 lis
545 4787 717 4842 maris
734 4782 1040 4847 inhabitat,
1063 4780 1184 4834 haec
1205 4795 1375 4833 causa
1394 4778 1516 4833 fuit.
1538 4778 1894 4833 Winulorum
1913 4787 1933 4820 ²
1954 4778 2051 4850 qui

449 4880 508 4932 et
534 4872 1051 4946 Longnbardorum
1074 4885 1218 4940 gens
1238 4867 1306 4921 de
1337 4866 1599 4921 litoribus
1627 4866 1826 4921 oceani
1858 4871 2051 4938 partes

447 4959 875 5036 septemtrionis
892 4974 1142 5029 egressa,
1159 4971 1290 5009 cum
1315 4971 1416 5026 per
1434 4954 1750 5008 multorum
1764 4955 2049 5010 bellorum

2137 3810 2289 3882 apud
2318 3810 2874 3885 ConstantinOpotim
2893 3815 3289 3887 gubernabat,
3312 3815 3554 3871 directus
3582 3815 3645 3868 ab
3665 3826 3718 3866 eo

2139 3902 2224 3953 est
2255 3899 2440 3953 Narsis
2462 3901 2746 3970 patritius,
2774 3903 2857 3958 vir
2901 3904 3223 3972 eunuchus,
3276 3905 3353 3960 ad
3397 3905 3589 3959 urbem
3631 3901 3717 3954 Bo-

2143 4003 2326 4050 mam,
2376 3991 2437 4042 ut
2476 3989 2754 4045 exercitus
2804 3992 3002 4046 Totihe
3057 3991 3216 4063 regis
3267 3993 3598 4056 Gothorum,
3645 3985 3721 4060 qui

2143 4074 2389 4129 Ytaliam
2439 4075 2794 4146 devastabat,
2862 4081 2978 4135 Deo
3050 4080 3370 4136 auxiliante
3439 4077 3722 4135 contereret

2147 4163 2244 4230 (ib.
2281 4179 2330 4218 c.
2363 4164 2431 4233 1).
2463 4163 2569 4228 Qui
2601 4182 2728 4222 cum
2759 4167 3025 4234 venisset,
3053 4168 3316 4239 primum
3363 4184 3493 4224 cum
3534 4167 3724 4236 Longo-

2144 4251 2338 4306 bardis
2372 4253 2773 4309 omnimodam
2806 4272 3004 4328 pacem
3028 4255 3304 4324 instituit,
3334 4261 3506 4328 atque
3548 4251 3722 4308 deinde

2150 4340 2468 4412 procedens
2489 4341 2560 4395 ad
2580 4342 2818 4410 bellum,
2844 4344 3168 4398 universam
3191 4346 3514 4401 Gothorum
3526 4346 3725 4415 gentem

2149 4427 2522 4501 ipsorumque
2538 4447 2738 4501 regem
2752 4432 2997 4487 Totilam
3020 4450 3198 4504 usque
3221 4435 3299 4488 ad
3324 4433 3725 4489 internitionem

2150 4516 2379 4584 delevit,
2414 4521 2472 4572 et
2501 4518 2793 4574 universos
2822 4521 2996 4576 Italiae
3027 4522 3170 4576 ﬁnes
3202 4522 3478 4580 obtinuit.

2224 4607 2290 4676 (c.
2329 4606 2383 4678 3)
2428 4606 2524 4660 Hic
2569 4607 2758 4662 Narsis
2797 4609 2952 4679 prius
3005 4611 3352 4666 cartolarius
3387 4611 3511 4677 fuit,
3551 4606 3726 4664 deinde

2150 4698 2388 4766 pr0pter
2413 4694 2676 4750 virtutem
2711 4697 3042 4767 patriciatus
3073 4699 3365 4754 honorem
3422 4693 3727 4769 promeruit.

2145 4783 2285 4838 Erat
2314 4787 2505 4838 autem
2542 4783 2626 4838 vir
2655 4785 2862 4855 justus,
2901 4785 2958 4840 in
3003 4787 3288 4858 religione
3337 4786 3653 4848 catholicus,
3679 4782 3726 4835 in

2151 4871 2499 4944 pauperibus
2525 4873 2740 4944 largus,
2791 4873 2848 4928 in
2889 4875 3306 4946 recuperandis
3346 4874 3583 4931 basilicis
3619 4868 3729 4926 satis

2151 4959 2451 5025 studiosus,
2476 4959 2678 5032 vigiliis
2709 4963 3137 5017 etorationibus
3167 4962 3223 5017 in
3249 4968 3481 5018 tantum
3502 4961 3727 5020 studens,

447 5024 766 5108 certamina
790 5047 1254 5117 diversarumque
1281 5047 1558 5098 terrarum
1588 5051 1610 5084 ³
1630 5041 1896 5098 circuitus
1923 5048 2048 5098 tan-
2076 5024 2128 5081 D
2152 5051 2214 5102 ut
2244 5049 2369 5118 plus
2402 5049 2912 5120 supplicationibus
2952 5050 3025 5105 ad
3055 5051 3241 5105 Deum
3289 5051 3538 5122 profusis
3581 5059 3727 5120 quam

447 5143 582 5198 dem
608 5139 854 5194 venisset
902 5137 1286 5199 Pannomam,
1327 5132 1479 5186 ultra
1509 5131 1634 5203 jam
1687 5148 1801 5185 non
1833 5131 2052 5185 audens

443 5229 779 5304 procedere,
810 5224 1006 5280 sedem
1040 5221 1145 5275 sibi
1176 5221 1232 5275 in
1266 5237 1336 5274 ea
1357 5223 1647 5291 perpetuas
1678 5219 2050 5274 habitationis

442 5319 689 5375 instituit
713 5319 901 5378 (PAULI
934 5313 1056 5366 hist.
1081 5311 1252 5380 Long.
1296 5326 1355 5376 II,
1389 5308 1465 5381 7).
1501 5308 1604 5363 Ubi
1631 5325 1763 5362 cum
1795 5308 2051 5362 habitas-

439 5413 527 5466 set
546 5405 930 5480 quadraginta
973 5400 1196 5457 duobus
1220 5398 1405 5465 annis,
1437 5402 1700 5469 tempore
1735 5414 1848 5469 quo
1877 5397 2046 5452 Justi-

2149 5136 2324 5189 armis
2353 5136 2568 5190 bellicis
2593 5137 2888 5194 victoriam
2920 5139 3207 5193 obtineret
3238 5142 3309 5199 (ο.
3365 5145 3439 5201 5).
3492 5137 3601 5192 Sed
3619 5149 3728 5189 cum

2151 5224 2221 5278 de
2249 5224 2443 5296 spoliis
2472 5226 2733 5295 gentium
2761 5244 2899 5297 quas
2913 5227 3264 5282 contriverat
3285 5227 3592 5298 plurimum
3627 5219 3729 5276 euri

2150 5314 2208 5366 et
2233 5313 2458 5383 argenti
2482 5313 2947 5386 diversarumque
2979 5332 3174 5371 rerum
3199 5316 3518 5370 immensas
3539 5310 3730 5368 divitias

2150 5401 2497 5471 acquisisset,
2531 5419 2803 5472 magnam
2833 5420 2864 5457 a
2897 5404 3187 5472 Romanis,
3219 5420 3330 5474 pro
3357 5404 3555 5476 quibus
3576 5397 3729 5454 multa

1752 5519 1981 5574 VARLE
2041 5518 2332 5576 LECTION
2341 5521 2442 5576 ES.

504 5641 520 5677 ι
545 5633 624 5687 ita
651 5627 732 5686 ed.
765 5623 1030 5682 habitant
1055 5619 1111 5679 2.
1186 5631 1208 5664 I
1237 5620 1318 5678 ita
1349 5620 1556 5692 corrigo
1573 5645 1595 5692 ,-
1626 5617 1974 5676 winillorum
1995 5623 2050 5682 2.
2125 5629 2147 5663 ³
2174 5620 2578 5678 transitionum
2607 5622 2688 5677 ed.
