3934 6176
1423 399 1824 464 CHRONICON
1858 401 2200 464 VENETUM.
3385 405 3488 466 878

251 539 408 593 contra
426 547 606 588 eorum
626 527 818 586 hostes
839 526 1217 597 laboraverat,
1232 528 1504 584 invidiam
1524 527 1776 600 pertulit.
1803 531 1859 590 Α
1881 525 2558 600 episeOporum,eandem
2587 525 2813 586 Graden
2825 543 2948 585 sem
2975 525 3181 586 urbem
3202 527 3494 588 totiusVe-

247 626 330 691 Qui
349 625 522 678 contra
553 636 686 674 eum
715 618 932 674 Justino
957 621 1218 690 augusto,
1245 617 1341 690 qui
1371 617 1690 672 Iustiniano
1721 615 1780 670 in
1881 616 2051 672 netia:
2073 618 2446 688 metropolim
2466 636 2585 674 esse
2609 619 2874 677 instituit.
2889 619 2975 674 Ad
2995 620 3154 690 cujus
3178 620 3450 676 roborem
3474 633 3495 664 ι

243 729 442 785 regnum
473 711 828 776 successerat,
847 711 905 762 et
924 709 1045 777 ejus
1074 708 1306 778 conjugi
1324 704 1555 776 Sophiaa
1578 705 1637 759 in
1660 707 1782 760 haec
1881 707 2170 761 Heraclius
2185 710 2443 782 posthaec
2458 712 2729 779 angustus
2750 707 3063 762 beatissimi
3081 708 3248 763 Marci
3272 709 3494 777 sedem,

241 804 379 858 verba
403 801 790 871 suggesserunt
819 798 1091 864 dicentes,
1127 797 1260 869 quia
1285 796 1641 866 :EI}.*edierat
1667 795 1778 850 Ro-
1881 816 2056 870 quam
2075 799 2293 853 dudum
2327 799 2542 852 Helena
2572 796 2932 852 Constantini
2953 800 3139 851 mater
3162 797 3231 851 de
3249 799 3496 853 Alexan-

242 895 402 958 manis,
431 889 602 947 Gothis
621 891 805 960 potius
828 891 1021 942 servire
1045 905 1205 959 quam
1230 885 1438 952 Grecis,
1466 885 1559 939 ubi
1584 884 1780 940 Narsis
1881 888 2006 943 dria
2035 890 2264 955 tulerat,
2285 890 2616 941 sanctorum
2642 886 2814 940 fultus
2842 902 3042 940 amore
3065 887 3290 942 direxit.
3315 888 3420 942 Ubi
3439 892 3496 943 et

1883 982 2117 1034 actenus
2161 981 2470 1033 veneratur
2515 977 2733 1049 pariter
2772 993 2904 1030 cum
2945 976 3251 1045 cathedra,
3283 977 3340 1032 in
3385 995 3499 1051 qua

1880 1068 2083 1122 beatus
2115 1067 2320 1122 martir
2343 1067 2572 1120 sederat
2589 1066 3030 1122 Hermachoras.

1956 1157 2058 1220 (Cf.
2091 1158 2258 1210 PAULI
2290 1155 2439 1209 Hist.
2469 1153 2644 1223 Lang.
2674 1170 2735 1220 ιι,
2760 1155 2865 1223 14.)
2885 1157 2957 1208 At
2984 1172 3119 1210 vero
3151 1156 3289 1211 dum
3310 1160 3500 1212 essent

1885 1245 2129 1300 revoluti
2144 1245 2279 1300 anni
2296 1245 2366 1299 ab
2384 1243 2785 1299 incarnatione
2803 1243 3032 1298 Domini
3049 1245 3351 1316 quingenti
3365 1263 3501 1317 qua-

1888 1335 2158 1406 draginta
2197 1336 2337 1404 (14),
2386 1333 2755 1404 Longobardi
2783 1333 3106 1400 Venetiam,
3136 1343 3263 1405 qua:
3309 1336 3503 1406 prima

1887 1424 2183 1495 provincia
2205 1426 2292 1478 est
2310 1422 2506 1476 Ytaliaa
2541 1425 2918 1494 penetrarent
2942 1431 2983 1488 ι,
3003 1422 3363 1476 Vincentiam
3394 1424 3500 1477 Ve-

249 413 331 474 871

241 981 466 1038 cunae/tus
501 980 738 1049 imperat,
772 984 821 1030 et
849 994 943 1032 nos
971 978 1188 1032 servicio
1212 978 1437 1047 premit;
1469 981 1519 1028 et
1546 976 1656 1028 haec
1685 990 1779 1029 no-

235 1077 318 1124 ster
356 1069 601 1139 piissimus
665 1069 952 1136 imperator
1009 1067 1238 1135 ignorat.
1305 1064 1468 1120 Nunc
1518 1080 1638 1133 ergo
1691 1069 1784 1117 aut

238 1157 373 1211 libera
394 1171 479 1210 nos
501 1154 562 1209 de
599 1172 763 1208 manu
801 1155 931 1224 eius,
972 1161 1067 1208 aut
1104 1161 1242 1208 certe
1278 1162 1328 1206 et
1370 1155 1636 1206 civitatem
1672 1150 1786 1204 Ro-

232 1261 415 1298 manam
444 1250 490 1298 et
514 1250 711 1297 nosmet
755 1245 889 1313 ipsos
918 1243 1161 1312 gentibus
1189 1242 1482 1297 trademus.
1527 1241 1784 1310 Cumque

238 1334 323 1387 hoc
349 1331 516 1386 Narsis
541 1331 811 1398 audisset,
844 1331 965 1385 hinc
995 1331 1170 1385 verba
1191 1329 1440 1384 breviter
1467 1329 1690 1383 retulit:
1723 1326 1791 1382 Si

233 1421 343 1474 male
361 1422 460 1490 feci
479 1437 596 1473 cum
625 1418 883 1473 Romanis
915 1419 1059 1473 male
1107 1421 1392 1473 inveniam.
1427 1419 1584 1471 Tunc
1615 1433 1791 1487 augu-

233 1514 325 1562 stus
356 1509 406 1562 in
438 1511 658 1562 tantum
692 1509 994 1562 adversum
1024 1508 1317 1562 Narsetem
1349 1507 1696 1572 commotus,
1729 1506 1791 1558 ut

230 1597 390 1652 statim
418 1596 474 1651 in
495 1597 737 1651 Ytaliam
774 1597 1095 1666 Longinum
1139 1596 1473 1668 praefectum
1511 1595 1790 1659 mitteret,

233 1685 307 1756 qui
332 1685 559 1738 Narsetis
591 1686 782 1739 locum
808 1684 1248 1742 teneret.Narsis
1269 1701 1402 1738 vero
1432 1684 1518 1738 his
1548 1682 1794 1753 cognitis

229 1773 361 1827 valde
375 1773 750 1843 pertimuit,et
763 1777 989 1828 tantum
1006 1773 1258 1828 maxime
1271 1774 1343 1827 ab
1362 1772 1564 1826 eadem
1581 1770 1795 1842 Sophia

230 1865 433 1931 augusta
453 1861 691 1916 territus
707 1864 811 1928 est,
829 1865 889 1917 ut
911 1862 1109 1933 egredi
1132 1863 1258 1932 jam
1291 1862 1441 1915 ultra
1469 1858 1792 1916 Constanti-

228 1950 451 2021 nopolim
486 1967 608 2005 non
636 1951 893 2006 auderet.
918 1950 1016 2006 Cui
1040 1951 1135 2005 illa
1160 1950 1311 2004 inter
1337 1953 1565 2016 caetera,
1591 1965 1694 2019 pro
1726 1964 1794 2002 eo

227 2039 355 2108 quod
381 2043 494 2094 erat
520 2039 927 2106 eunuchus,ita
946 2040 1412 2105 mandaverat,ut
1437 2054 1569 2092 cum
1590 2036 1794 2108 puellis

224 2124 268 2180 in
290 2126 496 2196 genicio
526 2127 799 2182 lanarum
817 2128 1032 2182 faceret
1047 2143 1254 2198 pensas
1274 2125 1647 2181 dividere.Ad
1669 2141 1797 2196 quas

223 2213 366 2268 verba
387 2215 569 2271 Narsis
591 2215 804 2270 dicitur
818 2216 939 2270 hac
967 2231 1244 2286 responsa
1273 2214 1515 2282 dedisse,
1534 2215 1710 2269 talem
1738 2230 1796 2268 se

224 2301 380 2357 eidem
411 2304 590 2358 telam
615 2304 962 2370 orditurum,
999 2304 1230 2375 qualem
1263 2303 1385 2375 ipsa
1412 2303 1552 2357 dum
1582 2303 1798 2357 viveret

224 2391 478 2462 deponere
503 2410 633 2448 non
665 2396 874 2464 posset.
908 2395 1104 2464 Itaque
1135 2392 1267 2447 odio
1306 2394 1579 2463 metuque
1609 2390 1798 2462 exagi-

221 2484 362 2549 tatus,
392 2483 446 2538 in
477 2483 786 2553 Neapolim
813 2482 1144 2554 Campania;
1184 2481 1473 2537 civitatem
1501 2481 1795 2545 secedens,

218 2570 406 2642 legatos
444 2588 576 2626 mox
627 2572 700 2626 ad
734 2571 1251 2643 Langobardorum
1291 2573 1530 2641 gentem
1569 2570 1796 2637 direxit,

220 2658 471 2713 mandans
493 2663 555 2714 ut
573 2659 1019 2732 pauperrimam
1038 2661 1254 2713 terram
1273 2659 1710 2730 relinqueret,et
1726 2657 1800 2712 ad

219 2746 428 2803 Ytaliam
451 2748 976 2819 cunctisrepletam
1000 2747 1203 2803 divitiis
1221 2747 1626 2820 possidendam
1643 2746 1799 2802 veni-

217 2836 608 2911 ret.Simulque
633 2837 939 2893 multitudo
961 2853 1268 2908 pomarum
1287 2836 1800 2909 genera,aliarum-

217 2939 308 2994 que
327 2942 513 2982 rerum
545 2926 777 2999 species
806 2942 1052 2998 quarum
1082 2925 1266 2980 Ytalia
1303 2926 1460 2980 ferax
1497 2927 1582 2979 est
1627 2923 1800 2992 misit,

219 3015 456 3084 quatinus
473 3032 694 3072 eorum
715 3015 788 3070 ad
805 3014 1154 3086 veniendum
1167 3015 1394 3070 animos
1409 3017 1598 3086 posset
1627 3013 1804 3068 illice-

1889 1528 2234 1582 ronamque,
2279 1515 2337 1566 et
2366 1511 2615 1581 reliquas
2655 1508 2930 1575 civitates,
2957 1513 3193 1581 excepto
3222 1511 3416 1565 Patavi
3445 1514 3504 1566 et

1889 1601 2079 1656 Monte
2112 1599 2312 1666 Silicis,
2357 1598 2652 1671 Opitergio
2693 1601 2865 1669 atque
2913 1599 3142 1653 Mantua
3171 1598 3502 1666 Altinoque,

1893 1692 2289 1760 expugnantas
2311 1687 2586 1758 cepissent
2608 1704 2621 1754 ;
2641 1687 2835 1757 populi
2851 1702 2982 1740 vero
2998 1687 3257 1757 ejusdem
3281 1688 3506 1761 provin-

1891 1778 2008 1843 tiae,
2029 1777 2254 1848 penitus
2287 1778 2612 1830 recusantes
2641 1775 3156 1845 Longobardorum
3183 1775 3388 1830 ditioni
3411 1793 3505 1831 su-

1895 1867 2077 1933 besse;
2109 1865 2403 1938 proximas
2435 1863 2648 1918 insulas
2674 1863 2983 1933 petierunt.
3015 1863 3222 1934 Sicque
3251 1864 3504 1920 Venetiae

1895 1971 2136 2020 nomen,
2170 1954 2241 2008 de
2273 1970 2386 2024 qua
2416 1951 3501 2018 exierant,eisdeminsulisindiderunt.

1897 2043 2004 2107 Qui
2037 2046 2095 2097 et
2116 2046 2349 2098 actenus
2369 2041 2482 2096 illic
2495 2039 3049 2112 degentes,Venetici
3075 2045 3499 2112 nuncupantur.

1897 2131 2100 2186 Heneti
2118 2147 2274 2197 vero,
2297 2130 2430 2184 licet
2457 2129 2610 2200 apud
2637 2128 2870 2183 Latinos
2890 2145 3006 2183 una
3022 2129 3214 2183 littera
3234 2129 3502 2197 addatur,

1897 2237 2082 2293 graece
2114 2229 2135 2262 ο
2163 2218 2480 2274 laudabiles
2516 2218 2804 2273 dicuntur.
2837 2217 3048 2272 Verum
3090 2221 3395 2290 postquam
3438 2219 3504 2275 in

1896 2309 1983 2364 his
2012 2307 2208 2363 insulis
2236 2308 2444 2362 futura:
2474 2305 2848 2362 habitationis
2877 2306 3076 2361 sedem
3107 2307 3370 2377 optinere
3406 2308 3505 2362 de-

1895 2399 2216 2464 creverunt,
2237 2395 2504 2468 quaedam
2526 2394 2913 2450 munitissima
2929 2397 3116 2449 castra
3132 2393 3504 2468 civitatesque

1897 2485 2482 2549 aedificantesmovam
2510 2482 2617 2537 sibi
2641 2482 2942 2537 Venetiam
2969 2485 3028 2536 et
3048 2483 3345 2555 egregiam
3376 2501 3506 2556 pro-

1896 2575 2137 2629 vintiam
2180 2573 2608 2628 recreaverunt.
2640 2572 2800 2626 Nunc
2834 2587 2969 2626 vero
3008 2571 3366 2642 singularum
3405 2591 3512 2630 no-

1900 2663 2061 2718 mina
2101 2661 2420 2716 insularum
2473 2676 2701 2715 necesse
2741 2663 2826 2716 est
2870 2660 3280 2716 convenienter
3329 2663 3513 2736 expri-

1901 2767 2082 2806 mere.

1972 2840 2170 2895 Prima
2215 2838 2445 2893 illarum
2491 2837 2708 2892 Gradus
2749 2839 2864 2909 (l5)
2908 2837 3143 2907 dicitur;
3192 2856 3318 2911 qua-
3369 2841 3509 2896 dum

1903 2931 2130 2983 constat
2153 2926 2281 2981 altis
2304 2925 2610 2992 moenibus,
2635 2925 3118 2998 ecclesiarumque
3140 2927 3316 2998 copiis
3339 2929 3510 2983 deco-

1903 3019 2050 3082 rata,
2079 3018 2528 3085 sanctorumque
2559 3013 2897 3086 corporibus
2927 3014 3091 3081 fulta,
3120 3016 3509 3086 quemadmo-

213 3103 658 3176 re.Longobardi
688 3085 1200 3175 legata,nuncia,et
1225 3121 1352 3174 qua:
1385 3085 1492 3174 ipsi
1524 3107 1804 3176 praeopta-
1835 3128 1882 3186 ο
1905 3105 2042 3159 dum
2075 3103 2326 3175 antiquae
2347 3101 2605 3156 Veneciaa
2631 3085 2954 3173 Aquilegia,
2981 3103 3062 3157 ita
3090 3085 3154 3157 et
3192 3104 3299 3158 ista
3337 3104 3511 3160 totius

213 3186 331 3244 bant
356 3195 670 3262 gratanter
697 3191 1034 3262 suscipiunt,
1056 3191 1241 3262 deque
1257 3190 1460 3245 futuris
1483 3190 1804 3246 commodis
1903 3209 2067 3248 novas
2090 3191 2341 3247 Venetiae
2373 3193 2548 3262 caput
2566 3193 2622 3245 et
2652 3191 2988 3261 metropolis
3016 3192 3140 3246 fore
3171 3192 3508 3249 dinoscitur.

209 3277 408 3334 animos
435 3282 746 3346 attollunt,
779 3282 836 3333 et
865 3279 1078 3350 egressi
1109 3296 1240 3333 cum
1277 3278 1490 3334 Alboin
1516 3295 1652 3351 rege
1678 3295 1801 3346 suo,

212 3363 427 3423 Ytaliam
459 3367 787 3441 possessuri
812 3367 1270 3436 adveniunt‘(an.
1297 3369 1444 3440 568).

1975 3281 2182 3337 Secum
2210 3297 2244 3334 a
2270 3295 2501 3350 nanque
2527 3278 2639 3351 (l6)
2661 3279 2929 3334 Bibiones
2954 3280 3308 3337 nominatur.

1972 3369 2164 3424 Tertia
2207 3385 2339 3423 vero
2382 3367 2656 3438 Caprulas
2695 3365 2811 3440 (t7)
2857 3368 3156 3435 vocitatur,
3205 3370 3279 3424 ad
3335 3387 3511 3442 quam

267 3454 346 3525 (P.
380 3458 440 3512 D.
476 3474 539 3524 ιι,
572 3460 658 3516 10)
692 3457 911 3510 Eodem
946 3461 1210 3527 tempore
1255 3457 1582 3511 Romanam
1624 3456 1802 3512 eccle-
1904 3456 2333 3514 concordiensis
2361 3455 2660 3527 episcopus
2689 3472 2820 3510 cum
2841 3457 2974 3525 suis,
2993 3457 3512 3528 Longobardorum

211 3541 333 3597 siam
381 3545 465 3599 vir
516 3544 917 3601 sanctissimus
960 3544 1298 3598 Benedictus
1342 3561 1492 3616 papa
1542 3545 1801 3616 regebat.
1904 3545 2276 3601 timoratione
2308 3545 2563 3612 territus,
2605 3544 2938 3612 adveniens,
2973 3547 3314 3601 auctoritate
3345 3549 3516 3602 Deus-

207 3631 552 3706 Aquilegensi
584 3650 825 3707 quoque
851 3633 1062 3688 civitati
1087 3634 1322 3706 ejusque
1354 3635 1579 3707 populis
1606 3635 1806 3690 beatus
1907 3634 2037 3690 dedi
2056 3633 2714 3706 papie(18lepiscopatus
2743 3633 2828 3688 sui
2858 3634 3056 3688 sedem
3075 3634 3216 3689 inibi
3246 3634 3518 3706 imposte-

209 3719 390 3778 Paulus
429 3724 776 3795 patriarcha
818 3727 1101 3795 przeerat;
1136 3725 1253 3796 qui,
1289 3724 1806 3796 Langobardorum
1904 3740 2035 3778 rum
2068 3722 2423 3778 manendam
2455 3722 2817 3777 conﬁrmavit
2843 3725 2901 3775 et
2928 3722 3190 3777 habitare
3215 3722 3514 3795 disposuit.

205 3809 402 3868 rabiem
439 3818 744 3879 metuens,
782 3830 848 3868 ex
877 3813 1180 3885 Aquilegia
1205 3813 1278 3868 ad
1311 3813 1530 3868 Gradus
1559 3812 1806 3867 insulam
1980 3813 2194 3876 Quarta
2238 3810 2474 3881 quidem
2516 3811 2703 3864 insula
2734 3810 2843 3880 (t9)
2875 3813 3058 3866 exstat
3087 3819 3130 3876 7,
3168 3811 3228 3865 in
3259 3829 3374 3883 qua
3409 3813 3516 3866 du-

205 3901 794 3974 conl'ugit,secumque
812 3901 1809 3957 beatissimimartirisHermachorie
1910 3900 2046 3956 dum
2096 3899 2204 3970 ('20)
2259 3899 2331 3954 ab
2391 3898 2609 3953 Eraclio
2667 3899 3019 3969 imperatore
3079 3899 3268 3953 fuerat
3323 3899 3520 3953 civitas

206 3990 253 4041 et
277 3992 603 4047 ceterorum
647 3994 983 4046 sanctorum
1015 4006 1262 4061 corpora
1296 4009 1423 4063 quae
1463 3991 1542 4046 ibi
1571 3991 1812 4044 humata
1910 4003 2268 4059 magnopere
2303 3989 2660 4053 constructa;
2697 3987 2792 4042 sed
2839 3989 3114 4041 vetustate
3154 3990 3516 4059 consumpta,

205 4074 414 4133 fuerant
433 4080 864 4152 deportavit,et
881 4079 1032 4149 apud
1053 4079 1304 4133 eundem
1323 4080 1675 4134 Gradensem
1693 4094 1812 4132 cas-
1911 4076 2165 4132 Venetici
2195 4077 2406 4131 iterum
2432 4075 2592 4130 illam
2620 4091 2858 4146 parvam
2887 4077 3521 4147 composuerunt.Post—

207 4166 342 4222 trum
371 4169 605 4224 honore
632 4167 974 4238 dignissimo
995 4167 1585 4240 condidit,ipsamque
1605 4169 1810 4223 urbem
1913 4182 2090 4237 quam
2123 4167 2321 4219 antem
2356 4163 2649 4237 Opiterine
2679 4163 2788 4235 (21)
2822 4164 3019 4219 civitas
3053 4181 3086 4218 a
3113 4164 3350 4218 Rothari
3384 4179 3521 4235 rege

205 4255 808 4328 Aquilegiam-Novam
833 4255 1072 4311 vocavit.
1090 4258 1152 4311 In
1183 4273 1295 4328 quo
1327 4257 1502 4311 etiam
1536 4259 1660 4313 loco
1684 4261 1813 4329 post
1915 4260 2084 4327 capta
2113 4259 2218 4322 est,
2251 4254 2550 4326 episcopus
2586 4254 2734 4309 illius
2771 4253 3010 4308 civitatis
3040 4253 3380 4308 auctoritate
3421 4253 3523 4308 So-

208 4357 435 4413 paucum
455 4349 704 4417 tempus
727 4345 926 4416 Helyas
942 4346 1211 4416 egregius
1230 4346 1677 4418 patriarcha,qui
1697 4349 1811 4400 ter—
1915 4344 2132 4399 veriani
2163 4359 2327 4416 papas
2347 4343 2498 4398 hanc
2529 4342 2889 4398 Eraclianam
2918 4345 3114 4414 petere
3135 4342 3327 4415 ibique
3358 4357 3522 4397 suam

205 4431 302 4486 tius
327 4439 457 4504 post
484 4435 745 4490 Paulum
775 4433 1095 4504 regendam
1123 4435 1371 4505 suscepit
1392 4434 1712 4502 ecclesiam,
1745 4451 1813 4490 ex
1834 4425 1886 4483 D
1915 4435 2113 4488 sedem
2139 4433 2485 4488 confirmare
2521 4432 2721 4487 votuit.

208 4534 474 4578 consensu
503 4521 836 4578 beatissimi
867 4538 1030 4594 papae
1059 4522 1294 4594 Pelagii,
1323 4523 1474 4578 facta
1499 4523 1720 4595 synodo
1745 4525 1813 4579 20
1988 4522 2200 4586 Quinta
2231 4523 2418 4576 insula
2447 4521 2680 4594 Equilus
2717 4521 2834 4594 (22)
2867 4525 3265 4595 nuncupatur;
3308 4521 3367 4577 in
3412 4539 3526 4594 qua

1527 4622 1755 4675 VARUE
1811 4620 2101 4677 LECTION
2108 4620 2210 4676 ES.

267 4711 287 4740 ι
309 4703 764 4758 roborationem
790 4700 871 4755 ed.
949 4708 971 4743 ⁸
990 4703 1373 4772 penetrarunt
1397 4701 1482 4757 ed.
1559 4712 1581 4744 θ
1600 4702 1755 4774 greci
1789 4706 1844 4768 2,
1919 4710 1940 4744 ⁷
1963 4706 2110 4758 estat
2133 4705 2184 4758 2.

1923 4890 2055 4962 pilis
2073 4890 2282 4962 Argitis
2311 4891 2480 4962 sitam
2501 4889 2594 4945 hic
2614 4890 2862 4962 minime
2881 4889 3067 4954 innui,
3087 4891 3228 4946 ordo
3245 4894 3530 4949 narratio-

1923 4961 2012 5036 nis
2026 4979 2058 5016 a
2073 4961 2464 5036 septentrione
2481 4961 2786 5036 meridiem
2810 4979 3002 5036 versus
3022 4963 3387 5036 procedentis
3406 4983 3534 5036 pro-

1923 5034 2060 5106 bat;_
2081 5032 2234 5106 unde
2265 5033 2514 5087 insulam
2544 5032 2696 5088 inter
2724 5033 2975 5088 Gradum
3006 5032 3064 5090 et
3090 5034 3362 5106 Caprulas
3393 5032 3531 5090 etim

1927 5103 2202 5176 exstitisse
2231 5107 2410 5176 patet.

1994 5175 2102 5245 (l7)
2136 5175 2358 5230 Cadrle.

1992 5249 2106 5314 (l8)
2143 5247 2302 5301 Sedit
2325 5264 2375 5304 c.
2405 5263 2457 5300 a.
2493 5249 2617 5302 615.

1998 5317 2108 5390 (19)
2141 5318 2477 5390 Heracliana
2507 5317 2756 5390 amplius
2791 5335 2906 5374 non
2937 5323 3137 5374 exstat.

1997 5388 2102 5451 (20)
2133 5389 2256 5452 Quo
2289 5406 2443 5443 anno
2478 5388 2766 5444 Heraclius
2799 5390 2936 5460 imp.
2975 5390 3277 5444 defunctus
3308 5393 3410 5443 est.
3432 5391 3535 5443 Ro-

1925 5460 2106 5532 tbaris
2131 5460 2625 5532 ArexOpitergium
2658 5461 2836 5530 cepit;
2855 5460 3028 5530 igitur
3049 5460 3155 5514 ista
3183 5461 3533 5516 Heraclianzn

1928 5530 2170 5602 civitatis
2200 5531 2437 5586 historia
2467 5530 2775 5587 consistere
2801 5532 3020 5602 nequit.

1997 5603 2116 5666 (21)
2141 5601 2379 5656 Oderzo.

2003 5672 2116 5745 (22)
2143 5674 2350 5728 Jesulo.

268 4889 375 5030 (14)
403 4893 532 4946 lmo
563 4890 702 4946 568.

268 4965 348 5023 (15
403 4963 632 5016 Grado.

265 4963 373 5023 (15)
403 4963 632 5016 Grado.

267 5029 374 5104 (16)
398 5033 648 5104 Scilicet
667 5048 794 5103 quae
811 5029 1182 5104 postmodum
1203 5030 1391 5104 Bebbe
1409 5033 1696 5102 appellata
1716 5035 1821 5104 est,

205 5100 287 5155 ubi
305 5100 546 5176 lo'ngissi
556 5120 617 5157 m
627 5120 664 5157 ο
680 5100 750 5156 an
760 5100 967 5176 norum
982 5100 1165 5176 spa_tio
1185 5102 1354 5155 turris
1367 5100 1604 5176 praealta
1619 5103 1823 5176 perdu-

204 5172 432 5241 reverit,
448 5175 626 5244 cujus
649 5172 887 5243 vestigia
911 5175 968 5244 et
993 5172 1200 5244 rudera
1216 5190 1394 5243 usque
1417 5172 1472 5226 in
1495 5172 1644 5228 hunc
1666 5173 1821 5228 diem

206 5245 426 5299 mtatem
457 5248 796 5310 tulerunt,u
807 5244 915 5298 nde
930 5243 1106 5297 Torre
1123 5243 1269 5298 delle
1285 5245 1432 5298 Bebe
1456 5245 1580 5300 loco
1606 5262 1822 5298 nomen

205 5310 469 5385 inditum.
507 5317 574 5370 In
612 5315 796 5368 veteri
827 5315 1178 5369 documento
1206 5315 1358 5385 apud
1392 5332 1484 5369 me
1514 5316 1652 5370 anni
1688 5317 1822 5370 M78

207 5382 316 5438 haec
344 5387 658 5440 habentur
692 5386 865 5440 :Item
894 5404 928 5438 α
975 5382 1255 5439 communi
1291 5388 1453 5439 turris
1495 5385 1824 5440 Bebbiarum

207 5460 482 5512 annuatim
527 5458 606 5510 ad
648 5456 846 5525 festum
879 5456 1075 5509 natalis
1112 5456 1296 5523 gallin.
1340 5474 1452 5522 xiv,
1497 5465 1545 5510 et
1589 5458 1670 5511 ad.
1697 5458 1822 5526 [ρει.

205 5543 363 5600 pusca
407 5533 552 5583 alias
594 5531 1171 5600 xwLDocumentum
1201 5527 1402 5598 incipit
1435 5545 1447 5581 :
1479 5529 1822 5600 Exemplum.

212 5595 440 5669 Reguli;
470 5607 668 5652 autem
699 5597 778 5653 De
791 5599 954 5653 Ducis
968 5600 1029 5652 in
1055 5601 1218 5652 veteri
1225 5595 1580 5669 promissione
1603 5595 1828 5656 inventae

215 5666 316 5723 hac
336 5678 482 5726 sunt.
518 5672 786 5726 Ζιυεεττι.
815 5669 1042 5725 Turrim
1078 5666 1242 5725 Bebe
1273 5670 1347 5726 ad
1387 5671 1692 5726 meridiem
1723 5671 1830 5725 Ca-
