3998 6166
445 412 548 471 879

1670 405 1955 466 JOANNIS
1998 405 2284 467 DIACONI
2317 405 2566 467 VENETI
3615 417 3699 480 880

440 537 579 593 dum
597 533 793 610 pepuli
818 531 931 590 illic
950 527 1742 602 manentesepiscopalisede
1762 533 2049 599 carerent,
2079 530 2268 596 ΑΗίε
2311 539 2385 586 est
2440 533 2582 587 enim
2619 548 2848 604 magnus
2896 529 3186 603 thesaurus,
3229 531 3420 593 dicente
3460 533 3698 599 Domino:

442 625 778 682 auctoritate
807 621 998 676 divina
1030 637 1208 675 novus
1243 619 1603 693 episcopatus
1636 617 1716 674 ibi
1753 618 2052 676 ordinatus

441 718 544 772 est.

508 805 677 859 Sexta
720 802 908 856 insula
943 800 1230 855 Torcellus
1259 797 1376 869 (23\
1414 797 1701 866 subsistit;
1736 815 1884 871 quae,
1917 797 2052 854 licet

434 894 665 949 urbium
697 890 980 946 mmnibus
1012 889 1256 944 minime
1286 897 1307 930 8
1337 889 1633 956 clarescat,
1673 890 1871 943 tamen
1906 889 2050 943 alia-

433 1001 565 1038 rum
587 982 905 1036 insularum
938 978 1263 1034 munitione
1291 977 1727 1049 circumscepta,
1762 979 1819 1034 in
1852 978 2048 1033 medio

431 1071 718 1126 tutissima
745 1070 944 1141 pollet.

504 1160 762 1233 Septima
788 1159 975 1213 insula
999 1155 1280 1212 Morianas
1309 1155 1422 1226 (24)
1452 1154 1756 1210 vocitatur.

504 1251 714 1306 Octava
740 1247 974 1320 quidem
1006 1245 1193 1300 insula
1219 1245 1508 1299 Rivoaltus
1535 1244 1657 1320 (25)
1683 1243 2048 1300 subsistit.Ad

431 1356 607 1412 quam
631 1338 704 1392 ad
724 1319 1050 1392 extremum
1070 1334 1202 1388 licet
1211 1350 1284 1404 po
1290 1332 1409 1404 puli
1427 1332 1500 1387 ad
1518 1319 1900 1388 habitandum
1916 1350 2048 1389 con-

435 1429 702 1493 fluerent,
733 1429 931 1480 tamen
975 1422 1251 1477 ditissima
1283 1424 1339 1475 et
1376 1421 1686 1476 sublimata
1719 1430 1740 1464 ο
1782 1421 2048 1476 omnibus

442 1519 674 1579 manet;
710 1529 837 1585 quae
859 1527 978 1566 non
1009 1511 1195 1565 solum
1222 1508 1596 1563 ecclesiarum
1620 1525 1717 1563 seu
1737 1509 2048 1564 domorum

439 1604 754 1659 decoritate
787 1601 1129 1665 ostentatur,
1160 1613 1358 1653 verum
1388 1598 1565 1651 etiam
1595 1597 1833 1653 ducatus
1858 1598 2046 1670 digni-

439 1697 618 1748 tatem
645 1695 817 1763 atque
847 1686 1158 1760 episcopali
1184 1687 1380 1742 sedem
1421 1686 1636 1741 habere
1667 1689 1725 1741 et
1754 1687 2048 1758 possidere

439 1781 682 1837 videtur.

509 1871 671 1925 Nona
702 1868 886 1924 insula
922 1867 1307 1922 Metamancus
1345 1863 1463 1938 (26)
1496 1863 1724 1931 dicitur,
1754 1880 1883 1936 qua:
1929 1881 2048 1918 non

440 1959 662 2030 indiget
685 1958 877 2029 aliqua
902 1955 1132 2011 urbium
1145 1953 1600 2022 munitione,sed
1617 1954 1856 2024 pulchro
1878 1953 2048 2008 litore

438 2065 603 2121 paene
629 2066 694 2102 ex
717 2045 878 2102 omni
909 2047 1073 2117 parte
1101 2043 1380 2115 cingitur;
1407 2043 1504 2098 ubi
1532 2041 1871 2098 auctoritate
1887 2058 2050 2115 apos-

437 2138 608 2194 tolica
633 2135 1018 2208 episcopalem
1051 2132 1248 2189 sedem
1279 2133 1477 2206 populi
1509 2132 1724 2188 habere
1755 2131 2048 2187 consecuti

435 2243 537 2282 sun
548 2230 586 2282 t.

507 2315 740 2371 Decima
767 2330 903 2370 vero
926 2312 1116 2368 insula
1141 2310 1364 2383 Pupilia
1391 2309 1494 2382 ('27)
1529 2313 1750 2365 manet.

507 2404 828 2460 Undecima
868 2402 1052 2458 Minor
1102 2399 1328 2471 Clugies
1381 2398 1502 2471 (28)
1552 2397 1794 2470 dicitur;
1831 2399 1889 2453 in
1935 2414 2051 2471 qua

437 2492 859 2550 monasterium
889 2489 1074 2546 sancti
1093 2488 1360 2544 Michaelis
1391 2497 1438 2530 ίο
1472 2487 1646 2543 situm
1679 2491 1782 2543 est.

508 2582 864 2639 Duodecimn
907 2580 1092 2636 insula
1126 2577 1352 2650 Clugies
1377 2577 1493 2649 (29)
1526 2577 1706 2649 Major
1751 2592 2051 2649 nuncupa-

434 2678 548 2729 tur.

509 2763 603 2816 Est
628 2761 806 2816 etiam
837 2759 896 2814 in
924 2757 1286 2814 extremitate
1316 2756 1568 2812 Venetia
1599 2759 1850 2812 castrum
1894 2757 2050 2829 quod

439 2852 622 2922 Caput
635 2847 964 2920 Argilis(30)
985 2845 1212 2900 dicitur.
1229 2844 1377 2900 Sunt
1391 2844 1611 2899 etenim
1631 2845 1784 2917 apud
1802 2845 2050 2901 eandem

435 2938 782 3012 provintiam
816 2952 992 3008 quam
1024 2933 1288 3008 plurimas
1314 2933 1514 2990 insulse
1545 2934 1912 2992 habitabiles.

509 3027 588 3100 (P.
614 3029 681 3083 Ι).
713 3043 793 3092 ιιι,
830 3024 940 3096 Η.)
965 3025 1071 3079 Per
1099 3024 1206 3078 hec
1240 3027 1510 3095 tempora
1529 3023 1682 3094 apud
1715 3022 2049 3078 Constanti-

437 3119 734 3188 nopolym,
763 3117 825 3169 ut
848 3130 1020 3186 supra
1049 3111 1398 3184 premissum
1429 3115 1534 3175 est,
1565 3111 1822 3166 Justinus
1850 3111 2048 3166 minor

434 3205 714 3276 regnavit.
737 3204 834 3258 Vir
851 3202 911 3256 in
942 3201 1103 3257 omni
1132 3199 1371 3255 avaritia
1402 3200 1652 3266 deditus,
1675 3202 2048 3270 contemptor

433 3310 776 3368 pauperum,
807 3296 1144 3348 senatorum
1175 3288 1472 3362 spoliator.
1499 3289 1599 3344 Cui
1627 3293 1792 3343 tanta
1813 3289 1921 3343 fuit
1947 3307 2045 3344 cu-

436 3384 688 3457 piditatis
725 3380 934 3443 rabies.
968 3381 1029 3433 ut
1064 3378 1266 3432 archas
1288 3377 1521 3447 juberet
1550 3376 1768 3432 ferreas
1807 3377 1953 3443 ﬁeri,
1987 3377 2046 3432 in

436 3472 644 3544 quibus
683 3486 751 3523 ea
776 3485 903 3540 quae
945 3467 1209 3537 replebat
1250 3464 1375 3518 auri
1414 3465 1632 3519 talenta
1671 3469 2038 3535 congereret;

436 3576 611 3633 quem
625 3559 801 3612 etiam
813 3557 1008 3611 ferunt
1020 3557 1077 3609 in
1089 3554 1338 3609 heresim
1355 3555 1724 3626 Pelagianam
1738 3556 2043 3626 dilapsum.

438 3650 558 3716 llic,
575 3661 707 3702 cum
725 3662 758 3700 a
776 3645 982 3700 divinis
1003 3642 1293 3700 mandatis
1316 3657 1518 3698 aurem
1531 3643 1720 3698 cordis
1737 3649 2043 3712 averteret,

429 3738 586 3809 justo
606 3735 704 3791 Dei
720 3733 939 3807 judicio
961 3732 1236 3788 ammisso
1261 3731 1502 3788 rationis
1521 3731 1817 3787 intellectu
1845 3747 2048 3789 amens

438 3827 673 3882 effectus
701 3827 788 3880 est
827 3822 924 3877 Hic
952 3820 1261 3894 Tyberium
1293 3829 1335 3862 ιι
1365 3836 1623 3876 cesarem
1657 3819 1912 3888 adscivit,
1948 3822 2046 3894 qui

439 3917 562 3988 ejus
582 3912 869 3986 palacium
904 3912 992 3966 vel
1021 3911 1277 3983 singulas
1308 3909 1630 3980 provincias
1671 3910 2044 3982 gubernaret,

437 4005 738 4060 hominem
755 3999 1226 4072 justum,utilem,
1241 4001 1539 4053 strenuum
1551 4039 1564 4064 ,
1581 3997 2045 4068 sapientem,ele-

439 4090 842 4157 mosinarium,
863 4087 1162 4160 injudieiis
1183 4102 1436 4159 aequum,
1461 4087 1520 4140 in
1543 4085 1792 4140 victoriis
1803 4086 2044 4152 clarum,

439 4181 677 4253 et,quod
701 4178 786 4234 his
811 4177 1081 4233 omnibus
1108 4173 2044 4248 supereminet,verissimumchri.

442 4273 712 4326 stianum.
735 4267 834 4321 Hic
855 4283 988 4321 cum
1011 4266 1222 4320 multas
1250 4265 1320 4319 de
1341 4263 1622 4319 thesauris
1641 4280 1786 4335 quos
1799 4262 2050 4318 Justinus

442 4359 861 4431 aggregaverat
890 4354 1236 4427 pauperibus
1281 4356 1570 4425 erogaret,
1597 4351 1775 4407 Sufﬁa
1809 4356 2051 4423 augusta

2156 621 2531 676 Thcsaurixate
2559 621 2702 677 vobis
2727 623 2998 678 thesauros
3029 625 3083 678 in
3107 624 3262 691 caelis,
3286 625 3374 679 ubi
3399 643 3547 699 neque
3566 646 3701 701 erugo

2152 727 2320 784 neque
2344 716 2486 765 tinea
2520 717 2833 784 corrumpit,
2864 719 2912 766 et
2942 713 3037 766 ubi
3058 713 3208 783 fures
3241 729 3344 768 non
3368 716 3600 785 effodiunt
3631 735 3706 774 nec

2148 801 2433 870 furantur.
2467 801 2618 874 Ergo
2655 801 2718 856 de
2751 802 2853 869 his,
2885 819 3004 874 quae
3033 803 3291 857 Dominus
3324 803 3494 860 tribuit
3528 823 3708 878 congre-

2148 906 2330 958 gemus
2371 892 2644 946 thesauros
2681 893 2738 945 in
2774 890 2923 958 caelo,
2965 899 3014 946 et
3063 890 3323 946 Dominus
3379 893 3515 949 nobis
3548 913 3708 965 augere

2147 978 2463 1049 dignabitur
2503 983 2559 1033 in
2585 979 2792 1035 sarculo.
2829 980 3006 1052 Igitur
3031 979 3278 1035 Justinus
3322 997 3447 1036 cum
3479 986 3528 1036 11
3573 984 3711 1040 annis

2147 1072 2468 1140 regnasset,
2488 1068 2824 1137 amentiam,
2843 1069 3589 1141 quamineurrerat,tandem
3600 1089 3709 1128 cum

2148 1157 2265 1212 vita
2294 1157 2502 1214 finivit.
2527 1158 2682 1212 Bella
2711 1175 2849 1212 sane
2871 1174 2998 1229 quas
3019 1173 3122 1228 per
3139 1158 3428 1212 Narsetem
3449 1160 3712 1232 patricium

2149 1245 2344 1300 Gothis
2369 1247 2455 1300 vel
2484 1246 2756 1300 Franchis
2785 1246 2946 1300 illata
2971 1261 3073 1317 per
3107 1245 3565 1318 anticipationem
3592 1249 3710 1303 dixi-

2150 1351 2300 1400 mus,
2332 1335 2501 1405 hujus
2536 1333 2813 1406 temporis
2848 1337 3009 1405 gesta
3049 1337 3200 1389 sunt.
3227 1335 3478 1407 Denique
3520 1340 3572 1390 et
3605 1353 3715 1391 cum

2152 1423 2335 1477 Roma
2351 1421 2993 1494 lemporibusBenedicti
3007 1423 3539 1494 papm,vastantibus
3550 1425 3715 1479 omnia

2151 1527 2255 1583 per
2267 1511 2568 1565 circuitum
2588 1509 3718 1582 Longobardis,famispenurialaboraret,

2151 1602 2335 1655 multa
2366 1601 2527 1656 milia
2556 1599 2832 1655 frumenti
2869 1599 3105 1654 navibus
3133 1600 3204 1654 ab
3251 1601 3449 1672 Egipto
3479 1601 3715 1673 dirigens,

2150 1706 2282 1745 eam
2303 1708 2418 1746 suae
2441 1691 2627 1745 studio
2655 1688 3064 1744 misericordia:
3087 1689 3357 1744 revelavit
3390 1699 3453 1748 1³.

2223 1781 2290 1844 (c.
2342 1779 2454 1851 l2.)
2503 1780 2718 1833 Mortuo
2763 1777 2941 1849 igitur
2978 1777 3221 1846 Iustino,
3271 1778 3560 1833 Thiberius
3596 1779 3718 1833 Con-

2150 1867 2455 1934 stantinus,
2504 1868 2901 1922 Romanorum
2953 1883 3159 1938 regum
3209 1866 3718 1940 quinquagesimus,

2149 1956 2394 2028 sumpsit
2433 1955 2766 2027 imperium.
2802 1954 2901 2009 Hic
2927 1971 3058 2009 cum
3100 1958 3161 2009 ut
3202 1956 3458 2027 superius
3495 1956 3722 2022 diximus,

2149 2047 2255 2102 sub
2302 2045 2524 2101 Justino
2573 2045 2760 2100 adhuc
2812 2060 3022 2099 caesare
3073 2044 3363 2116 palacium
3408 2049 3636 2116 regeret,
3679 2048 3726 2099 et

2150 2139 2362 2192 multas
2383 2135 2640 2208 quotidie
2661 2134 3009 2190 elemosinas
3037 2133 3551 2205 faceret,magnam
3575 2134 3620 2190 ei
3637 2135 3725 2189 Do-

2152 2224 2342 2280 minus
2363 2224 2486 2279 auri
2503 2223 2727 2294 copiam
2739 2221 3363 2277 subministravit.Nam
3388 2221 3727 2277 deambulans

2153 2331 2256 2388 per
2294 2312 2600 2385 palacium,
2627 2311 2768 2366 vidit
2799 2311 2858 2365 in
2893 2309 3228 2382 pavimento
3259 2311 3464 2366 domus
3501 2310 3724 2365 tabulam

2151 2417 2544 2458 marmoream
2572 2400 2630 2455 in
2661 2416 2775 2472 qua
2803 2404 2930 2455 erat
2947 2415 3082 2454 crux
3113 2399 3410 2454 dominica
3442 2399 3658 2469 sculpta.
3680 2401 3729 2452 et

2154 2492 2237 2547 ait
2267 2505 2280 2549 :
2315 2491 2486 2548 Cruce
2505 2491 2728 2545 Domini
2742 2489 2980 2560 frontem
2999 2496 3238 2544 nostram
3251 2496 3302 2543 et
3313 2494 3528 2560 pectora
3550 2489 3730 2542 munies

2152 2581 2414 2646 debemus,
2447 2585 2496 2635 et
2538 2595 2650 2634 ecce
2694 2593 2811 2633 eam
2849 2578 2948 2631 sub
2985 2576 3205 2648 pedibus
3254 2577 3646 2634 conculcamus!
3678 2575 3731 2628 Et

2154 2670 2306 2725 dicto
2337 2669 2500 2724 citius
2513 2667 2683 2737 jussit
2704 2682 2832 2721 eam
2863 2665 3122 2721 tabulam
3155 2666 3394 2722 auferri.
3423 2665 3729 2722 Deﬂ’ossam-

2153 2777 2264 2832 que
2294 2759 2549 2814 tabulam
2577 2761 2634 2812 et
2663 2760 2918 2812 erectam
2945 2757 3251 2812 inveniunt
3270 2757 3465 2812 subter
3501 2758 3555 2810 et
3582 2754 3730 2809 aliam

2151 2848 2260 2902 hoc
2291 2847 2520 2918 signum
2548 2839 2882 2900 habentem.
2912 2844 3019 2909 Qui
3045 2848 3103 2899 et
3132 2844 3321 2917 ipsam
3339 2843 3504 2916 jussit
3523 2840 3728 2897 auferri.

2151 2935 2276 3000 Qua
2297 2938 2493 2990 amota
2517 2933 2814 3006 reperiunt
2833 2937 2892 2987 et
2914 2933 3171 3000 tertiam,
3183 2934 3464 3006 jussuque
3487 2932 3601 3002 ejus
3623 2943 3732 2983 cum

2149 3024 2348 3078 fuisset
2386 3023 2596 3089 ablata,
2630 3021 2935 3076 inveniunt
2973 3037 3257 3092 magnum
3299 3022 3620 3076 thesaurum
3644 3018 3730 3071 ha-

2150 3113 2386 3167 bentem
2416 3128 2588 3183 supra
2619 3109 2777 3164 mille
2822 3109 2946 3164 auri
2977 3109 3322 3175 centinaria,
3356 3110 3727 3178 sublatumque

2151 3217 2357 3255 aurum
2380 3198 2726 3271 pauperibus
2755 3198 2943 3253 adhuc
2965 3198 3400 3253 habundantius
3429 3212 3594 3269 quam
3614 3211 3731 3249 con-

2150 3292 2414 3344 sueverat
2443 3289 2686 3359 largitur
2717 3287 2791 3359 (c.
2823 3290 2940 3352 25).
2975 3287 3258 3342 Defuncto
3293 3303 3429 3342 vero
3461 3287 3624 3341 Paulo
3649 3299 3732 3356 pa-

2149 3377 2419 3444 triarcha,
2455 3378 2551 3449 qui
2594 3377 2890 3431 ecclesiam
2939 3377 3295 3432 Gradensem
3325 3378 3546 3431 rexerat
3574 3388 3732 3428 annos

2154 3471 2238 3533 12,
2271 3466 2400 3520 huic
2431 3465 2698 3520 successit
2720 3465 3021 3519 Probinus.
3052 3466 3125 3536 (c.
3168 3467 3286 3536 12.)
3312 3464 3498 3519 Narsis
3531 3477 3731 3534 quoque

2150 3555 2420 3627 patricius
2450 3555 2646 3609 Ytalias
2661 3570 2791 3608 cum
2818 3553 2876 3608 in
2904 3553 3158 3625 quadam
3187 3555 3415 3608 civitate
3445 3553 3590 3608 intra
3621 3551 3732 3604 Yta-

2150 3644 2288 3699 liam
2307 3646 2546 3700 domum
2566 3658 2842 3714 magnam
2861 3643 3264 3710 haberet,eum
3274 3641 3466 3697 multis
3481 3636 3732 3695 thesauris

2150 3732 2224 3786 ad
2253 3747 2427 3805 supra
2453 3733 2838 3786 memoratam
2882 3731 3087 3784 urbem
3113 3731 3447 3798 advenerat,
3484 3729 3658 3800 ibique
3684 3725 3733 3779 in

2149 3821 2453 3902 domo‘sua
2476 3821 2695 3875 occulte
2726 3821 3053 3890 cysternam
3079 3835 3358 3890 magnam
3379 3818 3541 3885 fodit,
3563 3816 3616 3872 in
3641 3829 3736 3886 qua

2151 3911 2333 3964 multa
2346 3909 2504 3964 milia
2516 3907 2982 3963 centenariorum
2996 3907 3118 3962 auri
3133 3907 3476 3978 argentique
3488 3902 3738 3976 reposuit.

2152 3998 2591 4069 Interfectisque
2614 3996 2885 4052 omnibus
2907 3995 3246 4063 conciis,uni
3279 3994 3612 4051 tantumodo
3630 3987 3736 4046 seni

2151 4086 2258 4141 hec
2278 4087 2680 4157 juramentum
2708 4085 2779 4139 ab
2810 4101 2878 4138 eo
2898 4084 3154 4155 exigens,
3175 4082 3617 4140 commendavit.
3643 4081 3730 4134 De-

2151 4175 2348 4230 functo
2367 4191 2500 4229 vero
2532 4174 2763 4228 Narsete
2793 4173 3150 4244 supradictus
3179 4190 3354 4229 senex
3377 4173 3448 4228 ad
3470 4169 3730 4227 Tiberium

2154 4281 2411 4319 cesarem
2441 4265 2678 4318 veniens
2700 4262 2840 4317 dixit
2875 4280 2886 4317 :
2919 4261 2988 4317 Si
3014 4264 3170 4329 mihi,
3196 4263 3408 4335 inquit,
3429 4259 3623 4333 aliquid
3632 4272 3738 4329 pro-

2151 4353 2282 4418 dest,
2314 4369 2572 4420 magnam
2611 4367 2719 4406 rem
2753 4351 2854 4404 tibi
2890 4353 3056 4404 cesari
3083 4351 3289 4406 dicam.
3331 4351 3430 4406 Cui
3462 4350 3552 4404 ille
3577 4345 3737 4402 dixit:

441 4445 800 4518 frequentius
821 4442 1493 4515 eumincrepabat,quod
1508 4457 1629 4496 rem
1655 4440 1944 4512 publicam
1965 4457 2053 4494 re-
2073 4461 2126 4519 D
2155 4441 2299 4508 Quid
2320 4444 2396 4496 vis
2413 4443 2442 4494 ?
2462 4440 2718 4495 Proderit
2753 4442 2894 4494 enim
2921 4438 3035 4505 tibi,
3076 4443 3129 4492 si
3165 4439 3312 4512 quod
3349 4439 3492 4494 nobis
3511 4435 3737 4508 pro/utu-

446 4537 682 4609 digisset
711 4533 770 4586 in
801 4534 1227 4603 paupertatem,
1260 4531 1454 4585 dicens
1485 4547 1499 4585 :
1545 4529 1700 4597 Quod
1737 4546 1829 4599 ego
1873 4529 2054 4582 multis

447 4626 602 4681 annis
639 4621 973 4691 congregavi,
1029 4625 1087 4672 tu
1134 4621 1277 4671 intra
1311 4633 1549 4688 paucam
1597 4626 1797 4689 tempus
1829 4617 2057 4688 prodige

445 4712 720 4784 dispergis.
755 4708 979 4780 Agebat
1009 4716 1053 4749 ιι
1085 4710 1280 4762 autem
1309 4705 1403 4761 ille
1437 4723 1450 4762 ε
1481 4706 1705 4776 Conﬁdo
1737 4709 1793 4760 in
1821 4706 2054 4762 Domino

448 4803 575 4872 quia
611 4817 716 4853 non
740 4798 902 4853 deerit
924 4800 1150 4869 pecunia
1185 4795 1314 4869 ﬁsco
1349 4804 1546 4865 nostro,
1584 4804 1794 4853 tantum
1822 4804 1880 4850 ut
1909 4815 2056 4868 pau-

447 4905 595 4961 peres
643 4887 984 4945 elemosinam
1023 4886 1295 4959 accipiant
1330 4897 1422 4940 aut
1459 4887 1657 4957 captivi
1697 4886 2048 4941 redimantur.

2155 4547 2277 4584 rum
2296 4547 2401 4585 esse
2430 4530 2750 4583 narraveris.
2789 4529 3146 4595 Thesaurum,
3191 4528 3403 4600 inquit,
3443 4526 3630 4581 Narsis
3669 4535 3738 4572 re-

2155 4618 2427 4673 conditum
2455 4617 2636 4683 habeo,
2682 4618 2821 4689 quod
2859 4619 2916 4672 in
2955 4623 3186 4672 extremo
3225 4619 3352 4674 vita
3389 4618 3562 4689 potius
3596 4609 3738 4666 celare

2155 4724 2261 4761 non
2278 4723 2516 4777 possum.
2543 4706 2702 4760 Tunc
2731 4721 2890 4759 cesar
2914 4704 3189 4776 Tyberius
3215 4705 3460 4776 gavisus,
3485 4700 3647 4758 mittit
3663 4713 3737 4751 us-

2157 4812 2268 4868 que
2297 4795 2371 4850 ad
2400 4796 2590 4850 locum
2624 4809 2831 4866 pueros
2851 4808 3016 4863 suos;
3059 4793 3426 4864 praecedente
3455 4807 3579 4847 vero
3599 4800 3735 4850 sene,

2156 4884 2215 4940 hi
2234 4887 2503 4940 secuntur
2532 4881 3310 4955 attoniti.Pervenientesque
3340 4883 3414 4938 ad
3437 4880 3735 4938 cisternam,

1807 5031 2036 5086 VARLE
2085 5030 2375 5087 LECTION
2385 5027 2487 5084 ES.

524 5165 545 5201 δ
570 5151 792 5212 munita
821 5152 904 5208 ed.
981 5161 1002 5195 ο
1027 5149 1348 5224 ριέεἰηεενίτ
1383 5151 1466 5208 ed.
1545 5149 1808 5206 Wscitum
1848 5153 1882 5206 2
1957 5158 1999 5192 ιι
2029 5146 2280 5222 tyberim
2307 5150 2359 5203 3.
2440 5155 2484 5188 ω
2506 5147 2543 5202 i.
2572 5163 2598 5201 e
2636 5145 2847 5202 aiebat.
2928 5154 2971 5188 ιθ
3006 5147 3044 5199 ι’.
3088 5162 3134 5201 e.
3167 5143 3458 5201 relevavit.

2009 5271 2230 5329 NOTAE.

528 5398 645 5471 (23)
684 5396 963 5453 'l‘orcello.

530 5472 644 5543 (24)
685 5471 942 5543 Murano.

560 5485 622 5526 2-1
685 5485 895 5524 muram

560 5485 648 5615 25)
691 5540 895 5615 ﬂialto.

561 5611 655 5672 26⁷)
690 5611 1056 5668 Malamocco.

563 5625 657 5759 Ἦ)
691 5625 982 5692 Μδιειωᾳοε

563 5690 628 5744 2'7
694 5683 982 5758 Povegha.

2263 5391 2352 5444 ‘28)
2393 5388 2645 5444 Chiozza.

2239 5390 2352 5462 (28)
2393 5390 2645 5444 Chiozza.
3688 5443 3696 5452 ,

2241 5464 2350 5532 (29)
2391 5461 2470 5532 De
2504 5459 2713 5530 duplici
2746 5459 2943 5532 Clugia
2975 5457 3103 5532 vide
3134 5474 3259 5526 qum
3282 5450 3733 5532 adnotavimu5_}g

2171 5520 2662 5589 observationibus
2691 5531 2763 5584 ad
2797 5520 3004 5601 Papyr.
3039 5520 3289 5584 Ravenn.
3325 5525 3489 5581 editis
3517 5520 3733 5574 Venetus

2171 5621 2224 5660 a.
2262 5606 2418 5675 1752,
2447 5619 2579 5675 pag.
2615 5605 2701 5658 29.
2729 5603 2980 5675 Zmurn.

2247 5675 2362 5748 (30)
2383 5673 2548 5747 Capo'
2563 5673 2854 5746 d’Argine.
