  <div class='ocr_page' id='page_1' title='image "/cluster/home/n/w/nwhite01/storage/ocr_20150623/139/hvd.32044054759998/447.png"; bbox 0 0 3998 6166; ppageno 0'>
   <div class='ocr_carea' id='block_1_1' title="bbox 431 369 534 427">
    <p class='ocr_par' dir='ltr' id='par_1_1' title="bbox 431 369 534 427">
     <span class='ocr_line' id='line_1_1' title="bbox 431 369 534 427; baseline -0.039 1"><span class='ocrx_word' id='word_1_1' title='bbox 431 369 534 427; x_wconf 82' lang='grc'>883</span> 
     </span>
    </p>
   </div>
   <div class='ocr_carea' id='block_1_2' title="bbox 1643 357 3696 436">
    <p class='ocr_par' dir='ltr' id='par_1_2' title="bbox 1643 357 3696 436">
     <span class='ocr_line' id='line_1_2' title="bbox 1643 357 3696 436; baseline 0.007 -14"><span class='ocrx_word' id='word_1_2' title='bbox 1643 358 1926 424; x_wconf 79' lang='lat' dir='ltr'><strong>JOANNIS</strong></span> <span class='ocrx_word' id='word_1_3' title='bbox 1965 358 2251 425; x_wconf 81' lang='lat' dir='ltr'><strong>DIACONI</strong></span> <span class='ocrx_word' id='word_1_4' title='bbox 2289 357 2534 425; x_wconf 78' lang='lat' dir='ltr'><strong>VENETI</strong></span> <span class='ocrx_word' id='word_1_5' title='bbox 3609 379 3696 436; x_wconf 59' lang='lat'><strong>884</strong></span> 
     </span>
    </p>
   </div>
   <div class='ocr_carea' id='block_1_3' title="bbox 433 483 3701 565">
    <p class='ocr_par' dir='ltr' id='par_1_3' title="bbox 433 483 3701 565">
     <span class='ocr_line' id='line_1_3' title="bbox 433 483 3701 565; baseline 0.002 -19"><span class='ocrx_word' id='word_1_6' title='bbox 433 489 646 547; x_wconf 90' lang='lat' dir='ltr'><strong>solidos</strong></span> <span class='ocrx_word' id='word_1_7' title='bbox 657 505 799 562; x_wconf 90' lang='lat' dir='ltr'><strong>quos</strong></span> <span class='ocrx_word' id='word_1_8' title='bbox 811 486 997 544; x_wconf 90' lang='lat' dir='ltr'><strong>eidem</strong></span> <span class='ocrx_word' id='word_1_9' title='bbox 1011 483 1607 559; x_wconf 86' lang='lat' dir='ltr'><strong>obLangobardorum</strong></span> <span class='ocrx_word' id='word_1_10' title='bbox 1623 487 2043 544; x_wconf 83' lang='lat' dir='ltr'><strong>detrimentum</strong></span> <span class='ocrx_word' id='word_1_11' title='bbox 2063 495 2119 554; x_wconf 83' lang='grc' dir='ltr'><strong>Α</strong></span> <span class='ocrx_word' id='word_1_12' title='bbox 2150 490 2384 546; x_wconf 88' lang='lat' dir='ltr'><strong>veniens</strong></span> <span class='ocrx_word' id='word_1_13' title='bbox 2401 491 2471 545; x_wconf 91' lang='lat' dir='ltr'><strong>de</strong></span> <span class='ocrx_word' id='word_1_14' title='bbox 2499 491 2771 545; x_wconf 84' lang='lat' dir='ltr'><strong>Ravenna</strong></span> <span class='ocrx_word' id='word_1_15' title='bbox 2790 490 2850 544; x_wconf 91' lang='lat' dir='ltr'><strong>in</strong></span> <span class='ocrx_word' id='word_1_16' title='bbox 2870 483 3139 558; x_wconf 87' lang='lat' dir='ltr'><strong>Gradum,</strong></span> <span class='ocrx_word' id='word_1_17' title='bbox 3158 501 3261 561; x_wconf 85' lang='lat' dir='ltr'><strong>per</strong></span> <span class='ocrx_word' id='word_1_18' title='bbox 3277 491 3626 565; x_wconf 80' lang='lat' dir='ltr'><strong>semetipsum</strong></span> <span class='ocrx_word' id='word_1_19' title='bbox 3645 514 3701 552; x_wconf 84' lang='lat' dir='ltr'><strong>ex</strong></span> 
     </span>
    </p>
   </div>
   <div class='ocr_carea' id='block_1_4' title="bbox 435 575 2045 648">
    <p class='ocr_par' dir='ltr' id='par_1_4' title="bbox 435 575 2045 648">
     <span class='ocr_line' id='line_1_4' title="bbox 435 575 2045 648; baseline -0.002 -13"><span class='ocrx_word' id='word_1_20' title='bbox 435 579 676 634; x_wconf 75' lang='lat' dir='ltr'><strong>dederat</strong></span> <span class='ocrx_word' id='word_1_21' title='bbox 697 582 956 648; x_wconf 82' lang='lat' dir='ltr'><strong>repetere</strong></span> <span class='ocrx_word' id='word_1_22' title='bbox 978 575 1157 648; x_wconf 86' lang='lat' dir='ltr'><strong>cepit;</strong></span> <span class='ocrx_word' id='word_1_23' title='bbox 1187 576 1288 632; x_wconf 90' lang='lat' dir='ltr'><strong>sed</strong></span> <span class='ocrx_word' id='word_1_24' title='bbox 1307 576 1420 643; x_wconf 90' lang='lat' dir='ltr'><strong>ille,</strong></span> <span class='ocrx_word' id='word_1_25' title='bbox 1455 593 1687 631; x_wconf 90' lang='lat' dir='ltr'><strong>suarum</strong></span> <span class='ocrx_word' id='word_1_26' title='bbox 1717 577 1920 632; x_wconf 91' lang='lat' dir='ltr'><strong>virium</strong></span> <span class='ocrx_word' id='word_1_27' title='bbox 1941 594 2045 648; x_wconf 92' lang='lat' dir='ltr'><strong>po-</strong></span> 
     </span>
    </p>
   </div>
   <div class='ocr_carea' id='block_1_5' title="bbox 433 666 2047 738">
    <p class='ocr_par' dir='ltr' id='par_1_5' title="bbox 433 666 2047 738">
     <span class='ocr_line' id='line_1_5' title="bbox 433 666 2047 738; baseline -0.001 -16"><span class='ocrx_word' id='word_1_28' title='bbox 433 668 616 722; x_wconf 84' lang='lat' dir='ltr'><strong>tentia</strong></span> <span class='ocrx_word' id='word_1_29' title='bbox 646 667 844 735; x_wconf 85' lang='lat' dir='ltr'><strong>fretus,</strong></span> <span class='ocrx_word' id='word_1_30' title='bbox 878 682 981 738; x_wconf 88' lang='lat' dir='ltr'><strong>pro</strong></span> <span class='ocrx_word' id='word_1_31' title='bbox 1021 666 1129 720; x_wconf 92' lang='lat' dir='ltr'><strong>hac</strong></span> <span class='ocrx_word' id='word_1_32' title='bbox 1166 682 1228 720; x_wconf 91' lang='lat' dir='ltr'><strong>re</strong></span> <span class='ocrx_word' id='word_1_33' title='bbox 1273 683 1379 720; x_wconf 87' lang='lat' dir='ltr'><strong>nec</strong></span> <span class='ocrx_word' id='word_1_34' title='bbox 1419 682 1760 737; x_wconf 85' lang='lat' dir='ltr'><strong>responsum</strong></span> <span class='ocrx_word' id='word_1_35' title='bbox 1803 666 2047 720; x_wconf 85' lang='lat' dir='ltr'><strong>reddere</strong></span> 
     </span>
    </p>
   </div>
   <div class='ocr_carea' id='block_1_6' title="bbox 434 756 632 812">
    <p class='ocr_par' dir='ltr' id='par_1_6' title="bbox 434 756 632 812">
     <span class='ocr_line' id='line_1_6' title="bbox 434 756 632 812; baseline -0.01 -1"><span class='ocrx_word' id='word_1_36' title='bbox 434 756 632 812; x_wconf 84' lang='lat' dir='ltr'><strong>voluit.</strong></span> 
     </span>
    </p>
   </div>
   <div class='ocr_carea' id='block_1_7' title="bbox 504 843 2049 917">
    <p class='ocr_par' dir='ltr' id='par_1_7' title="bbox 504 843 2049 917">
     <span class='ocr_line' id='line_1_7' title="bbox 504 843 2049 917; baseline 0.001 -19"><span class='ocrx_word' id='word_1_37' title='bbox 504 847 575 916; x_wconf 91' lang='lat' dir='ltr'><strong>(c.</strong></span> <span class='ocrx_word' id='word_1_38' title='bbox 601 843 716 917; x_wconf 83' lang='lat'><strong>20.)</strong></span> <span class='ocrx_word' id='word_1_39' title='bbox 742 845 995 916; x_wconf 91' lang='lat' dir='ltr'><strong>Denique</strong></span> <span class='ocrx_word' id='word_1_40' title='bbox 1013 849 1139 917; x_wconf 89' lang='lat' dir='ltr'><strong>post</strong></span> <span class='ocrx_word' id='word_1_41' title='bbox 1157 843 1530 900; x_wconf 84' lang='lat' dir='ltr'><strong>Benedictum</strong></span> <span class='ocrx_word' id='word_1_42' title='bbox 1556 861 1770 916; x_wconf 82' lang='lat' dir='ltr'><strong>papam</strong></span> <span class='ocrx_word' id='word_1_43' title='bbox 1784 845 2049 916; x_wconf 77' lang='lat' dir='ltr'><strong>Pelagius</strong></span> 
     </span>
    </p>
   </div>
   <div class='ocr_carea' id='block_1_8' title="bbox 435 932 2047 1005">
    <p class='ocr_par' dir='ltr' id='par_1_8' title="bbox 435 932 2047 1005">
     <span class='ocr_line' id='line_1_8' title="bbox 435 932 2047 1005; baseline -0.001 -17"><span class='ocrx_word' id='word_1_44' title='bbox 435 934 711 988; x_wconf 70' lang='lat' dir='ltr'><strong>Romana:</strong></span> <span class='ocrx_word' id='word_1_45' title='bbox 731 934 979 988; x_wconf 71' lang='lat' dir='ltr'><strong>ecclesia:</strong></span> <span class='ocrx_word' id='word_1_46' title='bbox 1002 934 1257 1005; x_wconf 84' lang='lat' dir='ltr'><strong>pontifex</strong></span> <span class='ocrx_word' id='word_1_47' title='bbox 1273 934 1753 1005; x_wconf 88' lang='lat' dir='ltr'><strong>absquejussione</strong></span> <span class='ocrx_word' id='word_1_48' title='bbox 1771 932 2047 1004; x_wconf 89' lang='lat' dir='ltr'><strong>principis</strong></span> 
     </span>
    </p>
   </div>
   <div class='ocr_carea' id='block_1_9' title="bbox 437 1022 2043 1093">
    <p class='ocr_par' dir='ltr' id='par_1_9' title="bbox 437 1022 2043 1093">
     <span class='ocr_line' id='line_1_9' title="bbox 437 1022 2043 1093; baseline -0.001 -16"><span class='ocrx_word' id='word_1_49' title='bbox 437 1022 734 1077; x_wconf 88' lang='lat' dir='ltr'><strong>ordinatus</strong></span> <span class='ocrx_word' id='word_1_50' title='bbox 757 1027 934 1089; x_wconf 87' lang='lat' dir='ltr'><strong>est,eo</strong></span> <span class='ocrx_word' id='word_1_51' title='bbox 964 1023 1112 1093; x_wconf 91' lang='lat' dir='ltr'><strong>quod</strong></span> <span class='ocrx_word' id='word_1_52' title='bbox 1147 1022 1512 1093; x_wconf 83' lang='lat' dir='ltr'><strong>Langobardi</strong></span> <span class='ocrx_word' id='word_1_53' title='bbox 1542 1023 1787 1076; x_wconf 81' lang='lat' dir='ltr'><strong>Romam</strong></span> <span class='ocrx_word' id='word_1_54' title='bbox 1813 1039 1915 1092; x_wconf 91' lang='lat' dir='ltr'><strong>per</strong></span> <span class='ocrx_word' id='word_1_55' title='bbox 1934 1022 2043 1076; x_wconf 89' lang='lat' dir='ltr'><strong>cir-</strong></span> 
     </span>
    </p>
   </div>
   <div class='ocr_carea' id='block_1_10' title="bbox 433 1110 2047 1183">
    <p class='ocr_par' dir='ltr' id='par_1_10' title="bbox 433 1110 2047 1183">
     <span class='ocr_line' id='line_1_10' title="bbox 433 1110 2047 1183; baseline 0.001 -19"><span class='ocrx_word' id='word_1_56' title='bbox 433 1111 651 1165; x_wconf 88' lang='lat' dir='ltr'><strong>cuitum</strong></span> <span class='ocrx_word' id='word_1_57' title='bbox 684 1111 1038 1176; x_wconf 85' lang='lat' dir='ltr'><strong>obsiderent,</strong></span> <span class='ocrx_word' id='word_1_58' title='bbox 1074 1128 1178 1165; x_wconf 92' lang='lat' dir='ltr'><strong>nec</strong></span> <span class='ocrx_word' id='word_1_59' title='bbox 1214 1115 1403 1183; x_wconf 88' lang='lat' dir='ltr'><strong>posset</strong></span> <span class='ocrx_word' id='word_1_60' title='bbox 1443 1110 1747 1182; x_wconf 82' lang='lat' dir='ltr'><strong>quisquam</strong></span> <span class='ocrx_word' id='word_1_61' title='bbox 1789 1129 1822 1165; x_wconf 78' lang='grc' dir='ltr'><strong>ει</strong></span> <span class='ocrx_word' id='word_1_62' title='bbox 1861 1111 2047 1165; x_wconf 87' lang='lat' dir='ltr'><strong>Roma</strong></span> 
     </span>
    </p>
   </div>
   <div class='ocr_carea' id='block_1_11' title="bbox 434 1199 2042 1273">
    <p class='ocr_par' dir='ltr' id='par_1_11' title="bbox 434 1199 2042 1273">
     <span class='ocr_line' id='line_1_11' title="bbox 434 1199 2042 1273; baseline 0.001 -19"><span class='ocrx_word' id='word_1_63' title='bbox 434 1199 729 1273; x_wconf 80' lang='lat' dir='ltr'><strong>progredi.</strong></span> <span class='ocrx_word' id='word_1_64' title='bbox 748 1199 844 1253; x_wconf 85' lang='lat' dir='ltr'><strong>Hic</strong></span> <span class='ocrx_word' id='word_1_65' title='bbox 873 1199 1134 1270; x_wconf 81' lang='lat' dir='ltr'><strong>Pelagius</strong></span> <span class='ocrx_word' id='word_1_66' title='bbox 1162 1200 1333 1270; x_wconf 81' lang='lat' dir='ltr'><strong>Here</strong></span> <span class='ocrx_word' id='word_1_67' title='bbox 1356 1199 1729 1271; x_wconf 87' lang='lat' dir='ltr'><strong>Aquilegensi</strong></span> <span class='ocrx_word' id='word_1_68' title='bbox 1753 1199 2042 1272; x_wconf 90' lang='lat' dir='ltr'><strong>episcopo,</strong></span> 
     </span>
    </p>
   </div>
   <div class='ocr_carea' id='block_1_12' title="bbox 437 1287 2043 1360">
    <p class='ocr_par' dir='ltr' id='par_1_12' title="bbox 437 1287 2043 1360">
     <span class='ocr_line' id='line_1_12' title="bbox 437 1287 2043 1360; baseline 0 -17"><span class='ocrx_word' id='word_1_69' title='bbox 437 1288 655 1343; x_wconf 85' lang='lat' dir='ltr'><strong>nolenti</strong></span> <span class='ocrx_word' id='word_1_70' title='bbox 676 1287 785 1341; x_wconf 84' lang='lat' dir='ltr'><strong>tria</strong></span> <span class='ocrx_word' id='word_1_71' title='bbox 802 1288 1050 1358; x_wconf 90' lang='lat' dir='ltr'><strong>capitula</strong></span> <span class='ocrx_word' id='word_1_72' title='bbox 1066 1287 1504 1342; x_wconf 90' lang='lat' dir='ltr'><strong>Calcedonensis</strong></span> <span class='ocrx_word' id='word_1_73' title='bbox 1517 1289 1719 1360; x_wconf 86' lang='lat' dir='ltr'><strong>synodi</strong></span> <span class='ocrx_word' id='word_1_74' title='bbox 1733 1290 2043 1359; x_wconf 86' lang='lat' dir='ltr'><strong>suscipere,</strong></span> 
     </span>
    </p>
   </div>
   <div class='ocr_carea' id='block_1_13' title="bbox 436 1376 2043 1449">
    <p class='ocr_par' dir='ltr' id='par_1_13' title="bbox 436 1376 2043 1449">
     <span class='ocr_line' id='line_1_13' title="bbox 436 1376 2043 1449; baseline 0.001 -19"><span class='ocrx_word' id='word_1_75' title='bbox 436 1378 741 1449; x_wconf 88' lang='lat' dir='ltr'><strong>epistolam</strong></span> <span class='ocrx_word' id='word_1_76' title='bbox 775 1378 910 1430; x_wconf 86' lang='lat' dir='ltr'><strong>satis</strong></span> <span class='ocrx_word' id='word_1_77' title='bbox 937 1376 1137 1430; x_wconf 90' lang='lat' dir='ltr'><strong>utilem</strong></span> <span class='ocrx_word' id='word_1_78' title='bbox 1167 1376 1353 1444; x_wconf 86' lang='lat' dir='ltr'><strong>misit,</strong></span> <span class='ocrx_word' id='word_1_79' title='bbox 1395 1394 1572 1448; x_wconf 90' lang='lat' dir='ltr'><strong>quam</strong></span> <span class='ocrx_word' id='word_1_80' title='bbox 1599 1377 1799 1432; x_wconf 89' lang='lat' dir='ltr'><strong>beatus</strong></span> <span class='ocrx_word' id='word_1_81' title='bbox 1830 1378 2043 1448; x_wconf 86' lang='lat' dir='ltr'><strong>Grego-</strong></span> 
     </span>
    </p>
   </div>
   <div class='ocr_carea' id='block_1_14' title="bbox 433 1465 1794 1536">
    <p class='ocr_par' dir='ltr' id='par_1_14' title="bbox 433 1465 1794 1536">
     <span class='ocr_line' id='line_1_14' title="bbox 433 1465 1794 1536; baseline 0.001 -18"><span class='ocrx_word' id='word_1_82' title='bbox 433 1465 552 1519; x_wconf 90' lang='lat' dir='ltr'><strong>rius</strong></span> <span class='ocrx_word' id='word_1_83' title='bbox 579 1481 709 1519; x_wconf 90' lang='lat' dir='ltr'><strong>cum</strong></span> <span class='ocrx_word' id='word_1_84' title='bbox 745 1467 892 1518; x_wconf 88' lang='lat' dir='ltr'><strong>esset</strong></span> <span class='ocrx_word' id='word_1_85' title='bbox 922 1465 1107 1519; x_wconf 91' lang='lat' dir='ltr'><strong>adhuc</strong></span> <span class='ocrx_word' id='word_1_86' title='bbox 1135 1465 1410 1520; x_wconf 89' lang='lat' dir='ltr'><strong>diaconus</strong></span> <span class='ocrx_word' id='word_1_87' title='bbox 1436 1465 1794 1536; x_wconf 89' lang='lat' dir='ltr'><strong>conscripsit.</strong></span> 
     </span>
    </p>
   </div>
   <div class='ocr_carea' id='block_1_15' title="bbox 507 1553 2050 1625">
    <p class='ocr_par' dir='ltr' id='par_1_15' title="bbox 507 1553 2050 1625">
     <span class='ocr_line' id='line_1_15' title="bbox 507 1553 2050 1625; baseline 0.001 -17"><span class='ocrx_word' id='word_1_88' title='bbox 507 1555 580 1625; x_wconf 91' lang='lat' dir='ltr'><strong>(c.</strong></span> <span class='ocrx_word' id='word_1_89' title='bbox 615 1554 726 1625; x_wconf 84' lang='lat'><strong>23.)</strong></span> <span class='ocrx_word' id='word_1_90' title='bbox 758 1553 920 1607; x_wconf 87' lang='lat' dir='ltr'><strong>Circa</strong></span> <span class='ocrx_word' id='word_1_91' title='bbox 944 1554 1051 1607; x_wconf 87' lang='lat' dir='ltr'><strong>hoc</strong></span> <span class='ocrx_word' id='word_1_92' title='bbox 1081 1553 1209 1622; x_wconf 84' lang='lat' dir='ltr'><strong>fuit,</strong></span> <span class='ocrx_word' id='word_1_93' title='bbox 1236 1557 1298 1608; x_wconf 91' lang='lat' dir='ltr'><strong>ut</strong></span> <span class='ocrx_word' id='word_1_94' title='bbox 1327 1553 1518 1610; x_wconf 90' lang='lat' dir='ltr'><strong>diluvii</strong></span> <span class='ocrx_word' id='word_1_95' title='bbox 1550 1555 1899 1611; x_wconf 79' lang='lat' dir='ltr'><strong>etfusionein</strong></span> <span class='ocrx_word' id='word_1_96' title='bbox 1929 1559 2050 1610; x_wconf 86' lang='lat' dir='ltr'><strong>tan-</strong></span> 
     </span>
    </p>
   </div>
   <div class='ocr_carea' id='block_1_16' title="bbox 437 1641 2045 1716">
    <p class='ocr_par' dir='ltr' id='par_1_16' title="bbox 437 1641 2045 1716">
     <span class='ocr_line' id='line_1_16' title="bbox 437 1641 2045 1716; baseline 0.001 -20"><span class='ocrx_word' id='word_1_97' title='bbox 437 1645 561 1696; x_wconf 92' lang='lat' dir='ltr'><strong>tum</strong></span> <span class='ocrx_word' id='word_1_98' title='bbox 595 1641 744 1714; x_wconf 89' lang='lat' dir='ltr'><strong>apud</strong></span> <span class='ocrx_word' id='word_1_99' title='bbox 783 1642 982 1696; x_wconf 90' lang='lat' dir='ltr'><strong>urbem</strong></span> <span class='ocrx_word' id='word_1_100' title='bbox 1012 1643 1258 1697; x_wconf 85' lang='lat' dir='ltr'><strong>Romam</strong></span> <span class='ocrx_word' id='word_1_101' title='bbox 1289 1643 1489 1698; x_wconf 87' lang='lat' dir='ltr'><strong>ﬂuvius</strong></span> <span class='ocrx_word' id='word_1_102' title='bbox 1516 1645 1750 1716; x_wconf 84' lang='lat' dir='ltr'><strong>Tyberis</strong></span> <span class='ocrx_word' id='word_1_103' title='bbox 1776 1645 2045 1712; x_wconf 85' lang='lat' dir='ltr'><strong>excrevit,</strong></span> 
     </span>
    </p>
   </div>
   <div class='ocr_carea' id='block_1_17' title="bbox 436 1731 2048 1802">
    <p class='ocr_par' dir='ltr' id='par_1_17' title="bbox 436 1731 2048 1802">
     <span class='ocr_line' id='line_1_17' title="bbox 436 1731 2048 1802; baseline 0.002 -17"><span class='ocrx_word' id='word_1_104' title='bbox 436 1734 672 1802; x_wconf 68' lang='lat' dir='ltr'><strong>utaquaa</strong></span> <span class='ocrx_word' id='word_1_105' title='bbox 687 1731 808 1801; x_wconf 91' lang='lat' dir='ltr'><strong>ejus</strong></span> <span class='ocrx_word' id='word_1_106' title='bbox 820 1747 990 1802; x_wconf 88' lang='lat' dir='ltr'><strong>super</strong></span> <span class='ocrx_word' id='word_1_107' title='bbox 1003 1748 1199 1786; x_wconf 90' lang='lat' dir='ltr'><strong>muros</strong></span> <span class='ocrx_word' id='word_1_108' title='bbox 1212 1732 1366 1787; x_wconf 89' lang='lat' dir='ltr'><strong>urbis</strong></span> <span class='ocrx_word' id='word_1_109' title='bbox 1382 1733 1757 1788; x_wconf 85' lang='lat' dir='ltr'><strong>inﬂuerentet</strong></span> <span class='ocrx_word' id='word_1_110' title='bbox 1769 1734 2048 1788; x_wconf 88' lang='lat' dir='ltr'><strong>maximas</strong></span> 
     </span>
    </p>
   </div>
   <div class='ocr_carea' id='block_1_18' title="bbox 2150 578 3704 642">
    <p class='ocr_par' dir='ltr' id='par_1_18' title="bbox 2150 578 3704 642">
     <span class='ocr_line' id='line_1_18' title="bbox 2150 578 3704 642; baseline 0.005 -9"><span class='ocrx_word' id='word_1_111' title='bbox 2150 578 2385 634; x_wconf 91' lang='lat' dir='ltr'><strong>basilica</strong></span> <span class='ocrx_word' id='word_1_112' title='bbox 2417 580 2753 642; x_wconf 83' lang='lat' dir='ltr'><strong>extrahens,</strong></span> <span class='ocrx_word' id='word_1_113' title='bbox 2786 580 3119 634; x_wconf 85' lang='lat' dir='ltr'><strong>Ravennam</strong></span> <span class='ocrx_word' id='word_1_114' title='bbox 3145 579 3304 635; x_wconf 87' lang='lat' dir='ltr'><strong>duxit</strong></span> <span class='ocrx_word' id='word_1_115' title='bbox 3330 598 3455 636; x_wconf 91' lang='lat' dir='ltr'><strong>cum</strong></span> <span class='ocrx_word' id='word_1_116' title='bbox 3484 584 3594 639; x_wconf 89' lang='lat' dir='ltr'><strong>aliis</strong></span> <span class='ocrx_word' id='word_1_117' title='bbox 3618 586 3704 640; x_wconf 90' lang='lat' dir='ltr'><strong>tri-</strong></span> 
     </span>
    </p>
   </div>
   <div class='ocr_carea' id='block_1_19' title="bbox 2149 667 3710 739">
    <p class='ocr_par' dir='ltr' id='par_1_19' title="bbox 2149 667 3710 739">
     <span class='ocr_line' id='line_1_19' title="bbox 2149 667 3710 739; baseline 0.004 -18"><span class='ocrx_word' id='word_1_118' title='bbox 2149 667 2252 722; x_wconf 89' lang='lat' dir='ltr'><strong>bus</strong></span> <span class='ocrx_word' id='word_1_119' title='bbox 2275 685 2341 722; x_wconf 88' lang='lat' dir='ltr'><strong>ex</strong></span> <span class='ocrx_word' id='word_1_120' title='bbox 2370 668 2594 739; x_wconf 79' lang='lat' dir='ltr'><strong>Hystria</strong></span> <span class='ocrx_word' id='word_1_121' title='bbox 2619 667 2920 739; x_wconf 87' lang='lat' dir='ltr'><strong>episcopis,</strong></span> <span class='ocrx_word' id='word_1_122' title='bbox 2939 667 2997 722; x_wconf 92' lang='lat' dir='ltr'><strong>id</strong></span> <span class='ocrx_word' id='word_1_123' title='bbox 3017 672 3102 722; x_wconf 90' lang='lat' dir='ltr'><strong>est</strong></span> <span class='ocrx_word' id='word_1_124' title='bbox 3119 669 3338 724; x_wconf 84' lang='lat' dir='ltr'><strong>Joanne</strong></span> <span class='ocrx_word' id='word_1_125' title='bbox 3360 671 3639 727; x_wconf 85' lang='lat' dir='ltr'><strong>Parentino</strong></span> <span class='ocrx_word' id='word_1_126' title='bbox 3661 679 3710 728; x_wconf 90' lang='lat' dir='ltr'><strong>et</strong></span> 
     </span>
    </p>
   </div>
   <div class='ocr_carea' id='block_1_20' title="bbox 2148 756 3707 829">
    <p class='ocr_par' dir='ltr' id='par_1_20' title="bbox 2148 756 3707 829">
     <span class='ocr_line' id='line_1_20' title="bbox 2148 756 3707 829; baseline 0.002 -17"><span class='ocrx_word' id='word_1_127' title='bbox 2148 757 2357 812; x_wconf 86' lang='lat' dir='ltr'><strong>Severo</strong></span> <span class='ocrx_word' id='word_1_128' title='bbox 2371 756 2896 828; x_wconf 87' lang='lat' dir='ltr'><strong>atqueVendemio,</strong></span> <span class='ocrx_word' id='word_1_129' title='bbox 2917 772 3021 810; x_wconf 88' lang='lat' dir='ltr'><strong>nec</strong></span> <span class='ocrx_word' id='word_1_130' title='bbox 3035 772 3150 811; x_wconf 90' lang='lat' dir='ltr'><strong>non</strong></span> <span class='ocrx_word' id='word_1_131' title='bbox 3172 756 3347 810; x_wconf 89' lang='lat' dir='ltr'><strong>etiam</strong></span> <span class='ocrx_word' id='word_1_132' title='bbox 3369 758 3598 812; x_wconf 81' lang='lat' dir='ltr'><strong>Antonio</strong></span> <span class='ocrx_word' id='word_1_133' title='bbox 3607 760 3707 829; x_wconf 88' lang='lat' dir='ltr'><strong>jam</strong></span> 
     </span>
    </p>
   </div>
   <div class='ocr_carea' id='block_1_21' title="bbox 2148 845 3712 909">
    <p class='ocr_par' dir='ltr' id='par_1_21' title="bbox 2148 845 3712 909">
     <span class='ocr_line' id='line_1_21' title="bbox 2148 845 3712 909; baseline 0.003 -9"><span class='ocrx_word' id='word_1_134' title='bbox 2148 863 2283 900; x_wconf 91' lang='lat' dir='ltr'><strong>sene</strong></span> <span class='ocrx_word' id='word_1_135' title='bbox 2311 845 2562 900; x_wconf 68' lang='lat' dir='ltr'><strong>ecclesia:</strong></span> <span class='ocrx_word' id='word_1_136' title='bbox 2594 845 2918 900; x_wconf 81' lang='lat' dir='ltr'><strong>defensore.</strong></span> <span class='ocrx_word' id='word_1_137' title='bbox 2953 845 3167 909; x_wconf 86' lang='lat' dir='ltr'><strong>Quibus</strong></span> <span class='ocrx_word' id='word_1_138' title='bbox 3193 846 3542 900; x_wconf 88' lang='lat' dir='ltr'><strong>comminans</strong></span> <span class='ocrx_word' id='word_1_139' title='bbox 3569 847 3712 904; x_wconf 87' lang='lat' dir='ltr'><strong>exilia</strong></span> 
     </span>
    </p>
   </div>
   <div class='ocr_carea' id='block_1_22' title="bbox 2148 933 3713 1006">
    <p class='ocr_par' dir='ltr' id='par_1_22' title="bbox 2148 933 3713 1006">
     <span class='ocr_line' id='line_1_22' title="bbox 2148 933 3713 1006; baseline 0.001 -16"><span class='ocrx_word' id='word_1_140' title='bbox 2148 939 2319 1006; x_wconf 90' lang='lat' dir='ltr'><strong>atque</strong></span> <span class='ocrx_word' id='word_1_141' title='bbox 2352 934 2682 988; x_wconf 87' lang='lat' dir='ltr'><strong>violentiam</strong></span> <span class='ocrx_word' id='word_1_142' title='bbox 2710 933 2987 1001; x_wconf 86' lang='lat' dir='ltr'><strong>inferens,</strong></span> <span class='ocrx_word' id='word_1_143' title='bbox 3022 934 3447 990; x_wconf 87' lang='lat' dir='ltr'><strong>communicare</strong></span> <span class='ocrx_word' id='word_1_144' title='bbox 3469 938 3713 1006; x_wconf 88' lang='lat' dir='ltr'><strong>compulit</strong></span> 
     </span>
    </p>
   </div>
   <div class='ocr_carea' id='block_1_23' title="bbox 2145 1021 3715 1093">
    <p class='ocr_par' dir='ltr' id='par_1_23' title="bbox 2145 1021 3715 1093">
     <span class='ocr_line' id='line_1_23' title="bbox 2145 1021 3715 1093; baseline 0.001 -16"><span class='ocrx_word' id='word_1_145' title='bbox 2145 1023 2350 1078; x_wconf 86' lang='lat' dir='ltr'><strong>Joanni</strong></span> <span class='ocrx_word' id='word_1_146' title='bbox 2378 1021 2689 1076; x_wconf 85' lang='lat' dir='ltr'><strong>Ravennati</strong></span> <span class='ocrx_word' id='word_1_147' title='bbox 2714 1021 2982 1093; x_wconf 91' lang='lat' dir='ltr'><strong>episcopo</strong></span> <span class='ocrx_word' id='word_1_148' title='bbox 2997 1023 3171 1076; x_wconf 88' lang='lat' dir='ltr'><strong>trium</strong></span> <span class='ocrx_word' id='word_1_149' title='bbox 3192 1023 3559 1093; x_wconf 86' lang='lat' dir='ltr'><strong>capitulorum</strong></span> <span class='ocrx_word' id='word_1_150' title='bbox 3580 1024 3715 1078; x_wconf 88' lang='lat' dir='ltr'><strong>dam-</strong></span> 
     </span>
    </p>
   </div>
   <div class='ocr_carea' id='block_1_24' title="bbox 2145 1111 3714 1182">
    <p class='ocr_par' dir='ltr' id='par_1_24' title="bbox 2145 1111 3714 1182">
     <span class='ocr_line' id='line_1_24' title="bbox 2145 1111 3714 1182; baseline 0.001 -16"><span class='ocrx_word' id='word_1_151' title='bbox 2145 1111 2356 1177; x_wconf 83' lang='lat' dir='ltr'><strong>natori,</strong></span> <span class='ocrx_word' id='word_1_152' title='bbox 2386 1111 2482 1182; x_wconf 90' lang='lat' dir='ltr'><strong>qui</strong></span> <span class='ocrx_word' id='word_1_153' title='bbox 2514 1115 2776 1181; x_wconf 90' lang='lat' dir='ltr'><strong>tempore</strong></span> <span class='ocrx_word' id='word_1_154' title='bbox 2813 1127 2976 1182; x_wconf 68' lang='lat' dir='ltr'><strong>papae</strong></span> <span class='ocrx_word' id='word_1_155' title='bbox 3008 1111 3194 1181; x_wconf 86' lang='lat' dir='ltr'><strong>Vigilii</strong></span> <span class='ocrx_word' id='word_1_156' title='bbox 3224 1113 3311 1165; x_wconf 89' lang='lat' dir='ltr'><strong>vel</strong></span> <span class='ocrx_word' id='word_1_157' title='bbox 3336 1111 3538 1181; x_wconf 85' lang='lat' dir='ltr'><strong>Pelagii</strong></span> <span class='ocrx_word' id='word_1_158' title='bbox 3566 1128 3597 1165; x_wconf 91' lang='lat' dir='ltr'><strong>a</strong></span> <span class='ocrx_word' id='word_1_159' title='bbox 3620 1112 3714 1167; x_wconf 85' lang='lat' dir='ltr'><strong>Ro-</strong></span> 
     </span>
    </p>
   </div>
   <div class='ocr_carea' id='block_1_25' title="bbox 2147 1200 3712 1274">
    <p class='ocr_par' dir='ltr' id='par_1_25' title="bbox 2147 1200 3712 1274">
     <span class='ocr_line' id='line_1_25' title="bbox 2147 1200 3712 1274; baseline 0 -17"><span class='ocrx_word' id='word_1_160' title='bbox 2147 1219 2338 1257; x_wconf 73' lang='lat' dir='ltr'><strong>manu:</strong></span> <span class='ocrx_word' id='word_1_161' title='bbox 2379 1201 2629 1256; x_wconf 67' lang='lat' dir='ltr'><strong>ecclesias</strong></span> <span class='ocrx_word' id='word_1_162' title='bbox 2667 1200 3020 1256; x_wconf 88' lang='lat' dir='ltr'><strong>describerat</strong></span> <span class='ocrx_word' id='word_1_163' title='bbox 3049 1209 3093 1243; x_wconf 72' lang='grc' dir='ltr'><strong>ιι</strong></span> <span class='ocrx_word' id='word_1_164' title='bbox 3135 1201 3424 1256; x_wconf 89' lang='lat' dir='ltr'><strong>societate.</strong></span> <span class='ocrx_word' id='word_1_165' title='bbox 3470 1203 3712 1274; x_wconf 87' lang='lat' dir='ltr'><strong>Exemplo</strong></span> 
     </span>
    </p>
   </div>
   <div class='ocr_carea' id='block_1_26' title="bbox 2144 1289 3715 1358">
    <p class='ocr_par' dir='ltr' id='par_1_26' title="bbox 2144 1289 3715 1358">
     <span class='ocr_line' id='line_1_26' title="bbox 2144 1289 3715 1358; baseline 0 -14"><span class='ocrx_word' id='word_1_166' title='bbox 2144 1307 2280 1346; x_wconf 88' lang='lat' dir='ltr'><strong>vero</strong></span> <span class='ocrx_word' id='word_1_167' title='bbox 2324 1307 2502 1358; x_wconf 87' lang='lat' dir='ltr'><strong>anno,</strong></span> <span class='ocrx_word' id='word_1_168' title='bbox 2535 1307 2565 1344; x_wconf 89' lang='lat' dir='ltr'><strong>e</strong></span> <span class='ocrx_word' id='word_1_169' title='bbox 2616 1290 2890 1344; x_wconf 85' lang='lat' dir='ltr'><strong>Ravenna</strong></span> <span class='ocrx_word' id='word_1_170' title='bbox 2934 1291 3006 1344; x_wconf 91' lang='lat' dir='ltr'><strong>ad</strong></span> <span class='ocrx_word' id='word_1_171' title='bbox 3045 1289 3302 1344; x_wconf 89' lang='lat' dir='ltr'><strong>Gradum</strong></span> <span class='ocrx_word' id='word_1_172' title='bbox 3350 1289 3550 1344; x_wconf 84' lang='lat' dir='ltr'><strong>reversi</strong></span> <span class='ocrx_word' id='word_1_173' title='bbox 3585 1295 3715 1356; x_wconf 86' lang='lat' dir='ltr'><strong>sunt,</strong></span> 
     </span>
    </p>
   </div>
   <div class='ocr_carea' id='block_1_27' title="bbox 2147 1377 3717 1452">
    <p class='ocr_par' dir='ltr' id='par_1_27' title="bbox 2147 1377 3717 1452">
     <span class='ocr_line' id='line_1_27' title="bbox 2147 1377 3717 1452; baseline -0.001 -19"><span class='ocrx_word' id='word_1_174' title='bbox 2147 1379 2354 1452; x_wconf 90' lang='lat' dir='ltr'><strong>quibus</strong></span> <span class='ocrx_word' id='word_1_175' title='bbox 2392 1395 2498 1433; x_wconf 88' lang='lat' dir='ltr'><strong>nec</strong></span> <span class='ocrx_word' id='word_1_176' title='bbox 2541 1379 2701 1449; x_wconf 90' lang='lat' dir='ltr'><strong>plebs</strong></span> <span class='ocrx_word' id='word_1_177' title='bbox 2740 1378 3172 1433; x_wconf 88' lang='lat' dir='ltr'><strong>communicare</strong></span> <span class='ocrx_word' id='word_1_178' title='bbox 3204 1378 3402 1445; x_wconf 90' lang='lat' dir='ltr'><strong>voluit,</strong></span> <span class='ocrx_word' id='word_1_179' title='bbox 3435 1393 3533 1431; x_wconf 91' lang='lat' dir='ltr'><strong>nec</strong></span> <span class='ocrx_word' id='word_1_180' title='bbox 3569 1377 3717 1432; x_wconf 86' lang='lat' dir='ltr'><strong>ceteri</strong></span> 
     </span>
    </p>
   </div>
   <div class='ocr_carea' id='block_1_28' title="bbox 2148 1464 3718 1539">
    <p class='ocr_par' dir='ltr' id='par_1_28' title="bbox 2148 1464 3718 1539">
     <span class='ocr_line' id='line_1_28' title="bbox 2148 1464 3718 1539; baseline -0.002 -18"><span class='ocrx_word' id='word_1_181' title='bbox 2148 1466 2398 1539; x_wconf 80' lang='lat' dir='ltr'><strong>episCOpi</strong></span> <span class='ocrx_word' id='word_1_182' title='bbox 2429 1482 2525 1521; x_wconf 88' lang='lat' dir='ltr'><strong>eos</strong></span> <span class='ocrx_word' id='word_1_183' title='bbox 2555 1470 2918 1536; x_wconf 88' lang='lat' dir='ltr'><strong>receperunt.</strong></span> <span class='ocrx_word' id='word_1_184' title='bbox 2942 1465 3296 1537; x_wconf 88' lang='lat' dir='ltr'><strong>Smaragdus</strong></span> <span class='ocrx_word' id='word_1_185' title='bbox 3321 1464 3576 1537; x_wconf 89' lang='lat' dir='ltr'><strong>patricius</strong></span> <span class='ocrx_word' id='word_1_186' title='bbox 3594 1481 3623 1519; x_wconf 90' lang='lat' dir='ltr'><strong>a</strong></span> <span class='ocrx_word' id='word_1_187' title='bbox 3640 1465 3718 1519; x_wconf 89' lang='lat' dir='ltr'><strong>de-</strong></span> 
     </span>
    </p>
   </div>
   <div class='ocr_carea' id='block_1_29' title="bbox 2148 1554 3718 1626">
    <p class='ocr_par' dir='ltr' id='par_1_29' title="bbox 2148 1554 3718 1626">
     <span class='ocr_line' id='line_1_29' title="bbox 2148 1554 3718 1626; baseline -0.001 -17"><span class='ocrx_word' id='word_1_188' title='bbox 2148 1555 2349 1610; x_wconf 90' lang='lat' dir='ltr'><strong>monio</strong></span> <span class='ocrx_word' id='word_1_189' title='bbox 2364 1571 2480 1610; x_wconf 90' lang='lat' dir='ltr'><strong>non</strong></span> <span class='ocrx_word' id='word_1_190' title='bbox 2497 1555 2706 1625; x_wconf 88' lang='lat' dir='ltr'><strong>injuste</strong></span> <span class='ocrx_word' id='word_1_191' title='bbox 2719 1554 3718 1626; x_wconf 86' lang='lat' dir='ltr'><strong>correptus,successoremRomanum</strong></span> 
     </span>
    </p>
   </div>
   <div class='ocr_carea' id='block_1_30' title="bbox 2149 1641 3718 1715">
    <p class='ocr_par' dir='ltr' id='par_1_30' title="bbox 2149 1641 3718 1715">
     <span class='ocr_line' id='line_1_30' title="bbox 2149 1641 3718 1715; baseline -0.002 -17"><span class='ocrx_word' id='word_1_192' title='bbox 2149 1645 2456 1715; x_wconf 90' lang='lat' dir='ltr'><strong>patricium</strong></span> <span class='ocrx_word' id='word_1_193' title='bbox 2499 1642 2814 1714; x_wconf 90' lang='lat' dir='ltr'><strong>accipiens,</strong></span> <span class='ocrx_word' id='word_1_194' title='bbox 2846 1643 3421 1714; x_wconf 86' lang='lat' dir='ltr'><strong>Constantinopolym</strong></span> <span class='ocrx_word' id='word_1_195' title='bbox 3459 1641 3718 1696; x_wconf 83' lang='lat' dir='ltr'><strong>remeavit.</strong></span> 
     </span>
    </p>
   </div>
   <div class='ocr_carea' id='block_1_31' title="bbox 2157 1729 3720 1805">
    <p class='ocr_par' dir='ltr' id='par_1_31' title="bbox 2157 1729 3720 1805">
     <span class='ocr_line' id='line_1_31' title="bbox 2157 1729 3720 1805; baseline -0.003 -18"><span class='ocrx_word' id='word_1_196' title='bbox 2157 1733 2292 1788; x_wconf 91' lang='lat' dir='ltr'><strong>Post</strong></span> <span class='ocrx_word' id='word_1_197' title='bbox 2320 1733 2444 1788; x_wconf 75' lang='lat' dir='ltr'><strong>haec</strong></span> <span class='ocrx_word' id='word_1_198' title='bbox 2476 1733 2629 1788; x_wconf 86' lang='lat' dir='ltr'><strong>facta</strong></span> <span class='ocrx_word' id='word_1_199' title='bbox 2657 1737 2745 1788; x_wconf 92' lang='lat' dir='ltr'><strong>est</strong></span> <span class='ocrx_word' id='word_1_200' title='bbox 2767 1733 3018 1805; x_wconf 86' lang='lat' dir='ltr'><strong>synodus</strong></span> <span class='ocrx_word' id='word_1_201' title='bbox 3039 1732 3240 1787; x_wconf 91' lang='lat' dir='ltr'><strong>decem</strong></span> <span class='ocrx_word' id='word_1_202' title='bbox 3273 1732 3648 1802; x_wconf 89' lang='lat' dir='ltr'><strong>episcoporum</strong></span> <span class='ocrx_word' id='word_1_203' title='bbox 3673 1729 3720 1784; x_wconf 89' lang='lat' dir='ltr'><strong>in</strong></span> 
     </span>
    </p>
   </div>
   <div class='ocr_carea' id='block_1_32' title="bbox 436 1816 3723 1893">
    <p class='ocr_par' dir='ltr' id='par_1_32' title="bbox 436 1816 3723 1893">
     <span class='ocr_line' id='line_1_32' title="bbox 436 1816 3723 1893; baseline -0 -21"><span class='ocrx_word' id='word_1_204' title='bbox 436 1818 496 1872; x_wconf 91' lang='lat' dir='ltr'><strong>in</strong></span> <span class='ocrx_word' id='word_1_205' title='bbox 519 1836 587 1873; x_wconf 92' lang='lat' dir='ltr'><strong>ea</strong></span> <span class='ocrx_word' id='word_1_206' title='bbox 602 1819 865 1889; x_wconf 86' lang='lat' dir='ltr'><strong>regiones</strong></span> <span class='ocrx_word' id='word_1_207' title='bbox 884 1821 1410 1891; x_wconf 89' lang='lat' dir='ltr'><strong>occuparent.Tunc</strong></span> <span class='ocrx_word' id='word_1_208' title='bbox 1424 1838 1528 1893; x_wconf 89' lang='lat' dir='ltr'><strong>per</strong></span> <span class='ocrx_word' id='word_1_209' title='bbox 1546 1822 1770 1876; x_wconf 89' lang='lat' dir='ltr'><strong>alveum</strong></span> <span class='ocrx_word' id='word_1_210' title='bbox 1787 1822 2047 1892; x_wconf 88' lang='lat' dir='ltr'><strong>ejusdem</strong></span> <span class='ocrx_word' id='word_1_211' title='bbox 2071 1816 2122 1874; x_wconf 92' lang='lat' dir='ltr'><strong>B</strong></span> <span class='ocrx_word' id='word_1_212' title='bbox 2155 1821 2429 1876; x_wconf 83' lang='lat' dir='ltr'><strong>Mariano.</strong></span> <span class='ocrx_word' id='word_1_213' title='bbox 2482 1821 2589 1877; x_wconf 89' lang='lat' dir='ltr'><strong>Ubi</strong></span> <span class='ocrx_word' id='word_1_214' title='bbox 2646 1825 2990 1892; x_wconf 89' lang='lat' dir='ltr'><strong>receperunt</strong></span> <span class='ocrx_word' id='word_1_215' title='bbox 3054 1819 3334 1875; x_wconf 90' lang='lat' dir='ltr'><strong>Severum</strong></span> <span class='ocrx_word' id='word_1_216' title='bbox 3379 1817 3723 1891; x_wconf 89' lang='lat' dir='ltr'><strong>patriarcham</strong></span> 
     </span>
    </p>
   </div>
   <div class='ocr_carea' id='block_1_33' title="bbox 441 1907 2047 1981">
    <p class='ocr_par' dir='ltr' id='par_1_33' title="bbox 441 1907 2047 1981">
     <span class='ocr_line' id='line_1_33' title="bbox 441 1907 2047 1981; baseline 0.002 -20"><span class='ocrx_word' id='word_1_217' title='bbox 441 1907 700 1962; x_wconf 86' lang='lat' dir='ltr'><strong>ﬂuminis</strong></span> <span class='ocrx_word' id='word_1_218' title='bbox 725 1924 855 1961; x_wconf 90' lang='lat' dir='ltr'><strong>cum</strong></span> <span class='ocrx_word' id='word_1_219' title='bbox 891 1909 1074 1962; x_wconf 88' lang='lat' dir='ltr'><strong>multa</strong></span> <span class='ocrx_word' id='word_1_220' title='bbox 1103 1909 1458 1981; x_wconf 82' lang='lat' dir='ltr'><strong>serpentium</strong></span> <span class='ocrx_word' id='word_1_221' title='bbox 1483 1910 1854 1964; x_wconf 89' lang='lat' dir='ltr'><strong>multitudine</strong></span> <span class='ocrx_word' id='word_1_222' title='bbox 1876 1909 2047 1965; x_wconf 90' lang='lat' dir='ltr'><strong>draco</strong></span> 
     </span>
    </p>
   </div>
   <div class='ocr_carea' id='block_1_34' title="bbox 437 1996 2050 2070">
    <p class='ocr_par' dir='ltr' id='par_1_34' title="bbox 437 1996 2050 2070">
     <span class='ocr_line' id='line_1_34' title="bbox 437 1996 2050 2070; baseline 0.001 -20"><span class='ocrx_word' id='word_1_223' title='bbox 437 1996 612 2051; x_wconf 90' lang='lat' dir='ltr'><strong>etiam</strong></span> <span class='ocrx_word' id='word_1_224' title='bbox 636 2012 799 2068; x_wconf 68' lang='lat' dir='ltr'><strong>aqua:</strong></span> <span class='ocrx_word' id='word_1_225' title='bbox 815 1997 1216 2068; x_wconf 85' lang='lat' dir='ltr'><strong>magnitudine</strong></span> <span class='ocrx_word' id='word_1_226' title='bbox 1232 2014 1336 2070; x_wconf 91' lang='lat' dir='ltr'><strong>per</strong></span> <span class='ocrx_word' id='word_1_227' title='bbox 1351 1999 1558 2054; x_wconf 90' lang='lat' dir='ltr'><strong>urbem</strong></span> <span class='ocrx_word' id='word_1_228' title='bbox 1575 1999 1860 2054; x_wconf 86' lang='lat' dir='ltr'><strong>transiens</strong></span> <span class='ocrx_word' id='word_1_229' title='bbox 1875 2016 2050 2070; x_wconf 89' lang='lat' dir='ltr'><strong>usque</strong></span> 
     </span>
    </p>
   </div>
   <div class='ocr_carea' id='block_1_35' title="bbox 447 2084 2052 2160">
    <p class='ocr_par' dir='ltr' id='par_1_35' title="bbox 447 2084 2052 2160">
     <span class='ocr_line' id='line_1_35' title="bbox 447 2084 2052 2160; baseline 0.002 -21"><span class='ocrx_word' id='word_1_230' title='bbox 447 2084 518 2140; x_wconf 88' lang='lat' dir='ltr'><strong>ad</strong></span> <span class='ocrx_word' id='word_1_231' title='bbox 537 2101 698 2139; x_wconf 88' lang='lat' dir='ltr'><strong>mare</strong></span> <span class='ocrx_word' id='word_1_232' title='bbox 717 2085 1414 2142; x_wconf 87' lang='lat' dir='ltr'><strong>trauscendit.Subsecuta</strong></span> <span class='ocrx_word' id='word_1_233' title='bbox 1437 2090 1522 2142; x_wconf 88' lang='lat' dir='ltr'><strong>est</strong></span> <span class='ocrx_word' id='word_1_234' title='bbox 1537 2087 1731 2142; x_wconf 89' lang='lat' dir='ltr'><strong>statim</strong></span> <span class='ocrx_word' id='word_1_235' title='bbox 1753 2091 1882 2160; x_wconf 93' lang='lat' dir='ltr'><strong>post</strong></span> <span class='ocrx_word' id='word_1_236' title='bbox 1905 2089 2052 2142; x_wconf 90' lang='lat' dir='ltr'><strong>hanc</strong></span> 
     </span>
    </p>
   </div>
   <div class='ocr_carea' id='block_1_36' title="bbox 438 2172 2042 2248">
    <p class='ocr_par' dir='ltr' id='par_1_36' title="bbox 438 2172 2042 2248">
     <span class='ocr_line' id='line_1_36' title="bbox 438 2172 2042 2248; baseline 0.002 -21"><span class='ocrx_word' id='word_1_237' title='bbox 438 2172 877 2228; x_wconf 88' lang='lat' dir='ltr'><strong>inundationem</strong></span> <span class='ocrx_word' id='word_1_238' title='bbox 905 2175 1242 2246; x_wconf 88' lang='lat' dir='ltr'><strong>gravissima</strong></span> <span class='ocrx_word' id='word_1_239' title='bbox 1269 2176 1616 2246; x_wconf 88' lang='lat' dir='ltr'><strong>pestilentia,</strong></span> <span class='ocrx_word' id='word_1_240' title='bbox 1646 2193 1819 2248; x_wconf 90' lang='lat' dir='ltr'><strong>quam</strong></span> <span class='ocrx_word' id='word_1_241' title='bbox 1852 2176 2042 2246; x_wconf 82' lang='lat' dir='ltr'><strong>ingui-</strong></span> 
     </span>
    </p>
   </div>
   <div class='ocr_carea' id='block_1_37' title="bbox 441 2263 2056 2337">
    <p class='ocr_par' dir='ltr' id='par_1_37' title="bbox 441 2263 2056 2337">
     <span class='ocr_line' id='line_1_37' title="bbox 441 2263 2056 2337; baseline 0.001 -21"><span class='ocrx_word' id='word_1_242' title='bbox 441 2263 664 2317; x_wconf 90' lang='lat' dir='ltr'><strong>nariam</strong></span> <span class='ocrx_word' id='word_1_243' title='bbox 681 2264 1139 2334; x_wconf 70' lang='lat' dir='ltr'><strong>appellant.0uze</strong></span> <span class='ocrx_word' id='word_1_244' title='bbox 1155 2267 1316 2319; x_wconf 91' lang='lat' dir='ltr'><strong>tanta</strong></span> <span class='ocrx_word' id='word_1_245' title='bbox 1327 2268 1518 2336; x_wconf 87' lang='lat' dir='ltr'><strong>strage</strong></span> <span class='ocrx_word' id='word_1_246' title='bbox 1535 2265 1728 2337; x_wconf 89' lang='lat' dir='ltr'><strong>populi</strong></span> <span class='ocrx_word' id='word_1_247' title='bbox 1745 2265 2056 2320; x_wconf 82' lang='lat' dir='ltr'><strong>devastavit</strong></span> 
     </span>
    </p>
   </div>
   <div class='ocr_carea' id='block_1_38' title="bbox 442 2353 2052 2426">
    <p class='ocr_par' dir='ltr' id='par_1_38' title="bbox 442 2353 2052 2426">
     <span class='ocr_line' id='line_1_38' title="bbox 442 2353 2052 2426; baseline 0.002 -21"><span class='ocrx_word' id='word_1_248' title='bbox 442 2353 670 2418; x_wconf 90' lang='lat' dir='ltr'><strong>urbem,</strong></span> <span class='ocrx_word' id='word_1_249' title='bbox 694 2357 757 2406; x_wconf 90' lang='lat' dir='ltr'><strong>ut</strong></span> <span class='ocrx_word' id='word_1_250' title='bbox 783 2353 853 2406; x_wconf 88' lang='lat' dir='ltr'><strong>de</strong></span> <span class='ocrx_word' id='word_1_251' title='bbox 878 2353 1256 2408; x_wconf 85' lang='lat' dir='ltr'><strong>inextimahili</strong></span> <span class='ocrx_word' id='word_1_252' title='bbox 1280 2355 1649 2409; x_wconf 90' lang='lat' dir='ltr'><strong>multitudine</strong></span> <span class='ocrx_word' id='word_1_253' title='bbox 1669 2355 1755 2409; x_wconf 85' lang='lat' dir='ltr'><strong>vix</strong></span> <span class='ocrx_word' id='word_1_254' title='bbox 1778 2354 1941 2426; x_wconf 91' lang='lat' dir='ltr'><strong>pauci</strong></span> <span class='ocrx_word' id='word_1_255' title='bbox 1962 2371 2052 2410; x_wconf 92' lang='lat' dir='ltr'><strong>re-</strong></span> 
     </span>
    </p>
   </div>
   <div class='ocr_carea' id='block_1_39' title="bbox 441 2441 2053 2515">
    <p class='ocr_par' dir='ltr' id='par_1_39' title="bbox 441 2441 2053 2515">
     <span class='ocr_line' id='line_1_39' title="bbox 441 2441 2053 2515; baseline 0.003 -21"><span class='ocrx_word' id='word_1_256' title='bbox 441 2445 769 2496; x_wconf 90' lang='lat' dir='ltr'><strong>manerent.</strong></span> <span class='ocrx_word' id='word_1_257' title='bbox 795 2441 1171 2512; x_wconf 87' lang='lat' dir='ltr'><strong>Primumque</strong></span> <span class='ocrx_word' id='word_1_258' title='bbox 1185 2442 1480 2514; x_wconf 88' lang='lat' dir='ltr'><strong>Pelagium</strong></span> <span class='ocrx_word' id='word_1_259' title='bbox 1503 2459 1736 2515; x_wconf 87' lang='lat' dir='ltr'><strong>papam,</strong></span> <span class='ocrx_word' id='word_1_260' title='bbox 1754 2443 1938 2498; x_wconf 86' lang='lat' dir='ltr'><strong>virum</strong></span> <span class='ocrx_word' id='word_1_261' title='bbox 1959 2461 2053 2499; x_wconf 85' lang='lat' dir='ltr'><strong>ve-</strong></span> 
     </span>
    </p>
   </div>
   <div class='ocr_carea' id='block_1_40' title="bbox 443 2530 2054 2601">
    <p class='ocr_par' dir='ltr' id='par_1_40' title="bbox 443 2530 2054 2601">
     <span class='ocr_line' id='line_1_40' title="bbox 443 2530 2054 2601; baseline 0.004 -18"><span class='ocrx_word' id='word_1_262' title='bbox 443 2530 785 2597; x_wconf 89' lang='lat' dir='ltr'><strong>nerabilem,</strong></span> <span class='ocrx_word' id='word_1_263' title='bbox 815 2531 1058 2601; x_wconf 89' lang='lat' dir='ltr'><strong>perculit</strong></span> <span class='ocrx_word' id='word_1_264' title='bbox 1093 2535 1151 2585; x_wconf 92' lang='lat' dir='ltr'><strong>et</strong></span> <span class='ocrx_word' id='word_1_265' title='bbox 1184 2531 1307 2586; x_wconf 89' lang='lat' dir='ltr'><strong>sine</strong></span> <span class='ocrx_word' id='word_1_266' title='bbox 1339 2549 1506 2587; x_wconf 91' lang='lat' dir='ltr'><strong>mora</strong></span> <span class='ocrx_word' id='word_1_267' title='bbox 1547 2532 1805 2587; x_wconf 85' lang='lat' dir='ltr'><strong>extinxit.</strong></span> <span class='ocrx_word' id='word_1_268' title='bbox 1839 2533 2054 2589; x_wconf 90' lang='lat' dir='ltr'><strong>Deinde</strong></span> 
     </span>
    </p>
   </div>
   <div class='ocr_carea' id='block_1_41' title="bbox 441 2620 1911 2695">
    <p class='ocr_par' dir='ltr' id='par_1_41' title="bbox 441 2620 1911 2695">
     <span class='ocr_line' id='line_1_41' title="bbox 441 2620 1911 2695; baseline 0.003 -21"><span class='ocrx_word' id='word_1_269' title='bbox 441 2622 671 2692; x_wconf 81' lang='lat' dir='ltr'><strong>pastore</strong></span> <span class='ocrx_word' id='word_1_270' title='bbox 700 2620 1053 2692; x_wconf 89' lang='lat' dir='ltr'><strong>interempto</strong></span> <span class='ocrx_word' id='word_1_271' title='bbox 1084 2638 1205 2676; x_wconf 91' lang='lat' dir='ltr'><strong>sese</strong></span> <span class='ocrx_word' id='word_1_272' title='bbox 1235 2637 1338 2692; x_wconf 90' lang='lat' dir='ltr'><strong>per</strong></span> <span class='ocrx_word' id='word_1_273' title='bbox 1367 2624 1610 2695; x_wconf 89' lang='lat' dir='ltr'><strong>populos</strong></span> <span class='ocrx_word' id='word_1_274' title='bbox 1635 2623 1911 2678; x_wconf 85' lang='lat' dir='ltr'><strong>extendit.</strong></span> 
     </span>
    </p>
   </div>
   <div class='ocr_carea' id='block_1_42' title="bbox 514 2708 2053 2780">
    <p class='ocr_par' dir='ltr' id='par_1_42' title="bbox 514 2708 2053 2780">
     <span class='ocr_line' id='line_1_42' title="bbox 514 2708 2053 2780; baseline 0.003 -18"><span class='ocrx_word' id='word_1_275' title='bbox 514 2709 586 2780; x_wconf 94' lang='lat' dir='ltr'><strong>(c.</strong></span> <span class='ocrx_word' id='word_1_276' title='bbox 615 2710 681 2763; x_wconf 64' lang='lat' dir='ltr'><strong>2i</strong></span> <span class='ocrx_word' id='word_1_277' title='bbox 708 2708 809 2780; x_wconf 90' lang='lat' dir='ltr'><strong>)In</strong></span> <span class='ocrx_word' id='word_1_278' title='bbox 836 2710 941 2764; x_wconf 90' lang='lat' dir='ltr'><strong>hac</strong></span> <span class='ocrx_word' id='word_1_279' title='bbox 966 2713 1126 2764; x_wconf 85' lang='lat' dir='ltr'><strong>tanta</strong></span> <span class='ocrx_word' id='word_1_280' title='bbox 1149 2711 1516 2767; x_wconf 86' lang='lat' dir='ltr'><strong>tribulatione</strong></span> <span class='ocrx_word' id='word_1_281' title='bbox 1539 2712 1898 2767; x_wconf 87' lang='lat' dir='ltr'><strong>beatissimus</strong></span> <span class='ocrx_word' id='word_1_282' title='bbox 1917 2712 2053 2766; x_wconf 91' lang='lat' dir='ltr'><strong>Gre-</strong></span> 
     </span>
    </p>
   </div>
   <div class='ocr_carea' id='block_1_43' title="bbox 443 2796 2056 2873">
    <p class='ocr_par' dir='ltr' id='par_1_43' title="bbox 443 2796 2056 2873">
     <span class='ocr_line' id='line_1_43' title="bbox 443 2796 2056 2873; baseline 0.002 -21"><span class='ocrx_word' id='word_1_283' title='bbox 443 2796 658 2868; x_wconf 86' lang='lat' dir='ltr'><strong>gorius,</strong></span> <span class='ocrx_word' id='word_1_284' title='bbox 692 2798 788 2870; x_wconf 90' lang='lat' dir='ltr'><strong>qui</strong></span> <span class='ocrx_word' id='word_1_285' title='bbox 827 2801 961 2852; x_wconf 83' lang='lat' dir='ltr'><strong>tunc</strong></span> <span class='ocrx_word' id='word_1_286' title='bbox 997 2799 1167 2854; x_wconf 89' lang='lat' dir='ltr'><strong>levita</strong></span> <span class='ocrx_word' id='word_1_287' title='bbox 1207 2802 1350 2866; x_wconf 88' lang='lat' dir='ltr'><strong>erat,</strong></span> <span class='ocrx_word' id='word_1_288' title='bbox 1385 2817 1419 2854; x_wconf 93' lang='lat' dir='ltr'><strong>a</strong></span> <span class='ocrx_word' id='word_1_289' title='bbox 1450 2801 1669 2855; x_wconf 89' lang='lat' dir='ltr'><strong>cunctis</strong></span> <span class='ocrx_word' id='word_1_290' title='bbox 1707 2801 2056 2873; x_wconf 88' lang='lat' dir='ltr'><strong>generaliter</strong></span> 
     </span>
    </p>
   </div>
   <div class='ocr_carea' id='block_1_44' title="bbox 443 2887 2055 2961">
    <p class='ocr_par' dir='ltr' id='par_1_44' title="bbox 443 2887 2055 2961">
     <span class='ocr_line' id='line_1_44' title="bbox 443 2887 2055 2961; baseline 0.002 -21"><span class='ocrx_word' id='word_1_291' title='bbox 443 2901 593 2958; x_wconf 87' lang='lat' dir='ltr'><strong>papa</strong></span> <span class='ocrx_word' id='word_1_292' title='bbox 610 2887 822 2940; x_wconf 89' lang='lat' dir='ltr'><strong>electus</strong></span> <span class='ocrx_word' id='word_1_293' title='bbox 833 2887 1052 2951; x_wconf 89' lang='lat' dir='ltr'><strong>cst.Qui</strong></span> <span class='ocrx_word' id='word_1_294' title='bbox 1067 2887 1203 2943; x_wconf 91' lang='lat' dir='ltr'><strong>dum</strong></span> <span class='ocrx_word' id='word_1_295' title='bbox 1223 2889 1622 2961; x_wconf 85' lang='lat' dir='ltr'><strong>septiformem</strong></span> <span class='ocrx_word' id='word_1_296' title='bbox 1639 2890 1912 2945; x_wconf 89' lang='lat' dir='ltr'><strong>letaniam</strong></span> <span class='ocrx_word' id='word_1_297' title='bbox 1930 2890 2055 2946; x_wconf 80' lang='lat' dir='ltr'><strong>fieri</strong></span> 
     </span>
    </p>
   </div>
   <div class='ocr_carea' id='block_1_45' title="bbox 443 2974 2054 3051">
    <p class='ocr_par' dir='ltr' id='par_1_45' title="bbox 443 2974 2054 3051">
     <span class='ocr_line' id='line_1_45' title="bbox 443 2974 2054 3051; baseline 0.004 -23"><span class='ocrx_word' id='word_1_298' title='bbox 443 2974 786 3043; x_wconf 87' lang='lat' dir='ltr'><strong>ordinasset,</strong></span> <span class='ocrx_word' id='word_1_299' title='bbox 812 2975 963 3030; x_wconf 89' lang='lat' dir='ltr'><strong>intra</strong></span> <span class='ocrx_word' id='word_1_300' title='bbox 982 2976 1149 3031; x_wconf 91' lang='lat' dir='ltr'><strong>unius</strong></span> <span class='ocrx_word' id='word_1_301' title='bbox 1170 2978 1310 3033; x_wconf 87' lang='lat' dir='ltr'><strong>bore</strong></span> <span class='ocrx_word' id='word_1_302' title='bbox 1341 2979 1617 3051; x_wconf 83' lang='lat' dir='ltr'><strong>spacium,</strong></span> <span class='ocrx_word' id='word_1_303' title='bbox 1635 2979 1774 3034; x_wconf 90' lang='lat' dir='ltr'><strong>dum</strong></span> <span class='ocrx_word' id='word_1_304' title='bbox 1790 2979 1848 3034; x_wconf 91' lang='lat' dir='ltr'><strong>hi</strong></span> <span class='ocrx_word' id='word_1_305' title='bbox 1869 2980 2054 3034; x_wconf 90' lang='lat' dir='ltr'><strong>Deum</strong></span> 
     </span>
    </p>
   </div>
   <div class='ocr_carea' id='block_1_46' title="bbox 445 3061 2056 3138">
    <p class='ocr_par' dir='ltr' id='par_1_46' title="bbox 445 3061 2056 3138">
     <span class='ocr_line' id='line_1_46' title="bbox 445 3061 2056 3138; baseline 0.003 -21"><span class='ocrx_word' id='word_1_306' title='bbox 445 3061 919 3136; x_wconf 88' lang='lat' dir='ltr'><strong>deprecarentur,</strong></span> <span class='ocrx_word' id='word_1_307' title='bbox 953 3067 1249 3138; x_wconf 84' lang='lat' dir='ltr'><strong>octoginta</strong></span> <span class='ocrx_word' id='word_1_308' title='bbox 1277 3085 1342 3122; x_wconf 89' lang='lat' dir='ltr'><strong>ex</strong></span> <span class='ocrx_word' id='word_1_309' title='bbox 1379 3068 1459 3122; x_wconf 90' lang='lat' dir='ltr'><strong>eis</strong></span> <span class='ocrx_word' id='word_1_310' title='bbox 1503 3068 1688 3123; x_wconf 92' lang='lat' dir='ltr'><strong>subito</strong></span> <span class='ocrx_word' id='word_1_311' title='bbox 1726 3069 1799 3123; x_wconf 88' lang='lat' dir='ltr'><strong>ad</strong></span> <span class='ocrx_word' id='word_1_312' title='bbox 1840 3072 2056 3122; x_wconf 90' lang='lat' dir='ltr'><strong>terram</strong></span> 
     </span>
    </p>
   </div>
   <div class='ocr_carea' id='block_1_47' title="bbox 2151 1905 3725 1982">
    <p class='ocr_par' dir='ltr' id='par_1_47' title="bbox 2151 1905 3725 1982">
     <span class='ocr_line' id='line_1_47' title="bbox 2151 1905 3725 1982; baseline -0.002 -19"><span class='ocrx_word' id='word_1_313' title='bbox 2151 1909 2598 1982; x_wconf 83' lang='lat' dir='ltr'><strong>Aquilegensem</strong></span> <span class='ocrx_word' id='word_1_314' title='bbox 2641 1909 2879 1964; x_wconf 88' lang='lat' dir='ltr'><strong>dantem</strong></span> <span class='ocrx_word' id='word_1_315' title='bbox 2929 1908 3188 1963; x_wconf 92' lang='lat' dir='ltr'><strong>libellum</strong></span> <span class='ocrx_word' id='word_1_316' title='bbox 3239 1907 3449 1963; x_wconf 90' lang='lat' dir='ltr'><strong>erroris</strong></span> <span class='ocrx_word' id='word_1_317' title='bbox 3481 1905 3578 1973; x_wconf 88' lang='lat' dir='ltr'><strong>sui,</strong></span> <span class='ocrx_word' id='word_1_318' title='bbox 3615 1905 3725 1977; x_wconf 87' lang='lat' dir='ltr'><strong>quia</strong></span> 
     </span>
    </p>
   </div>
   <div class='ocr_carea' id='block_1_48' title="bbox 2152 1994 3728 2069">
    <p class='ocr_par' dir='ltr' id='par_1_48' title="bbox 2152 1994 3728 2069">
     <span class='ocr_line' id='line_1_48' title="bbox 2152 1994 3728 2069; baseline -0.003 -18"><span class='ocrx_word' id='word_1_319' title='bbox 2152 1999 2331 2052; x_wconf 90' lang='lat' dir='ltr'><strong>trium</strong></span> <span class='ocrx_word' id='word_1_320' title='bbox 2363 1998 2749 2069; x_wconf 87' lang='lat' dir='ltr'><strong>capitulorum</strong></span> <span class='ocrx_word' id='word_1_321' title='bbox 2777 1997 3214 2052; x_wconf 88' lang='lat' dir='ltr'><strong>damnatoribus</strong></span> <span class='ocrx_word' id='word_1_322' title='bbox 3245 1994 3728 2052; x_wconf 84' lang='lat' dir='ltr'><strong>communicaverat</strong></span> 
     </span>
    </p>
   </div>
   <div class='ocr_carea' id='block_1_49' title="bbox 2155 2082 3727 2158">
    <p class='ocr_par' dir='ltr' id='par_1_49' title="bbox 2155 2082 3727 2158">
     <span class='ocr_line' id='line_1_49' title="bbox 2155 2082 3727 2158; baseline -0.004 -18"><span class='ocrx_word' id='word_1_323' title='bbox 2155 2086 2734 2142; x_wconf 78' lang='lat' dir='ltr'><strong>Ravennae.Nomina</strong></span> <span class='ocrx_word' id='word_1_324' title='bbox 2758 2103 2891 2141; x_wconf 92' lang='lat' dir='ltr'><strong>vero</strong></span> <span class='ocrx_word' id='word_1_325' title='bbox 2918 2085 3326 2158; x_wconf 88' lang='lat' dir='ltr'><strong>episcoporum</strong></span> <span class='ocrx_word' id='word_1_326' title='bbox 3352 2084 3445 2156; x_wconf 90' lang='lat' dir='ltr'><strong>qui</strong></span> <span class='ocrx_word' id='word_1_327' title='bbox 3471 2100 3526 2139; x_wconf 91' lang='lat' dir='ltr'><strong>se</strong></span> <span class='ocrx_word' id='word_1_328' title='bbox 3548 2082 3612 2137; x_wconf 93' lang='lat' dir='ltr'><strong>ab</strong></span> <span class='ocrx_word' id='word_1_329' title='bbox 3637 2082 3727 2135; x_wconf 89' lang='lat' dir='ltr'><strong>hoc</strong></span> 
     </span>
    </p>
   </div>
   <div class='ocr_carea' id='block_1_50' title="bbox 2155 2169 3721 2241">
    <p class='ocr_par' dir='ltr' id='par_1_50' title="bbox 2155 2169 3721 2241">
     <span class='ocr_line' id='line_1_50' title="bbox 2155 2169 3721 2241; baseline -0.004 -13"><span class='ocrx_word' id='word_1_330' title='bbox 2155 2175 2422 2230; x_wconf 89' lang='lat' dir='ltr'><strong>scismate</strong></span> <span class='ocrx_word' id='word_1_331' title='bbox 2448 2175 2852 2241; x_wconf 90' lang='lat' dir='ltr'><strong>cohibuerunt,</strong></span> <span class='ocrx_word' id='word_1_332' title='bbox 2885 2174 2991 2229; x_wconf 91' lang='lat' dir='ltr'><strong>hec</strong></span> <span class='ocrx_word' id='word_1_333' title='bbox 3025 2178 3162 2229; x_wconf 91' lang='lat' dir='ltr'><strong>sunt</strong></span> <span class='ocrx_word' id='word_1_334' title='bbox 3193 2191 3206 2230; x_wconf 91' lang='lat'>:</span> <span class='ocrx_word' id='word_1_335' title='bbox 3250 2177 3444 2229; x_wconf 89' lang='lat' dir='ltr'><strong>Petrus</strong></span> <span class='ocrx_word' id='word_1_336' title='bbox 3468 2171 3536 2227; x_wconf 90' lang='lat' dir='ltr'><strong>de</strong></span> <span class='ocrx_word' id='word_1_337' title='bbox 3557 2169 3721 2224; x_wconf 83' lang='lat' dir='ltr'><strong>Altino</strong></span> 
     </span>
    </p>
   </div>
   <div class='ocr_carea' id='block_1_51' title="bbox 2156 2256 3728 2334">
    <p class='ocr_par' dir='ltr' id='par_1_51' title="bbox 2156 2256 3728 2334">
     <span class='ocr_line' id='line_1_51' title="bbox 2156 2256 3728 2334; baseline -0.005 -16"><span class='ocrx_word' id='word_1_338' title='bbox 2156 2263 2528 2331; x_wconf 89' lang='lat' dir='ltr'><strong>clarissimus,</strong></span> <span class='ocrx_word' id='word_1_339' title='bbox 2557 2263 2909 2334; x_wconf 86' lang='lat' dir='ltr'><strong>Ingenuinus</strong></span> <span class='ocrx_word' id='word_1_340' title='bbox 2941 2263 3012 2318; x_wconf 91' lang='lat' dir='ltr'><strong>de</strong></span> <span class='ocrx_word' id='word_1_341' title='bbox 3042 2262 3317 2329; x_wconf 90' lang='lat' dir='ltr'><strong>Sabione,</strong></span> <span class='ocrx_word' id='word_1_342' title='bbox 3343 2261 3599 2334; x_wconf 84' lang='lat' dir='ltr'><strong>Agnellus</strong></span> <span class='ocrx_word' id='word_1_343' title='bbox 3623 2256 3728 2312; x_wconf 81' lang='lat' dir='ltr'><strong>Tri-</strong></span> 
     </span>
    </p>
   </div>
   <div class='ocr_carea' id='block_1_52' title="bbox 2158 2347 3724 2420">
    <p class='ocr_par' dir='ltr' id='par_1_52' title="bbox 2158 2347 3724 2420">
     <span class='ocr_line' id='line_1_52' title="bbox 2158 2347 3724 2420; baseline -0.006 -14"><span class='ocrx_word' id='word_1_344' title='bbox 2158 2351 2269 2406; x_wconf 89' lang='lat' dir='ltr'><strong>den</strong></span> <span class='ocrx_word' id='word_1_345' title='bbox 2281 2352 2452 2420; x_wconf 88' lang='lat' dir='ltr'><strong>tinus,</strong></span> <span class='ocrx_word' id='word_1_346' title='bbox 2485 2352 2687 2406; x_wconf 89' lang='lat' dir='ltr'><strong>Junior</strong></span> <span class='ocrx_word' id='word_1_347' title='bbox 2703 2351 3067 2418; x_wconf 88' lang='lat' dir='ltr'><strong>Veronensis,</strong></span> <span class='ocrx_word' id='word_1_348' title='bbox 3085 2351 3396 2407; x_wconf 81' lang='lat' dir='ltr'><strong>Horontius</strong></span> <span class='ocrx_word' id='word_1_349' title='bbox 3414 2347 3724 2407; x_wconf 88' lang='lat' dir='ltr'><strong>Vicentinus,</strong></span> 
     </span>
    </p>
   </div>
   <div class='ocr_carea' id='block_1_53' title="bbox 2159 2433 3727 2507">
    <p class='ocr_par' dir='ltr' id='par_1_53' title="bbox 2159 2433 3727 2507">
     <span class='ocr_line' id='line_1_53' title="bbox 2159 2433 3727 2507; baseline -0.007 -11"><span class='ocrx_word' id='word_1_350' title='bbox 2159 2441 2418 2496; x_wconf 89' lang='lat' dir='ltr'><strong>Rusticus</strong></span> <span class='ocrx_word' id='word_1_351' title='bbox 2450 2441 2520 2495; x_wconf 91' lang='lat' dir='ltr'><strong>de</strong></span> <span class='ocrx_word' id='word_1_352' title='bbox 2548 2439 2820 2507; x_wconf 89' lang='lat' dir='ltr'><strong>Tarvisio,</strong></span> <span class='ocrx_word' id='word_1_353' title='bbox 2859 2440 3130 2495; x_wconf 88' lang='lat' dir='ltr'><strong>Fonteius</strong></span> <span class='ocrx_word' id='word_1_354' title='bbox 3162 2439 3462 2504; x_wconf 88' lang='lat' dir='ltr'><strong>Feltrinus,</strong></span> <span class='ocrx_word' id='word_1_355' title='bbox 3492 2433 3727 2506; x_wconf 80' lang='lat' dir='ltr'><strong>Agnellus</strong></span> 
     </span>
    </p>
   </div>
   <div class='ocr_carea' id='block_1_54' title="bbox 2158 2521 3730 2597">
    <p class='ocr_par' dir='ltr' id='par_1_54' title="bbox 2158 2521 3730 2597">
     <span class='ocr_line' id='line_1_54' title="bbox 2158 2521 3730 2597; baseline -0.008 -12"><span class='ocrx_word' id='word_1_356' title='bbox 2158 2531 2230 2585; x_wconf 91' lang='lat' dir='ltr'><strong>de</strong></span> <span class='ocrx_word' id='word_1_357' title='bbox 2260 2530 2440 2596; x_wconf 85' lang='lat' dir='ltr'><strong>Acilo,</strong></span> <span class='ocrx_word' id='word_1_358' title='bbox 2478 2529 2817 2583; x_wconf 85' lang='lat' dir='ltr'><strong>Laurentius</strong></span> <span class='ocrx_word' id='word_1_359' title='bbox 2849 2528 3226 2583; x_wconf 87' lang='lat' dir='ltr'><strong>Belluneusis.</strong></span> <span class='ocrx_word' id='word_1_360' title='bbox 3257 2527 3398 2582; x_wconf 87' lang='lat' dir='ltr'><strong>Cum</strong></span> <span class='ocrx_word' id='word_1_361' title='bbox 3443 2521 3730 2597; x_wconf 83' lang='lat' dir='ltr'><strong>patriarcha</strong></span> 
     </span>
    </p>
   </div>
   <div class='ocr_carea' id='block_1_55' title="bbox 2159 2609 3729 2688">
    <p class='ocr_par' dir='ltr' id='par_1_55' title="bbox 2159 2609 3729 2688">
     <span class='ocr_line' id='line_1_55' title="bbox 2159 2609 3729 2688; baseline -0.008 -15"><span class='ocrx_word' id='word_1_362' title='bbox 2159 2622 2354 2673; x_wconf 91' lang='lat' dir='ltr'><strong>autem</strong></span> <span class='ocrx_word' id='word_1_363' title='bbox 2384 2617 2961 2673; x_wconf 88' lang='lat' dir='ltr'><strong>communicaverunt</strong></span> <span class='ocrx_word' id='word_1_364' title='bbox 2978 2617 3070 2671; x_wconf 88' lang='lat' dir='ltr'><strong>isti</strong></span> <span class='ocrx_word' id='word_1_365' title='bbox 3091 2614 3377 2688; x_wconf 77' lang='lat' dir='ltr'><strong>epiSCOpi:</strong></span> <span class='ocrx_word' id='word_1_366' title='bbox 3402 2613 3625 2668; x_wconf 87' lang='lat' dir='ltr'><strong>Severus</strong></span> <span class='ocrx_word' id='word_1_367' title='bbox 3637 2609 3729 2663; x_wconf 86' lang='lat' dir='ltr'><strong>Pa-</strong></span> 
     </span>
    </p>
   </div>
   <div class='ocr_carea' id='block_1_56' title="bbox 2157 2700 3729 2777">
    <p class='ocr_par' dir='ltr' id='par_1_56' title="bbox 2157 2700 3729 2777">
     <span class='ocr_line' id='line_1_56' title="bbox 2157 2700 3729 2777; baseline -0.008 -15"><span class='ocrx_word' id='word_1_368' title='bbox 2157 2707 2696 2774; x_wconf 87' lang='lat' dir='ltr'><strong>rentinus,Joannes</strong></span> <span class='ocrx_word' id='word_1_369' title='bbox 2718 2704 3009 2777; x_wconf 88' lang='lat' dir='ltr'><strong>patricius,</strong></span> <span class='ocrx_word' id='word_1_370' title='bbox 3040 2703 3390 2760; x_wconf 85' lang='lat' dir='ltr'><strong>Vendemius</strong></span> <span class='ocrx_word' id='word_1_371' title='bbox 3418 2703 3473 2756; x_wconf 89' lang='lat' dir='ltr'><strong>et</strong></span> <span class='ocrx_word' id='word_1_372' title='bbox 3493 2700 3729 2754; x_wconf 81' lang='lat' dir='ltr'><strong>Joannes.</strong></span> 
     </span>
    </p>
   </div>
   <div class='ocr_carea' id='block_1_57' title="bbox 2229 2783 3731 2867">
    <p class='ocr_par' dir='ltr' id='par_1_57' title="bbox 2229 2783 3731 2867">
     <span class='ocr_line' id='line_1_57' title="bbox 2229 2783 3731 2867; baseline -0.009 -17"><span class='ocrx_word' id='word_1_373' title='bbox 2229 2795 2420 2867; x_wconf 79' lang='lat' dir='ltr'><strong>(PAUL.</strong></span> <span class='ocrx_word' id='word_1_374' title='bbox 2457 2796 2521 2850; x_wconf 93' lang='lat' dir='ltr'><strong>D.</strong></span> <span class='ocrx_word' id='word_1_375' title='bbox 2553 2811 2625 2852; x_wconf 82' lang='lat' dir='ltr'><strong>IV.</strong></span> <span class='ocrx_word' id='word_1_376' title='bbox 2652 2795 2736 2865; x_wconf 81' lang='grc'><strong>4.)</strong></span> <span class='ocrx_word' id='word_1_377' title='bbox 2767 2795 2883 2848; x_wconf 87' lang='lat' dir='ltr'><strong>Hoc</strong></span> <span class='ocrx_word' id='word_1_378' title='bbox 2917 2810 3073 2848; x_wconf 90' lang='lat' dir='ltr'><strong>anno</strong></span> <span class='ocrx_word' id='word_1_379' title='bbox 3099 2793 3211 2848; x_wconf 86' lang='lat' dir='ltr'><strong>fuit</strong></span> <span class='ocrx_word' id='word_1_380' title='bbox 3239 2790 3412 2864; x_wconf 90' lang='lat' dir='ltr'><strong>pestis</strong></span> <span class='ocrx_word' id='word_1_381' title='bbox 3439 2783 3731 2859; x_wconf 88' lang='lat' dir='ltr'><strong>inguinaria</strong></span> 
     </span>
    </p>
   </div>
   <div class='ocr_carea' id='block_1_58' title="bbox 2157 2873 3728 2958">
    <p class='ocr_par' dir='ltr' id='par_1_58' title="bbox 2157 2873 3728 2958">
     <span class='ocr_line' id='line_1_58' title="bbox 2157 2873 3728 2958; baseline -0.008 -19"><span class='ocrx_word' id='word_1_382' title='bbox 2157 2884 2369 2941; x_wconf 89' lang='lat' dir='ltr'><strong>iterum</strong></span> <span class='ocrx_word' id='word_1_383' title='bbox 2387 2886 2539 2958; x_wconf 91' lang='lat' dir='ltr'><strong>apud</strong></span> <span class='ocrx_word' id='word_1_384' title='bbox 2553 2883 3132 2949; x_wconf 86' lang='lat' dir='ltr'><strong>Ravennam,Gradus</strong></span> <span class='ocrx_word' id='word_1_385' title='bbox 3149 2888 3210 2938; x_wconf 87' lang='lat' dir='ltr'><strong>et</strong></span> <span class='ocrx_word' id='word_1_386' title='bbox 3222 2881 3499 2955; x_wconf 85' lang='lat' dir='ltr'><strong>Hystriam</strong></span> <span class='ocrx_word' id='word_1_387' title='bbox 3514 2873 3728 2932; x_wconf 88' lang='lat' dir='ltr'><strong>nimium</strong></span> 
     </span>
    </p>
   </div>
   <div class='ocr_carea' id='block_1_59' title="bbox 2157 2962 3728 3046">
    <p class='ocr_par' dir='ltr' id='par_1_59' title="bbox 2157 2962 3728 3046">
     <span class='ocr_line' id='line_1_59' title="bbox 2157 2962 3728 3046; baseline -0.011 -16"><span class='ocrx_word' id='word_1_388' title='bbox 2157 2976 2363 3046; x_wconf 83' lang='lat' dir='ltr'><strong>gravis,</strong></span> <span class='ocrx_word' id='word_1_389' title='bbox 2397 2975 2540 3029; x_wconf 92' lang='lat' dir='ltr'><strong>sicut</strong></span> <span class='ocrx_word' id='word_1_390' title='bbox 2564 2979 2622 3029; x_wconf 93' lang='lat' dir='ltr'><strong>et</strong></span> <span class='ocrx_word' id='word_1_391' title='bbox 2652 2975 2807 3046; x_wconf 90' lang='lat' dir='ltr'><strong>prius</strong></span> <span class='ocrx_word' id='word_1_392' title='bbox 2839 2975 2972 3026; x_wconf 86' lang='lat' dir='ltr'><strong>ante</strong></span> <span class='ocrx_word' id='word_1_393' title='bbox 3003 2973 3247 3045; x_wconf 88' lang='lat' dir='ltr'><strong>triginta</strong></span> <span class='ocrx_word' id='word_1_394' title='bbox 3276 2986 3456 3027; x_wconf 89' lang='lat' dir='ltr'><strong>annos</strong></span> <span class='ocrx_word' id='word_1_395' title='bbox 3479 2962 3728 3021; x_wconf 85' lang='lat' dir='ltr'><strong>extiterat.</strong></span> 
     </span>
    </p>
   </div>
   <div class='ocr_carea' id='block_1_60' title="bbox 2160 3051 3730 3136">
    <p class='ocr_par' dir='ltr' id='par_1_60' title="bbox 2160 3051 3730 3136">
     <span class='ocr_line' id='line_1_60' title="bbox 2160 3051 3730 3136; baseline -0.014 -13"><span class='ocrx_word' id='word_1_396' title='bbox 2160 3062 2234 3135; x_wconf 76' lang='grc' dir='ltr'><strong>(ϐ.</strong></span> <span class='ocrx_word' id='word_1_397' title='bbox 2252 3067 2360 3133; x_wconf 81' lang='lat'><strong>26.)</strong></span> <span class='ocrx_word' id='word_1_398' title='bbox 2390 3064 2571 3136; x_wconf 86' lang='lat' dir='ltr'><strong>Igitur</strong></span> <span class='ocrx_word' id='word_1_399' title='bbox 2598 3062 2898 3120; x_wconf 85' lang='lat' dir='ltr'><strong>Mauricius</strong></span> <span class='ocrx_word' id='word_1_400' title='bbox 2928 3066 3224 3133; x_wconf 87' lang='lat' dir='ltr'><strong>angustus,</strong></span> <span class='ocrx_word' id='word_1_401' title='bbox 3252 3063 3549 3132; x_wconf 86' lang='lat' dir='ltr'><strong>postquam</strong></span> <span class='ocrx_word' id='word_1_402' title='bbox 3569 3066 3668 3107; x_wconf 90' lang='lat' dir='ltr'><strong>uno</strong></span> <span class='ocrx_word' id='word_1_403' title='bbox 3683 3051 3730 3102; x_wconf 86' lang='lat' dir='ltr'><strong>et</strong></span> 
     </span>
    </p>
   </div>
   <div class='ocr_carea' id='block_1_61' title="bbox 479 3139 3730 3228">
    <p class='ocr_par' dir='ltr' id='par_1_61' title="bbox 479 3139 3730 3228">
     <span class='ocr_line' id='line_1_61' title="bbox 479 3139 3730 3228; baseline -0.007 -14"><span class='ocrx_word' id='word_1_404' title='bbox 479 3158 782 3208; x_wconf 77' lang='lat' dir='ltr'><strong>orruenles</strong></span> <span class='ocrx_word' id='word_1_405' title='bbox 814 3155 1082 3227; x_wconf 87' lang='lat' dir='ltr'><strong>spiritum</strong></span> <span class='ocrx_word' id='word_1_406' title='bbox 1113 3158 1432 3228; x_wconf 85' lang='lat' dir='ltr'><strong>exalarunt.</strong></span> <span class='ocrx_word' id='word_1_407' title='bbox 1470 3157 1834 3228; x_wconf 83' lang='lat' dir='ltr'><strong>Septiformis</strong></span> <span class='ocrx_word' id='word_1_408' title='bbox 1859 3162 2056 3213; x_wconf 74' lang='lat' dir='ltr'><strong>autem</strong></span> <span class='ocrx_word' id='word_1_409' title='bbox 2087 3157 2134 3216; x_wconf 86' lang='lat' dir='ltr'>C</span> <span class='ocrx_word' id='word_1_410' title='bbox 2159 3151 2362 3224; x_wconf 88' lang='lat' dir='ltr'><strong>viginti</strong></span> <span class='ocrx_word' id='word_1_411' title='bbox 2389 3153 2556 3207; x_wconf 87' lang='lat' dir='ltr'><strong>annis</strong></span> <span class='ocrx_word' id='word_1_412' title='bbox 2572 3152 2720 3207; x_wconf 87' lang='lat' dir='ltr'><strong>rexit</strong></span> <span class='ocrx_word' id='word_1_413' title='bbox 2749 3151 3058 3222; x_wconf 89' lang='lat' dir='ltr'><strong>imperium</strong></span> <span class='ocrx_word' id='word_1_414' title='bbox 3079 3149 3357 3205; x_wconf 85' lang='lat' dir='ltr'><strong>cumﬁliis</strong></span> <span class='ocrx_word' id='word_1_415' title='bbox 3371 3139 3666 3201; x_wconf 87' lang='lat' dir='ltr'><strong>Theodosio</strong></span> <span class='ocrx_word' id='word_1_416' title='bbox 3683 3140 3730 3190; x_wconf 89' lang='lat' dir='ltr'><strong>et</strong></span> 
     </span>
    </p>
   </div>
   <div class='ocr_carea' id='block_1_62' title="bbox 447 3242 2059 3318">
    <p class='ocr_par' dir='ltr' id='par_1_62' title="bbox 447 3242 2059 3318">
     <span class='ocr_line' id='line_1_62' title="bbox 447 3242 2059 3318; baseline 0.004 -22"><span class='ocrx_word' id='word_1_417' title='bbox 447 3242 664 3298; x_wconf 89' lang='lat' dir='ltr'><strong>letania</strong></span> <span class='ocrx_word' id='word_1_418' title='bbox 694 3244 823 3298; x_wconf 90' lang='lat' dir='ltr'><strong>ideo</strong></span> <span class='ocrx_word' id='word_1_419' title='bbox 852 3243 1005 3298; x_wconf 89' lang='lat' dir='ltr'><strong>dicta</strong></span> <span class='ocrx_word' id='word_1_420' title='bbox 1031 3247 1136 3311; x_wconf 89' lang='lat' dir='ltr'><strong>est,</strong></span> <span class='ocrx_word' id='word_1_421' title='bbox 1171 3245 1305 3316; x_wconf 90' lang='lat' dir='ltr'><strong>quia</strong></span> <span class='ocrx_word' id='word_1_422' title='bbox 1333 3246 1522 3301; x_wconf 89' lang='lat' dir='ltr'><strong>omnis</strong></span> <span class='ocrx_word' id='word_1_423' title='bbox 1554 3246 1720 3300; x_wconf 85' lang='lat' dir='ltr'><strong>Urbis</strong></span> <span class='ocrx_word' id='word_1_424' title='bbox 1749 3248 1994 3318; x_wconf 91' lang='lat' dir='ltr'><strong>populus</strong></span> <span class='ocrx_word' id='word_1_425' title='bbox 2026 3264 2059 3302; x_wconf 89' lang='lat' dir='ltr'><strong>a</strong></span> 
     </span>
    </p>
   </div>
   <div class='ocr_carea' id='block_1_63' title="bbox 446 3331 2062 3407">
    <p class='ocr_par' dir='ltr' id='par_1_63' title="bbox 446 3331 2062 3407">
     <span class='ocr_line' id='line_1_63' title="bbox 446 3331 2062 3407; baseline 0.003 -21"><span class='ocrx_word' id='word_1_426' title='bbox 446 3331 617 3387; x_wconf 88' lang='lat' dir='ltr'><strong>beato</strong></span> <span class='ocrx_word' id='word_1_427' title='bbox 645 3333 989 3404; x_wconf 90' lang='lat' dir='ltr'><strong>Gregorioin</strong></span> <span class='ocrx_word' id='word_1_428' title='bbox 1016 3338 1236 3405; x_wconf 91' lang='lat' dir='ltr'><strong>septem</strong></span> <span class='ocrx_word' id='word_1_429' title='bbox 1253 3335 1508 3405; x_wconf 88' lang='lat' dir='ltr'><strong>partibus</strong></span> <span class='ocrx_word' id='word_1_430' title='bbox 1526 3335 1934 3407; x_wconf 88' lang='lat' dir='ltr'><strong>deprecaturus</strong></span> <span class='ocrx_word' id='word_1_431' title='bbox 1957 3339 2062 3392; x_wconf 86' lang='lat' dir='ltr'><strong>Do-</strong></span> 
     </span>
    </p>
   </div>
   <div class='ocr_carea' id='block_1_64' title="bbox 448 3421 2063 3495">
    <p class='ocr_par' dir='ltr' id='par_1_64' title="bbox 448 3421 2063 3495">
     <span class='ocr_line' id='line_1_64' title="bbox 448 3421 2063 3495; baseline 0.002 -20"><span class='ocrx_word' id='word_1_432' title='bbox 448 3421 674 3475; x_wconf 89' lang='lat' dir='ltr'><strong>minum</strong></span> <span class='ocrx_word' id='word_1_433' title='bbox 703 3425 788 3474; x_wconf 90' lang='lat' dir='ltr'><strong>est</strong></span> <span class='ocrx_word' id='word_1_434' title='bbox 818 3421 1050 3475; x_wconf 89' lang='lat' dir='ltr'><strong>divisus.</strong></span> <span class='ocrx_word' id='word_1_435' title='bbox 1072 3424 1134 3476; x_wconf 90' lang='lat' dir='ltr'><strong>In</strong></span> <span class='ocrx_word' id='word_1_436' title='bbox 1157 3423 1346 3495; x_wconf 90' lang='lat' dir='ltr'><strong>primo</strong></span> <span class='ocrx_word' id='word_1_437' title='bbox 1366 3423 1523 3478; x_wconf 91' lang='lat' dir='ltr'><strong>enim</strong></span> <span class='ocrx_word' id='word_1_438' title='bbox 1548 3424 1723 3480; x_wconf 91' lang='lat' dir='ltr'><strong>choro</strong></span> <span class='ocrx_word' id='word_1_439' title='bbox 1747 3424 1854 3479; x_wconf 77' lang='lat' dir='ltr'><strong>fuit</strong></span> <span class='ocrx_word' id='word_1_440' title='bbox 1877 3424 2063 3479; x_wconf 91' lang='lat' dir='ltr'><strong>omnis</strong></span> 
     </span>
    </p>
   </div>
   <div class='ocr_carea' id='block_1_65' title="bbox 447 3509 2063 3574">
    <p class='ocr_par' dir='ltr' id='par_1_65' title="bbox 447 3509 2063 3574">
     <span class='ocr_line' id='line_1_65' title="bbox 447 3509 2063 3574; baseline 0.002 -11"><span class='ocrx_word' id='word_1_441' title='bbox 447 3510 653 3574; x_wconf 89' lang='lat' dir='ltr'><strong>clerus,</strong></span> <span class='ocrx_word' id='word_1_442' title='bbox 687 3509 743 3562; x_wconf 92' lang='lat' dir='ltr'><strong>in</strong></span> <span class='ocrx_word' id='word_1_443' title='bbox 787 3509 1037 3564; x_wconf 85' lang='lat' dir='ltr'><strong>secundo</strong></span> <span class='ocrx_word' id='word_1_444' title='bbox 1071 3527 1277 3564; x_wconf 90' lang='lat' dir='ltr'><strong>omnes</strong></span> <span class='ocrx_word' id='word_1_445' title='bbox 1319 3511 1556 3566; x_wconf 87' lang='lat' dir='ltr'><strong>abbates</strong></span> <span class='ocrx_word' id='word_1_446' title='bbox 1595 3529 1724 3566; x_wconf 90' lang='lat' dir='ltr'><strong>cum</strong></span> <span class='ocrx_word' id='word_1_447' title='bbox 1765 3513 2063 3567; x_wconf 89' lang='lat' dir='ltr'><strong>monachis</strong></span> 
     </span>
    </p>
   </div>
   <div class='ocr_carea' id='block_1_66' title="bbox 449 3596 2063 3671">
    <p class='ocr_par' dir='ltr' id='par_1_66' title="bbox 449 3596 2063 3671">
     <span class='ocr_line' id='line_1_66' title="bbox 449 3596 2063 3671; baseline 0.002 -21"><span class='ocrx_word' id='word_1_448' title='bbox 449 3596 646 3662; x_wconf 87' lang='lat' dir='ltr'><strong>suis,in</strong></span> <span class='ocrx_word' id='word_1_449' title='bbox 661 3596 833 3650; x_wconf 90' lang='lat' dir='ltr'><strong>tertio</strong></span> <span class='ocrx_word' id='word_1_450' title='bbox 849 3613 1052 3650; x_wconf 87' lang='lat' dir='ltr'><strong>omnes</strong></span> <span class='ocrx_word' id='word_1_451' title='bbox 1064 3597 1348 3653; x_wconf 81' lang='lat' dir='ltr'><strong>abbatissa</strong></span> <span class='ocrx_word' id='word_1_452' title='bbox 1368 3615 1498 3654; x_wconf 91' lang='lat' dir='ltr'><strong>cum</strong></span> <span class='ocrx_word' id='word_1_453' title='bbox 1515 3599 2063 3671; x_wconf 87' lang='lat' dir='ltr'><strong>congregationibus</strong></span> 
     </span>
    </p>
   </div>
   <div class='ocr_carea' id='block_1_67' title="bbox 449 3684 2063 3760">
    <p class='ocr_par' dir='ltr' id='par_1_67' title="bbox 449 3684 2063 3760">
     <span class='ocr_line' id='line_1_67' title="bbox 449 3684 2063 3760; baseline 0.003 -21"><span class='ocrx_word' id='word_1_454' title='bbox 449 3684 588 3753; x_wconf 85' lang='lat' dir='ltr'><strong>suis,</strong></span> <span class='ocrx_word' id='word_1_455' title='bbox 623 3685 681 3740; x_wconf 89' lang='lat' dir='ltr'><strong>in</strong></span> <span class='ocrx_word' id='word_1_456' title='bbox 719 3688 924 3758; x_wconf 89' lang='lat' dir='ltr'><strong>quarto</strong></span> <span class='ocrx_word' id='word_1_457' title='bbox 973 3701 1178 3740; x_wconf 92' lang='lat' dir='ltr'><strong>omnes</strong></span> <span class='ocrx_word' id='word_1_458' title='bbox 1216 3687 1486 3755; x_wconf 88' lang='lat' dir='ltr'><strong>infantes,</strong></span> <span class='ocrx_word' id='word_1_459' title='bbox 1521 3688 1580 3742; x_wconf 91' lang='lat' dir='ltr'><strong>in</strong></span> <span class='ocrx_word' id='word_1_460' title='bbox 1622 3688 1825 3760; x_wconf 90' lang='lat' dir='ltr'><strong>quinto</strong></span> <span class='ocrx_word' id='word_1_461' title='bbox 1859 3705 2063 3744; x_wconf 90' lang='lat' dir='ltr'><strong>omnes</strong></span> 
     </span>
    </p>
   </div>
   <div class='ocr_carea' id='block_1_68' title="bbox 452 3772 2064 3848">
    <p class='ocr_par' dir='ltr' id='par_1_68' title="bbox 452 3772 2064 3848">
     <span class='ocr_line' id='line_1_68' title="bbox 452 3772 2064 3848; baseline 0.002 -19"><span class='ocrx_word' id='word_1_462' title='bbox 452 3772 603 3843; x_wconf 90' lang='lat' dir='ltr'><strong>laici,</strong></span> <span class='ocrx_word' id='word_1_463' title='bbox 642 3774 699 3828; x_wconf 90' lang='lat' dir='ltr'><strong>in</strong></span> <span class='ocrx_word' id='word_1_464' title='bbox 741 3777 899 3829; x_wconf 82' lang='lat' dir='ltr'><strong>sexto</strong></span> <span class='ocrx_word' id='word_1_465' title='bbox 934 3773 1198 3830; x_wconf 90' lang='lat' dir='ltr'><strong>universe</strong></span> <span class='ocrx_word' id='word_1_466' title='bbox 1230 3774 1433 3842; x_wconf 67' lang='lat' dir='ltr'><strong>viduae,</strong></span> <span class='ocrx_word' id='word_1_467' title='bbox 1464 3777 1523 3832; x_wconf 89' lang='lat' dir='ltr'><strong>in</strong></span> <span class='ocrx_word' id='word_1_468' title='bbox 1564 3777 1811 3848; x_wconf 91' lang='lat' dir='ltr'><strong>septimo</strong></span> <span class='ocrx_word' id='word_1_469' title='bbox 1861 3794 2064 3833; x_wconf 89' lang='lat' dir='ltr'><strong>omnes</strong></span> 
     </span>
    </p>
   </div>
   <div class='ocr_carea' id='block_1_69' title="bbox 452 3863 2062 3939">
    <p class='ocr_par' dir='ltr' id='par_1_69' title="bbox 452 3863 2062 3939">
     <span class='ocr_line' id='line_1_69' title="bbox 452 3863 2062 3939; baseline 0.004 -22"><span class='ocrx_word' id='word_1_470' title='bbox 452 3863 724 3918; x_wconf 90' lang='lat' dir='ltr'><strong>mulieres</strong></span> <span class='ocrx_word' id='word_1_471' title='bbox 753 3864 1097 3935; x_wconf 67' lang='lat' dir='ltr'><strong>conjugala).</strong></span> <span class='ocrx_word' id='word_1_472' title='bbox 1119 3865 1249 3920; x_wconf 79' lang='lat' dir='ltr'><strong>ideo</strong></span> <span class='ocrx_word' id='word_1_473' title='bbox 1273 3869 1467 3921; x_wconf 89' lang='lat' dir='ltr'><strong>autem</strong></span> <span class='ocrx_word' id='word_1_474' title='bbox 1486 3867 1556 3920; x_wconf 90' lang='lat' dir='ltr'><strong>de</strong></span> <span class='ocrx_word' id='word_1_475' title='bbox 1587 3867 1757 3922; x_wconf 90' lang='lat' dir='ltr'><strong>beato</strong></span> <span class='ocrx_word' id='word_1_476' title='bbox 1789 3868 2062 3939; x_wconf 89' lang='lat' dir='ltr'><strong>Gregorio</strong></span> 
     </span>
    </p>
   </div>
   <div class='ocr_carea' id='block_1_70' title="bbox 450 3951 2061 4036">
    <p class='ocr_par' dir='ltr' id='par_1_70' title="bbox 450 3951 2061 4036">
     <span class='ocr_line' id='line_1_70' title="bbox 450 3951 2061 4036; baseline 0.003 -31"><span class='ocrx_word' id='word_1_477' title='bbox 450 3951 617 4023; x_wconf 89' lang='lat' dir='ltr'><strong>plura</strong></span> <span class='ocrx_word' id='word_1_478' title='bbox 642 3953 831 4006; x_wconf 88' lang='lat' dir='ltr'><strong>dicere</strong></span> <span class='ocrx_word' id='word_1_479' title='bbox 848 3953 1256 4036; x_wconf 54' lang='lat' dir='ltr'><strong>ommitlimus,</strong></span> <span class='ocrx_word' id='word_1_480' title='bbox 1279 3953 1549 4025; x_wconf 90' lang='lat' dir='ltr'><strong>quiajam</strong></span> <span class='ocrx_word' id='word_1_481' title='bbox 1567 3958 1702 4010; x_wconf 91' lang='lat' dir='ltr'><strong>ante</strong></span> <span class='ocrx_word' id='word_1_482' title='bbox 1720 3956 1938 4027; x_wconf 89' lang='lat' dir='ltr'><strong>aliquot</strong></span> <span class='ocrx_word' id='word_1_483' title='bbox 1960 3973 2061 4010; x_wconf 89' lang='lat' dir='ltr'><strong>an-</strong></span> 
     </span>
    </p>
   </div>
   <div class='ocr_carea' id='block_1_71' title="bbox 451 4041 2066 4116">
    <p class='ocr_par' dir='ltr' id='par_1_71' title="bbox 451 4041 2066 4116">
     <span class='ocr_line' id='line_1_71' title="bbox 451 4041 2066 4116; baseline 0.002 -22"><span class='ocrx_word' id='word_1_484' title='bbox 451 4057 557 4095; x_wconf 86' lang='lat' dir='ltr'><strong>nos</strong></span> <span class='ocrx_word' id='word_1_485' title='bbox 582 4041 702 4112; x_wconf 91' lang='lat' dir='ltr'><strong>ejus</strong></span> <span class='ocrx_word' id='word_1_486' title='bbox 722 4042 901 4095; x_wconf 87' lang='lat' dir='ltr'><strong>vitam</strong></span> <span class='ocrx_word' id='word_1_487' title='bbox 927 4043 1043 4096; x_wconf 89' lang='lat' dir='ltr'><strong>Deo</strong></span> <span class='ocrx_word' id='word_1_488' title='bbox 1068 4042 1378 4096; x_wconf 81' lang='lat' dir='ltr'><strong>auxiliante</strong></span> <span class='ocrx_word' id='word_1_489' title='bbox 1396 4042 1682 4097; x_wconf 81' lang='lat' dir='ltr'><strong>texuimus</strong></span> <span class='ocrx_word' id='word_1_490' title='bbox 1699 4043 1834 4116; x_wconf 84' lang='lat'><strong>(38).</strong></span> <span class='ocrx_word' id='word_1_491' title='bbox 1862 4046 1923 4098; x_wconf 88' lang='lat' dir='ltr'><strong>ln</strong></span> <span class='ocrx_word' id='word_1_492' title='bbox 1951 4061 2066 4116; x_wconf 92' lang='lat' dir='ltr'><strong>qua</strong></span> 
     </span>
    </p>
   </div>
   <div class='ocr_carea' id='block_1_72' title="bbox 451 4129 2064 4202">
    <p class='ocr_par' dir='ltr' id='par_1_72' title="bbox 451 4129 2064 4202">
     <span class='ocr_line' id='line_1_72' title="bbox 451 4129 2064 4202; baseline 0.002 -18"><span class='ocrx_word' id='word_1_493' title='bbox 451 4146 581 4202; x_wconf 67' lang='lat' dir='ltr'><strong>quae</strong></span> <span class='ocrx_word' id='word_1_494' title='bbox 609 4129 852 4185; x_wconf 88' lang='lat' dir='ltr'><strong>dicenda</strong></span> <span class='ocrx_word' id='word_1_495' title='bbox 881 4130 1144 4200; x_wconf 86' lang='lat' dir='ltr'><strong>fuerant,</strong></span> <span class='ocrx_word' id='word_1_496' title='bbox 1166 4132 1333 4202; x_wconf 92' lang='lat' dir='ltr'><strong>juxta</strong></span> <span class='ocrx_word' id='word_1_497' title='bbox 1367 4131 1665 4187; x_wconf 88' lang='lat' dir='ltr'><strong>tenuitatis</strong></span> <span class='ocrx_word' id='word_1_498' title='bbox 1695 4135 1888 4187; x_wconf 91' lang='lat' dir='ltr'><strong>nostre</strong></span> <span class='ocrx_word' id='word_1_499' title='bbox 1920 4133 2064 4188; x_wconf 92' lang='lat' dir='ltr'><strong>vires</strong></span> 
     </span>
    </p>
   </div>
   <div class='ocr_carea' id='block_1_73' title="bbox 452 4219 1180 4291">
    <p class='ocr_par' dir='ltr' id='par_1_73' title="bbox 452 4219 1180 4291">
     <span class='ocr_line' id='line_1_73' title="bbox 452 4219 1180 4291; baseline 0.004 -17"><span class='ocrx_word' id='word_1_500' title='bbox 452 4219 720 4274; x_wconf 89' lang='lat' dir='ltr'><strong>universa</strong></span> <span class='ocrx_word' id='word_1_501' title='bbox 752 4219 1180 4291; x_wconf 87' lang='lat' dir='ltr'><strong>descripsimus.</strong></span> 
     </span>
    </p>
   </div>
   <div class='ocr_carea' id='block_1_74' title="bbox 522 4309 2066 4383">
    <p class='ocr_par' dir='ltr' id='par_1_74' title="bbox 522 4309 2066 4383">
     <span class='ocr_line' id='line_1_74' title="bbox 522 4309 2066 4383; baseline 0.003 -21"><span class='ocrx_word' id='word_1_502' title='bbox 522 4313 594 4375; x_wconf 93' lang='lat' dir='ltr'><strong>(c.</strong></span> <span class='ocrx_word' id='word_1_503' title='bbox 625 4312 739 4374; x_wconf 73' lang='lat'><strong>25.)</strong></span> <span class='ocrx_word' id='word_1_504' title='bbox 767 4309 879 4362; x_wconf 91' lang='lat' dir='ltr'><strong>Hoc</strong></span> <span class='ocrx_word' id='word_1_505' title='bbox 909 4312 1171 4380; x_wconf 89' lang='lat' dir='ltr'><strong>tempore</strong></span> <span class='ocrx_word' id='word_1_506' title='bbox 1205 4310 1360 4364; x_wconf 90' lang='lat' dir='ltr'><strong>idem</strong></span> <span class='ocrx_word' id='word_1_507' title='bbox 1393 4311 1594 4366; x_wconf 86' lang='lat' dir='ltr'><strong>beatus</strong></span> <span class='ocrx_word' id='word_1_508' title='bbox 1623 4310 1928 4383; x_wconf 87' lang='lat' dir='ltr'><strong>Gregorius</strong></span> <span class='ocrx_word' id='word_1_509' title='bbox 1957 4314 2066 4367; x_wconf 84' lang='lat' dir='ltr'><strong>Au-</strong></span> 
     </span>
    </p>
   </div>
   <div class='ocr_carea' id='block_1_75' title="bbox 2158 3229 3730 3313">
    <p class='ocr_par' dir='ltr' id='par_1_75' title="bbox 2158 3229 3730 3313">
     <span class='ocr_line' id='line_1_75' title="bbox 2158 3229 3730 3313; baseline -0.013 -17"><span class='ocrx_word' id='word_1_510' title='bbox 2158 3241 2405 3313; x_wconf 90' lang='lat' dir='ltr'><strong>Tyberio</strong></span> <span class='ocrx_word' id='word_1_511' title='bbox 2439 3245 2496 3296; x_wconf 88' lang='lat' dir='ltr'><strong>et</strong></span> <span class='ocrx_word' id='word_1_512' title='bbox 2527 3241 2928 3307; x_wconf 87' lang='lat' dir='ltr'><strong>Constantino,</strong></span> <span class='ocrx_word' id='word_1_513' title='bbox 2961 3257 2994 3294; x_wconf 88' lang='lat' dir='ltr'><strong>a</strong></span> <span class='ocrx_word' id='word_1_514' title='bbox 3024 3240 3262 3306; x_wconf 83' lang='lat' dir='ltr'><strong>Focate,</strong></span> <span class='ocrx_word' id='word_1_515' title='bbox 3296 3236 3392 3310; x_wconf 91' lang='lat' dir='ltr'><strong>qui</strong></span> <span class='ocrx_word' id='word_1_516' title='bbox 3422 3233 3524 3288; x_wconf 76' lang='lat' dir='ltr'><strong>fuit</strong></span> <span class='ocrx_word' id='word_1_517' title='bbox 3549 3229 3730 3283; x_wconf 88' lang='lat' dir='ltr'><strong>strator</strong></span> 
     </span>
    </p>
   </div>
   <div class='ocr_carea' id='block_1_76' title="bbox 2163 3315 3728 3402">
    <p class='ocr_par' dir='ltr' id='par_1_76' title="bbox 2163 3315 3728 3402">
     <span class='ocr_line' id='line_1_76' title="bbox 2163 3315 3728 3402; baseline -0.01 -17"><span class='ocrx_word' id='word_1_518' title='bbox 2163 3331 2356 3386; x_wconf 89' lang='lat' dir='ltr'><strong>Priscii</strong></span> <span class='ocrx_word' id='word_1_519' title='bbox 2391 3330 2636 3402; x_wconf 88' lang='lat' dir='ltr'><strong>patricii,</strong></span> <span class='ocrx_word' id='word_1_520' title='bbox 2672 3329 2969 3385; x_wconf 90' lang='lat' dir='ltr'><strong>occiditur.</strong></span> <span class='ocrx_word' id='word_1_521' title='bbox 3004 3329 3133 3384; x_wconf 90' lang='lat' dir='ltr'><strong>Fuit</strong></span> <span class='ocrx_word' id='word_1_522' title='bbox 3160 3330 3357 3382; x_wconf 89' lang='lat' dir='ltr'><strong>autem</strong></span> <span class='ocrx_word' id='word_1_523' title='bbox 3380 3320 3523 3377; x_wconf 89' lang='lat' dir='ltr'><strong>utilis</strong></span> <span class='ocrx_word' id='word_1_524' title='bbox 3547 3315 3620 3371; x_wconf 83' lang='lat' dir='ltr'><strong>rei</strong></span> <span class='ocrx_word' id='word_1_525' title='bbox 3643 3327 3728 3383; x_wconf 86' lang='lat' dir='ltr'><strong>pu-</strong></span> 
     </span>
    </p>
   </div>
   <div class='ocr_carea' id='block_1_77' title="bbox 2165 3403 3730 3492">
    <p class='ocr_par' dir='ltr' id='par_1_77' title="bbox 2165 3403 3730 3492">
     <span class='ocr_line' id='line_1_77' title="bbox 2165 3403 3730 3492; baseline -0.011 -18"><span class='ocrx_word' id='word_1_526' title='bbox 2165 3420 2330 3487; x_wconf 89' lang='lat' dir='ltr'><strong>blice,</strong></span> <span class='ocrx_word' id='word_1_527' title='bbox 2371 3437 2508 3475; x_wconf 88' lang='lat' dir='ltr'><strong>nam</strong></span> <span class='ocrx_word' id='word_1_528' title='bbox 2549 3435 2682 3492; x_wconf 91' lang='lat' dir='ltr'><strong>sepe</strong></span> <span class='ocrx_word' id='word_1_529' title='bbox 2713 3422 2916 3474; x_wconf 89' lang='lat' dir='ltr'><strong>contra</strong></span> <span class='ocrx_word' id='word_1_530' title='bbox 2943 3418 3137 3472; x_wconf 88' lang='lat' dir='ltr'><strong>hostes</strong></span> <span class='ocrx_word' id='word_1_531' title='bbox 3173 3415 3450 3472; x_wconf 87' lang='lat' dir='ltr'><strong>dimicans</strong></span> <span class='ocrx_word' id='word_1_532' title='bbox 3469 3403 3730 3492; x_wconf 81' lang='lat' dir='ltr'><strong>victoriam</strong></span> 
     </span>
    </p>
   </div>
   <div class='ocr_carea' id='block_1_78' title="bbox 2165 3491 3729 3579">
    <p class='ocr_par' dir='ltr' id='par_1_78' title="bbox 2165 3491 3729 3579">
     <span class='ocr_line' id='line_1_78' title="bbox 2165 3491 3729 3579; baseline -0.008 -17"><span class='ocrx_word' id='word_1_533' title='bbox 2165 3507 2433 3562; x_wconf 91' lang='lat' dir='ltr'><strong>obtinuit.</strong></span> <span class='ocrx_word' id='word_1_534' title='bbox 2469 3491 2659 3562; x_wconf 85' lang='lat' dir='ltr'><strong>Hunni</strong></span> <span class='ocrx_word' id='word_1_535' title='bbox 2687 3523 2935 3579; x_wconf 88' lang='lat' dir='ltr'><strong>quoque,</strong></span> <span class='ocrx_word' id='word_1_536' title='bbox 2955 3506 3051 3578; x_wconf 90' lang='lat' dir='ltr'><strong>qui</strong></span> <span class='ocrx_word' id='word_1_537' title='bbox 3079 3509 3138 3561; x_wconf 91' lang='lat' dir='ltr'><strong>et</strong></span> <span class='ocrx_word' id='word_1_538' title='bbox 3155 3506 3366 3559; x_wconf 87' lang='lat' dir='ltr'><strong>Avares</strong></span> <span class='ocrx_word' id='word_1_539' title='bbox 3387 3491 3729 3570; x_wconf 66' lang='lat' dir='ltr'><strong>appellantur.</strong></span> 
     </span>
    </p>
   </div>
   <div class='ocr_carea' id='block_1_79' title="bbox 2165 3595 2933 3666">
    <p class='ocr_par' dir='ltr' id='par_1_79' title="bbox 2165 3595 2933 3666">
     <span class='ocr_line' id='line_1_79' title="bbox 2165 3595 2933 3666; baseline -0.003 -17"><span class='ocrx_word' id='word_1_540' title='bbox 2165 3597 2289 3666; x_wconf 89' lang='lat' dir='ltr'><strong>ejus</strong></span> <span class='ocrx_word' id='word_1_541' title='bbox 2317 3596 2524 3650; x_wconf 91' lang='lat' dir='ltr'><strong>virtute</strong></span> <span class='ocrx_word' id='word_1_542' title='bbox 2547 3595 2750 3650; x_wconf 80' lang='lat' dir='ltr'><strong>devicti</strong></span> <span class='ocrx_word' id='word_1_543' title='bbox 2783 3597 2933 3648; x_wconf 89' lang='lat' dir='ltr'><strong>sunt.</strong></span> 
     </span>
    </p>
   </div>
   <div class='ocr_carea' id='block_1_80' title="bbox 2236 3666 3729 3761">
    <p class='ocr_par' dir='ltr' id='par_1_80' title="bbox 2236 3666 3729 3761">
     <span class='ocr_line' id='line_1_80' title="bbox 2236 3666 3729 3761; baseline -0.009 -21"><span class='ocrx_word' id='word_1_544' title='bbox 2236 3690 2307 3751; x_wconf 91' lang='lat' dir='ltr'><strong>(c.</strong></span> <span class='ocrx_word' id='word_1_545' title='bbox 2338 3686 2448 3746; x_wconf 88' lang='lat'><strong>33.)</strong></span> <span class='ocrx_word' id='word_1_546' title='bbox 2481 3683 2576 3738; x_wconf 84' lang='lat' dir='ltr'><strong>His</strong></span> <span class='ocrx_word' id='word_1_547' title='bbox 2618 3684 2818 3738; x_wconf 88' lang='lat' dir='ltr'><strong>diebus</strong></span> <span class='ocrx_word' id='word_1_548' title='bbox 2865 3681 3138 3738; x_wconf 88' lang='lat' dir='ltr'><strong>defuncto</strong></span> <span class='ocrx_word' id='word_1_549' title='bbox 3175 3681 3385 3738; x_wconf 91' lang='lat' dir='ltr'><strong>Severo</strong></span> <span class='ocrx_word' id='word_1_550' title='bbox 3426 3666 3729 3761; x_wconf 62' lang='lat' dir='ltr'><strong>patriarchft.</strong></span> 
     </span>
    </p>
   </div>
   <div class='ocr_carea' id='block_1_81' title="bbox 2166 3758 3727 3846">
    <p class='ocr_par' dir='ltr' id='par_1_81' title="bbox 2166 3758 3727 3846">
     <span class='ocr_line' id='line_1_81' title="bbox 2166 3758 3727 3846; baseline -0.012 -18"><span class='ocrx_word' id='word_1_551' title='bbox 2166 3774 2468 3828; x_wconf 89' lang='lat' dir='ltr'><strong>ordinatur</strong></span> <span class='ocrx_word' id='word_1_552' title='bbox 2493 3773 2550 3827; x_wconf 86' lang='lat' dir='ltr'><strong>in</strong></span> <span class='ocrx_word' id='word_1_553' title='bbox 2583 3773 2708 3826; x_wconf 93' lang='lat' dir='ltr'><strong>loco</strong></span> <span class='ocrx_word' id='word_1_554' title='bbox 2739 3773 2861 3843; x_wconf 91' lang='lat' dir='ltr'><strong>ejus</strong></span> <span class='ocrx_word' id='word_1_555' title='bbox 2883 3771 3136 3826; x_wconf 83' lang='lat' dir='ltr'><strong>Joannes</strong></span> <span class='ocrx_word' id='word_1_556' title='bbox 3157 3771 3336 3825; x_wconf 87' lang='lat' dir='ltr'><strong>abbas</strong></span> <span class='ocrx_word' id='word_1_557' title='bbox 3360 3758 3659 3846; x_wconf 77' lang='lat' dir='ltr'><strong>patriarcha</strong></span> 
     </span>
    </p>
   </div>
   <div class='ocr_carea' id='block_1_82' title="bbox 2163 3841 3727 3937">
    <p class='ocr_par' dir='ltr' id='par_1_82' title="bbox 2163 3841 3727 3937">
     <span class='ocr_line' id='line_1_82' title="bbox 2163 3841 3727 3937; baseline -0.013 -19"><span class='ocrx_word' id='word_1_558' title='bbox 2163 3863 2469 3936; x_wconf 84' lang='lat' dir='ltr'><strong>Aquilegia</strong></span> <span class='ocrx_word' id='word_1_559' title='bbox 2500 3865 2692 3917; x_wconf 86' lang='lat' dir='ltr'><strong>vetere</strong></span> <span class='ocrx_word' id='word_1_560' title='bbox 2734 3841 2866 3916; x_wconf 83' lang='lat' dir='ltr'><strong>cum</strong></span> <span class='ocrx_word' id='word_1_561' title='bbox 2913 3865 3198 3915; x_wconf 87' lang='lat' dir='ltr'><strong>contensu</strong></span> <span class='ocrx_word' id='word_1_562' title='bbox 3236 3857 3386 3930; x_wconf 89' lang='lat' dir='ltr'><strong>regis</strong></span> <span class='ocrx_word' id='word_1_563' title='bbox 3422 3856 3477 3908; x_wconf 87' lang='lat' dir='ltr'><strong>et</strong></span> <span class='ocrx_word' id='word_1_564' title='bbox 3513 3841 3727 3937; x_wconf 60' lang='lat' dir='ltr'><strong>Gisulplii</strong></span> 
     </span>
    </p>
   </div>
   <div class='ocr_carea' id='block_1_83' title="bbox 2164 3941 3728 4023">
    <p class='ocr_par' dir='ltr' id='par_1_83' title="bbox 2164 3941 3728 4023">
     <span class='ocr_line' id='line_1_83' title="bbox 2164 3941 3728 4023; baseline -0.013 -14"><span class='ocrx_word' id='word_1_565' title='bbox 2164 3954 2343 4008; x_wconf 90' lang='lat' dir='ltr'><strong>ducis.</strong></span> <span class='ocrx_word' id='word_1_566' title='bbox 2376 3955 2438 4008; x_wconf 91' lang='lat' dir='ltr'><strong>ln</strong></span> <span class='ocrx_word' id='word_1_567' title='bbox 2465 3951 2682 4006; x_wconf 89' lang='lat' dir='ltr'><strong>Gradus</strong></span> <span class='ocrx_word' id='word_1_568' title='bbox 2709 3967 2937 4023; x_wconf 90' lang='lat' dir='ltr'><strong>quoque</strong></span> <span class='ocrx_word' id='word_1_569' title='bbox 2966 3951 3270 4008; x_wconf 86' lang='lat' dir='ltr'><strong>ordinatus</strong></span> <span class='ocrx_word' id='word_1_570' title='bbox 3313 3949 3396 4002; x_wconf 90' lang='lat' dir='ltr'><strong>est</strong></span> <span class='ocrx_word' id='word_1_571' title='bbox 3423 3959 3456 3997; x_wconf 88' lang='lat' dir='ltr'><strong>a</strong></span> <span class='ocrx_word' id='word_1_572' title='bbox 3493 3941 3728 3995; x_wconf 73' lang='lat' dir='ltr'><strong>Romanis</strong></span> 
     </span>
    </p>
   </div>
   <div class='ocr_carea' id='block_1_84' title="bbox 2163 4039 3636 4119">
    <p class='ocr_par' dir='ltr' id='par_1_84' title="bbox 2163 4039 3636 4119">
     <span class='ocr_line' id='line_1_84' title="bbox 2163 4039 3636 4119; baseline -0.001 -21"><span class='ocrx_word' id='word_1_573' title='bbox 2163 4043 2480 4098; x_wconf 83' lang='lat' dir='ltr'><strong>Marcianus</strong></span> <span class='ocrx_word' id='word_1_574' title='bbox 2511 4040 2746 4096; x_wconf 88' lang='lat' dir='ltr'><strong>antistes</strong></span> <span class='ocrx_word' id='word_1_575' title='bbox 2771 4039 2900 4104; x_wconf 74' lang='lat'><strong>(40).</strong></span> <span class='ocrx_word' id='word_1_576' title='bbox 3608 4109 3636 4119; x_wconf 39' lang='grc' dir='ltr'>η</span> 
     </span>
    </p>
   </div>
   <div class='ocr_carea' id='block_1_85' title="bbox 2235 4106 3723 4210">
    <p class='ocr_par' dir='ltr' id='par_1_85' title="bbox 2235 4106 3723 4210">
     <span class='ocr_line' id='line_1_85' title="bbox 2235 4106 3723 4210; baseline -0.02 -23"><span class='ocrx_word' id='word_1_577' title='bbox 2235 4133 2312 4201; x_wconf 95' lang='lat' dir='ltr'><strong>(c.</strong></span> <span class='ocrx_word' id='word_1_578' title='bbox 2345 4133 2456 4198; x_wconf 89' lang='lat'><strong>36.)</strong></span> <span class='ocrx_word' id='word_1_579' title='bbox 2488 4131 2670 4186; x_wconf 87' lang='lat' dir='ltr'><strong>Focax</strong></span> <span class='ocrx_word' id='word_1_580' title='bbox 2706 4129 2903 4201; x_wconf 76' lang='lat' dir='ltr'><strong>igitur,</strong></span> <span class='ocrx_word' id='word_1_581' title='bbox 2935 4132 3000 4184; x_wconf 86' lang='lat' dir='ltr'><strong>ut</strong></span> <span class='ocrx_word' id='word_1_582' title='bbox 3031 4130 3376 4203; x_wconf 90' lang='lat' dir='ltr'><strong>premissum</strong></span> <span class='ocrx_word' id='word_1_583' title='bbox 3417 4121 3516 4186; x_wconf 88' lang='lat' dir='ltr'><strong>est,</strong></span> <span class='ocrx_word' id='word_1_584' title='bbox 3542 4106 3723 4210; x_wconf 74' lang='lat' dir='ltr'><strong>extinto</strong></span> 
     </span>
    </p>
   </div>
   <div class='ocr_carea' id='block_1_86' title="bbox 2164 4210 3722 4292">
    <p class='ocr_par' dir='ltr' id='par_1_86' title="bbox 2164 4210 3722 4292">
     <span class='ocr_line' id='line_1_86' title="bbox 2164 4210 3722 4292; baseline -0.017 -16"><span class='ocrx_word' id='word_1_585' title='bbox 2164 4221 2430 4276; x_wconf 75' lang='lat' dir='ltr'><strong>Mauricio</strong></span> <span class='ocrx_word' id='word_1_586' title='bbox 2465 4220 2701 4292; x_wconf 90' lang='lat' dir='ltr'><strong>ejusque</strong></span> <span class='ocrx_word' id='word_1_587' title='bbox 2731 4218 2881 4288; x_wconf 88' lang='lat' dir='ltr'><strong>filiis,</strong></span> <span class='ocrx_word' id='word_1_588' title='bbox 2911 4221 3308 4275; x_wconf 82' lang='lat' dir='ltr'><strong>Romanorum</strong></span> <span class='ocrx_word' id='word_1_589' title='bbox 3332 4221 3564 4285; x_wconf 73' lang='lat' dir='ltr'><strong>regnum</strong></span> <span class='ocrx_word' id='word_1_590' title='bbox 3593 4210 3722 4292; x_wconf 69' lang='lat' dir='ltr'><strong>inva-</strong></span> 
     </span>
    </p>
   </div>
   <div class='ocr_carea' id='block_1_87' title="bbox 2167 4284 3720 4382">
    <p class='ocr_par' dir='ltr' id='par_1_87' title="bbox 2167 4284 3720 4382">
     <span class='ocr_line' id='line_1_87' title="bbox 2167 4284 3720 4382; baseline -0.013 -17"><span class='ocrx_word' id='word_1_591' title='bbox 2167 4311 2331 4378; x_wconf 88' lang='lat' dir='ltr'><strong>dens,</strong></span> <span class='ocrx_word' id='word_1_592' title='bbox 2367 4326 2470 4382; x_wconf 91' lang='lat' dir='ltr'><strong>per</strong></span> <span class='ocrx_word' id='word_1_593' title='bbox 2508 4312 2636 4364; x_wconf 87' lang='lat' dir='ltr'><strong>octo</strong></span> <span class='ocrx_word' id='word_1_594' title='bbox 2667 4325 2956 4364; x_wconf 90' lang='lat' dir='ltr'><strong>annorum</strong></span> <span class='ocrx_word' id='word_1_595' title='bbox 2983 4310 3266 4364; x_wconf 89' lang='lat' dir='ltr'><strong>curricula</strong></span> <span class='ocrx_word' id='word_1_596' title='bbox 3289 4295 3614 4379; x_wconf 79' lang='lat' dir='ltr'><strong>principatus</strong></span> <span class='ocrx_word' id='word_1_597' title='bbox 3636 4284 3720 4382; x_wconf 55' lang='lat' dir='ltr'><strong>est--</strong></span> 
     </span>
    </p>
   </div>
   <div class='ocr_carea' id='block_1_88' title="bbox 449 4372 3720 4477">
    <p class='ocr_par' dir='ltr' id='par_1_88' title="bbox 449 4372 3720 4477">
     <span class='ocr_line' id='line_1_88' title="bbox 449 4372 3720 4477; baseline -0 -27"><span class='ocrx_word' id='word_1_598' title='bbox 449 4372 746 4467; x_wconf 81' lang='lat' dir='ltr'><strong>gustinum</strong></span> <span class='ocrx_word' id='word_1_599' title='bbox 775 4400 832 4450; x_wconf 91' lang='lat' dir='ltr'><strong>et</strong></span> <span class='ocrx_word' id='word_1_600' title='bbox 867 4372 1141 4452; x_wconf 71' lang='lat' dir='ltr'><strong>Mellitum</strong></span> <span class='ocrx_word' id='word_1_601' title='bbox 1179 4402 1238 4452; x_wconf 91' lang='lat' dir='ltr'><strong>et</strong></span> <span class='ocrx_word' id='word_1_602' title='bbox 1263 4400 1546 4454; x_wconf 89' lang='lat' dir='ltr'><strong>Joannem</strong></span> <span class='ocrx_word' id='word_1_603' title='bbox 1578 4418 1707 4455; x_wconf 90' lang='lat' dir='ltr'><strong>cum</strong></span> <span class='ocrx_word' id='word_1_604' title='bbox 1735 4372 1862 4456; x_wconf 71' lang='lat' dir='ltr'><strong>aliis</strong></span> <span class='ocrx_word' id='word_1_605' title='bbox 1889 4401 2063 4472; x_wconf 89' lang='lat' dir='ltr'><strong>pluri-</strong></span> <span class='ocrx_word' id='word_1_606' title='bbox 2093 4419 2144 4477; x_wconf 82' lang='lat' dir='ltr'><strong>D</strong></span> <span class='ocrx_word' id='word_1_607' title='bbox 2167 4372 2346 4471; x_wconf 83' lang='lat' dir='ltr'><strong>Hujus</strong></span> <span class='ocrx_word' id='word_1_608' title='bbox 2368 4372 2632 4454; x_wconf 47' lang='lat' dir='ltr'><strong>.secundo</strong></span> <span class='ocrx_word' id='word_1_609' title='bbox 2665 4415 2819 4454; x_wconf 90' lang='lat' dir='ltr'><strong>anno</strong></span> <span class='ocrx_word' id='word_1_610' title='bbox 2868 4399 3184 4454; x_wconf 89' lang='lat' dir='ltr'><strong>indictione</strong></span> <span class='ocrx_word' id='word_1_611' title='bbox 3233 4372 3427 4453; x_wconf 76' lang='lat' dir='ltr'><strong>octava</strong></span> <span class='ocrx_word' id='word_1_612' title='bbox 3457 4372 3720 4477; x_wconf 44' lang='lat' dir='ltr'><strong>Gregfri&#39;is</strong></span> 
     </span>
    </p>
   </div>
   <div class='ocr_carea' id='block_1_89' title="bbox 447 4487 2062 4554">
    <p class='ocr_par' dir='ltr' id='par_1_89' title="bbox 447 4487 2062 4554">
     <span class='ocr_line' id='line_1_89' title="bbox 447 4487 2062 4554; baseline 0.004 -14"><span class='ocrx_word' id='word_1_613' title='bbox 447 4491 555 4540; x_wconf 87' lang='lat' dir='ltr'><strong>bus</strong></span> <span class='ocrx_word' id='word_1_614' title='bbox 586 4487 886 4540; x_wconf 88' lang='lat' dir='ltr'><strong>monachis</strong></span> <span class='ocrx_word' id='word_1_615' title='bbox 916 4487 1252 4542; x_wconf 88' lang='lat' dir='ltr'><strong>timentibus</strong></span> <span class='ocrx_word' id='word_1_616' title='bbox 1278 4490 1458 4544; x_wconf 91' lang='lat' dir='ltr'><strong>Deum</strong></span> <span class='ocrx_word' id='word_1_617' title='bbox 1481 4491 1538 4546; x_wconf 90' lang='lat' dir='ltr'><strong>in</strong></span> <span class='ocrx_word' id='word_1_618' title='bbox 1555 4492 1867 4546; x_wconf 87' lang='lat' dir='ltr'><strong>Britaniam</strong></span> <span class='ocrx_word' id='word_1_619' title='bbox 1887 4494 2062 4554; x_wconf 83' lang='lat' dir='ltr'><strong>misit,</strong></span> 
     </span>
    </p>
   </div>
   <div class='ocr_carea' id='block_1_90' title="bbox 449 4574 2063 4652">
    <p class='ocr_par' dir='ltr' id='par_1_90' title="bbox 449 4574 2063 4652">
     <span class='ocr_line' id='line_1_90' title="bbox 449 4574 2063 4652; baseline 0.006 -25"><span class='ocrx_word' id='word_1_620' title='bbox 449 4579 770 4646; x_wconf 87' lang='lat' dir='ltr'><strong>eorum‘que</strong></span> <span class='ocrx_word' id='word_1_621' title='bbox 801 4574 1215 4645; x_wconf 78' lang='lat' dir='ltr'><strong>przedicatione</strong></span> <span class='ocrx_word' id='word_1_622' title='bbox 1247 4576 1320 4630; x_wconf 91' lang='lat' dir='ltr'><strong>ad</strong></span> <span class='ocrx_word' id='word_1_623' title='bbox 1361 4577 1649 4634; x_wconf 83' lang='lat' dir='ltr'><strong>Christum</strong></span> <span class='ocrx_word' id='word_1_624' title='bbox 1683 4582 1899 4652; x_wconf 86' lang='lat' dir='ltr'><strong>Anglos</strong></span> <span class='ocrx_word' id='word_1_625' title='bbox 1927 4599 2063 4637; x_wconf 92' lang='lat' dir='ltr'><strong>con-</strong></span> 
     </span>
    </p>
   </div>
   <div class='ocr_carea' id='block_1_91' title="bbox 448 4663 642 4717">
    <p class='ocr_par' dir='ltr' id='par_1_91' title="bbox 448 4663 642 4717">
     <span class='ocr_line' id='line_1_91' title="bbox 448 4663 642 4717; baseline -0.005 -1"><span class='ocrx_word' id='word_1_626' title='bbox 448 4663 642 4717; x_wconf 89' lang='lat' dir='ltr'><strong>vertit.</strong></span> 
     </span>
    </p>
   </div>
   <div class='ocr_carea' id='block_1_92' title="bbox 522 4750 2067 4825">
    <p class='ocr_par' dir='ltr' id='par_1_92' title="bbox 522 4750 2067 4825">
     <span class='ocr_line' id='line_1_92' title="bbox 522 4750 2067 4825; baseline 0.005 -19"><span class='ocrx_word' id='word_1_627' title='bbox 522 4750 594 4820; x_wconf 93' lang='lat' dir='ltr'><strong>(c.</strong></span> <span class='ocrx_word' id='word_1_628' title='bbox 629 4752 743 4825; x_wconf 92' lang='lat'><strong>26.)</strong></span> <span class='ocrx_word' id='word_1_629' title='bbox 780 4753 874 4807; x_wconf 83' lang='lat' dir='ltr'><strong>llis</strong></span> <span class='ocrx_word' id='word_1_630' title='bbox 909 4753 1107 4808; x_wconf 87' lang='lat' dir='ltr'><strong>diebus</strong></span> <span class='ocrx_word' id='word_1_631' title='bbox 1141 4771 1272 4809; x_wconf 90' lang='lat' dir='ltr'><strong>cum</strong></span> <span class='ocrx_word' id='word_1_632' title='bbox 1309 4760 1500 4811; x_wconf 90' lang='lat' dir='ltr'><strong>essent</strong></span> <span class='ocrx_word' id='word_1_633' title='bbox 1529 4756 1666 4813; x_wconf 87' lang='lat' dir='ltr'><strong>anni</strong></span> <span class='ocrx_word' id='word_1_634' title='bbox 1705 4757 1775 4811; x_wconf 91' lang='lat' dir='ltr'><strong>ab</strong></span> <span class='ocrx_word' id='word_1_635' title='bbox 1808 4757 2067 4813; x_wconf 88' lang='lat' dir='ltr'><strong>incarna-</strong></span> 
     </span>
    </p>
   </div>
   <div class='ocr_carea' id='block_1_93' title="bbox 451 4838 2070 4919">
    <p class='ocr_par' dir='ltr' id='par_1_93' title="bbox 451 4838 2070 4919">
     <span class='ocr_line' id='line_1_93' title="bbox 451 4838 2070 4919; baseline 0.004 -25"><span class='ocrx_word' id='word_1_636' title='bbox 451 4838 613 4894; x_wconf 85' lang='lat' dir='ltr'><strong>tione</strong></span> <span class='ocrx_word' id='word_1_637' title='bbox 647 4842 877 4898; x_wconf 85' lang='lat' dir='ltr'><strong>Domini</strong></span> <span class='ocrx_word' id='word_1_638' title='bbox 909 4844 1332 4910; x_wconf 77' lang='lat' dir='ltr'><strong>588,defuncto</strong></span> <span class='ocrx_word' id='word_1_639' title='bbox 1360 4845 1533 4919; x_wconf 75' lang='lat' dir='ltr'><strong>Helya</strong></span> <span class='ocrx_word' id='word_1_640' title='bbox 1555 4846 1883 4918; x_wconf 87' lang='lat' dir='ltr'><strong>patriarcha</strong></span> <span class='ocrx_word' id='word_1_641' title='bbox 1897 4847 2070 4917; x_wconf 82' lang='lat' dir='ltr'><strong>Aqui-</strong></span> 
     </span>
    </p>
   </div>
   <div class='ocr_carea' id='block_1_94' title="bbox 445 4929 2065 5006">
    <p class='ocr_par' dir='ltr' id='par_1_94' title="bbox 445 4929 2065 5006">
     <span class='ocr_line' id='line_1_94' title="bbox 445 4929 2065 5006; baseline 0.001 -18"><span class='ocrx_word' id='word_1_642' title='bbox 445 4929 690 5000; x_wconf 88' lang='lat' dir='ltr'><strong>legensi,</strong></span> <span class='ocrx_word' id='word_1_643' title='bbox 725 4935 1029 5004; x_wconf 88' lang='lat' dir='ltr'><strong>postquam</strong></span> <span class='ocrx_word' id='word_1_644' title='bbox 1065 4936 1126 4987; x_wconf 82' lang='lat' dir='ltr'><strong>l5</strong></span> <span class='ocrx_word' id='word_1_645' title='bbox 1158 4951 1342 4989; x_wconf 89' lang='lat' dir='ltr'><strong>annos</strong></span> <span class='ocrx_word' id='word_1_646' title='bbox 1375 4935 1759 4990; x_wconf 88' lang='lat' dir='ltr'><strong>sacerdotium</strong></span> <span class='ocrx_word' id='word_1_647' title='bbox 1787 4940 2065 5006; x_wconf 88' lang='lat' dir='ltr'><strong>gesserat,</strong></span> 
     </span>
    </p>
   </div>
   <div class='ocr_carea' id='block_1_95' title="bbox 447 5019 2071 5096">
    <p class='ocr_par' dir='ltr' id='par_1_95' title="bbox 447 5019 2071 5096">
     <span class='ocr_line' id='line_1_95' title="bbox 447 5019 2071 5096; baseline 0.004 -25"><span class='ocrx_word' id='word_1_648' title='bbox 447 5019 702 5089; x_wconf 85' lang='lat' dir='ltr'><strong>sepultus</strong></span> <span class='ocrx_word' id='word_1_649' title='bbox 715 5021 964 5092; x_wconf 88' lang='lat' dir='ltr'><strong>estapud</strong></span> <span class='ocrx_word' id='word_1_650' title='bbox 984 5022 1335 5078; x_wconf 88' lang='lat' dir='ltr'><strong>Gradenscm</strong></span> <span class='ocrx_word' id='word_1_651' title='bbox 1357 5023 1730 5096; x_wconf 88' lang='lat' dir='ltr'><strong>metropolim</strong></span> <span class='ocrx_word' id='word_1_652' title='bbox 1749 5023 1807 5078; x_wconf 91' lang='lat' dir='ltr'><strong>in</strong></span> <span class='ocrx_word' id='word_1_653' title='bbox 1833 5024 2071 5078; x_wconf 88' lang='lat' dir='ltr'><strong>ecclesia</strong></span> 
     </span>
    </p>
   </div>
   <div class='ocr_carea' id='block_1_96' title="bbox 359 5108 2065 5185">
    <p class='ocr_par' dir='ltr' id='par_1_96' title="bbox 359 5108 2065 5185">
     <span class='ocr_line' id='line_1_96' title="bbox 359 5108 2065 5185; baseline 0.004 -25"><span class='ocrx_word' id='word_1_654' title='bbox 359 5121 364 5124; x_wconf 88' lang='grc'>·</span> <span class='ocrx_word' id='word_1_655' title='bbox 454 5110 666 5161; x_wconf 71' lang='lat' dir='ltr'><strong>sanctas</strong></span> <span class='ocrx_word' id='word_1_656' title='bbox 697 5108 971 5164; x_wconf 72' lang='lat' dir='ltr'><strong>Eufemire</strong></span> <span class='ocrx_word' id='word_1_657' title='bbox 1005 5111 1140 5184; x_wconf 89' lang='lat'><strong>(39.)</strong></span> <span class='ocrx_word' id='word_1_658' title='bbox 1170 5111 1354 5176; x_wconf 84' lang='lat' dir='ltr'><strong>Quem</strong></span> <span class='ocrx_word' id='word_1_659' title='bbox 1387 5112 1740 5182; x_wconf 87' lang='lat' dir='ltr'><strong>Smaragdus</strong></span> <span class='ocrx_word' id='word_1_660' title='bbox 1771 5113 2065 5185; x_wconf 89' lang='lat' dir='ltr'><strong>patricius,</strong></span> 
     </span>
    </p>
   </div>
   <div class='ocr_carea' id='block_1_97' title="bbox 2167 4468 3721 4561">
    <p class='ocr_par' dir='ltr' id='par_1_97' title="bbox 2167 4468 3721 4561">
     <span class='ocr_line' id='line_1_97' title="bbox 2167 4468 3721 4561; baseline -0.014 -14"><span class='ocrx_word' id='word_1_661' title='bbox 2167 4468 2316 4561; x_wconf 76' lang='lat' dir='ltr'><strong>papa</strong></span> <span class='ocrx_word' id='word_1_662' title='bbox 2337 4488 2694 4560; x_wconf 89' lang='lat' dir='ltr'><strong>migravitad</strong></span> <span class='ocrx_word' id='word_1_663' title='bbox 2717 4489 3051 4543; x_wconf 89' lang='lat' dir='ltr'><strong>Dominum.</strong></span> <span class='ocrx_word' id='word_1_664' title='bbox 3073 4488 3168 4542; x_wconf 83' lang='lat' dir='ltr'><strong>Hic</strong></span> <span class='ocrx_word' id='word_1_665' title='bbox 3189 4485 3428 4558; x_wconf 87' lang='lat' dir='ltr'><strong>rogante</strong></span> <span class='ocrx_word' id='word_1_666' title='bbox 3439 4468 3721 4561; x_wconf 49' lang='lat' dir='ltr'><strong>papalfolllf</strong></span> 
     </span>
    </p>
   </div>
   <div class='ocr_carea' id='block_1_98' title="bbox 2165 4555 3718 4646">
    <p class='ocr_par' dir='ltr' id='par_1_98' title="bbox 2165 4555 3718 4646">
     <span class='ocr_line' id='line_1_98' title="bbox 2165 4555 3718 4646; baseline -0.006 -14"><span class='ocrx_word' id='word_1_667' title='bbox 2165 4555 2314 4632; x_wconf 60' lang='lat' dir='ltr'><strong>iacio</strong></span> <span class='ocrx_word' id='word_1_668' title='bbox 2342 4555 2537 4632; x_wconf 76' lang='lat' dir='ltr'><strong>statuit</strong></span> <span class='ocrx_word' id='word_1_669' title='bbox 2563 4577 2760 4632; x_wconf 90' lang='lat' dir='ltr'><strong>sedem</strong></span> <span class='ocrx_word' id='word_1_670' title='bbox 2786 4578 3061 4632; x_wconf 65' lang='lat' dir='ltr'><strong>Romana:</strong></span> <span class='ocrx_word' id='word_1_671' title='bbox 3087 4580 3145 4630; x_wconf 90' lang='lat' dir='ltr'><strong>et</strong></span> <span class='ocrx_word' id='word_1_672' title='bbox 3167 4555 3483 4646; x_wconf 69' lang='lat' dir='ltr'><strong>apostolica:</strong></span> <span class='ocrx_word' id='word_1_673' title='bbox 3508 4555 3718 4646; x_wconf 47' lang='lat'><strong>600135”</strong></span> 
     </span>
    </p>
   </div>
   <div class='ocr_carea' id='block_1_99' title="bbox 2167 4641 3722 4744">
    <p class='ocr_par' dir='ltr' id='par_1_99' title="bbox 2167 4641 3722 4744">
     <span class='ocr_line' id='line_1_99' title="bbox 2167 4641 3722 4744; baseline -0.005 -23"><span class='ocrx_word' id='word_1_674' title='bbox 2167 4670 2339 4739; x_wconf 89' lang='lat' dir='ltr'><strong>caput</strong></span> <span class='ocrx_word' id='word_1_675' title='bbox 2365 4684 2486 4721; x_wconf 90' lang='lat' dir='ltr'><strong>esse</strong></span> <span class='ocrx_word' id='word_1_676' title='bbox 2509 4667 2772 4721; x_wconf 91' lang='lat' dir='ltr'><strong>omnium</strong></span> <span class='ocrx_word' id='word_1_677' title='bbox 2795 4665 3188 4734; x_wconf 88' lang='lat' dir='ltr'><strong>ecclesiarum,</strong></span> <span class='ocrx_word' id='word_1_678' title='bbox 3213 4663 3346 4737; x_wconf 88' lang='lat' dir='ltr'><strong>quia</strong></span> <span class='ocrx_word' id='word_1_679' title='bbox 3364 4648 3580 4744; x_wconf 51' lang='lat' dir='ltr'><strong>ecclesiif</strong></span> <span class='ocrx_word' id='word_1_680' title='bbox 3602 4641 3722 4744; x_wconf 64' lang='grc' dir='ltr'><strong>θοῗ</strong></span> 
     </span>
    </p>
   </div>
   <div class='ocr_carea' id='block_1_100' title="bbox 2165 4736 3717 4829">
    <p class='ocr_par' dir='ltr' id='par_1_100' title="bbox 2165 4736 3717 4829">
     <span class='ocr_line' id='line_1_100' title="bbox 2165 4736 3717 4829; baseline -0.013 -18"><span class='ocrx_word' id='word_1_681' title='bbox 2165 4736 2684 4828; x_wconf 73' lang='lat' dir='ltr'><strong>stantinopolitana</strong></span> <span class='ocrx_word' id='word_1_682' title='bbox 2725 4757 2972 4826; x_wconf 89' lang='lat' dir='ltr'><strong>primam</strong></span> <span class='ocrx_word' id='word_1_683' title='bbox 3015 4771 3076 4810; x_wconf 90' lang='lat' dir='ltr'><strong>se</strong></span> <span class='ocrx_word' id='word_1_684' title='bbox 3107 4736 3366 4810; x_wconf 81' lang='lat' dir='ltr'><strong>omnium</strong></span> <span class='ocrx_word' id='word_1_685' title='bbox 3397 4736 3717 4829; x_wconf 38' lang='lat' dir='ltr'><strong>ecclesiam?</strong></span> 
     </span>
    </p>
   </div>
   <div class='ocr_carea' id='block_1_101' title="bbox 2169 4810 3720 4916">
    <p class='ocr_par' dir='ltr' id='par_1_101' title="bbox 2169 4810 3720 4916">
     <span class='ocr_line' id='line_1_101' title="bbox 2169 4810 3720 4916; baseline -0.008 -16"><span class='ocrx_word' id='word_1_686' title='bbox 2169 4810 2809 4901; x_wconf 13' lang='lat' dir='ltr'><strong>scribebatﬁldemallio</strong></span> <span class='ocrx_word' id='word_1_687' title='bbox 2837 4861 2988 4916; x_wconf 89' lang='lat' dir='ltr'><strong>papa</strong></span> <span class='ocrx_word' id='word_1_688' title='bbox 3013 4844 3304 4899; x_wconf 78' lang='lat' dir='ltr'><strong>Bonifacio</strong></span> <span class='ocrx_word' id='word_1_689' title='bbox 3333 4810 3720 4916; x_wconf 41' lang='grc' dir='ltr'><strong>ρθιεηῑθνᾷιξθξξξ</strong></span> 
     </span>
    </p>
   </div>
   <div class='ocr_carea' id='block_1_102' title="bbox 2169 4906 3716 5006">
    <p class='ocr_par' dir='ltr' id='par_1_102' title="bbox 2169 4906 3716 5006">
     <span class='ocr_line' id='line_1_102' title="bbox 2169 4906 3716 5006; baseline 0.006 -17"><span class='ocrx_word' id='word_1_690' title='bbox 2169 4935 2228 4989; x_wconf 88' lang='lat' dir='ltr'><strong>in</strong></span> <span class='ocrx_word' id='word_1_691' title='bbox 2259 4934 2438 4990; x_wconf 79' lang='lat' dir='ltr'><strong>veteri</strong></span> <span class='ocrx_word' id='word_1_692' title='bbox 2477 4935 2636 5002; x_wconf 82' lang='lat' dir='ltr'><strong>fano,</strong></span> <span class='ocrx_word' id='word_1_693' title='bbox 2667 4934 2821 5006; x_wconf 93' lang='lat' dir='ltr'><strong>quod</strong></span> <span class='ocrx_word' id='word_1_694' title='bbox 2839 4906 3179 4989; x_wconf 43' lang='lat' dir='ltr'><strong>lPantheum</strong></span> <span class='ocrx_word' id='word_1_695' title='bbox 3210 4906 3518 4990; x_wconf 60' lang='lat' dir='ltr'><strong>vocabatur.</strong></span> <span class='ocrx_word' id='word_1_696' title='bbox 3548 4906 3716 5006; x_wconf 32' lang='lat' dir='ltr'><strong>ablatis</strong></span> 
     </span>
    </p>
   </div>
   <div class='ocr_carea' id='block_1_103' title="bbox 2167 5002 3716 5099">
    <p class='ocr_par' dir='ltr' id='par_1_103' title="bbox 2167 5002 3716 5099">
     <span class='ocr_line' id='line_1_103' title="bbox 2167 5002 3716 5099; baseline -0.012 -20"><span class='ocrx_word' id='word_1_697' title='bbox 2167 5024 2448 5097; x_wconf 72' lang='lat' dir='ltr'><strong>ydolatrae</strong></span> <span class='ocrx_word' id='word_1_698' title='bbox 2471 5002 2733 5078; x_wconf 77' lang='lat' dir='ltr'><strong>sordibus</strong></span> <span class='ocrx_word' id='word_1_699' title='bbox 2761 5023 3058 5078; x_wconf 88' lang='lat' dir='ltr'><strong>ecclesiam</strong></span> <span class='ocrx_word' id='word_1_700' title='bbox 3092 5025 3274 5078; x_wconf 63' lang='lat' dir='ltr'><strong>beatae</strong></span> <span class='ocrx_word' id='word_1_701' title='bbox 3298 5013 3608 5099; x_wconf 45' lang='lat' dir='ltr'><strong>semperqlle</strong></span> 
     </span>
    </p>
   </div>
   <div class='ocr_carea' id='block_1_104' title="bbox 2171 5093 3714 5185">
    <p class='ocr_par' dir='ltr' id='par_1_104' title="bbox 2171 5093 3714 5185">
     <span class='ocr_line' id='line_1_104' title="bbox 2171 5093 3714 5185; baseline -0.009 1"><span class='ocrx_word' id='word_1_702' title='bbox 2171 5093 2322 5185; x_wconf 55' lang='lat' dir='ltr'><strong>Sinis</strong></span> <span class='ocrx_word' id='word_1_703' title='bbox 2346 5112 2534 5169; x_wconf 71' lang='lat' dir='ltr'><strong>Maria:</strong></span> <span class='ocrx_word' id='word_1_704' title='bbox 2552 5116 2610 5167; x_wconf 87' lang='lat' dir='ltr'><strong>et</strong></span> <span class='ocrx_word' id='word_1_705' title='bbox 2627 5111 2891 5167; x_wconf 88' lang='lat' dir='ltr'><strong>omnium</strong></span> <span class='ocrx_word' id='word_1_706' title='bbox 2912 5112 3220 5168; x_wconf 89' lang='lat' dir='ltr'><strong>martirum</strong></span> <span class='ocrx_word' id='word_1_707' title='bbox 3244 5105 3446 5172; x_wconf 63' lang='lat' dir='ltr'><strong>ﬁeri:Ut</strong></span> <span class='ocrx_word' id='word_1_708' title='bbox 3462 5093 3546 5150; x_wconf 66' lang='lat' dir='ltr'><strong>“bi</strong></span> <span class='ocrx_word' id='word_1_709' title='bbox 3566 5093 3714 5156; x_wconf 46' lang='lat' dir='ltr'><strong>quo&quot;.</strong></span> 
     </span>
    </p>
   </div>
   <div class='ocr_carea' id='block_1_105' title="bbox 1764 5260 2456 5320">
    <p class='ocr_par' dir='ltr' id='par_1_105' title="bbox 1764 5260 2456 5320">
     <span class='ocr_line' id='line_1_105' title="bbox 1764 5260 2456 5320; baseline 0.007 -5"><span class='ocrx_word' id='word_1_710' title='bbox 1764 5260 1999 5317; x_wconf 62' lang='lat' dir='ltr'><strong>VARIIE</strong></span> <span class='ocrx_word' id='word_1_711' title='bbox 2055 5261 2347 5320; x_wconf 84' lang='lat' dir='ltr'><strong>LECTION</strong></span> <span class='ocrx_word' id='word_1_712' title='bbox 2354 5260 2456 5320; x_wconf 88' lang='lat' dir='ltr'><strong>ES.</strong></span> 
     </span>
    </p>
   </div>
   <div class='ocr_carea' id='block_1_106' title="bbox 515 5356 1076 5416">
    <p class='ocr_par' dir='ltr' id='par_1_106' title="bbox 515 5356 1076 5416">
     <span class='ocr_line' id='line_1_106' title="bbox 515 5356 1076 5416; baseline 0.004 -4"><span class='ocrx_word' id='word_1_713' title='bbox 515 5365 559 5401; x_wconf 75' lang='grc'><strong>1⁸</strong></span> <span class='ocrx_word' id='word_1_714' title='bbox 580 5356 631 5413; x_wconf 91' lang='grc'><strong>1.</strong></span> <span class='ocrx_word' id='word_1_715' title='bbox 661 5375 705 5414; x_wconf 88' lang='lat' dir='ltr'><strong>e.</strong></span> <span class='ocrx_word' id='word_1_716' title='bbox 741 5357 1076 5416; x_wconf 89' lang='lat' dir='ltr'><strong>desciverat.</strong></span> 
     </span>
    </p>
   </div>
   <div class='ocr_carea' id='block_1_107' title="bbox 1996 5516 2221 5576">
    <p class='ocr_par' dir='ltr' id='par_1_107' title="bbox 1996 5516 2221 5576">
     <span class='ocr_line' id='line_1_107' title="bbox 1996 5516 2221 5576; baseline 0.013 -3"><span class='ocrx_word' id='word_1_717' title='bbox 1996 5516 2221 5576; x_wconf 64' lang='lat' dir='ltr'><strong>NOTAE.</strong></span> 
     </span>
    </p>
   </div>
   <div class='ocr_carea' id='block_1_108' title="bbox 515 5621 1590 5696">
    <p class='ocr_par' dir='ltr' id='par_1_108' title="bbox 515 5621 1590 5696">
     <span class='ocr_line' id='line_1_108' title="bbox 515 5621 1590 5696; baseline -0.002 -16"><span class='ocrx_word' id='word_1_718' title='bbox 515 5623 634 5696; x_wconf 88' lang='lat'><strong>(38)</strong></span> <span class='ocrx_word' id='word_1_719' title='bbox 670 5623 878 5696; x_wconf 88' lang='lat' dir='ltr'><strong>Paulus</strong></span> <span class='ocrx_word' id='word_1_720' title='bbox 899 5621 1150 5696; x_wconf 59' lang='lat' dir='ltr'><strong>scilicet,</strong></span> <span class='ocrx_word' id='word_1_721' title='bbox 1169 5637 1288 5678; x_wconf 92' lang='lat' dir='ltr'><strong>non</strong></span> <span class='ocrx_word' id='word_1_722' title='bbox 1316 5621 1590 5678; x_wconf 86' lang='lat' dir='ltr'><strong>Joannes.</strong></span> 
     </span>
    </p>
   </div>
   <div class='ocr_carea' id='block_1_109' title="bbox 510 5694 1730 5774">
    <p class='ocr_par' dir='ltr' id='par_1_109' title="bbox 510 5694 1730 5774">
     <span class='ocr_line' id='line_1_109' title="bbox 510 5694 1730 5774; baseline -0.001 -21"><span class='ocrx_word' id='word_1_723' title='bbox 510 5694 628 5772; x_wconf 83' lang='lat'><strong>(39)</strong></span> <span class='ocrx_word' id='word_1_724' title='bbox 662 5695 855 5754; x_wconf 89' lang='lat' dir='ltr'><strong>Severi</strong></span> <span class='ocrx_word' id='word_1_725' title='bbox 878 5694 1229 5774; x_wconf 81' lang='lat' dir='ltr'><strong>patriarchae</strong></span> <span class='ocrx_word' id='word_1_726' title='bbox 1254 5711 1474 5754; x_wconf 86' lang='lat' dir='ltr'><strong>nomen</strong></span> <span class='ocrx_word' id='word_1_727' title='bbox 1505 5694 1730 5752; x_wconf 88' lang='lat' dir='ltr'><strong>excidit.</strong></span> 
     </span>
    </p>
   </div>
   <div class='ocr_carea' id='block_1_110' title="bbox 2219 5623 3238 5702">
    <p class='ocr_par' dir='ltr' id='par_1_110' title="bbox 2219 5623 3238 5702">
     <span class='ocr_line' id='line_1_110' title="bbox 2219 5623 3238 5702; baseline -0.001 -18"><span class='ocrx_word' id='word_1_728' title='bbox 2219 5624 2333 5702; x_wconf 75' lang='grc'><strong>(40)</strong></span> <span class='ocrx_word' id='word_1_729' title='bbox 2363 5623 2737 5687; x_wconf 73' lang='lat' dir='ltr'><strong>Candidianus</strong></span> <span class='ocrx_word' id='word_1_730' title='bbox 2765 5627 2983 5689; x_wconf 68' lang='lat' dir='ltr'><strong>antistes</strong></span> <span class='ocrx_word' id='word_1_731' title='bbox 3016 5626 3238 5686; x_wconf 82' lang='lat' dir='ltr'><strong>Paulus.</strong></span> 
     </span>
    </p>
   </div>
  </div>
