3998 6166
243 412 342 469 335
1530 338 1938 445 CHRONICON
1974 377 2325 441 VFNETUM.
3508 387 3614 440 335

242 534 374 589 dam
403 544 528 585 non
551 523 804 581 deorum
828 517 932 576 sed
949 515 1354 573 demoniorum
1371 513 1557 569 cultus
1574 513 1881 596 agebatur,
1907 514 1965 574 Α
1986 509 2124 582 quia
2154 525 2287 564 eam
2318 523 2453 562 suus
2475 506 2562 562 vir
2586 506 2911 580 requireret
2940 510 3370 580 suggesserunt.
3396 506 3617 572 Quibus

242 621 318 677 ibi
336 619 622 686 deinceps
637 611 911 669 omnium
930 609 1093 662 ﬁeret
1110 595 1886 662 memoriasanctorum.tlu-
1994 597 2094 653 illa
2116 596 2424 669 respondit
2451 613 2463 650 :
2497 595 2598 664 Ite,
2627 598 2932 652 renunciata
2954 597 3073 666 regi
3095 602 3267 650 vestro
3298 603 3347 650 et
3375 595 3612 666 domino,

233 711 327 784 jus
350 683 628 778 tempore
655 699 907 776 prassini
931 701 990 752 et
1010 696 1194 750 veneti
1219 711 1321 768 per
1340 692 1640 748 Orientem
1665 695 1723 746 et
1741 692 1892 762 Egy-
1995 687 2274 784 quidnisi,
2296 688 2432 739 sicut
2461 703 2552 754 ego
2571 686 2694 784 jam
2711 684 2931 752 credidi,
2956 686 3030 738 ita
3057 686 3314 784 etiipseOin
3341 683 3618 784 Christum

242 780 405 873 ptum
426 795 596 850 civile
619 791 844 846 bellum
864 785 1173 873 faciunt,ac
1199 799 1319 838 sese
1344 783 1546 873 mutua
1561 780 1723 873 caede
1749 794 1892 849 pro-

244 866 738 941 sternunt.Persae
759 891 994 949 quoque
1016 872 1281 926 adversus
1299 885 1423 924 rem
1441 866 1736 938 publicam
1756 882 1898 936 gra-

245 976 478 1031 vissima
500 972 662 1026 bella
679 969 974 1040 gerentes,
999 963 1210 1016 multas
1231 962 1629 1014 Romanorum
1653 954 1902 1025 provin-

249 1065 362 1122 cias
383 1067 443 1118 et
468 1061 661 1134 ipsam
682 1053 1092 1112 Jerosolimarn
1114 1050 1414 1113 auferunt;
1435 1048 1493 1100 et
1519 1045 1904 1098 destruentes

251 1133 542 1216 ecclesiaS,
564 1147 768 1202 sancta
792 1157 1025 1215 quoque
1053 1139 1509 1210 prOphanantes,
1534 1133 1695 1186 inter
1715 1146 1904 1186 orna-

252 1243 452 1298 menta
478 1240 751 1293 locorum
778 1232 1113 1287 sanctorum
1145 1228 1237 1281 vel
1271 1221 1678 1281 communium
1710 1218 1905 1274 etiam

251 1330 524 1386 vexillum
559 1319 871 1379 dominicae
899 1315 1079 1372 crucis
1118 1314 1438 1370 abducunt.
1475 1312 1694 1366 Contra
1734 1307 1903 1364 hunc

255 1422 534 1478 Focatem
571 1409 919 1472 Eraclianus,
936 1405 1030 1476 qui
1060 1404 1326 1458 Africam
1357 1400 1618 1473 regebat,
1643 1397 1900 1453 rebella-

258 1512 359 1576 vit;
379 1513 560 1580 atque
586 1519 721 1558 cum
745 1493 987 1554 exercitu
1009 1492 1436 1559 veniens,eum
1457 1504 1641 1561 regno
1661 1487 1898 1558 vitaque

259 1576 526 1673 privavit,
542 1605 788 1662 remque
804 1582 1091 1658 publicam
1123 1583 1458 1636 Romanam
1477 1576 1748 1639 Eraclius,
1772 1576 1899 1647 ejus

262 1672 432 1754 illius,
469 1679 797 1754 regendam
823 1672 1078 1743 suscepit.

334 1775 624 1834 Defuncto
676 1769 870 1823 autem
917 1759 1238 1824 Marciano,
1281 1755 1379 1829 qui
1422 1756 1721 1812 ecclesiam
1757 1755 1896 1809 Gra-

1999 774 2309 840 crediderit,
2343 791 2425 828 me
2443 791 2564 844 jam
2591 775 2730 828 ultra
2759 780 3051 827 consortem
3079 774 3250 828 tlieori
3286 774 3478 830 habere
3510 792 3618 828 non

1991 865 2211 932 poterit.
2235 861 2384 926 Quid
2406 864 2587 917 multa
2600 864 2626 916 ’ἶ
2663 862 2890 917 Reversi
2908 862 3082 934 legati
3102 862 3174 916 ad
3195 863 3468 933 patriam,
3493 863 3618 916 uni-

2002 967 2166 1005 versa
2196 968 2324 1022 quae
2356 951 2660 1006 audierant
2686 968 2786 1005 suo
2809 951 2929 1021 regi
2949 951 3322 1019 renunciant;
3351 951 3447 1022 qui
3472 950 3616 1005 nihil

2008 1041 2266 1093 moratus
2292 1055 2424 1093 cum
2454 1039 2754 1110 sexaginta
2784 1039 3016 1093 milibus
3040 1038 3174 1093 viris
3205 1039 3615 1094 Constantino-

2006 1133 2203 1198 polym
2254 1126 2486 1198 paciﬁce
2531 1127 2604 1182 ad
2647 1126 3063 1198 imperatorem
3090 1129 3316 1183 venit.A
3346 1145 3458 1200 quo
3489 1144 3619 1198 gra-

2006 1217 2202 1269 tanter
2219 1218 2275 1269 et
2297 1215 2429 1270 satis
2451 1216 2625 1286 digne
2642 1218 2938 1286 susceptus
2959 1215 3322 1280 est.0uicum
3341 1215 3616 1270 universis

2007 1301 2293 1358 Christum
2325 1304 2629 1359 dominum
2655 1303 2916 1370 credens,
2939 1304 3157 1374 pariter
3182 1319 3312 1359 cum
3345 1303 3618 1359 omnibus

2003 1391 2118 1446 suis
2145 1392 2289 1447 sacri
2321 1393 2682 1464 baptismatis
2712 1392 2869 1447 unda
2899 1393 3164 1462 perfusus
3188 1397 3293 1455 est,
3318 1396 3375 1447 et
3405 1393 3476 1446 ab
3514 1409 3615 1446 au-

2001 1484 2169 1552 gusto
2203 1480 2274 1535 de
2311 1481 2472 1536 fonte
2511 1483 2749 1549 levatus,
2783 1481 3066 1536 catholica
3093 1480 3208 1535 fide
3242 1481 3618 1535 confirmatus

2002 1572 2106 1624 est.
2140 1568 2439 1642 Multisque
2479 1569 2819 1623 muneribus
2861 1569 2934 1623 ab
2979 1571 3222 1638 augusto
3266 1569 3614 1635 honoratus,

2001 1660 2238 1730 accepta
2256 1675 2360 1712 sua
2383 1658 2652 1730 conjuge,
2676 1659 2821 1712 letus
2852 1659 2911 1712 et
2940 1657 3200 1729 gaudens
3231 1657 3304 1712 ad
3329 1673 3495 1712 suam
3521 1673 3620 1730 pa-

1999 1747 2174 1802 triam
2206 1746 2522 1819 repedavit.

269 1833 514 1925 densem
546 1859 778 1915 rexerat
805 1868 984 1909 annos
1011 1853 1158 1916 tres,
1185 1846 1307 1902 dies
1332 1845 1606 1918 quinque,
1632 1842 1900 1899 successit
1920 1833 1972 1892 B
2072 1838 2243 1890 Anno
2276 1834 2348 1890 ab
2381 1835 2781 1890 incarnatione
2814 1835 3046 1892 Domini
3076 1834 3489 1891 sexcentesimo
3522 1851 3612 1889 se-

271 1952 694 2012 Candidianus.

339 2045 412 2114 (c.
447 2039 570 2110 49.)
599 2034 696 2090 His
728 2032 928 2088 diebus
958 2025 1236 2084 defuncto
1267 2021 1546 2114 Heraclio,
1576 2020 1672 2094 qui
1676 2017 1902 2114 _viginti

271 2109 635 2204 et‘quinque
678 2138 864 2179 annos
904 2116 1264 2190 gubernarat
1308 2111 1640 2182 imperium,
1675 2109 1903 2163 Eraclo-

271 2197 484 2286 nas-15,
519 2197 651 2287 ejus
695 2211 867 2277 ﬁlius,
899 2223 1030 2262 cum
1065 2207 1256 2258 matre
1292 2201 1533 2256 Martina
1565 2197 1734 2269 regni
1767 2197 1904 2287 jura

271 2285 834 2380 suscepit,_rexitque
853 2293 1165 2368 imperium
1190 2290 1415 2345 duobus
1435 2288 1620 2345 annis.
1642 2287 1766 2351 Quo
1787 2285 1904 2340 vita

276 2376 913 2460 decedente,successit
935 2383 1136 2438 inloco
1170 2380 1294 2451 ejus
1326 2376 1754 2443 Constantinus,
1779 2390 1906 2445 ger-

274 2501 484 2542 manus
533 2478 824 2552 ejusdem,
854 2472 996 2529 alius
1023 2468 1176 2524 filius
1213 2466 1473 2533 Heraclii,
1506 2463 1905 2536 inperavitque

275 2572 577 2632 mensibus
607 2584 728 2623 sex.

349 2665 419 2735 (c.
455 2660 574 2730 33.)
605 2658 858 2711 Rursum
886 2663 1087 2704 mense
1118 2643 1453 2702 Novembris
1483 2646 1541 2698 et
1575 2640 1908 2698 Decembris

275 2729 440 2810 stalla
481 2744 739 2804 cometis
779 2738 1070 2813 apparuit.
1106 2733 1465 2790 Candidiano
1501 2740 1543 2774 ιο
1579 2729 1910 2804 patriarcha

282 2854 516 2915 quoque
551 2833 831 2892 defuncto
855 2826 1010 2900 apud
1040 2824 1278 2915 Gradus,
1308 2820 1405 2894 qui
1430 2817 1907 2915 ecclesiam-Gra-

282 2906 529 2986 dens—em
565 2922 800 2978 rexerat
820 2931 1006 2972 annos
1037 2912 1317 2985 quinque,
1345 2910 1645 2965 ordinatur
1670 2906 1911 2979 patriar-

282 3021 391 3075 cha
418 3009 808 3087 Epiphanius,
827 3005 924 3078 qui
943 3003 1127 3058 fuerat
1145 2998 1506 3087 primicerius
1524 2996 1906 3087 notariorum,

283 3109 356 3163 ab
386 3084 687 3177 episcopis
713 3096 811 3169 qui
838 3095 1008 3149 erant
1036 3090 1139 3144 sub
1167 3086 1460 3177 Romanis;
1481 3089 1539 3141 et
1558 3084 1740 3141 exitio
1769 3087 1914 3138 tem-

281 3176 436 3268 pore,
458 3189 770 3259 coeperunt
795 3199 917 3238 esse
948 3181 1062 3235 duo
1093 3176 1434 3268 patriarche.

356 3286 426 3352 lc.
457 3281 578 3340 49.)
599 3277 821 3332 Mortuo
854 3287 987 3325 vero
1012 3268 1140 3339 jam
1175 3265 1328 3321 dicto
1374 3263 1751 3320 Constantino
1782 3261 1910 3352 tilio

285 3349 564 3434 Heraclii,
601 3359 1014 3420 Constantinus
1044 3355 1304 3426 ejusdem
1332 3353 1481 3408 ﬁlius
1519 3353 1591 3407 ad
1629 3350 1795 3423 regni
1824 3349 1910 3404 di-

284 3460 583 3533 gnitatem
610 3450 890 3511 ascendit,
915 3445 1214 3516 tenuitque
1235 3459 1484 3514 regnum
1505 3439 1672 3497 annis
1694 3442 1821 3494 octo
1855 3442 1914 3494 et

284 3545 520 3620 viginti.

359 3619 429 3706 (ε.
466 3635 585 3694 50.)
615 3629 779 3685 Circa
804 3626 930 3680 haec
959 3627 1229 3693 tempora
1255 3619 1408 3692 regis
1438 3620 1746 3674 Persarum
1771 3633 1910 3672 con-

275 3727 447 3799 junx,
470 3719 717 3776 nomine
749 3716 975 3781 Cesara,
1001 3712 1071 3766 de
1089 3709 1319 3765 Perside
1342 3708 1556 3774 exiens,
1572 3722 1702 3760 cum
1722 3708 1915 3778 paucis

282 3794 399 3870 suis
418 3807 699 3866 ﬁdelibus
719 3803 944 3876 privato
968 3798 1168 3854 habitu
1188 3801 1426 3870 propter
1443 3795 1755 3851 christiane
1779 3794 1913 3850 ﬁdei

283 3913 560 3958 amorem
593 3889 1177 3960 Constantinopolym
1195 3887 1368 3941 venit.
1393 3885 1530 3950 Quae
1558 3884 1630 3938 ab
1660 3883 1912 3953 impera-

282 3994 412 4045 tore
444 3982 774 4042 honoriflce
805 3980 1094 4048 suscepta,
1115 3976 1237 4047 post
1267 3974 1490 4046 aliquos
1523 3971 1665 4034 dies,
1686 3971 1912 4026 utdesi-

285 4076 562 4140 derabat,
592 4068 953 4140 baptismum
998 4067 1308 4120 consecuta
1345 4065 1404 4117 et
1448 4061 1519 4116 ab
1562 4061 1804 4130 augusta
1844 4059 1916 4114 de

287 4180 458 4222 sacro
488 4161 659 4217 fonte
688 4159 878 4212 levata
905 4157 1008 4209 est.
1030 4151 1194 4216 Quod
1224 4151 1307 4206 vir
1338 4149 1460 4220 ejus
1486 4151 1790 4204 Persarum
1817 4164 1917 4202 rex

286 4253 562 4317 audiens,
583 4247 808 4318 legatos
834 4241 1414 4312 Constantinopolym
1440 4239 1514 4294 ad
1541 4239 1848 4309 augustum
1872 4243 1916 4278 17

288 4340 528 4408 direxit,
549 4338 836 4410 quatenus
856 4331 1046 4387 eidem
1068 4345 1306 4384 uxorem
1325 4344 1490 4383 suam
1511 4324 1915 4389 redderet.0ui

287 4431 368 4488 ad
397 4427 826 4501 imperatorem
858 4419 1177 4481 venientes,
1209 4417 1384 4472 verba
1413 4414 1566 4487 regis
1610 4415 1914 4468 Persarum

2003 1924 2192 1980 cundo
2228 1932 2272 1965 18
2305 1923 2657 1994 Epiphanius
2697 1924 3026 1994 patriarcha
3069 1927 3332 1978 mortuus
3371 1927 3476 1992 est,
3517 1922 3620 1993 qui

2003 2012 2306 2068 ecclesiam
2344 2012 2696 2067 Gradensem
2727 2013 2873 2068 rexit
2913 2029 3099 2068 annos
3139 2016 3169 2066 5
3207 2014 3264 2066 et
3295 2027 3523 2066 menses
3560 2014 3616 2068 3.

2002 2102 2143 2157 Huic
2168 2102 2435 2156 successit
2461 2101 2778 2174 Cyprianus
2799 2102 3148 2174 patriarcha.

2077 2193 2160 2260 (P.
2197 2192 2259 2245 D.
2293 2208 2343 2245 v.
2379 2193 2460 2261 6.)
2500 2191 2592 2246 His
2627 2191 2830 2246 diebus
2870 2189 3279 2246 Constantinus
3321 2191 3618 2261 angustus,

2005 2280 2103 2354 qui
2133 2284 2191 2334 et
2210 2279 2490 2335 Constans
2510 2283 2596 2335 est
2615 2280 2952 2352 appellatus,
2970 2278 3213 2333 Ytaliam
3235 2294 3271 2332 a
3287 2277 3623 2349 Langobar-

2009 2371 2219 2424 dorum
2235 2367 2501 2423 manibus
2523 2367 2746 2440 eripere
2770 2365 3624 2440 cupiens,Constantinopolym

2009 2472 2296 2530 egressus,
2323 2473 2430 2528 per
2457 2457 2654 2511 littora
2683 2456 2794 2511 iter
2813 2456 3036 2512 habens
3058 2455 3314 2510 Athenas
3334 2452 3512 2516 venit,
3540 2452 3628 2508 in-

2010 2545 2197 2617 deque
2230 2561 2391 2599 mare
2419 2548 2833 2617 transgressus,
2860 2545 3176 2600 Tarentum
3203 2541 3626 2616 applicuit;qui

2008 2637 2209 2689 tamen
2230 2632 2386 2705 prius
2403 2632 2476 2688 ad
2493 2631 2815 2688 solitarium
2834 2631 3275 2706 quemdam,qui
3294 2630 3628 2704 prophecitn

2010 2721 2279 2794 spiritum
2321 2721 2535 2776 habere
2575 2721 2892 2788 dicebatur,
2937 2720 3097 2788 adiit,
3139 2719 3391 2775 studiose
3439 2719 3512 2774 ab
3555 2736 3627 2775 eo

2010 2810 2295 2865 scissitans
2324 2812 2521 2864 utrum
2553 2812 2791 2882 gentem
2823 2809 3377 2881 Lougobardorum,
3403 2823 3531 2878 quae
3564 2807 3629 2863 in

2014 2898 2196 2954 Ytalia
2225 2899 2543 2967 habitabat,
2567 2914 2840 2970 superare
2863 2901 2932 2975 et.
2946 2896 3209 2952 obtinere
3235 2897 3444 2969 posset.
3463 2894 3631 2951 Circa

2011 2989 2118 3043 hec
2146 3003 2400 3059 namque
2430 2990 2698 3060 tempora
2729 2987 3046 3060 Cyprianus
3076 2985 3408 3057 patriarcha
3435 2983 3629 3038 homi-

2014 3094 2151 3132 nem
2175 3076 2349 3145 exuit,
2364 3076 2462 3149 qui
2479 3077 2832 3132 Gradensem
2866 3075 3166 3132 ecclesiam
3193 3076 3421 3129 rexerat
3439 3089 3629 3129 annos

1941 3174 1989 3238 ο
2012 3165 2214 3238 viginti
2247 3165 2522 3237 quinque,
2546 3181 2776 3220 menses
2805 3169 2939 3234 tres,
2963 3163 3084 3219 dies
3104 3162 3325 3235 viginti.
3344 3159 3480 3216 Huic
3496 3178 3625 3216 suc-

2013 3255 2180 3310 cessit
2209 3253 2947 3326 Primogenitus,Romanae
2968 3251 3120 3308 sedis
3134 3250 3519 3307 subdiaconus
3539 3266 3630 3305 re-

2013 3343 2329 3418 gionarius.
2363 3343 2540 3415 Igitur
2578 3360 2710 3398 cum
2747 3360 2940 3398 servus
2976 3341 3077 3396 Dei
3121 3338 3497 3415 Constantino
3530 3356 3630 3395 au-

2014 3436 2181 3506 gusto
2212 3431 2469 3503 spacium
2501 3431 2668 3487 unius
2700 3432 2884 3488 noctis
2909 3429 3244 3503 expetisset,
3277 3431 3340 3483 ut
3379 3444 3484 3500 pro
3517 3429 3654 3484 hoc'

2014 3523 2137 3596 ipso
2167 3522 2484 3578 Dominum
2515 3523 2884 3596 supplicaret,
2916 3521 3067 3576 facto
3102 3537 3274 3576 mane
3317 3518 3398 3574 ita
3433 3517 3628 3574 eidem

2017 3614 2258 3684 augusto
2301 3611 2602 3683 respondit
2633 3629 2645 3666 :
2680 3611 2827 3668 Gens
2864 3609 3348 3681 Langobardorum
3385 3611 3632 3680 superari

2015 3701 2171 3755 modo
2201 3700 2268 3753 ab
2306 3700 2488 3772 aliquo
2522 3717 2626 3754 non
2645 3705 2849 3771 potest;
2885 3701 3017 3772 quia
3055 3701 3243 3770 regina
3282 3695 3531 3769 quaedam
3565 3714 3630 3752 ex

2016 3790 2122 3844 alia
2141 3792 2421 3861 provincia
2446 3791 2660 3844 veniens
2679 3791 2951 3846 basilicam
2973 3791 3113 3844 beati
3129 3788 3363 3842 Joannis
3385 3786 3629 3858 baptista?

2017 3881 2072 3933 in
2109 3877 2576 3948 Langobardorum
2603 3879 2798 3947 ﬁnibus
2827 3878 3145 3934 construxit.
3174 3876 3251 3930 Et
3275 3883 3497 3946 pr0pter
3528 3875 3625 3928 hoc

2017 3969 2124 4040 ipse
2153 3967 2334 4023 beatus
2358 3967 2594 4023 Joannes
2620 3985 2723 4038 pro
2755 3966 3231 4038 Langobardorum
3264 3970 3419 4034 gente
3455 3965 3629 4018 conti-

2016 4073 2122 4110 nuo
2173 4057 2465 4110 intercedit.
2509 4056 2691 4110 Veniet
2732 4063 2913 4112 autem
2963 4062 3163 4125 tempus
3208 4051 3421 4124 quando
3465 4052 3628 4121 ipsius

2017 4145 2292 4201 oraculum
2311 4147 2595 4203 habebitur
2636 4146 2916 4217 despectui,
2949 4152 2999 4199 et
3028 4152 3153 4198 tunc
3175 4159 3302 4212 gens
3332 4143 3447 4211 ipsa
3476 4142 3628 4211 peri-

2017 4235 2110 4293 bit.
2145 4234 2309 4298 Quod
2340 4252 2446 4290 nos
2463 4235 2671 4308 (41)ita
2699 4235 2916 4290 factum
2947 4249 3069 4288 esse
3098 4229 3491 4305 probavimus,
3526 4229 3627 4300 qui

2018 4326 2152 4379 ante
2201 4323 2715 4396 Langobardorum
2755 4321 3142 4394 perditionem
3185 4319 3432 4375 eandem
3471 4317 3628 4373 beati

2015 4411 2293 4467 Johannis
2323 4412 2641 4480 basilicam,
2665 4429 2779 4485 qua
2801 4412 2995 4484 utique
3025 4410 3086 4465 in
3114 4411 3240 4465 loco
3263 4407 3361 4480 qui
3389 4405 3630 4462 Modicia

289 4494 603 4582 nunciant,
628 4512 724 4586 qui
749 4525 914 4566 suam
940 4506 1274 4579 requirebat
1292 4505 1917 4577 reginam.lmperator
1941 4502 1992 4561 D
2018 4499 2225 4555 dicitur
2263 4502 2349 4555 est
2394 4500 2724 4568 constituta,
2758 4518 2862 4573 per
2896 4499 3032 4555 viles
3061 4513 3339 4571 personas
3367 4494 3628 4551 ordinari

289 4609 418 4665 haec
439 4603 710 4668 audiens,
733 4613 977 4671 remque
999 4595 1240 4650 omnino
1266 4593 1564 4666 ignorans,
1579 4591 1660 4646 eis
1682 4607 1918 4663 respon-

289 4711 420 4751 sum
445 4688 711 4749 reddidit
730 4686 928 4743 dicens
958 4683 1078 4740 :De
1108 4684 1291 4754 regina
1314 4697 1476 4754 quam
1506 4681 1745 4751 quaeritis
1772 4680 1916 4748 fate-

291 4801 416 4839 mur
452 4798 552 4837 nos
593 4775 735 4834 nihil
771 4776 903 4830 scire
916 4801 933 4839 ,-
960 4778 1156 4844 praeter
1184 4769 1325 4838 quod
1364 4769 1435 4824 ad
1474 4785 1566 4823 nos
1605 4769 1690 4822 hic
1737 4768 1916 4840 aliqua

292 4873 488 4928 mulier
511 4870 729 4942 privato
759 4863 952 4918 habitu
971 4860 1201 4915 advenit.
1231 4857 1428 4930 Legati
1451 4873 1584 4911 vero
1607 4856 1917 4927 responde-

294 4965 436 5019 runt
465 4959 728 5015 dicentes
760 4970 772 5008 :
806 4951 874 5008 Si
898 4950 1097 5021 placet,
1127 4956 1303 5002 nostra
1352 4947 1652 5018 conspectui
1699 4945 1918 4999 velimus

297 5050 438 5106 hanc
467 5063 635 5120 quam
675 5043 850 5096 dicitis
892 5039 1169 5093 mulierem
1202 5036 1397 5092 cidere.
1434 5035 1571 5099 Quae
1602 5051 1732 5089 cum
1756 5035 1917 5106 jussu

298 5134 678 5210 imperatoris
694 5128 1176 5196 advenisset,mox
1188 5141 1318 5182 eam
1341 5123 1516 5196 legati
1534 5123 1912 5196 conspiciunt,

2016 4589 2441 4660 conspeximus,
2470 4589 2550 4644 ita
2587 4591 2650 4644 ut
2693 4589 2946 4662 indignis
2973 4591 3031 4643 et
3060 4586 3334 4644 adulteris
3371 4602 3489 4641 non
3521 4601 3627 4656 pro

2015 4679 2147 4734 vitae
2179 4679 2411 4747 merito,
2441 4679 2540 4734 sed
2571 4679 2807 4734 datione
2836 4678 3234 4751 praemiorum,
3254 4675 3437 4732 isdem
3469 4675 3630 4729 locus

2016 4768 2347 4839 largiretur.

2087 4859 2275 4923 (PAUL.
2304 4858 2371 4912 D.
2400 4874 2455 4926 ν,
2489 4857 2568 4930 7.)
2600 4857 2800 4930 Igitur,
2833 4859 2896 4912 ut
2925 4856 3192 4924 diximus,
3221 4853 3632 4910 Constantinus

2020 4948 2293 5017 angustus
2317 4963 2448 5000 cum
2482 4947 2794 5001 Tarentum
2827 4944 3094 5012 venisset,
3135 4959 3391 5015 egressus
3426 4941 3631 4997 exinde

2017 5033 2496 5089 Beneventiorum
2527 5034 2670 5088 ﬁnes
2717 5033 2941 5101 invasit,
2993 5048 3310 5103 omnesque
3352 5047 3499 5102 pene
3529 5045 3633 5101 per

2020 5139 2160 5196 quas
2190 5140 2331 5195 gens
2357 5125 2594 5178 venerat
2620 5123 3135 5195 Langobardorum
3178 5121 3434 5175 civitates
3460 5117 3630 5191 cepit.

305 5207 530 5299 ad—ejus
563 5221 809 5294 vestigia
837 5216 1271 5292 provolvuntur,
1305 5213 1472 5287 eique
1513 5212 1923 5269 venerabiliter
2019 5212 2319 5267 Luceriam
2387 5228 2640 5285 quoque,
2685 5213 3022 5285 opulentam
3071 5209 3274 5282 Apulia
3316 5207 3634 5272 civitatem,

1648 5335 1878 5390 VARLE
1918 5332 2209 5390 LECTION
2216 5332 2316 5388 ES.

385 5448 717 5506 uraclones
745 5444 800 5503 3.
875 5449 921 5484 ιο
937 5436 1327 5496 Candidianus
1361 5436 1412 5492 3.
1490 5436 1853 5507 "augustam
1888 5435 1937 5492 3.

2017 5440 2061 5476 ιδ
2086 5429 2290 5488 DCXII.
2335 5432 2646 5489 PsLLscmN

1874 5555 2104 5620 ΝΟΤᾸΞ.

395 5673 506 5748 (lt)
541 5667 753 5730 Paulus
782 5665 1012 5725 scilicet.
