3998 6166
407 254 507 318 887

1611 246 1891 317 JOANNIS
1931 249 2217 322 DIACONI
2255 249 2505 318 VENETI
3601 273 3686 333 888

409 379 1628 454 expugnatamfortiusinvadensdiruitetad
1644 384 1829 438 solum
1845 399 2022 455 usque
2053 389 2108 448 Α
2134 387 2278 450 erat,
2303 383 2372 439 ab
2405 386 2670 456 augusto,
2695 387 2757 438 ut
2799 384 2998 451 fertur,
3043 379 3244 456 viginti
3291 382 3442 442 milia
3479 388 3694 446 militum

412 471 738 544 prostravit.
773 471 1071 527 Arentiam
1116 487 1275 540 sane,
1302 474 1542 545 propter
1580 471 2030 527 munitissimam

414 560 523 615 loci
550 559 915 631 positionem,
936 577 1140 634 capere
1159 561 1401 615 minime
1421 560 1624 634 potuit.
1654 561 1872 615 Deinde
1900 576 2032 616 cum

419 650 577 705 omni
600 666 700 702 suo
716 650 968 705 exercitu
999 652 1389 706 Beneventum
1409 650 1806 712 circumdedit,
1828 655 1885 705 et
1903 667 2032 706 eam

415 739 789 793 vehementer
803 755 1133 810 expugnare
1151 740 1319 810 cepit.
1341 740 1444 794 Ubi
1469 743 1601 794 tunc
1619 739 1900 794 Bomoald
1917 739 2036 794 Gri-

414 843 468 880 m
481 827 633 881 ualdi
648 828 702 881 fil
715 828 796 882 ius
810 828 994 882 adhuc
1009 829 1030 898 j
1043 830 1348 884 uvenculus
1361 829 1633 883 ducatum
1650 828 1904 883 tenebat.
1925 813 2031 892 Qui

414 915 604 968 statim
629 918 688 969 ut
705 916 1070 988 imperatoris
1089 918 1398 972 adventum
1413 916 1701 990 cognovit,
1721 917 2030 970 nutricium

414 1021 582 1058 suum
608 1005 846 1060 nomine
879 1007 1258 1061 Sensualdum
1299 1007 1371 1060 ad
1411 1010 1638 1078 patrem
1673 1005 2030 1060 Grimaldum

414 1095 929 1164 transportandum
947 1094 1172 1163 direxit,
1193 1096 1499 1150 obsecrans
1517 1099 1577 1149 ut
1590 1093 1928 1167 quantocius
1941 1110 2032 1148 ve-

415 1181 588 1250 niret,
604 1181 836 1253 filioque
848 1199 948 1237 suo
963 1200 1026 1238 ac
1041 1183 1474 1251 Beneventanis,
1495 1199 1638 1255 quos
1651 1183 1769 1256 ipse
1784 1183 2029 1238 notrive-

415 1274 802 1343 rat,potenter
813 1273 1360 1337 succurreret.Quod
1373 1273 1665 1328 Grimoald
1680 1289 1777 1327 rex
1792 1272 2032 1328 audiens

417 1360 612 1414 statim
632 1377 761 1415 cum
783 1361 1413 1427 exercitu,filiolaturus
1425 1361 1718 1417 auxilium.
1739 1363 2034 1416 Beneven-

417 1451 541 1501 tum
558 1465 799 1520 pergere
817 1449 986 1521 ccpit.
1011 1450 1194 1514 Quem
1212 1452 1401 1522 plures
1432 1468 1498 1506 ex
1536 1449 1928 1521 Langobardis
1944 1449 2034 1504 iti-

420 1551 559 1590 nere
597 1537 1010 1609 relinquentes,
1035 1540 1104 1594 ad
1134 1540 1367 1612 propria
1395 1543 1751 1606 remearunt,
1784 1539 2040 1594 dicentes

421 1625 556 1696 quia
575 1627 1230 1701 expoliassctpalatium,
1247 1630 1443 1701 etjam
1465 1633 1581 1686 non
1607 1645 1936 1685 reversurus
1950 1646 2042 1685 re-

2135 472 2392 544 expetiit,
2425 490 2597 546 seque
2629 490 2761 528 cum
2794 474 3105 529 Romoaldo
3146 478 3522 546 pugnaturum
3547 477 3698 534 victo-

2133 579 2377 634 remque
2411 563 2737 635 spopondit.
2769 562 2872 626 Qui
2918 580 3042 617 cum
3090 567 3324 636 accepto
3367 567 3611 631 exercitu,
3640 569 3700 622 ad

2135 652 2348 716 locum,
2383 652 2472 705 cui
2505 652 2770 706 Fornitns
2801 668 3012 707 nomen
3044 654 3148 718 est,
3199 652 3505 708 advenisset
3539 654 3700 726 ibique

2136 741 2321 793 castra
2347 739 2644 810 posuisset,
2681 739 2994 807 Grimoald,
3049 740 3144 812 qui
3190 741 3314 811 jam
3359 742 3702 799 Beneventum

2137 826 2470 894 advenerat,
2503 829 2621 882 haec
2652 829 2912 897 audiens,
2939 830 3142 883 contra
3173 846 3309 883 eum
3340 830 3598 900 proﬁcisci
3624 848 3703 886 vo-

2134 915 2258 971 luit.
2287 916 2387 970 Cui
2419 917 2567 972 filius
2614 919 2931 972 Romoald:
2973 917 3102 972 Non
3131 925 3208 984 est
3237 934 3386 989 opus,
3427 919 3612 991 inquit,
3638 920 3708 974 sed

2135 1011 2347 1059 tantum
2361 1014 2576 1076 partem
2619 1006 2768 1060 nobis
2797 1005 2861 1060 de
2896 1008 3132 1062 exercitu
3169 1013 3337 1061 vestro
3379 1007 3597 1074 tribuite,-
3635 1025 3709 1078 ego

2132 1096 2247 1151 Deo
2283 1098 2496 1167 favente
2525 1115 2644 1152 cum
2677 1115 2733 1152 eo
2765 1097 3044 1169 pugnabo,
3081 1106 3132 1151 et
3176 1113 3300 1152 cum
3339 1099 3522 1161 vicero,
3566 1100 3712 1168 major

2133 1187 2316 1259 utique
2339 1187 2510 1258 gloria
2542 1193 2729 1242 vestrae
2747 1189 3000 1258 potentiae
3025 1186 3373 1240 adscribetur.
3405 1185 3712 1257 Factumque

2136 1278 2250 1343 est;
2281 1279 2338 1331 et
2372 1279 2605 1348 accepta
2626 1275 2820 1347 aliqua
2840 1279 3000 1348 parte
3025 1275 3095 1329 de
3119 1274 3300 1347 patris
3321 1273 3574 1341 exercitu,
3587 1272 3713 1344 pari-

2137 1367 2339 1435 terque
2370 1381 2503 1419 cum
2535 1364 2647 1420 suis
2675 1364 3007 1420 hominibus
3026 1367 3232 1418 contra
3250 1361 3551 1417 Saburrum
3568 1361 3714 1432 proti-

2140 1453 2396 1523 ciscitur;
2430 1454 2548 1527 qui,
2582 1453 2918 1526 priusquam
2955 1454 3173 1508 bellum
3218 1469 3350 1507 cum
3387 1468 3450 1506 eo
3496 1449 3663 1518 iniret,
3689 1468 3717 1505 a

2144 1545 2391 1614 quatuor
2427 1542 2689 1613 partibus
2721 1543 2886 1597 tubas
2910 1540 3181 1596 insonare
3205 1540 3718 1614 praecepit,moxquc

2143 1648 2317 1704 super
2359 1648 2458 1687 eos
2489 1631 2765 1686 audacter
2785 1631 3010 1702 irrupit.
3042 1630 3306 1702 Cumque
3333 1633 3573 1700 utraeque
3598 1627 3718 1682 acies

421 1718 646 1786 peteret
672 1717 1079 1772 Beneventum.
1111 1720 1348 1773 Interim
1371 1719 1736 1791 imperatoris
1760 1719 2043 1774 exercitus
2070 1711 2122 1772 B
2145 1703 2279 1772 forti
2298 1718 2620 1774 intentione
2636 1722 2986 1792 pugnarent,
3007 1722 3141 1774 tunc
3169 1736 3316 1773 unus
3332 1717 3402 1773 de
3423 1715 3563 1788 regis
3589 1731 3718 1770 exer-

422 1805 817 1860 Beneventum
832 1806 1065 1862 diversis
1078 1807 1358 1862 machinis
1372 1809 1749 1864 vehementer
1764 1823 2044 1880 expugna-

421 1891 540 1947 bat.
562 1894 808 1949 Econtra
823 1896 1063 1950 Bomald
1076 1913 1205 1951 cum
1226 1897 1618 1970 Langobardis
1632 1897 1858 1952 fortiter
1875 1895 2044 1970 resisf

421 1981 603 2035 tehat.
632 1981 736 2046 Qui
757 1983 1016 2055 quamvis
1031 2001 1162 2040 cum
1186 1967 1749 2041 tanta'multitudine
1768 1967 2046 2058 congredi

424 2085 600 2125 manu
621 2073 692 2126 ad
712 2089 951 2129 manum
969 2080 1208 2149 prOpter
1237 2076 1590 2149 paucitatem
1625 2075 1906 2131 exercitus
1927 2091 2044 2129 non

423 2160 684 2224 auheret,
712 2161 1046 2234 frequenter
1071 2167 1269 2219 tamen
1295 2181 1426 2219 cum
1449 2165 1726 2236 expeditis
1733 2163 2046 2236 juvenibus

424 2249 677 2304 hostium
695 2254 879 2306 castra
899 2252 1246 2326 irrumpens,
1261 2270 1507 2326 magnas
1524 2254 1741 2308 eisdem
1759 2252 2048 2307 inferebat

426 2337 680 2409 undique
693 2339 899 2394 clades.
917 2341 1174 2414 Cumque
1187 2342 1480 2397 Grimoald
1491 2343 1540 2412 ej
1553 2359 1614 2396 us
1630 2345 1794 2413 pater
1801 2341 2044 2412 jamque

427 2431 786 2498 properaret,
812 2430 1082 2484 eumdem
1101 2431 1412 2486 nutricium
1444 2431 1584 2502 ejus,
1606 2430 1675 2484 de
1695 2447 1807 2501 quo
1828 2429 2045 2501 premi-

428 2513 628 2577 simus,
650 2516 723 2570 ad
747 2516 927 2572 illium
956 2518 1130 2585 misit,
1152 2518 1250 2591 qui
1269 2519 1322 2574 ei
1353 2536 1518 2574 suum
1560 2519 1868 2574 adventum
1898 2535 2046 2573 nun-

429 2602 627 2658 ciaret.
651 2604 755 2669 Qui
773 2621 902 2660 cum
920 2624 1097 2680 prope
1116 2609 1504 2663 Beneventum
1525 2608 1793 2676 venisset,
1810 2607 2044 2663 aGrecis

431 2695 650 2764 captus,
675 2693 1013 2767 imperatori
1035 2697 1254 2752 delatus
1268 2701 1380 2766 est;
1403 2699 1496 2770 qui
1512 2699 1584 2752 ab
1603 2715 1670 2754 eo
1695 2697 1849 2752 unde
1872 2697 2046 2752 adve-

431 2781 583 2836 niret
615 2785 933 2855 requirens,
969 2785 1062 2840 ille
1098 2803 1157 2840 se
1208 2803 1242 2841 a
1287 2786 1617 2842 Grimoaldo
1667 2804 1804 2859 rege
1853 2786 2049 2842 venire

431 2869 594 2939 dixit,
613 2873 979 2946 eundemque
997 2891 1196 2947 regem
1216 2875 1381 2930 citius
1398 2876 1708 2932 adventare
1735 2875 2045 2931 nunciavit.

2147 1806 2262 1862 citu
2286 1808 2524 1863 nomine
2554 1810 2932 1880 Amalongus,
2963 1807 3060 1881 qui
3092 1807 3322 1879 regium
3351 1809 3572 1861 contum
3596 1803 3720 1857 ferre

2148 1900 2274 1952 erat
2302 1897 2829 1970 solitus,quendam
2849 1897 3153 1952 Greculum
3183 1895 3391 1952 eodem
3413 1895 3572 1949 conto
3584 1890 3722 1946 utris-

2147 2000 2259 2056 que
2287 1986 2555 2040 manibus
2579 1985 2808 2042 fortiter
2838 1985 3186 2060 percutiens,
3210 1984 3282 2039 de
3305 1983 3440 2039 sella
3466 1997 3621 2053 super
3633 1994 3724 2051 qua

2149 2075 2448 2147 equitabat
2478 2076 2766 2142 substulit,
2787 2093 3036 2149 eumque
3061 2075 3216 2131 inter
3242 2089 3378 2129 aera
3402 2087 3560 2144 super
3585 2069 3726 2140 caput

2149 2182 2318 2220 suum
2374 2164 2600 2220 levavit.
2667 2164 2834 2229 Quod
2879 2181 3121 2220 cernens
3186 2163 3494 2218 Grecorum
3553 2154 3727 2212 exerci-

2151 2257 2260 2322 tus,
2295 2254 2581 2309 immenso
2600 2270 2813 2326 pavore
2837 2253 3247 2327 perterritusin
3261 2252 3456 2324 fugam
3482 2243 3724 2303 converti-

2149 2346 2263 2411 tur,
2287 2343 2606 2415 ultimaque
2618 2342 2875 2416 pernicie
2901 2359 3060 2398 cesus
3083 2342 3192 2397 sibi
3214 2340 3457 2412 fugiens,
3487 2331 3726 2390 Romaldo

2150 2435 2208 2487 et
2239 2432 2632 2503 Langobardis
2650 2430 2951 2486 victoriam
2972 2429 3220 2504 peperit.
3244 2431 3327 2484 lta
3345 2427 3625 2488 Saburrus,
3649 2418 3726 2494 qui

2150 2537 2209 2576 se
2240 2521 2580 2592 imperatori
2608 2537 2708 2576 suo
2741 2521 2991 2576 victoriae
3019 2520 3335 2593 tropheum
3359 2516 3425 2572 de
3444 2510 3726 2584 Langobar-

2152 2610 2238 2664 dis
2280 2609 2628 2682 promiserat
2676 2612 2931 2680 patrare,
2990 2607 3061 2663 ad
3102 2625 3240 2663 eum
3272 2622 3402 2661 cum
3449 2598 3624 2676 paucis
3653 2612 3725 2650 re-

2151 2716 2354 2754 means
2383 2699 2771 2772 ignominiam
2817 2696 3162 2770 deportavit.
3210 2693 3453 2751 Romald
3477 2705 3616 2754 vero,
3643 2701 3726 2756 pa-

2151 2791 2302 2844 trata
2333 2789 2401 2843 de
2431 2787 2679 2842 inimicis
2707 2787 3376 2854 victoria,Beneventum
3409 2775 3727 2848 triumphans

2151 2894 2411 2932 reversus
2445 2879 2550 2943 est,
2583 2876 2849 2949 patrique
2879 2874 3159 2948 gaudium
3196 2878 3256 2929 et
3295 2869 3505 2927 cunctis
3548 2859 3724 2920 securi-

433 2958 756 3034 Statimque
776 2963 1094 3035 imperator
1114 2965 1434 3035 exterritus,
1460 2966 1762 3022 consilium
1784 2982 1918 3048 cum.
1937 2965 2050 3020 suis
2079 2997 2128 3057 α
2153 2969 2333 3021 tatem
2369 2965 2651 3021 convexit.

433 3046 855 3124 iniit,quatinus
875 3069 1001 3107 cum
1019 3055 1299 3111 Romaldo
1323 3055 1727 3128 pacisceretur,
1748 3058 1810 3110 ut
1829 3043 2052 3128 Neapo-

436 3137 532 3192 lim
562 3144 753 3210 posset
775 3141 1002 3196 reverti.

511 3228 584 3299 (c.
639 3229 712 3296 8.)
761 3231 1122 3303 Acceptaque
1160 3230 1356 3286 obside
1393 3231 1658 3287 Romaldi
1702 3248 1920 3299 sorore,
1964 3229 2054 3286 cui

441 3333 657 3372 nomen
675 3317 802 3372 Gisa
824 3318 948 3385 fuit,
967 3336 1099 3373 cum
1119 3321 1326 3375 eodem
1361 3337 1563 3392 pacem
1587 3320 1740 3387 fecit,
1768 3321 1889 3392 ejus
1919 3335 2051 3374 vero

441 3405 748 3461 nutritium
781 3407 1118 3462 Sesualdum
1143 3410 1217 3463 ad
1237 3427 1432 3464 muros
1451 3409 1577 3464 duci
1596 3409 1882 3481 prmcepit,
1902 3424 2056 3463 mor-

442 3499 563 3550 tem
596 3496 647 3550 ei
689 3496 940 3550 minatus
985 3497 1029 3550 si
1063 3497 1277 3570 aliquid
1306 3499 1588 3554 Romaldo
1617 3503 1715 3552 aut
1743 3497 1954 3553 civibus
1985 3498 2055 3552 de

443 3584 757 3640 Grimoaldi
771 3587 1020 3641 adventu
1038 3588 1358 3655 nunciaret,
1377 3588 1477 3643 sed
1494 3587 1683 3660 potius
1710 3590 2058 3642 asseveraret

446 3673 718 3729 eumdem
736 3675 934 3730 venire
953 3676 1192 3732 minime
1211 3693 1394 3750 posse.
1413 3675 1577 3741 Quod
1591 3677 1683 3731 ille
1703 3676 1781 3731 ita
1802 3693 1860 3731 se
1882 3676 2060 3731 factu-

446 3781 574 3819 rum
586 3767 667 3833 ,ut
680 3765 729 3819 ei
752 3765 1415 3839 prmcipiebat,promisit
1431 3784 1443 3834 ;
1462 3766 1562 3821 sed
1575 3783 1706 3822 cum
1738 3781 1917 3838 prope
1931 3783 2058 3820 mu-

446 3872 540 3910 ros
554 3855 893 3925 advenisset,
912 3857 1052 3910 velle
1066 3873 1123 3910 se
1147 3856 1494 3911 Romaldum
1516 3856 1708 3911 videre
1736 3855 1896 3910 dixit.
1930 3854 2056 3923 Qui,

446 3960 578 3999 cum
601 3945 884 4000 Romoald
906 3944 1068 3999 citius
1091 3945 1437 4012 venisset,sic
1461 3943 1533 3999 ad
1555 3960 1687 3998 eum
1709 3945 1928 3998 locutus
1945 3948 2055 3998 est:

450 4031 715 4090 Constans
754 4041 880 4102 esto,
921 4033 1133 4089 domine
1172 4032 1454 4101 Romoaltl,
1495 4039 1546 4088 et
1573 4032 1769 4088 habens
1806 4031 2058 4101 ﬁduciam

447 4124 555 4178 noli
611 4125 840 4192 turbari,
881 4125 1004 4196 quia
1047 4131 1167 4178 tuus
1202 4125 1414 4194 genitor
1455 4125 1611 4177 citius
1657 4122 1754 4177 tibi
1797 4121 2059 4178 auxilium

438 4213 771 4283 praebiturus
813 4213 1002 4268 aderit.
1047 4212 1196 4267 Nam
1244 4215 1377 4267 scias
1411 4230 1530 4267 eum
1584 4230 1646 4266 ac
1703 4215 1849 4266 nocte
1895 4214 2057 4283 juxta

2227 3055 2296 3126 (c.
2336 3054 2439 3124 14.)
2479 3056 2552 3107 At
2581 3071 2717 3109 vero
2754 3053 3035 3109 Constans
3066 3054 3361 3126 angustus,
3385 3062 3508 3102 cum
3533 3038 3655 3098 nihil
3680 3053 3726 3091 se

2154 3148 2356 3199 contra
2378 3143 2790 3215 Langobardos
2804 3143 3044 3215 gessisse
3063 3141 3441 3213 conspiceret,
3460 3146 3642 3190 omnes
3659 3142 3727 3180 se-

2151 3232 2292 3287 vicie
2324 3249 2422 3287 sue
2455 3232 2643 3287 minas
2663 3235 2869 3287 contra
2898 3247 3050 3298 suos,
3082 3231 3194 3284 hoc
3222 3230 3307 3283 est
3342 3227 3630 3284 Romanos,
3660 3229 3730 3269 re'

2154 3320 2345 3376 torsit:
2383 3338 2516 3375 nam
2558 3337 2820 3393 egressus
2867 3321 3208 3392 Neapolym,
3257 3318 3496 3371 Romam
3523 3303 3722 3382 perexit-

2157 3409 2256 3464 Cui
2280 3413 2435 3464 sexto
2453 3409 2524 3464 ab
2551 3409 2702 3464 Urbe
2727 3408 2974 3463 miliario
3000 3407 3317 3463 Vitalianus
3349 3417 3492 3475 papa
3521 3411 3637 3451 cum
3657 3407 3725 3445 sa-

2157 3498 2485 3553 cerdotibus
2515 3502 2572 3552 et
2602 3499 2864 3552 Romano
2901 3497 3116 3569 populo
3147 3493 3413 3551 occurrit.
3457 3485 3556 3552 Qui
3579 3497 3728 3569 augu-f

2159 3591 2277 3642 stus
2302 3604 2432 3641 cum
2463 3586 2534 3641 ad
2567 3586 2720 3641 beati
2751 3567 2914 3642 Petri
2935 3567 3137 3640 limina
3162 3579 3525 3658 pervenisset,
3555 3567 3726 3628 obtulit

2161 3675 2238 3730 ibi
2271 3675 2486 3747 palium
2519 3691 2658 3730 auro
2699 3678 2940 3742 textum,
2984 3677 3043 3728 et
3071 3688 3316 3729 manens
3346 3666 3491 3740 apud
3519 3665 3724 3755 Romam

2163 3765 2468 3820 duodecim
2509 3765 2728 3827 diebus,
2780 3765 2980 3818 omnia
3024 3781 3153 3836 quae
3201 3760 3426 3818 fuerant
3461 3749 3726 3841 antiqui“?s

2163 3853 2471 3908 constituta
2485 3871 2549 3908 ex
2564 3870 2676 3908 aere
2699 3853 2758 3908 in
2783 3856 3194 3908 ornamentum
3229 3845 3464 3906 civitatis
3484 3833 3724 3930 deposuit»

2163 3943 2220 3997 in
2245 3946 2474 3997 tantum
2493 3945 2554 3996 ut
2571 3942 2745 3996 etiam
2760 3941 3057 3996 basilicam
3080 3942 3263 3998 beata:
3288 3935 3489 4000 Mariae,
3506 3943 3618 4001 qua:
3643 3922 3724 3976 ali-

2162 4034 2393 4105 quando
2422 4033 2744 4087 Pantheum
2784 4032 3117 4100 vocabatur,
3159 4033 3219 4086 et
3262 4025 3548 4084 conditum
3571 4009 3726 4108 fuerat

2162 4121 2222 4178 in
2247 4122 2532 4177 honorem
2557 4120 2821 4178 omnium
2855 4121 3120 4188 deorum,
3145 4123 3204 4174 et
3231 4118 3306 4175 ibi
3332 4130 3431 4187 per
3457 4112 3726 4165 concessm-

2161 4229 2297 4267 nem
2313 4210 2679 4282 superiorum
2692 4209 3191 4283 principumlocus
3205 4199 3725 4283 eratomniuminal‘f

446 4301 720 4372 Sangrum
753 4303 981 4370 fluvium
1018 4319 1136 4356 cum
1191 4301 1367 4356 valido
1398 4303 1627 4357 exercitu
1656 4317 1868 4355 manere
1878 4329 1895 4367 ,-
1938 4308 2056 4354 tan-
2079 4279 2132 4339 D
2159 4299 3122 4376 tyrum,discoperiret,tegulasque
3135 4276 3725 4376 sereasexindeaufel‘ei,

451 4398 562 4444 tum
618 4391 825 4445 obsecro
875 4396 932 4445 ut
989 4391 1403 4446 misericordiam
1471 4391 1714 4444 exhibeas
1775 4407 1893 4444 cum
1941 4405 2056 4445 mea

447 4495 614 4535 uxore
637 4487 686 4533 et
725 4479 871 4547 ﬁliis,
920 4482 1044 4550 quia
1080 4497 1206 4549 gens
1247 4483 1347 4534 ista
1379 4480 1588 4551 perﬁda
1631 4496 1714 4533 me
1753 4481 1928 4534 vivere
1955 4496 2061 4533 non

415 4605 422 4608 -
448 4569 923 4641 sinebit.Cumque
944 4569 1052 4623 hoc
1070 4569 1319 4636 dixisset,
1333 4569 1492 4639 jussu
1513 4569 1876 4640 imperatoris
1894 4571 2065 4641 caput

451 4659 572 4729 ejus
594 4658 879 4714 abscisum
917 4662 1087 4730 atque
1109 4675 1240 4713 cum
1276 4657 1410 4712 belli
1451 4657 1721 4712 machina
1759 4674 1932 4730 quam
1963 4675 2062 4729 pe-

449 4748 691 4802 trariam
722 4750 929 4803 vocant
959 4747 1019 4802 in
1051 4749 1255 4802 urbem
1287 4747 1609 4817 projectum
1641 4747 1744 4800 est.
1775 4745 1939 4809 Quod
1967 4761 2063 4800 ca-

450 4838 555 4907 put
583 4837 865 4892 Romoald
900 4836 1004 4890 sibi
1040 4836 1250 4891 deferri
1274 4834 1445 4906 jussit
1474 4838 1531 4890 et
1566 4834 1876 4890 lacrimans
1905 4851 2062 4889 oscu-

450 4924 598 4978 latus
624 4928 709 4978 est
738 4925 1029 4996 dignoque
1057 4925 1115 4979 in
1144 4925 1328 4980 loculo
1361 4924 1634 4979 tumulari
1663 4923 1955 4996 praecepit.

523 5012 594 5084 (c.
623 5012 702 5086 9.)
731 5014 984 5068 Metuens
997 5013 1172 5084 igitur
1189 5013 1506 5084 imperator
1519 5013 1768 5067 subitum
1787 5013 2064 5067 Grimoal-

452 5101 508 5156 di
547 5102 697 5173 rcgis
739 5102 1073 5169 adventum,
1111 5101 1343 5155 dimissa
1392 5102 1700 5156 Beneventi
1741 5101 2060 5169 obsidione,

450 5191 763 5264 Neapolym
780 5190 1533 5262 proficisciturCujustamen
1552 5190 1859 5245 exercitum
1877 5191 2068 5244 Mitola

453 5280 775 5353 Capuamus
787 5281 1007 5351 comesj
1019 5283 1148 5334 uxta
1163 5280 1379 5334 ﬂuenta
1392 5279 1864 5333 Calorisﬂuminis
1878 5280 2065 5335 inloco

451 5371 548 5443 qui
568 5387 744 5442 usque
770 5370 941 5425 hodie
965 5371 1164 5442 Pugna
1193 5367 1404 5423 dicitur
1427 5367 2064 5424 vchementeradtrivit.

521 5460 595 5534 (c.
616 5460 724 5529 10.)
739 5461 1047 5533 Postquam
1064 5476 1197 5514 vero
1212 5458 1528 5532 imperator
1544 5458 1856 5529 Neapolym
1875 5473 2069 5528 perve-

452 5549 559 5624 nit,
576 5567 723 5612 unus
751 5565 821 5612 ex
849 5549 971 5628 ejus
1001 5548 1398 5629 Optimatibas,
1421 5547 1510 5606 cui
1540 5563 1756 5607 nomen
1781 5535 2064 5608 Saburrus

2162 4369 2377 4462 eosque
2393 4389 2563 4444 simul
2577 4405 2706 4443 cum
2722 4387 2845 4441 aliis
2859 4387 3127 4442 omnibus
3139 4378 3486 4442 ornamentis
3499 4369 3725 4462 Constan-

2163 4479 2487 4552 tinopolym
2504 4475 3177 4532 transmitteret.Deinde
3195 4456 3726 4553 reversusimperator

2165 4568 2477 4640 Neapolym
2494 4567 2701 4621 itinere
2722 4568 2974 4633 terreno,
2990 4566 3211 4637 perexit
3226 4552 3721 4640 civitatemRegiufn-

2164 4628 2569 4730 Ingressusque
2585 4653 2836 4710 Siciliam
2853 4670 2957 4725 per
2970 4652 3340 4708 indictionem
3353 4628 3723 4730 septimum“?

2163 4721 2364 4803 bitvavit
2395 4745 2454 4800 in
2474 4721 2800 4816 -Syracusa,
2841 4721 2900 4798 et
2948 4744 3090 4798 tales
3132 4738 3462 4797 aftlictiones
3494 4721 3723 4816 imp-0591i

2160 4836 2373 4910 popqu
2396 4851 2493 4888 seu
2513 4810 2936 4888 habitatoribus
2950 4833 3034 4887 vel
3054 4825 3460 4904 possessoribus
3471 4810 3721 4910 Calabriae

2160 4906 2389 4992 Siciliae,
2415 4922 2624 4978 Africae
2653 4926 2826 4994 atque
2857 4920 3162 4988 Sardiniae,
3197 4917 3385 4992 quales
3420 4908 3573 4963 antea
3598 4906 3718 4994 nuti-

2161 5029 2336 5086 quam
2375 5010 2584 5066 audita:
2619 5014 2773 5078 sunt,
2811 5009 2892 5065 ita
2920 5013 2984 5064 ut
3028 5009 3202 5064 etiam
3239 5017 3428 5063 uxores
3456 4982 3718 5088 amarit-‘1’

2166 5065 2428 5155 ielﬁiiliia
2443 5065 2779 5170 parentibus
2797 5102 3225 5170 separarentur.
3251 5092 3356 5150 Sed
3377 5089 3428 5142 et
3447 5079 3545 5137 alia

2166 5193 2223 5246 et
2239 5188 2498 5244 inaudita
2518 5205 2685 5243 arum
2705 5188 3015 5260 regionum
3039 5187 3234 5260 populi
3263 5170 3493 5256 ρθιῬθδδί
3510 5153 3717 5264 sunt}?

2165 5282 2229 5334 ut
2241 5277 2406 5334 alicui
2421 5294 2548 5349 spes
2562 5278 2674 5333 vite
2689 5294 2804 5332 non
2819 5278 3168 5331 remaneret.
3188 5275 3323 5328 Nam
3339 5270 3390 5321 et
3401 5273 3518 5315 vasa
3527 5241 3714 5352 ,δξςξξξδ

2167 5369 2251 5422 vel
2267 5367 2498 5439 cymilia
2511 5371 2842 5422 sanctarum
2860 5365 2959 5420 Dei
2977 5363 3337 5420 ecclesiarum
3355 5337 3712 5439 impe‘tial'lt‘:

2169 5475 2230 5512 su
2252 5423 2658 5511 etGrzccorum
2684 5453 2926 5510 avaritia
2947 5454 3170 5508 sublata
3192 5433 3528 5508 sunt.lllansit
3553 5423 3710 5513 autem

2170 5546 2490 5626 imperator
2516 5545 2578 5606 in
2605 5543 2796 5606 Sicilia
2816 5544 2888 5604 ab
2916 5541 3231 5606 indictione
3255 5531 3478 5614 septima
3498 5523 3646 5591 usque
3660 5515 3707 5561 ιη
