3998 6166
543 416 643 480 891

1764 416 2048 474 JOANNIS
2091 412 2380 474 DIACONI
2417 407 2660 472 VENETI
3685 423 3768 478 892

619 545 707 613 (Vl,
743 544 827 613 l2)
851 543 1004 597 Inter
1032 542 1153 596 haec
1199 537 1610 596 Constantinus
1657 541 1976 611 imperator
2007 540 2159 611 apud
2179 545 2233 620 Α
2257 539 2552 596 votissime
2578 553 2928 610 componere
2953 534 3232 609 variisque
3250 534 3594 594 marmoribus
3610 542 3772 598 conde-

547 631 1126 702 Constantinopolym
1149 629 1417 695 moritur,
1456 633 1513 684 et
1533 630 1654 701 ejus
1683 630 1832 683 ﬁlius
1863 629 2162 684 minorJu-

549 720 828 775 stinianus
861 720 1259 773 Romanorum
1296 735 1538 790 regnum
1573 718 1840 789 suscepit,
1873 719 2033 788 cujus
2060 734 2161 790 per

547 825 732 863 annos
757 810 820 862 10
840 808 1230 878 gubernacula
1248 807 1451 862 tenuit.
1479 807 1577 860 Hic
1601 807 1851 862 Africam
1870 825 1903 862 a
1925 807 2162 861 Sarace-

549 897 638 951 nis
663 897 914 961 abstulit,
949 899 1005 950 et
1034 913 1167 950 cum
1199 896 1416 951 eisdem
1462 913 1664 967 pacem
1712 899 1867 950 terra
1899 895 2162 966 marique

547 985 705 1041 fecit.
740 985 836 1039 Hic
868 985 1135 1056 Sergium
1169 985 1525 1056 pontiﬁcem,
1557 985 1760 1056 quiain
1788 985 2163 1039 errorisillius

548 1075 790 1145 synodo,
827 1091 1002 1145 quam
1041 1073 1558 1143 Constantinopoly
1603 1073 1841 1140 fecerat,
1890 1073 2079 1126 favere
2107 1075 2160 1126 et

550 1163 906 1216 subscribere
956 1162 1162 1238 noluit,
1197 1161 1368 1216 misso
1400 1161 1670 1216 Zacliaria
1700 1161 2162 1232 prothospatario

550 1251 850 1322 suo,jussit
881 1237 1457 1322 Constanﬁnopolym
1481 1251 1794 1323 deportari.
1820 1251 1933 1306 Sed
1958 1249 2164 1304 militia

553 1340 842 1395 Ravennae
870 1339 1302 1411 vicinarumque
1323 1339 1572 1410 partium
1590 1340 1750 1410 jussa
1771 1338 2046 1411 principis
2061 1355 2160 1392 ne—

553 1429 789 1500 phanda
806 1432 1206 1493 contemnens,
1228 1428 1500 1482 eumdem
1515 1428 1846 1482 Zachariam
1874 1444 2006 1482 cum
2025 1444 2163 1482 con-

2263 645 2460 684 corare
2490 628 2831 700 perfecerat.

2331 719 2420 787 (P.
2473 719 2539 772 D.
2584 733 2659 779 v1,
2703 716 2787 778 34)
2835 717 2908 770 At
2944 731 3076 769 vero
3117 714 3460 786 Philippicus,
3497 716 3580 788 qui
3612 720 3659 772 et
3678 719 3776 774 Bar-

2263 807 2429 861 danis
2453 806 2656 872 dictus,
2687 807 2992 875 postquam
3024 803 3300 874 imperiali
3331 804 3581 875 dignitate
3613 807 3776 862 conﬁr-

2262 899 2451 949 matus
2480 897 2585 960 est,
2610 894 2816 965 Cyrum
2830 937 2844 961 ,
2858 893 2927 947 de
2947 909 3059 964 quo
3079 892 3413 954 dixeramus,
3426 892 3490 946 de
3508 894 3777 963 pontificatu

2263 985 2512 1056 ejectum
2542 983 2614 1037 ad
2626 982 3072 1054 gubernandum
3105 980 3650 1035 monasteriumsuum
3666 983 3780 1037 Pon-

2263 1076 2388 1126 tum
2418 1072 2608 1126 redire
2655 1070 2929 1143 precepit.
2980 1069 3075 1123 Hic
3107 1068 3439 1140 Philippicus
3477 1069 3779 1125 Constantino

2264 1161 2664 1233 papzrlitteras
2696 1159 2853 1231 pravi
2893 1157 3182 1229 dogmatis
3219 1157 3582 1228 direxit;quas
3596 1156 3671 1212 ille
3687 1175 3782 1214 cum

2264 1249 2576 1321 apostolice
2593 1248 2743 1303 sedis
2763 1246 3005 1302 concilio
3024 1246 3259 1318 respuit.
3293 1247 3363 1299 Et
3387 1246 3539 1316 hujus
3566 1245 3637 1300 rei
3660 1262 3784 1300 causa

2263 1339 2399 1394 fecit
2424 1340 2675 1408 picturas
2699 1337 2759 1391 in
2796 1336 3016 1408 porticu
3047 1335 3227 1390 sancti
3250 1335 3547 1406 Petri,quze
3569 1339 3700 1406 gesta
3719 1352 3787 1390 sex

2266 1431 2596 1483 sanctarum
2621 1427 2974 1498 synodorum
2996 1424 3397 1480 universalium
3414 1425 3658 1481 retinent.
3683 1425 3788 1479 Nam

555 1515 810 1571 tumeliis
838 1516 910 1570 ab
936 1516 1077 1570 urbe
1106 1517 1290 1570 Roma
1315 1518 1372 1570 et
1389 1516 1611 1587 injuriis
1633 1516 1870 1588 pepulit.
1897 1515 2168 1570 Justinia—
2266 1518 2595 1588 hujusmodi
2619 1517 2890 1588 picturas,
2923 1532 3055 1572 cum
3077 1514 3490 1570 haberenturin
3517 1513 3637 1567 urbe
3653 1512 3788 1584 regia.

558 1606 751 1660 nusob
765 1606 994 1675 culpam
1012 1604 1268 1677 perﬁdia:
1286 1605 1448 1675 regni
1467 1607 1651 1676 gloria
1672 1606 1921 1676 privatus
1949 1605 2075 1658 exul
2108 1603 2167 1657 in
2269 1606 2874 1677 Philippicusjusserat
2903 1604 3134 1660 auferri.
3156 1603 3368 1659 Statuit
3393 1603 3611 1676 p0pulus
3632 1602 3791 1656 Roma-

559 1694 810 1747 Ponlum
859 1693 1091 1747 secedit.
1149 1695 1316 1748 Anno
1366 1694 1438 1748 ab
1497 1693 1896 1748 incarnatione
1937 1692 2169 1747 Domini
2269 1714 2378 1752 nus
2407 1712 2480 1750 ne
2509 1695 2750 1751 heretici
2781 1693 3146 1765 imperatoris
3173 1710 3387 1749 nomen
3425 1694 3516 1747 aut
3545 1694 3696 1745 cartas
3723 1691 3795 1742 aut

558 1781 971 1837 sexcentesimo
990 1782 1414 1853 septuagesimo
1438 1783 1688 1838 secundo
1716 1781 2040 1853 Stephanus
2066 1797 2167 1852 pa-

2270 1785 2520 1856 ﬁguram
2563 1784 2756 1839 solidis
2783 1783 3155 1856 susciperent.
3191 1782 3352 1836 Unde
3380 1797 3480 1835 nec
3507 1779 3613 1850 ejus
3632 1775 3794 1847 efﬁgies

559 1869 812 1926 triarcha
840 1888 905 1926 ex
932 1872 1039 1926 hac
1063 1873 1188 1925 luce
1223 1870 1512 1942 migravit,
1546 1871 1642 1943 qui
1693 1871 1994 1926 ecclesiam
2040 1871 2170 1925 Gra—
2192 1873 2242 1931 B
2271 1874 2329 1928 in
2363 1873 2602 1928 ecclesia
2623 1872 2952 1927 introducta
2981 1875 3086 1939 est,
3118 1887 3228 1926 nec
3255 1885 3462 1926 nomen
3480 1868 3546 1922 ad
3561 1865 3796 1920 missarum

561 1959 798 2016 densem
822 1960 966 2014 rexit
997 1959 1162 2014 annis
1189 1960 1465 2032 quinque,
1491 1960 1625 2014 Huic
1657 1961 1941 2030 Agathon.

633 2055 703 2116 (c.
733 2049 844 2121 i3.)
886 2049 1100 2104 Contra
1134 2050 1287 2103 hunc
1309 2049 1760 2120 suprascriptum
1782 2049 2169 2104 Justinianum

559 2137 671 2193 Leo
698 2139 1059 2210 augustalem
1092 2137 1434 2208 dignitatem
1460 2137 1764 2208 arripiens,
1800 2155 1934 2192 eum
1987 2155 2170 2210 regno

561 2226 819 2300 privavit.
851 2228 1232 2297 Regnumque
1258 2227 1655 2281 Romanorum
1685 2228 1866 2282 tribus
1888 2226 2054 2281 annis
2079 2243 2170 2281 re-

563 2331 726 2388 gens,
753 2315 1138 2369 Iustinianum
1166 2315 1393 2368 exulem
1419 2314 1476 2368 in
1509 2317 1692 2369 Ponto
1716 2316 1977 2371 servavit.

637 2405 968 2474 Rusumque
1005 2401 1264 2456 Tiberius
1291 2405 1495 2457 contra
1532 2403 1683 2456 hunc
1708 2403 1961 2458 Leonem
1985 2404 2170 2458 insur-

564 2506 726 2563 gens,
757 2506 1002 2560 regnum
1037 2489 1159 2558 ejus
1201 2489 1426 2558 invasit,
1479 2507 1729 2561 eumque
1760 2494 1878 2546 toto
1903 2509 2017 2563 quo
2052 2492 2173 2564 ipse

565 2579 832 2650 regnavit
859 2580 1121 2649 tempore
1153 2577 1210 2632 in
1258 2578 1464 2633 eadem
1523 2579 1746 2634 civitate
1801 2579 1858 2635 in
1915 2581 2175 2637 custodia

563 2667 771 2723 tenuit.

637 2757 705 2829 (ο.
725 2755 838 2828 31.)
860 2758 932 2811 At
952 2773 1086 2812 vero
1097 2757 1124 2811 ,Ι
1131 2756 1468 2825 ustinianus,
1492 2759 1588 2830 qui
1611 2759 1819 2814 amisso
1845 2758 2172 2832 principatu

562 2844 623 2900 in
636 2845 1346 2912 Ponto'exulabat,auxilio
1361 2846 1637 2902 Terebelli
1653 2848 1752 2902 Vul
1759 2864 1964 2920 garum
1996 2847 2168 2919 regis,

557 2951 806 3006 regnum
825 2951 1019 2988 rursus
1037 2933 1341 3005 recipiens,
1390 2952 1488 2991 eos
1519 2936 1614 3008 qui
1636 2954 1695 2991 se
1713 2937 2053 3008 expulerant
2069 2953 2170 3008 pa-

562 3021 755 3077 tricios
777 3021 1001 3078 occidit.
1022 3023 1272 3077 Leonem
1293 3040 1522 3095 quoque
1549 3029 1606 3079 et
1620 3024 1952 3096 Tyberium,
1969 3024 2065 3097 qui
2085 3026 2169 3080 lo-

564 3127 696 3166 cum
710 3111 831 3181 ejus
849 3115 1284 3182 usurpaverant,
1320 3112 1493 3183 cepit,
1519 3117 1577 3168 et
1602 3114 1660 3168 in
1686 3113 1878 3168 medio
1901 3113 2051 3168 circo
2073 3130 2171 3168 co-

2272 1961 2556 2018 solemnia
2587 1961 2899 2033 prolatum.

2344 2050 2442 2105 Hic
2465 2067 2597 2105 cum
2627 2066 2847 2104 annum
2877 2065 3056 2104 unum
3072 2051 3236 2104 etsex
3251 2064 3472 2104 menses
3485 2059 3694 2117 regnum
3708 2058 3798 2114 ges-

2272 2139 2455 2205 sisset,
2509 2142 2712 2194 contra
2743 2137 3094 2200 Anastasius,
3135 2136 3236 2209 qui
3271 2140 3328 2191 et
3366 2135 3629 2190 Artemius
3669 2131 3801 2186 dictus

2273 2229 2378 2293 est,
2412 2226 2736 2297 insurgens,
2768 2243 2898 2280 eum
2929 2230 3089 2280 extra
3109 2241 3358 2294 regnum
3373 2219 3802 2294 expulitoculisque

2273 2314 2536 2388 privavit,
2576 2331 2682 2369 nec
2703 2318 2898 2369 tamen
2926 2313 3154 2370 occidit.
3191 2313 3289 2367 Hic
3316 2310 3622 2366 Anastasius
3644 2307 3805 2363 litteras

2275 2403 2654 2459 Constantino
2676 2419 2840 2476 papas
2865 2404 3113 2457 Romam
3147 2418 3253 2474 per
3281 2399 3648 2463 Scolasticum,
3675 2393 3808 2468 patri-

2274 2492 2426 2547 cium
2449 2495 2506 2547 et
2537 2508 2810 2546 exarcum
2840 2491 3064 2561 Ytaliaa,
3097 2489 3325 2558 direxit,
3353 2487 3546 2562 quibus
3573 2502 3622 2540 se
3643 2483 3806 2538 faueto-

2273 2599 2401 2637 rem
2434 2581 2730 2636 catholicas
2762 2580 2896 2635 ﬁdei
2928 2579 2980 2635 ei
3012 2579 3196 2635 sancti
3217 2579 3358 2635 sexti
3387 2573 3594 2634 concilii
3617 2569 3810 2646 predica-

2274 2675 2464 2726 torem
2496 2686 2555 2724 se
2582 2687 2704 2725 esse
2735 2669 3063 2724 declaravit.

2343 2759 2523 2830 Igitur
2535 2759 2675 2813 dum
2688 2758 2841 2830 apud
2854 2757 3101 2813 eandem
3116 2755 3518 2830 provintiami3
3534 2750 3809 2827 populorum

2272 2847 2645 2902 multitudine
2659 2846 3344 2920 permanerent,tribunis
3355 2839 3716 2901 tantummodo
3731 2852 3812 2890 ma-

2271 2937 2503 2990 luerunt
2524 2936 2772 2990 subesse.
2803 2935 2966 2990 Unde
2995 2935 3214 2990 factum
3252 2937 3338 2990 est
3363 2950 3493 3006 quo,
3538 2928 3693 3001 spatio
3713 2941 3811 2980 cen-

2270 3027 2397 3078 tum
2425 3023 2850 3095 quinquaginta
2887 3040 3200 3092 annorum,
3246 3036 3580 3094 unoquoque
3606 3030 3731 3071 anno
3760 3009 3810 3064 ad

2270 3112 2440 3183 hujus
2454 3111 2624 3166 ofﬁcii
2643 3111 2937 3184 fastigium
2961 3112 3377 3178 sublimabant,
3391 3108 3696 3181 quiillorum
3717 3115 3810 3154 cau-

559 3217 689 3256 ram
722 3200 885 3255 omni
915 3202 1126 3270 populo
1177 3201 1430 3271 jugulari
1480 3201 1643 3270 fecit;
1695 3202 1990 3256 Gallicium
2035 3219 2170 3257 vero
2201 3197 2247 3255 C
2271 3218 2360 3256 sas
2381 3200 2659 3256 examinis
2694 3217 2937 3256 censura
2981 3200 3230 3273 experiri
3273 3198 3603 3269 satagerent.
3631 3193 3688 3246 Et
3710 3202 3810 3259 quo-

561 3289 954 3362 patriarcham
983 3288 1726 3362 Constantinopolytanum,
1766 3290 1942 3344 erutis
1972 3291 2169 3358 oculis,

565 3377 814 3433 Romam
845 3377 1022 3445 misit,
1050 3379 1376 3450 Cyrumque
1425 3380 1720 3446 abbatem,
1782 3379 1879 3450 qui
1928 3395 2061 3434 eum
2111 3380 2171 3434 in

567 3467 752 3522 Ponto
784 3467 1011 3521 exulem
1039 3467 1280 3530 aluerat,
1303 3467 1710 3538 episcopumin
1738 3469 1929 3522 locum
1960 3467 2173 3522 Gallicii

565 3553 883 3610 constituit.
919 3555 1034 3609 Hoc
1073 3555 1513 3610 Constantinum
1544 3571 1756 3628 papam
1788 3557 1861 3611 ad
1890 3574 1948 3611 se
1979 3556 2173 3611 venire

557 3643 793 3715 jubens,
818 3643 1136 3698 honoriﬁce
1163 3643 1407 3715 suscepit
1444 3661 1509 3698 ac
1535 3645 1779 3712 remisit,
1810 3662 1982 3717 quem
2012 3662 2174 3717 pros-

565 3734 750 3787 tratus
771 3732 829 3787 in
856 3735 1013 3786 terra
1029 3749 1132 3804 pro
1154 3733 1268 3787 suis
1288 3733 1536 3803 peccatis
1561 3732 1916 3788 intercedere
1941 3750 2170 3804 rogans.

568 3822 775 3875 cuncta
803 3820 924 3891 ejus
953 3821 1202 3876 ecclesia
1234 3821 1529 3893 privilegia
1560 3822 1874 3877 renovavit.
1905 3821 2008 3886 Qui
2040 3838 2173 3876 cum

569 3909 882 3965 exercitum
906 3909 963 3963 in
980 3911 1162 3965 Ponto
1176 3910 1435 3964 mitteret
1459 3911 1530 3965 ad
1559 3911 2174 3982 comprehendendum

569 3998 976 4069 Philippicum,
1007 4015 1181 4070 quem
1212 3999 1291 4053 ibi
1316 4001 1688 4071 relegaverat,
1746 4001 1992 4055 multum
2042 4018 2175 4056 cum

566 4087 787 4142 eisdem
819 4088 1159 4143 venerabilis
1205 4103 1357 4159 papa
1401 4088 1692 4152 prohibuit
1721 4105 1792 4143 ne
1831 4089 1938 4143 hoc
1987 4089 2178 4145 facere

568 4175 878 4245 deberent;
911 4177 1006 4232 sed
1040 4179 1238 4232 tamen
1269 4176 1531 4231 inhibere
1580 4193 1696 4231 non
1727 4177 1929 4249 potuit.
1961 4184 2029 4244 (c.
2063 4179 2178 4250 32.)

571 4265 886 4320 Conversus
907 4266 1098 4320 omnis
1118 4265 1395 4320 exercitus
1425 4266 1498 4320 ad
1528 4270 1720 4337 partes
1743 4265 2063 4337 Philippici,
2095 4267 2180 4322 fe-

571 4353 646 4407 cit
676 4369 810 4407 eum
841 4353 1056 4408 ibidem
1083 4354 1520 4425 imperatorem.
1539 4356 1928 4426 Reversusque
1954 4371 2084 4409 cum
2111 4373 2179 4411 eo

2273 3288 2428 3343 niam
2455 3289 2697 3344 omnino
2731 3289 2948 3360 patrios
2975 3289 3120 3344 ﬁnes
3140 3279 3704 3344 dolebantabarbaris
3726 3289 3812 3348 pos-

2273 3375 2467 3443 sideri,
2486 3377 2742 3432 maxima
2767 3381 2919 3432 inter
2951 3380 3222 3448 utrasque
3256 3379 3445 3447 partes
3470 3369 3648 3443 jurgia
3675 3376 3814 3419 versa-

2274 3464 2506 3532 bantur,
2528 3466 2611 3520 ita
2633 3469 2694 3521 ut
2714 3465 2867 3520 inter
2887 3482 2946 3520 se
2971 3465 3220 3520 vicissim
3243 3461 3530 3518 molestias
3554 3460 3606 3514 et
3619 3455 3814 3527 depopu-

2276 3551 2521 3608 lationes
2550 3554 2813 3608 conferre
2845 3554 3231 3608 decertarent.
3273 3548 3630 3622 Temporibus
3655 3551 3811 3608 nempe

2274 3639 2643 3714 imperatoris
2659 3643 2943 3698 Anastasii
2961 3647 3017 3697 et
3039 3641 3352 3714 Liuprandi
3383 3631 3813 3708 Langobardorum

2272 3731 2428 3804 regis
2455 3732 2729 3801 (7|3-7i6)
2758 3747 2962 3786 omnes
2985 3731 3240 3786 Venetici
3273 3747 3387 3784 una
3413 3742 3537 3782 cum
3556 3714 3812 3795 patriarcha

2275 3824 2333 3875 et
2363 3820 2644 3894 episcopis
2664 3817 3412 3888 convenientes,communi
3443 3811 3655 3870 consilio
3680 3806 3818 3894 deter-

2275 3891 2663 3977 minaverunt,
2684 3909 2838 3979 quod
2869 3908 3076 3963 dehinc
3095 3905 3491 3962 honorabilius
3508 3896 3728 3956 essetsub
3745 3891 3815 3944 du.

2277 4000 2436 4055 cibus
2468 4014 2644 4069 quam
2669 3997 2773 4050 sub
2814 3997 3058 4052 tribunis
3083 4013 3345 4050 manere.
3372 3994 3614 4063 Cumque
3633 3985 3711 4040 diu
3724 3993 3819 4050 Pe”

2277 4088 2597 4142 tractarent
2619 4101 2793 4156 quem
2819 4084 3048 4139 illorum
3070 4084 3142 4139 ad
3163 4085 3314 4138 hanc
3332 4082 3648 4154 dignitatem
3666 4082 3816 4144 prove-

2278 4177 2489 4230 herent
2506 4174 2744 4228 tandem
2760 4173 3104 4228 invenerunt
3117 4171 3523 4243 peritissimum
3537 4168 3588 4222 et
3600 4162 3813 4218 illustrem

2279 4265 2466 4320 virum
2489 4263 2871 4318 Paulitionem
2889 4263 3155 4330 nomine;
3185 4255 3600 4333 cuijusjurandi
3625 4262 3665 4294 ²⁶
3686 4245 3812 4302 ﬁdem

2282 4355 2507 4421 dantes,
2531 4369 2665 4408 eum
2679 4353 2831 4423 apud
2855 4352 3218 4407 Eraclianam
3232 4350 3512 4405 civitatem
3533 4345 3708 4400 ducem
3719 4346 3815 4387 οοη·

568 4440 643 4494 ad
675 4441 1777 4515 Constantinopolym,pugnavitcontra
1794 4443 2180 4498 Justinianum
2203 4463 2255 4521 D
2283 4445 2610 4499 stituerunt.
2642 4441 2748 4506 Qui
2777 4444 2954 4496 tantae
2981 4442 3169 4496 fuerat
3199 4435 3604 4511 temperantiae,
3625 4432 3812 4521 ιξὶᾶἓίῖυθ

571 4528 646 4583 ιὰ
675 4528 1084 4584 duodecimum
1116 4531 1186 4585 ab
1214 4533 1355 4586 urbe
1385 4533 1718 4588 miliarium.
1768 4533 1959 4588 Evicto
2009 4535 2181 4606 atque

573 4616 758 4672 occiso
781 4617 1125 4685 Iustiniano,
1157 4635 1406 4689 regnum
1433 4620 1679 4691 suscepit
1706 4621 2071 4692 Philippicus.

645 4705 761 4761 Hoc
775 4721 1004 4776 quoque
1019 4708 1280 4776 tempore
1299 4711 1527 4762 mortuo
1539 4709 1842 4779 Agathone
1859 4708 2184 4781 patriarcha

575 4795 673 4868 qui
722 4794 1021 4849 ecclesiam
1080 4795 1431 4851 Gradensem
1461 4801 1688 4852 rexerat
1719 4815 1905 4852 annos
1937 4801 2019 4865 10,
2054 4798 2183 4852 huic

574 4883 840 4938 successit
871 4883 1333 4955 Christophorus.
1367 4885 1528 4941 Circa
1556 4887 1678 4940 haec
1705 4889 1970 4958 tempora
2017 4887 2186 4941 Julia-

575 4987 683 5027 nus
714 4971 1016 5026 Altinensis
1031 4973 1330 5044 episcopus
1352 4980 1619 5030 mortuus
1640 4979 1744 5042 est,
1766 4975 1862 5047 qui
1885 4975 2184 5029 ecclesiam

576 5063 804 5116 rexerat
816 5077 1000 5115 annos
1018 5061 1402 5133 quadraginta
1417 5067 1566 5119 octo.
1587 5063 1724 5118 Huic
1740 5064 2005 5119 successit
2018 5065 2188 5119 Deus-

577 5148 710 5206 dedi
729 5150 1056 5222 episcopus,
1102 5150 1199 5221 qui
1223 5155 1434 5206 sanctae
1456 5153 1746 5223 genitricis
1767 5153 2067 5208 ecclesiam
2088 5153 2187 5207 de-

2283 4531 2684 4587 moderamine
2711 4547 2841 4585 suos
2858 4530 3218 4601 dijudicaret.
3242 4530 3385 4586 Cum
3406 4519 3696 4597 Liuprando
3716 4521 3813 4601 Ven?

2283 4637 2421 4691 rege
2449 4620 2798 4674 inconvulsae
2830 4619 2982 4691 pacis
3012 4619 3303 4673 vinculum
3330 4608 3685 4672 conﬁrmavit;
3704 4593 3814 4691 εἷ)υᾲ

2284 4684 2457 4782 quem
2488 4709 2638 4781 pacti
2658 4684 3034 4782 statuta,quze
3068 4725 3222 4763 nunc
3247 4708 3397 4762 inter
3417 4699 3762 4785 Veneticoruui
3776 4684 3816 4735 εί

2285 4778 2800 4870 bangobardorum
2816 4778 3092 4868 pop—ulum
3109 4778 3814 4870 manent,impetravit.Fin¢s

2287 4869 2464 4942 etiam
2494 4886 2747 4941 Civitatis
2782 4903 2964 4952 novas,
2991 4903 3117 4958 quae
3140 4888 3374 4940 actenus
3402 4898 3433 4936 a
3454 4869 3699 4958 Veneticis
3722 4876 3814 4958 ρρε·

2287 4974 2568 5038 sidentur,
2616 4974 2719 5028 iste
2760 4990 2893 5029 cum
2930 4954 3135 5029 eodem
3181 4990 3318 5045 rege
3358 4965 3604 5031 instituit,
3634 4957 3683 5014 id
3704 4954 3767 5045 est
3793 4962 3816 4999 ³

2289 5064 2456 5118 Plave
2485 5064 2592 5133 (43)
2626 5063 2876 5134 majore,
2917 5063 3230 5118 secundum
3250 5041 3415 5133 iquod
3440 5049 3706 5122 designata
3727 5041 3815 5095 loca

2291 5151 2717 5215 discernuntur,
2751 5168 2929 5224 usque
2957 5151 3016 5206 in
3043 5151 3416 5207 Plavisellam.

1901 5273 2132 5329 VARIfE
2174 5271 2577 5329 LECTIONES.

641 5378 688 5445 ξε
703 5369 930 5445 Ζαῃετιξ
945 5371 1030 5425 hic
1058 5367 1129 5445 ad
1150 5370 1448 5439 marginem
1474 5377 1660 5425 notam
1709 5387 1872 5445 quam
1907 5371 2111 5428 Noster
2141 5373 2549 5445 interpretatur,
2600 5370 3006 5430 haberitscribit
3019 5399 3039 5442 ,-
3067 5369 3162 5427 sed
3190 5376 3264 5429 est
3296 5368 3502 5442 signum
3547 5353 3813 5419 notissimum

569 5447 619 5503 et
643 5443 703 5500 iu
729 5441 995 5500 codicibus
1025 5447 1076 5501 1.
1108 5444 1167 5502 2.
1197 5458 1331 5515 saepe
1357 5458 1638 5501 occurrens
1676 5457 1689 5498 :

1775 5443 1930 5500 ΟΤΑ.
2007 5453 2056 5488 ιι
2075 5443 2471 5517 cujusjiirandi
2493 5447 2548 5503 2.

2117 5567 2344 5636 NOTAE.

649 5670 762 5750 (43)
801 5669 992 5731 Piave.
