3934 6176
150 413 227 469 893
1375 400 1780 468 CHRONICON
1817 403 2158 467 VENETUM.

3331 404 3435 467 894

199 533 343 586 Anno
367 526 784 586 incarnationis
837 528 1067 588 Domini
1115 531 1218 587 7l7
1257 540 1303 574 ’⁵
1331 532 1720 588 Christoforus
1741 537 1796 596 Α
1895 531 2056 587 Circa
2086 531 2208 585 tunc
2241 535 2503 603 tempora
2548 530 2806 585 Donatus
2849 529 3177 602 patriarcha
3222 548 3287 586 ex
3333 531 3440 586 hac

145 619 433 692 patriarcha
483 635 551 673 ex
603 618 711 673 hac
757 621 883 674 luce
927 619 1216 691 migravit.
1264 621 1401 674 Huic
1452 620 1721 674 successit

145 709 382 763 Donatus.

201 796 345 850 Circa
373 796 498 850 haec
525 800 787 868 tempora
801 795 1473 850 DeusdediTorcellensis
1495 795 1714 867 episco-

142 900 243 955 pus,
275 885 367 956 qui
391 885 690 940 ecclesiam
721 887 946 939 rexerat
974 885 1142 938 annis
1172 886 1262 950 24,
1319 901 1384 938 ex
1433 885 1541 938 hac
1593 885 1717 938 luce

141 973 413 1043 migravit;
442 973 531 1028 cui
557 973 825 1028 successit
849 974 1172 1028 Honoratus
1217 973 1535 1043 episcopus.

195 1067 258 1131 (c.
289 1061 398 1134 36.}
422 1061 774 1116 Theodosius
825 1077 978 1115 anno
1034 1065 1081 1114 l.
1118 1061 1215 1115 Hic
1241 1063 1454 1115 electus
1485 1063 1589 1125 est,
1619 1059 1721 1113 im-

139 1154 441 1223 peratorem
466 1150 832 1204 Anastasium
879 1149 1030 1220 apud
1063 1149 1291 1203 Niceam
1324 1149 1482 1220 gravi
1522 1148 1720 1218 praelio

137 1239 269 1304 vicit,
299 1239 550 1310 datoque
599 1239 707 1293 sibi
751 1242 1140 1301 sacramento,
1185 1238 1455 1292 clericum
1505 1238 1630 1292 fieri
1659 1253 1723 1291 ac

137 1329 512 1402 presbyterum
530 1327 667 1382 fecit
687 1327 964 1382 ordinari.
988 1329 1110 1398 Ipse
1127 1343 1258 1381 vero
1281 1331 1344 1380 ut
1361 1343 1608 1397 regnum
1634 1343 1726 1380 ac-

137 1417 284 1488 cepit,
303 1433 436 1471 cum
459 1419 610 1471 esset
623 1415 955 1483 catholicus,
975 1431 1110 1470 mox
1134 1415 1192 1469 in
1224 1415 1384 1491 regia
1402 1415 1540 1469 urbe
1564 1431 1725 1486 yma-

139 1507 310 1578 ginem
331 1505 492 1559 illam
504 1503 920 1571 venerandam,
935 1503 994 1557 in
1013 1520 1127 1575 qua
1141 1506 1351 1557 sanctas
1364 1519 1458 1557 sex
1476 1503 1727 1574 synodus

139 1597 246 1649 erat
262 1593 509 1665 depicta,
532 1595 590 1646 et
613 1608 647 1645 a
669 1591 982 1663 Philippico
1004 1592 1193 1646 fuerat
1223 1592 1465 1662 dejecta,
1484 1591 1724 1663 pristino

141 1683 190 1737 in
214 1684 331 1737 loco
354 1679 555 1735 erexit.
584 1679 819 1751 Tyberis
838 1679 1042 1734 ﬂuvius
1073 1681 1298 1734 alveum
1326 1696 1492 1734 suum
1531 1695 1724 1749 egres-

143 1787 237 1838 sus,
252 1769 434 1824 multa
454 1769 733 1824 Romana:
753 1767 888 1822 fecit
902 1767 1073 1822 exitia
1099 1767 1331 1836 civitati,
1361 1768 1441 1821 ita
1471 1771 1533 1821 ut
1553 1767 1611 1821 in
1629 1766 1730 1820 Via

1822 621 1945 674 luce
2005 619 2292 689 migravit,
2346 619 2440 690 qui
2514 620 2812 674 ecclesiam
2885 620 3236 674 Gradensem
3293 619 3441 674 rexit

1823 707 1988 762 annis
2019 713 2073 764 7.
2106 707 2241 760 Huic
2270 707 2537 761 successit
2563 707 2887 762 Antoninus
2917 707 3264 778 patriarcha.

1895 796 2110 850 Eodem
2145 812 2374 866 quoque
2399 799 2658 866 tempore
2693 796 2991 864 prmlibato
3008 797 3269 850 Marcello
3293 796 3434 850 duce

1824 887 2078 949 mortuo,
2100 884 2196 955 qui
2228 884 2375 954 apud
2408 883 2703 937 Civitatem
2732 900 2943 938 novam
2978 884 3236 938 Venecize
3270 885 3438 938 duca-

1823 975 1946 1026 tum
1981 972 2148 1026 annis
2187 975 2252 1028 l2
2279 975 2336 1025 et
2365 971 2566 1026 diebus
2609 974 2676 1026 2O
2707 973 3158 1040 gubernaverat;
3191 971 3278 1026 cui
3311 989 3434 1026 suc-

1824 1061 1991 1114 cessit
2024 1061 2191 1114 Ursus
2223 1060 2356 1126 dux,
2405 1059 2500 1131 qui
2553 1059 2727 1113 etiam
2765 1061 2820 1113 in
2854 1061 3059 1114 eadem
3101 1063 3180 1102 π’
3211 1060 3437 1114 civitate

1823 1149 2178 1220 sepedietum
2219 1149 2490 1202 ducatum
2525 1150 2750 1202 rexerat
2805 1148 2970 1202 annis
3020 1152 3074 1203 Η
3113 1153 3169 1203 et
3221 1148 3433 1202 mensi-

1825 1238 1930 1292 bus
2044 1237 2206 1292 Unde
2238 1237 2610 1307 postmodum
2637 1236 2889 1290 Venetici
2923 1237 3081 1290 illum
3115 1236 3229 1291 acri
3257 1236 3434 1291 livore

1825 1325 2244 1393 interimentes,
2261 1325 2515 1396 quinque
2531 1341 2817 1378 annorum
2835 1324 3018 1396 spatio
3036 1324 3321 1396 magistris
3336 1323 3438 1378 mi-

1825 1416 1990 1470 litum
2014 1415 2421 1470 tantummodo
2454 1414 2663 1468 subditi
2697 1430 2935 1468 manere
2963 1415 3289 1468 voluerunt.
3316 1411 3434 1466 Pri-

1829 1521 1956 1558 mus
1987 1519 2234 1575 quorum
2265 1503 2502 1557 nomine
2527 1503 2637 1557 Leo
2656 1502 2973 1567 dicebatur,
3006 1502 3165 1572 cujus
3187 1503 3438 1572 potestas

1829 1609 2001 1663 super
2031 1593 2264 1647 eosdem
2294 1591 2399 1645 fuit
2417 1608 2568 1645 anno
2600 1595 2643 1646 l.
2666 1590 2883 1646 Deinde
2905 1590 3188 1644 secundus
3211 1590 3436 1644 illorum

1831 1681 2245 1735 nominabatur
2285 1680 2433 1734 Felix
2461 1681 2851 1750 cognomento
2880 1679 3201 1744 Cornicula,
3245 1677 3340 1749 qui
3368 1677 3440 1731 si-

1833 1769 2048 1823 militer
2079 1769 2205 1823 illos
2230 1769 2399 1823 unius
2427 1769 2564 1822 anni
2596 1768 2778 1838 spatio
2806 1769 3053 1822 rexerat.
3087 1766 3301 1820 Exinde
3333 1769 3445 1820 ter-

145 1859 240 1912 lata
254 1859 324 1912 ad
345 1873 524 1911 unam
551 1858 609 1911 et
635 1855 811 1910 semis
839 1859 1118 1910 staturam
1157 1858 1523 1922 excresseret,
1558 1859 1728 1925 atque
1752 1854 1804 1912 Β
1833 1858 1950 1912 cius
1981 1857 2255 1928 magister
2287 1857 2537 1911 militum
2571 1856 2927 1910 vocitabatur
2955 1854 3260 1921 Deusdedi,
3296 1853 3443 1908 ﬁlius

148 1943 536 2018 aportasancti
556 1943 708 1999 Petri
722 1959 900 2016 usque
929 1944 1001 1998 ad
1033 1945 1275 1999 Pontem
1294 1943 1557 1998 Molvium
1585 1960 1731 2015 aque

151 2033 536 2089 descendentes
563 2033 1007 2102 conjungerent.
1035 2032 1236 2086 Mansit
1283 2035 1478 2086 autem
1531 2031 1731 2085 diebus

149 2127 361 2194 septem,
383 2122 568 2176 donec
579 2119 884 2192 agentibus
904 2120 1145 2175 letanias
1161 2120 1374 2175 crebris
1394 2119 1608 2174 vicibus
1631 2120 1729 2174 de-

150 2209 333 2266 cimum
363 2210 521 2265 diem
571 2209 824 2264 revertit.
857 2210 1033 2280 (Bern
1062 2208 1144 2262 De
1167 2225 1254 2262 sea:
1298 2216 1445 2263 aetat.
1496 2206 1732 2280 mundi.)

152 2298 226 2353 llis
248 2298 601 2371 temporibus
633 2297 798 2352 multi
820 2298 1149 2368 Anglorum
1173 2301 1395 2368 gentes,
1425 2298 1646 2352 nobiles
1676 2299 1733 2350 et

151 2386 422 2458 ignobiles,
455 2386 563 2442 viri
599 2389 657 2442 et
693 2385 950 2451 femina,
987 2385 1158 2440 duces
1196 2389 1252 2440 et
1299 2385 1528 2458 privati,
1556 2383 1733 2440 divini

149 2475 334 2530 amoris
361 2475 658 2542 instinctu,
699 2475 771 2529 de
814 2474 1070 2529 Britania
1098 2475 1344 2530 Romam
1373 2474 1569 2529 venire
1599 2491 1732 2528 con-

146 2567 444 2619 sueverant.
474 2565 632 2618 Inter
661 2579 806 2636 quos
834 2563 1009 2617 etiam
1030 2563 1470 2618 reverendissim
1481 2581 1543 2617 us
1555 2563 1734 2617 abbas

148 2651 442 2708 Ceolfridus
455 2669 640 2706 annos
661 2654 829 2706 natus
843 2653 936 2712 74.
955 2668 1086 2706 cum
1108 2655 1255 2706 esset
1269 2652 1551 2723 presbiter
1567 2650 1736 2705 annis

145 2741 511 2813 quadraginta
532 2743 776 2812 septem,
795 2741 974 2796 abbas
992 2744 1186 2795 autem
1202 2740 1366 2795 annis
1381 2743 1468 2808 35,
1487 2739 1583 2794 ubi
1603 2739 1733 2793 Lin-

141 2845 308 2900 gonas
354 2829 639 2902 pervenit,
680 2828 760 2884 ibi
799 2829 1120 2895 defunctus,
1171 2833 1342 2900 atque
1392 2829 1450 2882 in
1499 2827 1737 2884 ecclesia

141 2916 426 2974 beatorum
460 2919 833 2990 geminorum
865 2921 1186 2988 martyrum
1215 2918 1467 2989 sepultus
1492 2920 1594 2971 est.
1629 2915 1736 2979 Qui

142 3003 276 3061 inter
290 3008 400 3062 alia
419 3006 663 3062 donaria
678 3021 806 3078 quae
824 3005 1030 3061 afferre
1053 3006 1434 3076 disposuerat,
1458 3005 1614 3059 misit
1643 3020 1736 3058 cc-

142 3095 308 3152 clesiaa
335 3097 515 3151 sancti
537 3095 691 3151 Petri
722 3095 1012 3167 pandente
1047 3112 1081 3148 a
1110 3094 1280 3149 beato
1311 3093 1646 3149 Hieronimo
1675 3093 1733 3148 in

141 3181 392 3240 Latinum
423 3202 492 3239 ex
523 3184 744 3238 Hebreo
771 3184 857 3238 vel
894 3183 1070 3238 Greco
1108 3183 1268 3237 fonte
1295 3184 1684 3261 translatum.“

1833 1946 2122 2017 saepedicti
2150 1946 2382 2000 Ursonis
2407 1944 2695 1999 interfecti
2722 1944 2900 2011 ducis,
2936 1943 3033 2015 qui
3066 1943 3241 1996 etiam
3278 1941 3446 1995 unius

1833 2035 1972 2090 anni
1993 2034 2177 2105 spatio
2207 2034 2356 2089 illius
2388 2034 2685 2106 potestatis
2727 2033 2915 2088 fuerat
2956 2041 3022 2086 27.
3067 2031 3445 2086 Postmodum

1833 2126 2070 2195 quartus
2097 2141 2162 2178 ex
2203 2123 2269 2177 iis
2289 2123 2609 2177 habebatur
2637 2122 2910 2176 Jubianus
2942 2120 3180 2176 nomine
3208 2120 3442 2190 Ypatus,

1833 2213 1930 2283 qui
1958 2220 2004 2254 ἐ
2035 2211 2293 2282 ejusdem
2326 2211 2566 2265 honoris
2593 2212 2760 2265 unius
2803 2209 2939 2265 anni
2970 2209 3235 2264 similiter
3261 2208 3444 2280 spatio

1833 2316 2125 2370 possessor
2175 2301 2380 2354 fuerat.
2435 2300 2605 2370 Cujus
2651 2316 2879 2371 quoque
2925 2299 3124 2353 diebus
3164 2300 3271 2369 (an.
3317 2296 3446 2368 729)

1835 2391 2111 2446 exarchus
2141 2391 2425 2444 Ravenna:
2473 2388 2692 2460 primas
2733 2388 3033 2442 Venetiam
3066 2387 3322 2452 veniens,
3357 2386 3444 2440 ni-

1835 2479 2134 2551 miumque
2167 2479 2463 2533 Veneticos
2495 2479 2809 2550 postulans,
2839 2480 3122 2549 quatenus
3146 2475 3444 2548 propriam

1835 2570 2258 2638 urbem,quam
2273 2566 2841 2637 Ildebrandusnepos
2867 2565 3176 2619 Liubrandi
3206 2564 3358 2636 regis
3390 2567 3448 2618 et

1838 2657 2127 2712 Paradeus
2177 2655 2505 2710 Vicentinus
2532 2655 2642 2709 dux
2673 2658 2902 2727 captam
2928 2655 3273 2720 habuerant,
3302 2653 3449 2707 tueri

1841 2749 2013 2818 atque
2036 2745 2349 2800 defendere
2367 2760 2569 2799 eorum
2591 2743 2813 2798 auxiliis
2831 2743 3123 2815 potuisset.
3151 2741 3322 2812 Cujus
3342 2741 3448 2795 Ve-

1838 2835 2012 2888 netici
2034 2836 2290 2888 faventes
2303 2832 2589 2903 petitioni,
2614 2831 2800 2886 navali
2829 2847 2960 2884 cum
2993 2829 3241 2884 exercitu
3267 2828 3453 2900 praeli-

1839 2925 2034 2980 batam
2056 2924 2388 2977 Ravennam
2407 2920 2480 2975 ad
2500 2921 2702 2975 urbem
2730 2922 3129 2992 properantes,
3161 2935 3307 2971 unus
3330 2917 3450 2972 illo-

1838 3031 1992 3080 rum,
2017 3011 2390 3066 lldebrandus
2419 3019 2465 3051 ὀ
2497 3008 2732 3074 scilicet,
2755 3007 2910 3061 vivus
2933 3007 3004 3061 ab
3023 3007 3105 3060 eis
3119 3009 3314 3076 captus
3335 3007 3449 3066 est;

1841 3105 1986 3158 alter
2011 3117 2144 3154 vero
2177 3100 2274 3170 qui
2328 3099 2626 3153 dicebatur
2674 3096 2980 3161 Paradeus,
3033 3097 3248 3150 occisus
3279 3093 3450 3148 dimi-

1755 3195 1802 3258 C
1842 3191 2026 3245 cando
2061 3189 2426 3244 occubuerat.
2452 3189 2638 3257 Atque
2660 3183 3250 3256 hujusmodiexarcho
3270 3181 3454 3254 praeli-

202 3272 413 3329 Eodem
442 3277 711 3344 tempore
742 3275 974 3326 mortuo
1006 3271 1298 3326 Honoralo
1331 3259 1735 3342 episcopo,q'ui
1839 3280 1981 3334 baro
2001 3277 2233 3351 primati
2267 3277 2400 3330 urbs
2430 3275 2702 3330 decenter
2731 3276 2814 3328 est
2841 3273 3126 3328 restituta.
3161 3271 3243 3327 Ob
3275 3286 3451 3343 quam

136 3361 480 3418 Altinensem
518 3359 816 3416 ecclesiam
859 3364 1086 3415 rexerat
1132 3359 1299 3414 annis
1335 3367 1388 3426 7,
1437 3359 1631 3414 Vitalis
1664 3359 1738 3414 ad

138 3449 444 3521 regendam
475 3449 724 3520 suscepit
766 3448 1094 3504 ecclesiam.
1144 3449 1228 3511 (P.
1264 3449 1330 3503 D.
1364 3465 1442 3514 Vl,
1477 3447 1592 3518 47.)
1625 3448 1736 3503 Leo

139 3538 289 3592 annis
317 3542 371 3594 8.
394 3537 696 3594 Sarraceni
717 3554 848 3592 cum
871 3537 1160 3592 immenso
1180 3537 1433 3591 exercitu
1455 3535 1736 3591 Constan-

140 3624 450 3699 tinopolym
489 3627 786 3681 venientes
815 3626 1066 3680 triennio
1119 3626 1410 3680 civitatem
1453 3625 1737 3690 obsident,

141 3712 333 3783 donec,
348 3716 563 3771 civibus
575 3717 756 3770 multa
770 3715 1040 3769 instantia
1055 3715 1127 3768 ad
1138 3715 1321 3769 Deum
1335 3713 1738 3779 clamantibus,

141 3803 360 3870 plurimi
379 3821 584 3859 eorum
601 3805 778 3865 fame,
793 3803 1030 3875 frigore,
1051 3804 1250 3874 pestile
1262 3802 1380 3856 ntia
1394 3801 1742 3874 perirent,ac

141 3889 236 3944 si“
266 3894 502 3966 pertaesi
533 3891 846 3948 obsidionis
867 3892 1262 3946 abscederent.
1299 3890 1406 3954 Qui
1435 3891 1490 3944 in
1530 3891 1621 3944 die
1652 3906 1741 3944 re-

143 3983 326 4049 gressi,
375 3981 758 4052 Vulgarorum
802 3984 1061 4051 gentem,
1086 3997 1214 4051 quae
1253 3982 1337 4034 est
1356 3995 1530 4050 supra
1559 3980 1746 4033 Danu-

1839 3384 1966 3422 rem
1992 3366 2294 3438 Gregorius
2308 3381 2536 3436 quoque
2566 3363 2910 3435 apostolicus
2927 3362 3082 3416 urbis
3107 3362 3305 3416 Romae
3332 3362 3454 3414 tota

1841 3456 2112 3511 aviditate
2156 3454 2478 3525 sapedictm
2522 3452 2650 3507 urbi
2692 3450 3105 3517 subveniendo,
3154 3447 3451 3522 propriam

1843 3544 2147 3617 epistolam
2179 3560 2307 3615 quae
2333 3542 2570 3596 inferius
2611 3542 2822 3612 legitur
2854 3539 3149 3596 Antonino
3180 3534 3456 3592 Gradensi

1842 3633 2184 3704 patriarchm
2213 3632 2472 3698 miserat,
2507 3633 2567 3684 ut
2591 3629 2894 3684 VeneticOs
2933 3627 3168 3682 amabili
3199 3627 3459 3681 obsecra-

1841 3722 2000 3776 tione
2026 3721 2257 3775 inlicere
2277 3720 2534 3785 deberet,
2554 3719 2628 3772 ad
2645 3718 2892 3772 eandem
2908 3715 3336 3770 defendendam
3361 3729 3458 3767 ur—

1843 3810 1978 3865 bem
2013 3809 2302 3863 venirent:
2342 3807 2696 3860 Dilectissimo
2725 3807 2894 3875 fratri
2927 3804 3208 3857 Antonino
3254 3800 3459 3870 Grego-

1846 3899 1980 3953 rius.
2008 3897 2147 3963 Quia
2168 3902 2386 3968 peccato
2414 3895 2646 3967 faciente
2691 3893 3092 3948 Ravenantium
3126 3891 3339 3956 civitas,
3367 3890 3463 3960 qui

1847 3995 2003 4058 caput
2033 3993 2147 4041 erat
2184 3987 2444 4050 omnium,
2478 3983 2542 4037 ab
2570 4001 2662 4038 nec
2706 3981 2927 4036 dicenda
2964 3989 3117 4050 gente
3154 3977 3462 4047 Langobar-

144 4061 305 4137 binm,
331 4070 487 4124 bello
510 4069 907 4140 agrediuntur,
940 4072 998 4123 et
1035 4069 1106 4122 ab
1132 4069 1240 4122 hac
1261 4084 1489 4140 quoque
1508 4067 1634 4121 victi
1651 4082 1729 4121 re-

1849 4076 2039 4131 dorum
2082 4081 2237 4146 capta
2268 4079 2385 4139 'est,
2442 4079 2489 4127 et
2536 4071 2681 4145 ﬁlius
2739 4076 2913 4124 noster
2963 4070 3188 4124 eximius
3237 4066 3461 4120 domnus

145 4151 380 4230 fugiunt.
405 4173 474 4212 3°
495 4174 666 4212 naves
686 4160 958 4226 repetunt
986 4175 1144 4225 3085;
1175 4157 1380 4228 finibus
1411 4173 1542 4210 cum
1562 4157 1742 4210 altum
1846 4165 2102 4220 exarchus
2132 4162 2275 4234 apud
2308 4163 2580 4228 Venecias,
2613 4160 3048 4230 utcognovimus,
3100 4161 3341 4210 moratur
3370 4154 3461 4207 de-

145 4248 734 4319 pelerent,ingruente
747 4246 934 4300 subita
949 4244 1552 4318 tempestate,plurimi
1565 4244 1729 4298 etiam

1851 4255 1965 4310 beat
1997 4263 2087 4308 tua
2124 4255 2372 4323 fraterna
2418 4253 2670 4307 sanctitas
2723 4252 2772 4304 ei
2823 4247 3072 4313 adwrere,
3133 4252 3183 4299 et
3240 4261 3360 4299 cum
3405 4259 3462 4298 eo

150 4337 334 4391 mersis
366 4336 482 4391 sive
509 4334 815 4389 confractis
843 4350 948 4406 per
985 4335 1180 4388 littora
1205 4333 1461 4399 navibus,
1493 4335 1628 4386 sunt
1650 4349 1729 4386 ne

1847 4351 2027 4398 nostra
2058 4345 2168 4397 vice
2199 4345 2405 4414 pariter
2433 4341 2716 4405 decertare,
2758 4342 2816 4392 ut
2841 4336 2912 4390 ad
2930 4335 3228 4407 pristinum
3265 4336 3466 4387 statum

151 4426 261 4483 cati.
285 4436 361 4492 (c.
392 4425 512 4497 48.)
543 4394 901 4493 Liuprandus
913 4422 1152 4477 audiens
1173 4422 1329 4494 quod
1351 4394 1729 4487 Saraceni,de-

1846 4439 2044 4487 sanctae
2077 4433 2157 4486 rei
2198 4431 2428 4503 publica:
2471 4435 2519 4484 et
2569 4426 2834 4498 imperiali
2875 4426 3090 4479 ser-vicio
3125 4423 3462 4476 dominorum

157 4516 412 4585 populata
432 4513 722 4579 Sardinia,
745 4512 920 4567 etiam
941 4513 1064 4566 loca
1079 4512 1345 4566 fedarent
1372 4511 1471 4564 illa
1496 4509 1591 4564 ubi
1622 4525 1729 4564 ossa

1848 4520 2186 4594 ﬁliorumque
2207 4528 2506 4574 nostrorum
2530 4517 2722 4572 Leonis
2769 4523 2818 4569 et
2851 4512 3215 4578 Constantini,
3242 4523 3465 4580 magno‘

161 4604 318 4657 δειλαί
356 4601 662 4674 Αυὲυδίίῧί
686 4600 934 4673 episcopi
957 4603 1194 4671 Propter
1215 4599 1594 4654 vastationem
1615 4599 1747 4652 bal“
1850 4628 1977 4667 rum
2001 4612 2406 4681 imperatorum,
2452 4610 2563 4678 ipsa
2609 4611 2878 4660 revocetur
2907 4601 3305 4658 Ravenantium
3335 4601 3464 4653 ι’ιυί-

164 4683 416 4745 barorum
441 4673 580 4745 olim
612 4689 891 4744 translata
921 4690 980 4742 et
1005 4687 1322 4742 honoriﬁce
1353 4686 1584 4741 fuerant
1613 4702 1729 4741 cont

1859 4709 1960 4768 tas,
1987 4707 2044 4753 ut
2080 4698 2187 4753 zelo
2216 4705 2265 4752 et
2312 4713 2490 4752 amore
2528 4702 2724 4749 sancta:
2763 4693 2892 4763 ﬁdei
2920 4697 3114 4746 nostra.»
3146 4692 3202 4743 in
3225 4693 3369 4743 statu
3392 4673 3475 4740 rei

165 4770 280 4847 diu,
304 4780 482 4847 ωίείῐ,
515 4783 573 4834 ει
591 4779 724 4832 dato
753 4793 967 4849 magno
997 4775 1189 4848 ΡΓθθίο
1221 4775 1462 4849 accepit,
1481 4779 1539 4830 et
1563 4780 1753 4830 mus"
1848 4789 2076 4861 publica:
2122 4795 2171 4842 et
2219 4786 2488 4857 imperiali
2522 4785 2736 4839 servicio
2765 4783 2912 4851 ﬁrmi
2929 4784 3209 4852 persistere
3235 4777 3467 4831 Domino

165 4861 271 4951 funt
300 4886 370 4924 ea
408 4869 468 4924 in
505 4867 726 4934 Τίοίηον
761 4866 955 4938 ibique
1001 4882 1132 4920 cum
1176 4865 1372 4921 debito
1412 4867 1574 4920 tanto
1604 4861 1756 4935 Patri
1857 4896 1959 4951 quo
1989 4886 2036 4919 ³ο
2068 4881 2377 4947 cooperante
2408 4875 2695 4928 valeamus.
2729 4871 2873 4925 Deus
2911 4877 2958 4924 te
3006 4869 3319 4924 incolumem
3356 4881 3473 4920 cus-

162 4945 364 5013 honore
394 4955 746 5012 recondidit.

1860 4945 2048 5035 todiat,
2078 4945 2410 5020 dilectissime
2435 4964 2627 5034 frater.

217 5047 380 5102 Anno
413 5044 901 5101 abincarnatione
919 5042 1150 5099 Domini
1172 5043 1544 5110 727,mortuo
1563 5040 1753 5095 Pauli-
1928 5056 2023 5110 His
2055 5053 2383 5127 prmlibatis,
2406 5055 2537 5124 post
2557 5051 2853 5106 decessum
2893 5047 3302 5121 prmdictomm
3335 5061 3470 5115 qua.

156 5125 301 5190 ίίοηθ
318 5137 463 5190 duce
481 5134 633 5206 aPUd
653 5133 952 5188 δίνίίίιιθῐη
973 5149 1203 5200 novam,
1221 5133 1319 5204 (Ιυί
1343 5131 1570 5186 ἀυθδνη
1590 5129 1756 5184 annis
1856 5147 1990 5199 tuor
2010 5125 2258 5198 militum
2275 5141 2690 5213 magistrorum
2709 5138 2942 5210 quintus
2959 5137 3216 5208 ejusdem
3237 5134 3468 5204 praefec-

161 5213 239 5290 20,
262 5225 558 5280 mensibus
587 5222 1230 5290 6,5uccessitMarcellus
1253 5221 1384 5275 dux.
1413 5221 1491 5274 Eo
1525 5236 1729 5291 quoqut

1859 5237 2002 5289 tura:
2035 5232 2356 5298 ordinatur,
2390 5230 2486 5302 qui
2503 5230 2795 5284 Iohannes
2813 5225 3116 5281 Fabriacus
3138 5221 3465 5285 vocabatur,

153 5302 413 5386 ttempore
434 5315 545 5368 Leo
566 5311 884 5382 imperator
903 5309 1172 5383 migravit
1196 5327 1230 5366 a
1244 5310 1482 5379 saeculo;
1514 5308 1605 5364 cui
1629 5325 1724 5364 suc

1861 5322 2020 5394 cujus
2050 5320 2223 5376 simili
2251 5320 2427 5376 modo
2459 5322 2523 5375 ut
2553 5317 2697 5387 aliis,
2735 5315 3090 5389 principatus
3132 5310 3298 5366 unius
3326 5309 3467 5365 anni

148 5405 397 5462 c(isserat
429 5402 856 5461 Constantinus.

1473 5551 1703 5608 VARIIE
1741 5547 2141 5609 LECTIONES.

223 5680 268 5718 ³⁵
292 5677 420 5733 712.
478 5673 562 5728 ed.
639 5680 686 5745 ³9
706 5674 745 5734 i.
799 5688 847 5731 e.
906 5670 986 5734 sic
1036 5669 1160 5736 (En.
1213 5670 1402 5745 Pun).
1477 5669 1719 5730 Wcade
1781 5674 1835 5729 2.
1911 5676 1957 5715 ’τ
1981 5667 2096 5728 εστι.
2156 5676 2467 5738 possessor.

2552 5657 2758 5716 eodem
2820 5654 2878 5714 2.
2955 5649 3357 5712 “ilderandus
3410 5651 3466 5722 2.

103 5735 180 5775 ⁸⁸
207 5747 294 5807 ita
317 5750 375 5806 2.
406 5743 686 5823 quoque?
