3998 6166
169 387 261 444 897

1435 373 1839 436 CHRONICON
1876 375 2230 438 VENETUM.

3400 379 3504 442 898

163 509 236 564 vir
255 503 593 564 Gradensem
620 495 931 557 ecclesiam
963 495 1137 554 annis
1186 499 1254 556 36
1303 506 1372 570 ³ο,
1398 503 1767 574 sepultusque
1790 508 1844 566 Α
1874 519 2128 576 namque
2141 503 2325 571 sedes,
2343 519 2471 576 quae
2483 504 2718 578 proprio
2745 508 2976 580 pastore
2992 522 3166 563 vacua
3179 506 3501 578 videbatur,

162 598 254 656 fuit
288 597 347 651 in
389 593 568 650 sancti
604 590 771 648 Marci
811 588 1048 662 capella
1095 589 1208 658 (45)
1259 593 1390 661 post
1432 593 1768 645 sanctorum

161 690 461 757 martyrum
509 682 816 738 mausolea.
855 677 1050 743 Quem
1100 679 1374 734 successit
1423 679 1771 734 Fortunatus

161 777 220 832 ad
245 773 564 846 regendam
589 769 914 825 ecclesiam.

216 863 427 919 Eodem
451 876 673 934 quoque
695 862 965 930 tempore
991 857 1249 911 domnus
1268 858 1502 913 Carolus
1519 858 1774 912 Franco-

151 970 263 1011 rum
284 969 384 1006 rex
419 952 638 1004 Roman
669 947 807 1002 adiit
838 947 958 1018 (an.
995 945 1120 1013 800,
1157 945 1297 1000 Dec.
1329 947 1441 1018 25),
1476 946 1672 1018 ibique
1697 947 1770 1001 ab

156 1039 451 1115 apostolico
484 1040 782 1093 coronatus
827 1040 889 1090 et
937 1037 1145 1090 unctus
1178 1039 1272 1089 est
1298 1035 1359 1090 in
1388 1037 1767 1106 imperatore.

148 1133 341 1188 Mortua
376 1131 463 1183 est
512 1143 758 1198 namque
791 1125 1034 1180 Herenis
1064 1127 1342 1194 augusta,
1377 1142 1504 1197 quae
1537 1129 1771 1180 rexerat

149 1217 443 1291 imperium
467 1215 632 1270 annis
649 1217 700 1281 8,
724 1217 783 1267 et
800 1213 1100 1284 Nicyforus
1123 1213 1440 1283 imperiale
1467 1213 1772 1285 fastigium

146 1309 368 1379 adeptus
397 1308 504 1360 est.
539 1303 714 1367 Quem
747 1301 991 1373 quidam
1035 1301 1366 1367 tirrannus,
1390 1302 1632 1356 Turcbis
1666 1320 1772 1357 no-

149 1397 303 1463 mine,
335 1409 567 1464 magna
593 1390 964 1462 expedicione
993 1388 1266 1459 stipatus,
1297 1394 1540 1444 conatus
1573 1394 1656 1445 est
1700 1393 1776 1446 ad

149 1486 399 1560 praelium
443 1496 770 1555 provocare.
803 1478 919 1533 Sed
949 1483 1234 1549 augustus
1263 1494 1401 1533 cum
1438 1479 1522 1532 sui
1545 1479 1775 1552 imperii

149 1591 275 1647 pene
304 1571 520 1628 omnia
547 1571 670 1625 loca
698 1570 899 1623 contra
926 1569 1286 1638 tyrrannum
1322 1570 1609 1636 tueretur,
1643 1573 1775 1622 tan-

147 1661 442 1719 tummodo
497 1659 682 1714 solum
709 1656 1060 1711 Tarsaticum
1114 1655 1438 1710 destruere
1491 1657 1678 1728 potuit
1706 1665 1774 1716 ³7,

155 1751 525 1809 Postmodum
571 1763 700 1803 vero
755 1744 1041 1818 predictus
1108 1743 1434 1799 tirrannus
1489 1747 1774 1815 pmnitens

155 1842 285 1915 quod
312 1843 536 1895 contra
563 1836 858 1908 imperiale
888 1850 1101 1889 numen
1128 1833 1379 1904 aliquod
1415 1833 1584 1889 nefas
1619 1851 1780 1906 pere-

149 1933 316 2005 gisset,
361 1929 608 1983 devotus
632 1929 690 1982 et
712 1941 957 1980 cernuus
975 1938 1141 1978 snam
1173 1921 1482 1976 adinvenit
1501 1924 1774 1993 gratiam.

208 2019 536 2075 Prelibatus
567 2015 854 2087 siquidem
885 2013 1240 2068 Fortunatus
1273 2011 1605 2082 patriarcha
1633 2013 1778 2068 acri-

147 2113 221 2165 ter
243 2108 457 2164 dolens
477 2102 942 2159 interfectionem
963 2099 1046 2156 sui
1068 2099 1398 2154 decessoris
1419 2103 1477 2154 et
1497 2101 1776 2171 parentis,

145 2197 373 2254 insidias
411 2194 688 2249 adversus
731 2188 1065 2245 Mauricium
1119 2189 1184 2243 et
1237 2186 1567 2242 Iohannem
1607 2189 1779 2245 duces

147 2283 466 2359 composuit
495 2290 566 2349 ³⁸,
598 2284 658 2336 et
681 2279 883 2334 relicta
910 2278 1045 2333 sede
1076 2275 1308 2347 thurbe
1333 2276 1405 2330 ad
1429 2277 1651 2331 Italiam
1677 2295 1777 2348 pe-

144 2374 270 2430 rexit
293 2381 348 2417 δε
380 2371 446 2439 *;
479 2383 660 2443 quem
691 2367 870 2422 etiam
912 2367 1144 2420 secutus
1192 2365 1280 2417 est
1327 2363 1563 2434 quidam
1596 2365 1780 2419 tribu-

147 2479 236 2518 nus
263 2458 622 2518 Obellierius
646 2457 889 2512 nomine
908 2450 1409 2518 Metamaucensis,
1433 2451 1582 2506 Felix
1602 2453 1780 2508 tribu-

147 2569 256 2619 nus,
278 2548 621 2608 Dimitrius,
653 2544 1007 2600 Marinianus
1036 2558 1142 2597 seu
1173 2540 1451 2594 Fuscarus
1493 2540 1774 2613 Gregorii,

145 2645 193 2696 et
215 2636 488 2696 nonnulli
516 2635 617 2692 alii
638 2633 1048 2689 Veneticorum
1071 2629 1334 2699 majores
1364 2628 1474 2699 (an.
1503 2630 1650 2700 803).
1700 2631 1778 2685 Ex

144 2729 337 2802 quibus
392 2725 554 2781 solus
596 2721 929 2796 patriarcha
970 2719 1031 2775 in
1074 2716 1377 2772 Franciam
1415 2716 1534 2776 ivit.
1590 2718 1778 2774 Ceteri

144 2835 263 2874 vero
279 2814 712 2873 remanserunt
731 2811 792 2866 in
809 2809 1066 2883 quadam
1106 2805 1336 2862 civitate
1371 2822 1489 2861 non
1520 2808 1720 2878 procul
1745 2824 1780 2862 a

144 2907 402 2974 Venecia,
452 2903 708 2960 nomine
742 2897 1027 2966 Tarvisio;
1060 2895 1260 2968 ibique
1291 2911 1410 2949 non
1439 2895 1648 2950 diutius
1678 2896 1780 2950 de-

149 3000 357 3068 gentes,
385 2991 640 3050 consilio
668 2991 904 3045 illorum
936 2984 1249 3042 ammoniti
1289 2982 1386 3054 qui
1435 2984 1494 3038 in
1540 2984 1780 3039 Venetia

150 3085 554 3149 morabantur,
589 3075 969 3135 Obellierium
989 3075 1103 3146 (46)
1119 3073 1419 3129 tribunum
1439 3071 1644 3127 ducem
1668 3072 1782 3126 ele-

150 3177 365 3244 gerunt.

211 3261 330 3326 Quo
344 3259 659 3316 Iohannes
675 3258 734 3310 et
750 3251 1053 3310 Mauricius
1073 3250 1248 3306 duces
1271 3247 1782 3322 comperto,attriti

146 3349 540 3414 ﬁmoratione,
562 3343 708 3417 lapsi
736 3346 891 3399 sunt.
909 3342 1070 3394 Alter
1100 3339 1331 3392 illorum
1367 3337 1688 3403 Franciam,
1724 3335 1783 3390 id

147 3443 224 3492 est
248 3436 585 3501 Mauricius,
619 3433 768 3487 alter
787 3445 925 3485 vero
961 3429 1254 3483 Mantuam
1285 3425 1481 3493 adivit,
1506 3427 1601 3481 ubi
1633 3425 1779 3480 adeo

149 3524 496 3582 commorati
529 3525 689 3588 sunt,
727 3523 789 3574 ut
812 3520 1020 3573 neuter
1046 3517 1277 3570 illorum
1299 3515 1606 3569 Veneciam
1633 3513 1783 3568 redi-

147 3614 358 3681 ret,sed
391 3611 515 3668 illic
550 3610 707 3664 diem
739 3607 1070 3662 clauserunt
1098 3606 1435 3657 extremum.
1466 3602 1782 3657 Christofo-

147 3720 233 3758 rus
248 3703 431 3758 etiam
452 3696 801 3756 Olivolensis
821 3693 1142 3767 episcopus,
1183 3692 1320 3746 dum
1336 3690 1604 3746 Obelierii
1625 3691 1781 3746 ducis

149 3791 456 3846 adventum
491 3803 616 3842 non
672 3785 914 3840 auderet
954 3780 1278 3854 prestolari,
1312 3786 1462 3844 Icum
1509 3779 1781 3850 predictis

148 3879 380 3935 ducibus
419 3878 570 3948 fuga
598 3877 794 3946 lapsus
839 3874 943 3926 est.
993 3871 1149 3924 Tunc
1192 3869 1418 3923 hisdem
1465 3867 1781 3923 Obelierius

149 3968 418 4022 audacter
434 3961 754 4018 Veneciam
784 3959 1045 4026 intravit;
1071 3957 1168 4030 qui
1200 3973 1331 4012 cum
1363 3957 1567 4012 devote
1593 3961 1651 4011 et
1674 3957 1778 4011 ho-

151 4056 381 4110 noriﬁce
421 4071 459 4108 a
489 4051 710 4126 populo
754 4051 1051 4119 susceptus
1093 4049 1261 4113 esset,
1307 4062 1474 4100 suum
1514 4045 1776 4114 fratrem,

151 4144 408 4198 videlicet
425 4143 675 4196 Beatum
689 4133 1258 4207 nomine,dignitatis
1270 4135 1402 4190 fecit
1417 4134 1520 4189 sibi
1537 4133 1776 4188 socium.

149 4233 254 4287 Hac
292 4232 481 4287 etiam
515 4229 866 4299 tempestate
908 4224 1116 4279 Civitas
1157 4241 1324 4292 nova,
1373 4239 1502 4294 quae
1545 4226 1783 4277 vocatur

149 4321 470 4387 Eracliana,
501 4334 536 4372 a
553 4314 836 4370 Veneticis
855 4313 1146 4368 destructa
1170 4317 1272 4367 est.
1297 4311 1517 4367 Deinde
1538 4311 1782 4382 predicti

151 4409 318 4465 duces
348 4408 624 4464 navalem
652 4403 965 4460 exercitum
992 4402 1064 4457 ad
1082 4402 1509 4457 Dalmaciarum
1552 4399 1782 4471 provin-

1799 3119 1848 3178 C

1804 4449 1857 4508 D

1869 591 2120 646 Iohanni
2145 592 2391 647 diacono
2419 595 2600 650 electo
2622 613 2655 650 a
2685 597 2855 667 plebe
2888 596 3076 652 fuerat
3114 597 3425 654 adtributa.

1944 682 2079 734 Post
2107 681 2343 752 aliquod
2373 699 2504 736 vero
2528 685 2758 757 tempus
2792 685 3136 740 Fortunatus
3169 686 3498 758 patriarcha

1871 787 2005 824 cum
2024 769 2381 825 Christoforo
2404 773 2671 845 episcopo
2692 775 2762 829 de
2779 775 3020 830 Francia
3035 775 3349 848 repedavit.
3369 776 3501 840 Qui-

1873 859 1980 913 bus
1999 875 2131 912 cum
2149 859 2234 913 fas
2254 875 2371 914 non
2395 865 2542 915 esset
2568 862 2875 918 Veneciam
2897 868 3222 936 penetrare,
3239 863 3296 918 in
3316 863 3498 919 sancti

1876 946 2129 1017 Cipriani
2153 948 2408 1016 ecclesia,
2427 950 2596 1019 plebe
2620 951 3114 1008 scilicctAltinatis
3138 953 3410 1025 episcopii
3451 960 3499 994 ³ο

1875 1051 2004 1106 qua:
2038 1037 2176 1090 scita
2219 1040 2302 1090 est
2329 1039 2480 1108 apud
2526 1039 2842 1095 Mistrinam
2869 1043 2996 1112 (47),
3051 1042 3278 1113 ospitati
3308 1047 3366 1096 et
3395 1039 3498 1094 ali-

1878 1124 2158 1194 quamdiu
2173 1127 2517 1181 commorati
2534 1132 2688 1182 sunt.
2705 1129 2852 1182 Veru
2864 1146 2919 1182 m
2933 1133 3237 1200 postquam
3253 1131 3502 1184 domnus

1883 1211 2231 1268 Fortunatus
2264 1214 2603 1270 Christofori
2635 1217 2885 1287 epiSCOpi
2930 1217 3125 1271 sedem
3167 1234 3201 1270 a
3237 1218 3501 1271 Iohanne

1878 1300 2122 1356 diacono
2145 1302 2352 1372 injuste
2377 1308 2710 1374 usurpatam
2730 1305 2946 1370 didicit,
2968 1321 3198 1376 prorsus
3217 1303 3418 1367 doluit,
3445 1301 3504 1353 et

1878 1392 2124 1445 tractare
2146 1391 2558 1446 studiosissime
2584 1392 2733 1464 cepit
2757 1393 3002 1464 qualiter
3031 1393 3137 1446 sibi
3168 1393 3406 1456 faveret,
3440 1389 3504 1440 ut

1878 1494 2010 1532 eum
2031 1479 2103 1532 ad
2125 1479 2418 1551 propriam
2437 1480 2631 1534 sedem
2654 1481 2957 1536 restituere
2976 1484 3187 1556 posset.
3209 1480 3506 1534 Iohannes

1877 1567 1922 1622 si
1955 1566 2191 1636 quidem
2214 1568 2520 1639 praedictus
2543 1568 2818 1623 diaconus
2849 1571 3106 1641 quadam
3137 1569 3229 1623 die
3261 1581 3394 1621 cum
3418 1563 3508 1616 in-

1878 1659 2075 1711 cautus
2108 1655 2238 1722 iret,
2284 1673 2316 1711 a
2367 1658 2679 1713 Fortunato
2723 1659 3058 1730 patriarcha
3104 1661 3306 1728 captus
3329 1659 3386 1711 et
3415 1649 3514 1705 diu

1879 1744 2145 1798 detentus
2176 1747 2280 1798 est.
2316 1744 2429 1799 Sed
2455 1748 2515 1799 ut
2545 1747 2898 1818 excogitaret
2929 1749 3077 1819 quid
3109 1747 3180 1801 de
3214 1745 3313 1801 illo
3345 1755 3522 1815 agere

1879 1833 2140 1904 deberet,
2173 1836 2340 1888 nocte
2367 1833 2505 1904 fuga
2532 1835 2720 1906 lapsus
2746 1835 2941 1903 evasit,
2964 1841 3026 1891 et
3061 1837 3355 1892 instanter
3380 1831 3532 1889 Obe-

1879 1921 2109 1975 lierium
2133 1921 2338 1976 ducem
2361 1921 2555 1976 adivit.
2577 1923 2676 1978 Cui
2699 1940 2830 1978 cum
2852 1941 2921 1978 ea
2941 1942 3065 1997 que
3101 1941 3301 1996 passus
3341 1945 3375 1982 a
3392 1925 3538 1981 For-

1880 2012 2080 2064 tunato
2099 2009 2505 2064 fueratordine
2525 2012 2816 2079 recitaret,
2841 2014 3057 2082 pocius
3081 2013 3237 2070 ducis
3256 2017 3544 2078 animum

1879 2098 2148 2154 adversus
2168 2097 2418 2153 eundem
2437 2100 2828 2171 patriarcham
2842 2101 2902 2155 in
2918 2103 3140 2159 odium
3162 2124 3355 2179 quam
3369 2129 3444 2167 an
3456 2116 3549 2174 tea

1880 2189 2027 2241 esset
2057 2185 2342 2241 excitavit.
2366 2186 2582 2242 Tamen
2613 2190 2947 2244 consulente
2974 2194 3360 2264 patriarcha,
3381 2202 3549 2262 Chri.

1879 2275 2126 2329 stoforus
2175 2274 2372 2330 sedem
2400 2292 2563 2331 suam
2588 2277 2826 2332 tandem
2857 2287 2904 2320 ιο
2931 2283 3186 2353 recepit,
3226 2287 3543 2354 Iohannes

1878 2378 2014 2417 vero
2041 2362 2318 2417 diaconus
2346 2379 2605 2420 reversus
2637 2369 2722 2421 est
2771 2365 2844 2420 ad
2888 2371 3201 2438 propriam
3252 2373 3532 2439 domum.

1879 2451 2060 2523 Igitur
2083 2451 2427 2507 Fortunatus
2444 2454 2773 2525 patriarcha
2791 2471 2921 2510 cum
2940 2473 3051 2528 per
3065 2458 3372 2530 aliquanta
3387 2468 3535 2524 tem-

1878 2555 2088 2610 porum
2111 2539 2303 2610 spacia
2321 2542 2450 2595 exul
2480 2558 2513 2597 a
2532 2543 2770 2614 propria
2791 2544 2928 2599 sede
2950 2549 3246 2613 maneret,
3271 2549 3525 2611 Graden-

1879 2645 2002 2684 sem
2020 2628 2301 2699 disposuit
2315 2629 2676 2702 reciprocare
2701 2633 2926 2688 urbem.
2952 2633 3020 2686 Et
3047 2634 3186 2704 quia
3211 2636 3378 2691 valde
3421 2641 3520 2696 Ni-

1879 2721 2019 2773 ceta:
2050 2717 2275 2790 patricii
2304 2718 2618 2774 adventum
2659 2721 2967 2793 prestolari
3009 2721 3388 2791 formidabat,
3419 2729 3516 2799 qui

1879 2809 2016 2861 tunc
2046 2806 2254 2860 missus
2293 2807 2366 2862 ab
2394 2806 2749 2879 imperatore
2787 2827 2923 2865 cum
2959 2809 3211 2863 exercitu
3239 2809 3299 2864 in
3322 2819 3518 2884 partes

1882 2894 2308 2950 Dalmaciarum
2339 2897 2511 2966 atque
2559 2897 2946 2953 Veneciarum
2993 2895 3281 2964 veniebat,
3313 2900 3515 2957 relicta

1882 2983 2017 3038 sede
2048 2985 2105 3038 et
2135 2982 2372 3053 propria
2397 2983 2560 3051 urbe,
2595 2984 2814 3041 iterum
2859 2983 3160 3041 Franciam
3200 2985 3364 3057 petiit
3395 2989 3510 3059 (an.

1880 3073 2030 3142 806).
2063 3071 2356 3126 Iohannes
2382 3088 2515 3126 vero
2543 3073 2844 3142 diaconus,
2876 3073 2976 3147 qui
2999 3074 3208 3128 electus
3233 3073 3425 3133 fuerat
3453 3077 3512 3131 in

1880 3161 2219 3233 episcopatu
2269 3160 2612 3231 Olyvolcnsi,
2669 3163 2977 3218 ordinatus
3030 3166 3114 3219 est
3161 3166 3511 3237 patriarcha.

1883 3248 2206 3304 Obelierius
2221 3248 2508 3321 siquidem
2527 3251 2644 3306 dux
2665 3267 2774 3322 per
2791 3252 3048 3306 Nicetam
3067 3254 3374 3327 patricium
3391 3273 3520 3331 spa-

1883 3337 2053 3393 tharii
2083 3339 2193 3407 (48)
2223 3337 2511 3393 honorem
2557 3341 2833 3412 suscepit.
2883 3342 3084 3397 Beatus
3124 3361 3277 3416 vero,
3331 3351 3522 3407 frater

1881 3427 2026 3498 ejus,
2043 3443 2175 3481 cum
2199 3425 2458 3496 predicto
2483 3427 2688 3485 Niceta
2709 3429 3269 3507 Constantinopolim
3292 3441 3425 3508 ivit,
3443 3453 3527 3493 se-

1882 3530 2131 3588 cumque
2153 3513 2420 3570 deferens
2442 3515 2858 3576 Veneticorum
2882 3520 3105 3578 obsides
3122 3528 3178 3579 et
3197 3527 3526 3589 Christofo-

1879 3620 2011 3658 rum
2035 3602 2368 3692 episc0pum
2385 3608 2442 3692 et
2458 3604 2716 3664 Felicem
2735 3607 3027 3664 tribunum
3041 3615 3152 3677 (an.
3174 3616 3328 3688 807).
3354 3623 3520 3692 Quos

1880 3696 2154 3786 angustus
2178 3690 2343 3786 exilio
2375 3691 2742 3786 dam-prlavit.
2775 3696 3115 3756 Gubernavit
3141 3708 3343 3766 autem
3379 3690 3514 3786 pm-

1882 3781 2066 3836 dictus
2085 3778 2470 3834 Christoforus
2498 3783 2888 3838 Olivolensem
2907 3788 3202 3846 ecclesiam
3219 3778 3398 3854 annis
3421 3808 3507 3862 l2.

1881 3869 2064 3934 Quem
2091 3867 2358 3921 successit
2397 3867 2787 3925 Christoforus
2815 3875 3131 3946 presbyter,
3181 3881 3276 3951 qui
3319 3894 3504 3949 sancti

1877 3956 2052 4028 Moysi
2083 3955 2532 4009 ecclesiaaestitit
2551 3958 2760 4026 pleban
2771 3977 2852 4016 us.
2874 3963 3090 4019 Eodem
3111 3982 3344 4042 quoque
3360 3980 3505 4035 tem-

1880 4060 2024 4116 pore
2053 4042 2247 4096 civitas
2269 4042 2568 4098 Eracliana
2593 4061 2627 4099 a
2647 4045 2929 4104 Veneticis
2972 4050 3182 4109 iterum
3205 4056 3500 4124 devastata

1881 4137 1940 4188 et
1962 4132 2099 4202 igne
2126 4131 2425 4185 combusta
2449 4134 2554 4186 est.

1951 4220 2110 4274 Tunc
2141 4219 2344 4271 Beatus
2376 4218 2509 4286 dux,
2554 4220 2650 4291 qui
2694 4237 2824 4277 cum
2857 4224 3050 4282 Niceta
3076 4232 3316 4300 patricio
3348 4237 3497 4297 Con-

1884 4305 2328 4376 stantinopolim
2355 4305 2473 4376 ivit,
2505 4306 2562 4361 in
2593 4309 2894 4366 Veneciam
2916 4331 3195 4388 reversus,
3220 4323 3290 4377 ab
3309 4323 3492 4399 impe-

1887 4400 2081 4453 ratore
2103 4395 2324 4448 honore
2362 4395 3074 4467 ypati(49)condecoratus
3086 4412 3171 4463 est
3195 4419 3259 4464 (ί.
3277 4395 3494 4475 Deinde

149 4499 294 4555 ciam
361 4493 841 4570 depopulandam
907 4491 1358 4547 destinaverunt.
1430 4482 1857 4562 Olyvolensis“
1889 4482 2206 4543 Obelierius
2255 4485 2313 4537 et
2356 4483 2558 4538 Beatus
2607 4485 2777 4543 duces
2810 4490 3196 4568 Valentinum,
3247 4502 3494 4563 tercium

1500 4608 1730 4664 VARUE
1764 4603 2057 4662 LECTION
2065 4602 2145 4656 ES

217 4717 265 4752 u
293 4721 585 4782 numerum
613 4719 707 4782 ope
745 4702 985 4782 chronic-3'
1013 4699 1322 4782 _Gradcasz's
1375 4699 1649 4782 supplcpi;
1682 4697 1821 4778 deest
1876 4697 1932 4748 in
1967 4704 1983 4746 1
2047 4698 2096 4745 et
2125 4689 2331 4782 edam?!
2356 4694 2713 4782 supraierzpta
2764 4713 2864 4752 vox
2948 4705 2996 4756 1,
3076 4712 3124 4748 ss
3174 4707 3247 4762 ad
3295 4727 3487 4782 supra-

595 4781 666 4818 ³8·
695 4775 1044 4848 suprascript.
1109 4776 1157 4828 t.
1235 4781 1281 4815 ⁸ο
1335 4787 1394 4844 p.
1441 4788 1485 4825 S-

148 4782 408 4862 scripcum
441 4781 491 4832 ί.

149 4851 351 4924 κάρτα
383 4865 489 4904 vox
523 4851 571 4903 l.

1545 4759 1703 4825 ΑΛ).
1757 4769 1814 4822 in
1870 4779 2117 4836 margine
2149 4759 2336 4815 addita
2379 4759 2428 4819 ιζ
2510 4773 2554 4806 ιο
2608 4759 3033 4842 suprascriptum
3068 4779 3118 4832 l.
3181 4759 3247 4821 ῆιῖ

1703 4959 1746 5014 Ν
1755 4956 1930 5014 ΟΤᾸΞ.

220 5070 342 5142 (45)
381 5071 447 5142 In
479 5061 1158 5142 ecclesia_S._§ufemize.
1211 5061 1422 5142 Chron.
1449 5058 1768 5142 .Gradense.

226 5131 345 5210 (ωδ
381 5141 467 5196 Ab
501 5137 789 5193 Einhardo
833 5135 1211 5201 Wilharenus,
1251 5131 1484 5199 Willeri,
1515 5133 1770 5185 vocatur.

253 5217 350 5269 47)
387 5213 608 5266 Mestre.

253 5217 350 5280 47)
387 5216 608 5266 Mestre.

227 5216 351 5363 ξᾴβ)
393 5280 640 5363 Spatarii
657 5283 723 5363 _et
746 5276 1173 5363 protosp'atarii,
1202 5277 1292 5330 vel
1315 5278 1378 5329 ut
1405 5273 1504 5363 alii
1519 5272 1780 5363 scribunt

160 5347 451 5425 spatharii
463 5357 521 5408 et
546 5347 1012 5425 protospatharii,
1045 5348 1409 5425 idemprope
1445 5347 1613 5425 erant
1645 5347 1779 5425 tunc

159 5415 284 5481 tem
299 5426 448 5496 poris
472 5415 624 5496 quod
653 5415 806 5476 hisce
832 5420 1043 5496 nostris
1073 5415 1315 5496 equites,
1341 5415 1637 5496 cavalieri.
1665 5415 1781 5496 Ἐοτ

160 5486 1039 5569 rum-insigniascaramangium
1077 5486 1287 5569 (genus
1312 5487 1526 5569 vestis),
1559 5486 1708 5569 ensis
1727 5488 1784 5538 et

161 5557 686 5640 torques.VVidesi_s
723 5564 784 5620 in
835 5557 1216 5640 Cérem‘on'ial.
1237 5560 1409 5640 _au_la2
1431 5629 1440 5640 ⁸
1461 5557 1784 5640 Byzantina}

160 5629 485 5712 lib.'i,cap.
527 5641 613 5696 59.
651 5638 732 5693 De
756 5633 1190 5709 protospatariis
1234 5629 1474 5704 insignis
1499 5629 1658 5685 locus
1701 5631 1786 5684 est

1873 5056 1932 5138 in
1965 5052 2215 5124 θισθριίε
2263 5052 2460 5138 ¹98ιὲῐη
2508 5053 2739 5138 isses-
2784 5059 2988 5138 .Leonis
3026 5067 3085 5138 et
3130 5068 3487 5131 Constantini

1874 5128 2056 5204 impp.
2091 5140 2226 5204 ann.
2259 5128 2485 5204 circiter
2509 5128 2623 5204 _870
2654 5128 2806 5201 apud
2843 5133 3144 5195 Leunclav.
3173 5140 3230 5195 in
3262 5128 3480 5202 Basilic.

1875 5215 1932 5270 ρ,
1967 5195 2053 5250 99.
2077 5195 2185 5278 “lbi
2212 5200 2460 5278 _vocatos
2473 5199 2665 5278 "legas
2691 5195 3290 5278 ’μεγαλοπρεπεστάτουςξ

1875 5253 2446 5336 ἷηαθηιίῖσθιιίιέείνηοε.
2472 5253 2656 5325 Ζωῗ
2712 5253 2723 5274 ⁸
2755 5253 2792 5275 ’⁸
3093 5253 3269 5276 ’“’“³’

1950 5341 2061 5417 (49)
2077 5337 2308 5420 i’patus,
2323 5339 2378 5420 li.
2396 5357 2446 5395 c.
2463 5343 2788 5420 consul,sed
2799 5349 2995 5402 consul
3018 5350 3482 5420 honorarius,seu

1883 5401 2060 5488 mavis
2081 5401 2411 5488 cdnsularis,
2436 5415 2492 5488 et
2515 5417 2574 5467 ut
2595 5401 2744 5484 apud
2762 5401 2998 5488 Procop.
3018 5401 3130 5475 iii):
3144 5401 3482 5486 ixi—DEBEHS

1882 5482 2046 5566 ροιιι.
2090 5482 2308 5566 consut
2329 5484 2564 5566 nomine
2595 5482 2967 5566 .tenusbmiro';
2997 5493 3294 5566 καλούμενος
3314 5482 3480 5566 μόξρξνί

1883 5552 2255 5633 Frequensne
2274 5552 2636 5633 iis_i_nGraaci_s
2664 5560 3011 5633 auctoribus,
3045 5552 3170 5633 post
3191 5552 3480 5626 conditam

1886 5625 2421 5696 Constantinopolin
2437 5628 2856 5686 mentioJiecte
2872 5625 3065 5689 tamen
3083 5639 3306 5694 monuit
3318 5625 3482 5698 Com;
