3934 6176
493 332 598 393 899

1711 329 1996 389 IOANNIS
2035 329 2320 391 DIACONI
2357 330 2608 390 VENE’I‘I

3628 341 3713 401 900

491 460 723 518 illorum
749 455 1009 524 fratrem,
1042 453 1100 509 in
1149 452 1428 526 dignitate
1469 451 1553 508 sui
1603 453 1839 509 ducatus
1889 454 2104 509 habere
2139 459 2183 518 Α
2207 455 2316 526 (50)
2344 456 2538 527 petiit;
2569 455 2670 529 qui
2699 455 2955 530 quinque
2986 468 3266 514 annorum
3288 457 3459 531 spacia
3480 460 3721 521 Venetico-

495 552 824 607 consortem
859 546 1184 600 voluerunt.

564 642 790 694 Interea
831 635 1014 689 foedus
1067 633 1221 704 quod
1248 633 1653 687 Veneticorum
1683 634 1928 704 populus
1953 634 2109 703 olym

497 745 628 783 cum
661 724 852 780 Italico
880 740 1015 794 rege
1046 723 1315 788 habebat,
1347 721 1443 775 illo
1488 725 1752 792 tempore
1806 727 1920 787 (an.
1960 721 2108 792 810),

498 815 700 887 Pipino
732 816 941 884 agente
972 828 1130 882 rege,
1165 811 1488 881 disruptum
1520 813 1623 876 est,
1659 813 1717 864 et
1743 809 1968 864 hisdem
2015 825 2112 863 rex

493 906 797 976 ingentem
822 901 1136 957 exercitum
1167 899 1680 972 Langobardorum
1709 899 1781 953 ad
1813 898 2114 952 Venetico-

497 1012 630 1050 rum
676 991 1033 1064 provinciam
1085 989 1426 1061 capiendam
1468 987 1780 1059 promovit.
1835 988 1941 1052 Qui
1984 1004 2114 1042 cum

498 1099 717 1154 magna
748 1079 1085 1135 difﬁcultate
1116 1082 1313 1148 portus
1360 1077 1458 1148 qui
1499 1077 1761 1132 dividunt
1801 1077 2116 1130 insularum

496 1172 689 1226 littora
717 1168 1140 1242 pertransisset,
1156 1167 1394 1221 tandem
1419 1167 1491 1220 ad
1505 1167 1999 1237 quendamlocum
2021 1167 2118 1236 qui

497 1261 724 1315 Albiola
757 1261 989 1312 vocatur
1021 1257 1277 1327 pervenit
1310 1266 1375 1321 ‘2,
1423 1257 1581 1309 nulla
1631 1256 1855 1310 ratione
1883 1255 2120 1308 inantea

501 1348 847 1422 pertendere
871 1362 1130 1416 gressum
1160 1345 1350 1399 valuit.
1370 1343 1565 1414 Ibique
1591 1344 1761 1397 duces
1779 1343 1974 1413 stipati
1997 1359 2119 1396 ma-

501 1455 617 1509 gna
644 1434 1048 1489 Veneticorum
1073 1431 1440 1503 expedicione
1455 1431 1704 1484 eundem
1721 1447 1920 1500 regem
1949 1430 2122 1484 auda-

501 1529 622 1580 cter
642 1522 894 1594 aggressi
912 1525 1063 1588 sunt,
1107 1524 1164 1574 et
1199 1520 1470 1574 divinitus
1503 1520 1698 1573 datum
1726 1524 1811 1573 est
1840 1518 2120 1572 Veneticis

503 1615 572 1669 de
597 1611 843 1668 inimicis
869 1610 1225 1680 triumphum
1245 1626 1257 1676 ;
1277 1609 1468 1679 sicque
1489 1608 1778 1680 predictus
1796 1624 1894 1661 rex
1919 1608 2116 1661 confu-

501 1719 593 1757 sus
610 1701 860 1756 recessit.
899 1699 1077 1769 Igitur
1099 1714 1252 1751 anno
1285 1697 1706 1751 incarnacionis
1732 1695 2120 1767 redemptoris

2208 561 2336 600 rum
2370 545 2642 600 ducatum
2674 547 3161 616 gubernaverunt.

2282 632 2501 688 Deinde
2517 650 2644 688 cum
2663 635 3000 689 essentanni
3015 635 3084 689 ab
3099 635 3470 692 incarnatione
3489 639 3677 696 Domini
3692 649 3725 685 α

2212 723 2311 775 8...
2338 723 2480 792 [813]
2513 731 2556 763 ια
2581 723 2735 792 apud
2765 722 3186 777 Rivoaltensem
3216 723 3445 779 insulam
3470 726 3675 783 Venetici
3695 739 3726 772 «τ

2212 810 2512 864 communi
2536 811 2766 865 decreto
2782 811 3019 866 ducatus
3032 812 3221 866 sedem
3235 813 3434 867 habere
3448 817 3728 883 maluerunt,

2214 901 2280 952 et
2302 899 2374 952 ad
2400 900 2552 953 hunc
2583 900 2870 953 honorem
2904 900 3193 970 quendam
3223 902 3398 954 virum
3425 904 3680 972 Agnellum
3700 914 3734 947 ιι

2215 986 2326 1057 (Eii)
2351 987 2608 1054 nomine,
2636 987 2734 1059 qui
2762 988 2960 1060 palatii
2986 989 3274 1060 hucusque
3315 991 3571 1045 manentis
3595 992 3735 1047 fuerat

2215 1074 2547 1137 fabricator,
2575 1076 2978 1130 sublimarunt.
3006 1076 3120 1130 Sub
3151 1077 3418 1148 dignitate
3447 1079 3593 1134 etiam
3618 1081 3735 1152 cujus

2219 1163 2636 1218 duostribunos
2649 1182 2752 1236 per
2773 1165 3028 1236 singulos
3045 1181 3229 1220 annos
3247 1166 3735 1227 ﬁericonstituerunt.

2217 1252 2436 1306 Eodem
2465 1252 2700 1323 quidem
2739 1270 2893 1308 anno
2933 1253 3208 1308 Michahel
3234 1254 3530 1325 imperator
3560 1273 3664 1310 cum
3688 1258 3739 1313 ad

2219 1341 2664 1412 expugnandam
2689 1343 3065 1413 Bulgarorum
3089 1346 3323 1414 gentem
3337 1360 3601 1414 aggressus
3617 1350 3737 1411 esset,

2218 1429 2276 1484 in
2293 1434 2515 1484 tantum
2530 1429 2899 1484 inimicorum
2929 1431 3355 1484 multitudinem
3373 1431 3742 1501 perterritusfuit

2219 1522 2299 1584 ut,
2308 1518 2543 1590 proprio
2555 1518 2754 1573 relicto
2767 1518 3037 1585 exercitu,
3053 1519 3251 1590 fugam
3267 1518 3740 1592 ConstantinOpolim

2219 1606 2477 1677 arripuit.
2504 1607 2572 1660 Et
2585 1606 2720 1677 quia
2734 1607 2894 1661 valde
2911 1606 3016 1660 sibi
3031 1605 3472 1677 ignominiosum
3489 1607 3581 1660 hoc
3598 1607 3742 1661 fecisse

2219 1696 2541 1761 videbatur,
2575 1712 2692 1750 non
2734 1695 3020 1767 palacium
3062 1696 3165 1750 sed
3196 1695 3584 1750 monasterium
3609 1696 3741 1766 petiit.

505 1787 753 1844 nostri...
789 1785 1028 1856 Pipinus
1067 1801 1164 1839 rex
1207 1783 1476 1855 deposuit
1511 1783 1810 1837 hominem
1845 1782 1958 1854 (an.
1993 1785 2118 1849 810,
2140 1779 2190 1837 Β
2216 1784 2372 1836 Tunc
2395 1783 2503 1837 Leo
2523 1783 2618 1854 qui
2642 1783 2792 1837 illius
2815 1783 3094 1837 exercitus
3123 1783 3325 1838 ductor
3357 1787 3411 1836 et
3426 1782 3745 1854 signifererat,

503 1876 636 1932 Jun.
670 1875 782 1948 24),
814 1879 870 1929 et
901 1871 1523 1943 Constantinopolitani
1555 1871 1737 1937 missi,
1767 1870 1863 1942 qui
1887 1874 2022 1924 tunc
2043 1871 2118 1924 ad

507 1963 957 2035 eumlegationis
973 1978 1141 2016 causa
1165 1961 1494 2026 veniebant,
1520 1964 1748 2014 mortuo
1771 1960 1893 2032 ipso
1909 1959 2121 2014 reversi

505 2058 656 2109 sunt.
688 2053 978 2109 Iohannes
1009 2050 1293 2122 siquidem
1324 2049 1670 2122 patriarcha,
1705 2049 1811 2120 qui
1829 2065 1931 2120 per
1958 2050 1993 2102 4
2024 2065 2122 2102 an-

507 2158 713 2197 norum
749 2140 939 2214 spacia
972 2139 1324 2194 Gradensem
1375 2139 1573 2192 sedem
1624 2136 1848 2191 vivente
1893 2138 2122 2207 pastore

506 2231 818 2301 usurpavit,
877 2226 1123 2282 sinodali
1176 2236 1418 2280 censura
1467 2225 1756 2298 depositus
1812 2228 1916 2280 est.
1969 2225 2124 2278 Licet

510 2317 722 2386 injuste
735 2316 933 2371 sedem
948 2313 1467 2379 invaderet,tamen
1481 2317 1613 2366 ante
1625 2315 1955 2367 sanctorum
1977 2327 2127 2365 mar-

508 2409 700 2477 tyrum
724 2403 1128 2458 Hermachora:
1148 2404 1206 2455 et
1227 2400 1544 2466 Fortunati,
1566 2417 1664 2454 seu
1683 2399 1913 2472 Hyllarii
1944 2401 2002 2454 et
2018 2399 2124 2452 Ta-

516 2493 667 2552 ciani
700 2506 964 2563 corpora,
998 2505 1103 2543 nec
1152 2505 1270 2542 non
1316 2490 1376 2542 et
1415 2488 1598 2542 sancti
1625 2487 1793 2544 Marci
1820 2488 2123 2559 capellam,

511 2581 854 2639 marmoreis
897 2576 1182 2634 columnis
1225 2579 1284 2632 et
1324 2576 1532 2630 tabulis
1568 2576 1886 2631 honorifice
1923 2577 2128 2630 choros

513 2686 865 2744 componere
895 2666 1130 2723 studuit.
1161 2668 1220 2720 In
1260 2669 1472 2720 sanctae
1503 2682 1636 2720 vero
1688 2664 1787 2720 Dei
1834 2663 2126 2736 genitricis

509 2760 699 2817 Marias
734 2757 974 2814 ecclesia
1000 2771 1172 2826 supra
1201 2755 1380 2808 altare
1408 2753 1688 2808 ciborium
1721 2752 1964 2824 peregit.
1988 2752 2128 2806 For-

507 2853 744 2905 tunatus
759 2845 1051 2902 dehincad
1067 2843 1361 2916 propriam
1393 2842 1588 2897 sedem
1623 2857 1880 2896 reversus
1912 2844 2020 2897 est.
2059 2841 2127 2894 Et

512 2937 648 3011 quia
671 2937 829 2991 nulla
867 2934 1089 2990 ratione
1111 2931 1196 2986 sui
1231 2930 1420 3003 operis
1445 2928 1867 3001 plenitudinem
1891 2945 2128 2983 exarare

513 3045 607 3083 me
627 3041 790 3098 posse
821 3022 1106 3088 existimo,
1138 3023 1362 3091 partem
1387 3036 1562 3092 quam
1591 3019 1963 3074 corrumdam
1987 3018 2134 3072 rela-

511 3115 667 3170 tione
682 3115 946 3184 expertus
959 3127 1085 3164 sum
1101 3109 1228 3162 stilo
1243 3107 1522 3162 adnotare
1537 3107 1744 3162 studui.
1755 3106 2132 3161 Ecclesiarum

515 3219 770 3275 namque
789 3200 993 3256 altaria
1011 3196 1314 3252 Gradensis
1333 3195 1509 3262 urbis,
1531 3194 1825 3250 lamminis
1843 3193 2134 3266 argenteis

516 3288 952 3354 condecoravit,
977 3289 1036 3341 et
1065 3301 1236 3354 supra
1268 3283 1467 3337 altaria
1508 3287 1830 3355 martyrum
1857 3284 2136 3353 argentea

515 3380 736 3450 templa
761 3374 1101 3446 composuit.
1134 3371 1443 3426 Ecclesiam
1476 3387 1611 3425 vero
1663 3375 1873 3425 sanctas
1912 3369 2133 3441 Agathe

518 3467 790 3538 martyris
813 3482 842 3518 a
866 3459 1259 3517 fundamentis
1287 3458 1406 3530 ipse
1453 3459 1720 3513 ediﬁcare
1773 3457 2136 3514 devotissime

517 3554 672 3608 fecit.
709 3551 813 3607 Ubi
844 3553 1167 3620 martyrum
1221 3546 1608 3617 quadraginta
1647 3549 1706 3600 et
1749 3545 1862 3600 duo
1893 3562 2138 3617 corpora

520 3642 579 3698 in
623 3639 886 3714 ejusdem
919 3637 1169 3692 ecclesias
1211 3633 1394 3704 cripta
1419 3644 1463 3676 ιδ
1494 3634 1830 3689 recondivit.
1866 3634 2134 3688 Ceterum

521 3747 656 3786 vero
680 3726 955 3802 quicquid
986 3725 1042 3779 in
1081 3723 1364 3778 thesauris
1393 3739 1494 3778 seu
1538 3722 1596 3776 in
1642 3722 2010 3778 ecclesiarum
2042 3739 2138 3777 or-

521 3817 812 3874 namentis
845 3813 1090 3887 peregit,
1116 3828 1290 3868 nemo
1319 3811 1670 3866 nominatim
1690 3811 2014 3884 exprimere
2030 3827 2138 3883 po-

520 3912 655 3964 test.

593 3997 706 4051 Hac
736 3991 974 4066 quidem
1008 3990 1351 4063 tempestate
1367 3987 1598 4042 nuntius
1613 3987 2138 4058 Constantinopoli-

520 4090 691 4141 tanus
721 4081 959 4138 nomine
993 4078 1329 4150 Ebersapius
1352 4077 1656 4131 Venetiam
1679 4076 2138 4143 adivit,etVene-

521 4174 771 4229 ticorum
793 4168 1027 4225 consilio
1053 4170 1110 4222 et
1130 4166 1339 4220 virtute
1360 4166 1469 4220 hoc
1490 4165 1736 4237 peregit,
1765 4169 1827 4218 ut
1845 4177 1888 4206 ιι
1913 4166 2140 4238 utrique

526 4262 698 4317 duces
719 4263 776 4314 et
797 4257 1138 4329 dignitatem
1162 4259 1220 4310 et
1247 4255 1496 4326 patriam
1515 4255 1868 4310 amitterent.
1900 4255 2140 4322 Unus,id

525 4352 612 4405 est
624 4347 817 4404 Obelie
826 4347 957 4412 rius,
980 4343 1562 4414 Constantinopolim,
1581 4344 1726 4398 alter
1741 4360 1873 4398 vero
1887 4344 2140 4399 Iateram

2220 1887 2479 1942 pugnam
2495 1876 2726 1943 patrare
2754 1872 2996 1926 minime
3013 1871 3229 1937 timuit,
3245 1873 3302 1925 et
3323 1872 3432 1926 Deo
3448 1871 3639 1925 favente
3653 1887 3746 1925 cum

2222 1960 2516 2030 triumpho
2539 1961 2742 2014 urbem
2780 1977 3038 2015 reversus
3066 1964 3178 2015 est.
3207 1959 3386 2024 Quem
3414 1959 3747 2031 imperatorem

2222 2064 2426 2102 omnes
2457 2047 2580 2104 fieri
2612 2047 3124 2103 conlaudaverunt.
3143 2047 3504 2103 Postmodum
3523 2063 3633 2102 vero
3645 2047 3751 2102 Cou-

2222 2136 2562 2204 stantinum,
2594 2153 2763 2192 suum
2797 2136 3002 2204 filium,
3031 2136 3257 2192 socium
3285 2136 3487 2191 habere
3506 2135 3560 2190 in
3577 2137 3664 2191 hac
3692 2134 3752 2190 di-

2223 2225 2448 2296 gnitate
2477 2224 2676 2280 voluit.

2297 2312 2614 2368 Prelibatus
2638 2313 2924 2386 siquidem
2953 2316 3232 2387 Agnellus
3263 2316 3372 2372 dux
3401 2332 3520 2371 cum
3547 2313 3662 2369 duos
3683 2313 3752 2366 ha-

2224 2401 2389 2456 beret
2409 2403 2594 2468 natos,
2631 2418 2776 2456 unus
2803 2401 3056 2471 illorum,
3084 2403 3148 2459 id
3186 2407 3272 2459 est
3293 2403 3630 2464 Iustinianus,
3654 2400 3757 2455 Con-

2225 2488 2598 2560 stantinopoli
2608 2506 2663 2543 m
2677 2489 2858 2544 destin
2867 2490 3184 2563 avit;quem
3198 2491 3504 2564 imperator
3513 2488 3758 2546 honoriﬁce

2227 2577 2559 2649 suspiciens,
2588 2578 2727 2649 ipati
2755 2579 3042 2634 honorem
3054 2580 3167 2636 sibi
3197 2579 3449 2653 largivit;
3470 2581 3676 2636 alterum
3689 2591 3758 2630 ve-

2226 2683 2313 2733 ro,
2343 2667 2402 2722 id
2426 2670 2512 2722 est
2537 2668 2845 2734 Iohannes,
2887 2669 3094 2724 ducem
3127 2669 3257 2725 ﬂeri
3285 2669 3571 2742 promovit.
3599 2665 3760 2722 Dehinc

2226 2759 2422 2810 autem
2437 2772 2554 2810 non
2573 2757 2952 2829 postlongum
2967 2761 3201 2830 tempus
3224 2758 3556 2814 Iustinianus
3577 2755 3764 2827 impera-

2227 2847 2380 2898 tores
2395 2853 2438 2886 ιο
2453 2844 2639 2916 ipatus
2659 2845 3162 2917 Constantinopoli
3187 2847 3261 2902 ad
3279 2845 3503 2918 propria
3516 2842 3761 2917 repedavit,

2229 2931 2542 3004 dolensque
2560 2933 2800 2988 fratrem
2821 2950 2988 2988 suum
3006 2934 3062 2988 in
3076 2935 3305 2990 honore
3317 2934 3764 3006 fastigiatum,con-

2163 3048 2210 3107 Ο
2229 3020 2466 3090 tempsit
2486 3020 2645 3074 adire
2660 3022 2961 3092 palatium,
2984 3023 3084 3077 sed
3105 3024 3169 3078 in
3195 3024 3376 3078 sancti
3405 3022 3577 3078 Severi
3591 3017 3766 3075 ecclesia

2230 3124 2346 3162 una
2361 3125 2492 3162 cum
2506 3125 2607 3163 sua
2636 3110 2883 3181 conjuge
2914 3109 3240 3182 hospitatus
3269 3116 3371 3166 est.
3403 3113 3556 3165 Pater
3577 3119 3766 3178 namque

2231 3196 2354 3268 ejus
2368 3213 2484 3252 non
2499 3197 2596 3252 diu
2608 3197 2711 3251 filii
2723 3199 3195 3255 molestationem
3215 3203 3274 3254 et
3292 3198 3617 3255 abscentiam
3628 3210 3768 3268 passus

2231 3286 2358 3354 fuit,
2376 3284 2656 3355 quoniam
2673 3285 2838 3341 valde
2858 3286 3021 3340 illum
3040 3286 3340 3359 diligebat.
3362 3284 3769 3342 Interdixithono-

2233 3391 2357 3430 rem
2391 3373 2662 3440 Iohanni,
2694 3377 2754 3428 et
2785 3377 3017 3445 expulso
3053 3383 3100 3417 ⁸ο
3129 3393 3164 3430 a
3183 3375 3390 3448 patria,
3419 3375 3559 3448 apud
3581 3374 3767 3427 Iateram

2235 3463 2522 3519 civitatem
2563 3462 2732 3517 exilio
2779 3467 3033 3518 retrusus
3067 3468 3173 3518 est.
3202 3464 3358 3519 Tunc
3390 3462 3677 3518 satisfacere
3699 3471 3769 3529 per

2235 3551 2434 3608 omnia
2459 3551 2636 3606 voluit
2652 3551 2973 3606 Iustiniano
3002 3569 3106 3608 suo
3129 3553 3271 3621 ﬁlio,
3306 3570 3422 3609 non
3440 3553 3604 3608 solum
3630 3549 3764 3618 ipsum

2235 3641 2334 3695 sed
2357 3641 2532 3695 etiam
2554 3641 2864 3712 Agnellum
2885 3657 3051 3696 suum
3074 3645 3375 3714 nepotem,
3404 3640 3632 3712 ejusdem
3652 3632 3769 3690 Iusti-

2235 3728 2396 3784 niani
2427 3733 2651 3795 natum,
2684 3732 3014 3784 consortem
3042 3730 3128 3784 sui
3151 3730 3291 3786 fecit
3315 3730 3558 3785 ducatus.
3583 3720 3769 3781 Undefa-

2237 3821 2392 3873 ctum
2425 3821 2508 3872 est
2531 3821 2593 3871 ut
2617 3818 2932 3884 Iohannes,
2965 3818 3063 3889 qui
3092 3819 3250 3890 apud
3284 3820 3530 3874 Iateram
3556 3811 3766 3870 exulabat,

2237 3907 2578 3978 fugalapsus
2595 3905 2850 3978 primum
2873 3905 3262 3974 Sclaveniam,
3295 3907 3499 3962 deinde
3522 3904 3585 3959 ad
3609 3899 3767 3957 Italiam

2239 3995 2312 4049 ad
2344 3994 2609 4065 Bergami
2630 3994 2918 4049 civitatem
2937 3995 3222 4067 pervenit.
3248 3997 3469 4050 Interea
3481 3997 3626 4064 pater
3640 3987 3768 4043 etfre-

2239 4086 2328 4137 ter
2345 4083 2454 4136 hoc
2470 4082 2790 4148 audientes,
2809 4082 3092 4138 miserunt
3124 4084 3367 4140 nuncios
3395 4077 3687 4155 imperatori
3703 4075 3774 4127 Lu'

2242 4170 2462 4235 dovico,
2500 4171 2886 4241 efﬂagitantes
2917 4175 2980 4226 ut
3011 4171 3115 4226 sibi
3143 4172 3415 4227 redderet
3440 4170 3600 4224 filium
3619 4175 3653 4207 ⁵¹
3679 4163 3771 4229 ἴυζε

2244 4259 2488 4328 lapsum.
2522 4260 2846 4329 Imperator
2874 4275 3007 4315 vero
3051 4259 3306 4315 libenter
3341 4259 3556 4315 illorum
3580 4250 3772 4328 precibus

2245 4346 2673 4418 obtemperans,
2697 4346 2948 4402 reddidit
2965 4347 3072 4403 sibi
3088 4347 3395 4420 fugitivum
3413 4366 3426 4416 ;
3445 4361 3598 4420 quem
3615 4341 3770 4408 absque

1857 4468 2091 4524 VARIxE
2128 4469 2526 4525 LECTIONES.

598 4601 645 4632 η
674 4589 874 4660 Supple
898 4586 1127 4651 sed,aut
1150 4586 1259 4655 lege
1288 4589 1345 4640 et
1374 4586 1611 4640 tandem
1638 4585 1711 4639 ad
1743 4587 2034 4657 quendam
2057 4589 2253 4642 locum
2287 4619 2353 4628 —
2380 4589 2759 4660 pervenisset.
2784 4589 2982 4644 ZAN.

598 4663 889 4713 sartionem.
968 4670 1012 4699 ιι
1047 4659 1405 4713 suprascripta
1437 4674 1538 4710 vox
1564 4661 1610 4710 1.
1690 4665 1735 4697 ιδ
1766 4673 1820 4711 c.
1847 4675 1900 4712 e.
1935 4675 1987 4712 a.
2018 4659 2149 4713 abi.
2186 4661 2249 4713 D.
2300 4663 2660 4713 suprascripta
2696 4669 2740 4713 1.
2825 4671 2869 4704 1ο
2901 4663 2982 4713 Vl]

1766 4673 1820 4711 6.
1847 4675 1900 4712 Β.
1935 4675 1987 4712 a.
2018 4673 2088 4713 ab
2114 4678 2149 4713 ι.

529 4659 889 4718 assertionem.
968 4670 1012 4699 ιι
1047 4659 1405 4728 suprascripta
1437 4674 1538 4710 vox
1564 4661 1610 4710 1.

3063 4600 3109 4633 ⁴³
3138 4594 3214 4647 ita
3244 4595 3292 4647 1.
3327 4596 3404 4646 2..
3434 4575 3775 4644 contraZanetti

2186 4661 2249 4713 D.
2287 4659 2660 4734 suprascripta
2696 4669 2740 4714 1.
2825 4671 2869 4704 ‘6
2901 4663 3040 4734 VIIIe
3072 4679 3193 4734 vnn
3214 4669 3338 4734 post
3367 4660 3539 4716 addita
3585 4659 3772 4734 inﬂa?

527 4737 669 4806 gine,
701 4739 749 4786 et
771 4733 1063 4806 recentiore
1083 4725 1527 4806 quidemimanu;
1561 4733 1682 4780 ante
1707 4745 1991 4783 numerum
2018 4725 2576 4806 in__margine'rasurd
2603 4735 2955 4802 cognoscitur.
2986 4733 3054 4786 In
3083 4725 3288 4790 each-2.
3319 4735 3373 4787 in
3394 4749 3554 4800 marg.

529 4799 602 4860 Est
627 4799 988 4873 {octingenti
1021 4799 1289 4872 quatuor,
1315 4799 1495 4854 eadem
1538 4815 1702 4851 manu
1707 4815 1768 4923 ὅ

535 4875 760 4923 berulum
789 4876 925 4923 erit:
957 4872 1274 4923 imperator
1302 4870 1675 4923 (inooraDhum
1761 4890 1768 4923 ι

535 4875 760 4930 bendum
789 4870 925 4928 erit:
957 4870 1274 4942 imperator
1302 4870 1675 4942 apographum

538 4951 588 5002 Ι.
664 4953 708 4987 ⁵1
729 4947 1143 5016 suprascriptum
1176 4946 1222 4997 I.

1761 4871 2038 4926 iesbrcchti
2053 4889 2218 4926 manu
2234 4881 2524 4928 correctum
2544 4892 2560 4940 ;
2589 4874 2692 4946 legi
2710 4871 2934 4946 conﬁcio
2957 4871 3129 4946 impr.

1777 4818 1856 4885 ua.
1875 4801 2183 4885 totusiiber
2208 4809 2456 4856 exaratus
2485 4811 2578 4858 est.
2597 4874 2609 4885 _
2659 4800 2702 4885 ἱςι
2733 4807 3092 4885 suprascripta
3129 4808 3177 4858 1.
3258 4813 3304 4846 ιθ
3336 4806 3408 4857 ita
3432 4807 3477 4856 1.
3547 4800 3670 4885 "vi"

3237 4884 3282 4918 ιο
3309 4891 3374 4929 ex
3405 4889 3551 4945 supra
3579 4868 3656 4921 (in.
3683 4857 3770 4916 add-

2092 5061 2314 5118 NOTAE.

533 5152 763 5210 beﬁsius
787 5150 846 5205 in
864 5149 1013 5204 notis
1045 5149 1116 5202 ad
1131 5149 1564 5219 Theophanem,
1589 5167 1788 5204 vocem
1818 5151 1997 5214 ὕπατος
2032 5169 2147 5206 non

533 5241 763 5296 semper
792 5223 852 5296 in
886 5219 1212 5296 auctoribus
1251 5220 1454 5274 Graecis
1491 5221 1813 5296 significare
1864 5224 2146 5296 consulem,

535 5296 635 5350 sed
661 5293 1009 5366 quandoque
1029 5293 1308 5366 eximium,
1329 5293 1682 5361 praecipuum,
1693 5309 1935 5366 proceres
1966 5298 2023 5347 et
2043 5295 2148 5348 hu-

526 5362 804 5437 jusmbdi.
821 5362 1256 5437 De'insignibus
1274 5363 1550 5437 horumce
1573 5365 1871 5437 consulum
1899 5365 2151 5437 honora-

535 5433 753 5492 rioruin
783 5435 908 5508 vide
942 5433 1260 5508 Cassiodor.
1295 5433 1477 5508 Iib._»v1
1507 5434 1725 5508 Variar.
1757 5436 1894 5490 Vide
1917 5436 2151 5508 insuper

533 5507 978 5579 celeberrimum
1015 5505 1254 5579 Pagium
1294 5504 1349 5557 in
1391 5503 1618 5579 Dissert.
1658 5507 1886 5577 Hypat.,
1933 5503 2063 5579 cap:
2093 5512 2145 5576 8,

533 5595 591 5651 p.
626 5582 718 5645 7t,
741 5577 896 5633 unde
932 5578 1054 5632 haec
1085 5575 1399 5631 hausimus.
1435 5575 1568 5631 ZAN.

2328 5155 2437 5220 (50)
2475 5156 2636 5209 Zara.

2471 5156 2662 5280 ἕξξῗέι
2694 5227 3108 5283 documentum
3156 5227 3294 5283 anni
3335 5229 3453 5281 819.
3499 5219 3773 5297 Venetorum

2253 5277 2538 5358 omnium,
2564 5297 2620 5350 ni
2645 5298 2831 5364 fallor,
2860 5299 3324 5362 vestutissimum,
3349 5298 3403 5351 in
3429 5287 3704 5366 quouagi‘llg‘r
3725 5277 3774 5366 (ξε

2252 5353 2630 5421 translatione
2663 5353 3082 5424 monachorum
3105 5353 3323 5425 Sancti
3366 5353 3562 5421 Servuli
3583 5353 3642 5412 ad
3664 5353 3775 5425 δείλ’

2254 5442 2411 5492 ctum
2435 5439 2705 5494 Hilarium
2729 5441 2801 5494 ab
2814 5441 3021 5495 eodem
3041 5424 3181 5497 duce
3196 5443 3440 5511 peracta.
3471 5433 3578 5486 Vid.
3595 5429 3652 5482 cl.
3671 5424 3773 5477 ϐοΐ⁸

2253 5510 2471 5565 nelium
2502 5511 2561 5564 in
2589 5513 2724 5567 eccl.
2762 5511 2953 5567 Sancti
2974 5510 3208 5569 Servuli.
3231 5512 3359 5567 ZAN.
