3998 6166
211 346 298 405 901

1431 316 1434 318 ’
1489 341 1887 408 CHRONICON
1925 349 2270 412 VENETUM.

3444 361 3550 427 902

206 492 364 533 mora
386 471 945 547 Constantinopolim
977 487 1098 530 una
1129 488 1262 530 cum
1295 492 1472 532 uxore
1501 478 1823 535 destinave-
1846 484 1899 544 Α
1930 483 2013 536 tas
2039 481 2098 536 in
2129 499 2231 538 suo
2263 483 2442 538 fratre
2473 483 2752 540 remansit
2781 492 2846 540 ³³.
2893 483 3100 545 Fuerat
3143 506 3396 565 namque
3437 511 3542 567 pre

204 570 350 623 runt.
385 568 458 622 Eo
488 583 710 639 quoque
732 568 1010 636 tempore
1034 564 1148 620 Leo
1173 565 1496 638 imperator
1513 568 1665 640 apud
1681 569 1826 624 Con-

201 655 622 728 stantinopolim
664 654 1010 708 interfectus
1059 655 1173 724 (an.
1246 658 1395 726 820),
1453 656 1549 728 qui
1595 656 1824 728 imperii

199 746 575 820 principatum
590 743 749 798 annis
759 745 1200 814 gubernaverat
1214 761 1274 798 se
1281 748 1526 816 ptem,et
1544 734 1824 801 Michahe1

196 834 499 906 imperium
531 834 761 904 adeptus
787 836 895 887 est.
925 833 1209 904 Agnellus
1233 850 1370 889 vero
1391 835 1684 905 predictus
1707 837 1822 892 dux

195 922 494 994 legationis
523 939 685 976 causa
700 938 867 976 suum
888 922 1171 994 nepotem
1198 925 1260 975 et
1287 923 1646 994 aequivocum
1667 925 1818 979 Con-

193 1012 619 1082 stantinopolim
636 1011 804 1078 misit,
820 1011 1021 1082 ibique
1037 1013 1310 1065 mortuus
1323 1013 1449 1067 fuit.
1471 1013 1819 1068 Fortunatus

193 1101 420 1174 quidem
434 1100 752 1173 patriarcha
775 1115 907 1153 cum
944 1116 1062 1154 non
1089 1100 1297 1153 sedule
1318 1101 1377 1155 in
1401 1119 1500 1155 sua
1523 1103 1693 1156 vellet
1715 1102 1820 1156 de-

189 1208 313 1263 gere
336 1190 502 1256 sede,
533 1189 630 1244 sed
656 1193 855 1244 contra
879 1189 1300 1244 Veneticorum
1335 1193 1692 1245 voluntatem
1724 1208 1816 1246 se-

187 1280 414 1352 pissime
441 1277 733 1333 Franciam
747 1277 1070 1347 repetebat,
1089 1277 1313 1348 etquia
1344 1279 1451 1332 hoc
1465 1279 1678 1333 amodo
1708 1281 1818 1334 du-

187 1368 332 1422 cibus
352 1366 716 1438 displicebat,
745 1365 1278 1438 pepuleruntillum
1304 1383 1338 1419 a
1359 1367 1592 1432 sede,et
1611 1367 1668 1422 in
1686 1369 1814 1424 loco

187 1456 296 1525 ejus
329 1455 745 1510 ordinaverunt
769 1454 1114 1520 Iohannem,
1149 1454 1358 1508 Sancti
1381 1454 1607 1510 Servuli
1636 1457 1814 1511 abba-

187 1549 311 1600 tem.
348 1545 524 1600 Circa
550 1545 670 1598 haec
683 1548 946 1614 tempora
971 1542 1120 1613 apud
1147 1542 1814 1601 Olivolenseminsulam

185 1635 350 1688 sancti
366 1632 530 1687 Petri
548 1633 782 1687 ecclesia
798 1631 1049 1686 ediﬁcari
1066 1631 1310 1702 incepta
1333 1636 1444 1686 est.
1478 1635 1816 1689 Antedictus

186 1721 414 1794 quidem
445 1721 788 1775 Fortunatus
807 1719 1125 1788 patriarcha
1145 1719 1394 1790 propria
1410 1721 1556 1774 sede
1581 1723 1811 1791 amissa,

1927 569 2110 624 dictus
2152 571 2508 627 Justinianus
2534 582 2578 615 δι
2609 574 2896 630 maximus
2925 579 3293 636 ecclesiarum
3323 585 3538 653 cultor,-

1925 658 2109 712 sancti
2142 675 2274 713 vero
2306 661 2592 716 Zachariae
2613 667 2670 717 et
2689 665 2869 718 sancti
2896 666 3125 737 Hyllarii
3154 674 3540 731 monasterio-

1928 763 2057 800 rum
2079 746 2196 817 ipse
2217 749 2432 803 exstitit
2453 751 2848 809 devotissimus
2864 755 3194 813 fabricator.
3218 760 3428 818 Ultimo
3442 782 3534 819 ve-

1924 852 1990 890 ro
2030 837 2160 890 vitae
2201 854 2315 891 suae
2356 856 2509 894 anno
2554 843 2898 898 sanctissimi
2950 847 3118 901 Marci
3169 853 3536 923 evangelista;

1924 939 2132 996 corpus
2164 925 2234 979 de
2263 927 2605 983 Alexandria
2634 939 2678 972 ⁸⁵
2709 948 2741 985 a
2778 933 3060 989 Veneticis
3090 937 3348 1007 allatum,
3396 932 3536 996 reci-

1922 1030 2060 1084 pere
2095 1015 2438 1085 promeruit.
2471 1017 2576 1080 Qui
2607 1019 2748 1072 tanti
2779 1022 3028 1077 thesauri
3059 1040 3268 1080 munus
3300 1029 3536 1085 honori-

1922 1101 2028 1154 ﬁce
2055 1102 2386 1173 suscipiens,
2423 1106 2480 1159 in
2513 1106 2595 1160 sui
2620 1108 2814 1178 palatii
2845 1113 3057 1182 angulo
3100 1129 3378 1187 peragere
3404 1117 3540 1172 fecit

1921 1191 2242 1260 cappellam
2275 1193 2370 1246 ubi
2405 1194 2543 1249 illud
2572 1197 2937 1253 reconditum
2989 1205 3176 1271 posset
3230 1206 3532 1267 reservari,

1925 1277 2163 1333 interim
2197 1281 2432 1336 ecclesia
2462 1288 2609 1337 esset
2645 1287 2886 1355 expleta,
2920 1305 3094 1359 quam
3121 1290 3343 1346 hisdem
3376 1294 3540 1347 dom-

1920 1384 2026 1420 nus
2056 1366 2366 1437 inchoavit,
2400 1372 2501 1425 sed
2529 1377 2837 1442 preventus
2869 1382 3080 1440 morte,
3101 1379 3535 1436 Iohannessuus

1917 1454 2182 1510 videlicet
2208 1458 2386 1512 frater
2416 1460 2489 1514 ad
2515 1461 2690 1515 ﬁnem
2723 1463 3006 1534 perduxit.

1992 1543 2151 1598 Circa
2198 1546 2319 1600 haec
2366 1551 2631 1619 tempora
2661 1551 2864 1605 missus
2897 1552 3230 1610 Sclavorum
3261 1557 3332 1611 de
3358 1555 3546 1610 insula

1917 1630 2214 1687 Narrentis
2228 1634 2342 1705 (5'2)
2360 1637 2430 1690 ad
2445 1637 2725 1712 domuum
2739 1641 3069 1698 Iohannem
3086 1644 3293 1699 ducem
3307 1644 3546 1702 veniens

1916 1720 1988 1772 ab
2015 1737 2083 1775 eo
2139 1722 2455 1793 baptizatus
2503 1729 2607 1791 est,
2656 1744 2858 1797 pacem
2908 1747 3043 1788 cum
3101 1750 3169 1788 eo
3215 1733 3548 1800 instituens,

185 1810 500 1865 secundum
529 1809 680 1881 quod
711 1808 956 1862 diximus
987 1807 1299 1862 Franciam
1330 1825 1470 1862 cum
1501 1809 1812 1866 Grecorum
1843 1808 1894 1865 B
1918 1807 2050 1861 licet
2075 1809 2318 1863 minime
2351 1815 2407 1864 et
2439 1814 2822 1884 perdurasset.

183 1899 349 1954 missis
385 1898 708 1970 repetebat.
739 1898 934 1969 Ibique
965 1896 1333 1969 aliquamdiu
1356 1900 1812 1966 moratus,diem

178 1987 347 2044 ﬁnivit
389 1992 718 2043 extremum
741 1987 858 2059 (an.
887 1985 1037 2058 824).
1057 1986 1420 2040 Gubernavit
1446 1991 1642 2044 autem
1673 1991 1810 2046 Gra-

179 2078 415 2133 densem
446 2075 748 2132 ecclesiam
778 2091 884 2147 per
911 2073 1114 2148 viginti
1159 2076 1225 2128 et
1256 2078 1483 2146 septem
1519 2093 1811 2134 annorum

177 2168 386 2239 spacia.
415 2166 499 2220 Eo
543 2179 774 2237 quoque
809 2166 1070 2234 tempore
1106 2161 1358 2234 quidam
1400 2164 1811 2222 Veneticorum

178 2253 673 2328 conspirationem
690 2252 993 2308 adversum
1021 2251 1202 2306 duces
1216 2250 1408 2305 facere
1422 2254 1613 2308 conati
1644 2258 1803 2310 sunt:

178 2360 233 2399 ex
262 2343 482 2416 quibus
513 2341 631 2397 duo
661 2357 844 2414 prope
880 2341 1061 2396 sancti
1085 2339 1357 2410 Gregorii
1385 2341 1683 2398 ecclesiam
1715 2362 1806 2398 su-

177 2434 356 2506 spensi
388 2435 550 2500 sunt,
582 2431 645 2486 id
674 2435 762 2487 est
787 2431 1080 2486 Iohannes
1107 2429 1478 2498 Tornaricus,
1517 2436 1575 2487 et
1620 2435 1809 2489 Bonus

175 2521 542 2578 Bradanisso.
565 2520 861 2576 Iohannes
878 2522 1074 2574 autem
1089 2518 1384 2573 monetari
1393 2536 1454 2573 us
1469 2520 1605 2592 fuga
1618 2522 1807 2595 lapsus

177 2617 252 2666 est
269 2612 340 2667 ad
373 2609 722 2666 Lotharium
743 2624 974 2680 regem;
998 2611 1202 2663 tamen
1223 2606 1502 2679 quidquid
1530 2609 1728 2666 habuit
1751 2615 1808 2666 et

177 2700 380 2756 domus
396 2703 455 2756 et
467 2699 715 2754 fortuna
726 2697 1080 2769 depopulata
1105 2699 1263 2763 sunt,
1278 2695 1502 2752 interea
1515 2699 1806 2756 Iohannes

174 2789 340 2845 abbas
378 2787 480 2861 qui
512 2788 735 2843 electus
780 2785 842 2841 in
881 2784 1160 2840 Gradensi
1211 2784 1547 2856 pontificatu
1595 2789 1803 2870 fuerat,

166 2895 261 2933 sua
285 2881 504 2951 sponte
536 2875 746 2931 relicta
766 2875 926 2941 sede,
953 2873 1138 2928 sancti
1170 2872 1363 2927 Yllarii
1380 2875 1678 2930 ecclesiam
1703 2895 1804 2950 pe-

168 2970 303 3034 tens,
331 2983 452 3022 una
489 2981 630 3021 cum
663 2964 1091 3019 monachorum
1125 2961 1503 3018 contubernio
1543 2965 1692 3036 quod
1745 2965 1802 3020 in

1985 1898 2210 1951 Interea
2224 1898 2360 1952 Obel
2373 1900 2543 1955 ierius
2555 1902 2789 1975 dux,qui
2803 1907 2956 1976 apud
2970 1908 3563 1990 Constantinopolim

1915 1984 2082 2040 exilio
2109 1985 2300 2040 fuerat
2321 1988 2688 2059 dampnatus,
2722 1993 3035 2051 Veneciam
3068 1984 3489 2077 reciprocavit,
3517 2013 3572 2069 et

1913 2072 1972 2128 in
2004 2074 2209 2146 Vigilia
2238 2076 2468 2132 civitate
2499 2080 2651 2151 apud
2673 2081 2945 2138 Curidum
2983 2086 3118 2158 (53)
3149 2072 3269 2148 sese
3301 2072 3574 2166 retrusit.

1915 2161 2037 2226 Quo
2071 2163 2291 2232 audito,
2322 2165 2614 2222 Iohannes
2647 2169 2758 2224 dux
2788 2171 2861 2226 ad
2906 2177 3174 2234 eundem
3206 2161 3574 2256 capiendum

1911 2253 2204 2323 promovit
2224 2255 2560 2312 exercitum.
2581 2258 2693 2314 Sed
2717 2276 2847 2315 cum
2872 2261 2969 2318 diu
2999 2253 3348 2336 predictam
3376 2253 3576 2345 civita;

1911 2344 2030 2396 tem
2044 2342 2343 2398 obsidione
2357 2345 3089 2417 circumvallaret,tandem
3104 2357 3286 2415 diviso
3305 2342 3568 2433 exerciti.

1909 2431 2394 2487 Metamaucenses
2407 2435 2479 2489 ad
2493 2452 2592 2507 pre
2601 2436 2816 2493 dictum
2833 2440 3085 2496 Obelieri
3093 2461 3190 2499 um
3206 2450 3452 2524 confugi
3459 2431 3560 2518 ιιηῇ

1917 2519 2202 2587 fecerunt,
2223 2521 2512 2578 Exercitus
2529 2542 2662 2582 vero
2688 2527 2782 2599 qui
2804 2545 2905 2584 suo
2927 2531 3147 2586 seniori
3163 2533 3346 2591 ﬁdem
3368 2519 3558 2602 serva.

1909 2608 2596 2677 bant,Metamaucensem
2613 2616 2859 2674 insulam
2878 2624 3303 2690 expugnantes,
3308 2640 3551 2694 prorsus

1909 2695 2314 2753 incenderunt.
2341 2700 2499 2756 Tunc
2546 2704 2797 2762 domnus
2841 2708 3137 2762 Iohannes
3171 2708 3286 2763 dux
3328 2712 3546 2775 iterum

1908 2785 2237 2857 preparavit
2263 2789 2606 2860 exercitum;
2639 2809 2775 2848 cum
2807 2811 2922 2866 quo
2956 2794 3078 2864 ipse
3107 2794 3350 2851 veniens
3385 2802 3541 2873 Vigi-

1904 2872 2044 2928 liam
2074 2875 2364 2930 civitatem
2391 2881 2760 2952 expugnavit,
2785 2888 2844 2939 et
2864 2886 3036 2954 capto
3055 2881 3320 2940 Obeliero
3343 2872 3536 2946 decol-

1907 2962 2025 3017 lare
2057 2980 2192 3017 eum
2224 2964 2406 3035 jussit.
2444 2967 2617 3038 Cujus
2638 2974 2818 3042 caput
2837 2972 2909 3026 ad
2927 2971 3545 3032 Metamaucensemin-

171 3055 343 3111 sancti
359 3051 968 3110 Servolimonasterio
993 3050 1266 3122 degebat,
1288 3052 1705 3107 monasterium
1727 3053 1803 3108 ibi
1837 3123 1873 3131 _
1906 3051 2092 3106 sulam
2124 3051 2403 3122 delatum,
2460 3055 2520 3110 in
2551 3059 2782 3114 sabbati
2827 3059 3010 3115 sancti
3043 3058 3132 3114 die
3152 3059 3314 3131 juxta
3347 3063 3546 3122 Sancti

171 3144 438 3217 deinceps
473 3143 762 3199 ordinare
789 3138 1042 3195 decrevit
1066 3143 1126 3193 et
1155 3138 1370 3193 habere
1386 3155 1491 3210 pro
1521 3140 1712 3196 futuro
1733 3150 1798 3196 ω.
1827 3123 1875 3183 C
1903 3143 2476 3214 Martinimarginem
2496 3161 2845 3220 suspensum
2862 3148 3054 3203 εει.Εο
3068 3123 3260 3205 autem
3276 3154 3544 3228 tempore

231 3233 512 3289 Venerius
541 3230 763 3286 deinde
802 3228 1160 3284 Gradensem
1198 3226 1439 3298 adeptus
1468 3232 1555 3283 est
1579 3230 1800 3298 sedem,

167 3322 254 3394 qui
280 3321 472 3377 sancti
500 3317 691 3376 Mauri
722 3315 1002 3384 ecclesiae,
1043 3331 1173 3388 quae
1202 3314 1476 3371 suburbio
1527 3317 1667 3372 scita
1695 3322 1800 3387 est,

167 3409 481 3466 fabricator
523 3406 767 3463 exstitit.

225 3501 394 3555 Anno
409 3497 663 3571 quidem
686 3493 1111 3550 incarnationis
1138 3491 1369 3548 Domini
1399 3493 1805 3566 octingentesi-

168 3605 257 3644 mo
279 3589 574 3661 vigesimo
597 3584 875 3651 secundo,
894 3586 1124 3637 mortuo
1147 3583 1389 3653 Agnello
1410 3583 1571 3650 duce,
1596 3585 1690 3656 qui
1713 3585 1807 3640 de-

170 3695 286 3734 cem
317 3681 377 3734 et
400 3681 540 3734 octo
575 3674 746 3730 annis
765 3671 1173 3727 Veneticorum
1216 3671 1489 3727 ducatum
1514 3675 1802 3745 guberna-

168 3770 258 3838 vit,
292 3771 546 3825 ducatus
561 3764 818 3836 dignitas
839 3762 898 3815 iu
911 3777 1014 3816 suo
1030 3761 1146 3815 filio
1159 3761 1479 3816 Iustiniano
1500 3763 1798 3819 remansit.

235 3864 347 3917 Hac
378 3859 570 3915 etiam
601 3854 950 3925 tempestate
971 3851 1083 3919 (an.
1119 3852 1265 3921 827).
1313 3851 1586 3906 Michahel
1618 3851 1802 3924 impe-

170 3955 325 4006 rator
357 3947 607 4004 mittens
627 3939 952 3997 exercitum
984 3938 1058 3992 ad
1089 3937 1363 4006 Siciliam,
1399 3939 1801 3996 Veneticorum

171 4040 442 4095 auxilium
468 4031 666 4106 petiit,
697 4029 789 4085 cui
815 4027 1172 4082 Iustinianus
1204 4027 1312 4082 dux
1338 4029 1616 4100 quasdam
1641 4030 1800 4084 belli-

171 4144 322 4183 cosas
339 4141 522 4181 naves
541 4119 940 4175 transmittere
963 4115 1182 4170 studuit
1226 4115 1338 4171 Sed
1364 4119 1606 4188 uterque
1641 4135 1800 4173 exer-

171 4216 307 4270 citus
349 4211 608 4268 minime
645 4205 880 4278 aliquod
915 4204 1273 4276 triumphum
1305 4205 1577 4275 consequi
1602 4206 1800 4262 valuit.

170 4305 382 4359 Eodem
406 4315 647 4373 quoque
668 4300 934 4366 tempore
949 4294 1261 4359 Iohannes,
1279 4294 1502 4365 Agnelli
1526 4295 1804 4372 antedicti

1906 3236 2086 3291 sancti
2112 3233 2267 3288 Petri
2294 3232 2630 3290 Olivolensis
2652 3236 2918 3306 ecclesia,
2942 3253 3071 3308 quae
3098 3255 3202 3310 per
3213 3258 3424 3302 novem
3443 3260 3551 3300 an-

1904 3340 2118 3380 norum
2148 3320 2338 3395 spacia
2378 3320 2570 3376 fuerat
2600 3323 2890 3381 fabricata
2914 3330 3421 3393 consecrationem
3457 3349 3549 3390 re-

1905 3413 2078 3484 cepit.

1976 3503 2146 3554 Anno
2158 3515 2291 3554 vero
2309 3497 2488 3553 nostri
2501 3501 2898 3574 redemptoris
2912 3502 2983 3557 ab
2996 3502 3430 3575 incarnatione.
3444 3557 3456 3572 .
3469 3555 3482 3569 .
3495 3558 3504 3572 .
3515 3556 3527 3570 .
3538 3556 3554 3571 .

1906 3589 2204 3645 Istrienses
2226 3586 2499 3659 episcopi,
2522 3593 2627 3662 qui
2649 3591 3094 3650 consecrationis
3110 3597 3334 3659 donum
3359 3627 3398 3664 a
3415 3607 3553 3665 Gra-

1908 3677 2070 3732 densi
2086 3675 2414 3748 patriarcha
2427 3693 2596 3732 more
2611 3679 2780 3734 solito
2795 3679 3552 3770 recipiebant,Aquilegensi

1906 3763 2385 3860 metropolitano,
2409 3764 2930 3860 Langobardorum
2947 3771 3097 3841 regis
3111 3774 3317 3834 virtute
3334 3763 3544 3860 cdaeti,

1905 3871 2027 3909 sese
2060 3850 2458 3906 subdiderunt.
2491 3853 2723 3907 Interea
2751 3855 2984 3925 quidam
3016 3859 3449 3941 Veneticorum,
3482 3850 3540 3936 ίά

1904 3945 1991 3998 est
2017 3941 2264 3995 Caresus
2295 3938 2564 3993 tribunus
2591 3944 2648 3994 et
2675 3940 2868 3996 Victor
2896 3949 3273 4022 nonnullique
3303 3938 3540 4030 alii,'fa-

1903 4036 1997 4088 cta
2017 4027 2448 4100 conspiratione
2469 4028 2496 4081 J
2503 4028 2652 4081 ohan
2663 4046 2795 4084 nem
2821 4032 3023 4088 ducem
3045 4038 3333 4098 aVenecia
3348 4027 3534 4121 pepu-

1905 4122 2100 4176 lerunt
2129 4121 2186 4172 et
2211 4116 2451 4170 Carosus
2482 4116 2632 4169 hanc
2660 4121 2946 4189 usurpavit
2977 4116 3532 4199 dignitatemrTunc

1908 4209 2161 4263 domnus
2180 4204 2472 4297 Iohannes
2495 4203 2606 4297 dux
2629 4203 2684 4257 in
2713 4205 3009 4263 Franciam
3031 4211 3104 4266 ad
3123 4213 3388 4276 Carolum
3416 4227 3505 4297 (54

1907 4309 2110 4365 regem
2136 4290 2264 4353 ivit;
2291 4289 2539 4361 quicum
2563 4290 2767 4346 devote
2796 4296 3130 4368 suscipiens,
3165 4289 3448 4367 honorem
3473 4289 3533 4383 ειί

171 4391 325 4446 ducis
345 4389 502 4445 ﬁlius
524 4390 585 4441 et
606 4381 934 4438 Iustiniami
972 4381 1174 4447 frater,
1203 4381 1298 4451 qui
1329 4383 1455 4435 exul
1484 4382 1637 4453 apud
1661 4382 1807 4441 Con-
1827 4414 1880 4471 D
1910 4381 2182 4439 solatium
2206 4378 2312 4471 sibi
2345 4378 2682 4450 impendere
2710 4388 3052 4453 procuravit.

169 4474 620 4549 stantinopolim
640 4472 846 4536 extitit,
877 4471 950 4525 ad
986 4469 1285 4524 Venetiam
1306 4487 1571 4525 reversus
1590 4475 1693 4538 est,
1751 4477 1809 4526 et

171 4567 397 4624 favente
425 4564 539 4620 sibi
571 4561 897 4617 Iustiniano
924 4558 1125 4626 fratre,
1153 4557 1264 4612 dux
1293 4558 1532 4613 affectus
1559 4563 1662 4613 est.
1694 4562 1804 4614 lte-

171 4675 299 4714 rum
329 4655 695 4726 imperatore
726 4650 1106 4721 efﬂagitante,
1126 4647 1436 4702 exercitum
1456 4648 1527 4702 ad
1548 4647 1803 4703 Siciliam

170 4745 665 4819 preparaverunt;
719 4738 812 4811 qui
887 4737 1064 4791 etiam
1130 4751 1389 4790 reversus
1448 4741 1534 4790 est
1590 4737 1805 4808 absque

173 4833 503 4906 triumpho.
566 4916 617 4922 __
738 4915 759 4922 _
834 4913 869 4922 ﬂ
923 4913 932 4922 _
1088 4912 1104 4922 ι
1238 4911 1250 4922 Ι
1385 4912 1498 4922 MM
1645 4912 1656 4922 I

236 4924 468 4978 Mortuo
483 4913 1052 4992 quidequstiniano
1073 4912 1216 4966 duce
1232 4911 1345 4983 (an.
1382 4912 1528 4980 823),
1562 4912 1659 4984 qui
1689 4931 1804 4968 una

170 5028 302 5067 cum
338 5014 508 5083 patre
527 5002 869 5078 gubernavit
888 5001 1161 5056 ducatum
1186 5001 1354 5055 annis
1374 5001 1571 5055 decem
1594 5003 1652 5054 et
1672 5018 1800 5072 sep-

169 5108 288 5156 tem
302 5143 318 5166 ,
336 5103 396 5155 et
416 5099 549 5170 post
569 5095 816 5149 mortem
835 5089 1013 5164 patris
1039 5089 1209 5143 unius
1238 5091 1374 5143 anni
1389 5089 1798 5161 spacio,digni-

1984 4467 2260 4541 Sequenti
2294 4483 2428 4521 vero
2452 4484 2604 4522 anno
2629 4471 2862 4527 Basilius
2885 4475 3149 4534 tribunus
3170 4486 3226 4538 et
3239 4485 3530 4550 Iohannes

1905 4561 2040 4616 Mart
2054 4558 2208 4612 urius
2229 4558 2286 4608 et
2304 4555 2479 4609 ceteri
2504 4557 2852 4615 nobiliorum
2865 4580 3108 4623 numero
3125 4571 3380 4644 triginta,
3395 4595 3528 4649 pre-

1907 4646 2043 4703 dicti
2077 4643 2355 4698 Johannis
2383 4644 2540 4697 ducis
2569 4645 2844 4703 fidelitate
2876 4668 2910 4705 a
2940 4657 3128 4724 patria
3159 4643 3432 4734 exientes,
3465 4669 3524 4726 in

1903 4732 2084 4788 sancti
2112 4731 2337 4785 Martini
2387 4732 2624 4787 ecclesia
2667 4751 2792 4806 quae
2824 4740 2975 4809 apud
3010 4743 3346 4817 Mistrinam,
3396 4731 3522 4812 loco

1907 4822 2006 4896 qui
2023 4823 2259 4876 vocatur
2273 4818 2486 4887 Strata,
2501 4820 2639 4876 scita
2665 4826 2770 4892 est,
2785 4827 3099 4899 ospitati,et
3124 4837 3344 4894 tamdiu
3365 4857 3524 4901 com-
3613 4885 3616 4888 ι

1907 4908 2287 4973 moratisunt,
2308 4906 2491 4963 donec
2521 4909 2928 4970 Veneticorum
2949 4920 3258 4980 multitudo
3293 4929 3366 4983 ad
3398 4932 3524 4990 illos

1903 4996 2260 5055 conveniret,
2289 4998 2352 5048 ut
2379 4995 2684 5052 Veneciam
2707 5000 2780 5054 ad
2803 5002 2992 5059 Carosi
3024 5008 3179 5065 ducis
3202 5014 3518 5084 periculum

1902 5088 2120 5142 intrare
2163 5081 2285 5136 sine
2315 5083 2505 5155 aliquo
2547 5086 2838 5144 obstaculo
2879 5081 3216 5165 quivissent:
3245 5103 3403 5161 Unde
3429 5109 3518 5164 fa-

1510 5178 1740 5232 VARIE
1772 5172 2172 5231 LECTIONES.

242 5270 292 5302 ιι
317 5263 376 5313 et
407 5260 464 5312 h.
497 5274 555 5328 p.
592 5259 642 5309 l.
669 5250 1035 5325 suprascripta
1072 5253 1122 5304 l.

173 5331 542 5403 suprascripta
575 5330 622 5381 1.

248 5481 366 5552 (52)
395 5475 1008 5555 horrentaLNuren‘ta,
1033 5472 1105 5555 ad
1126 5487 1303 5555 quam
1330 5469 1530 5526 insulae
1560 5469 1807 5540 Corcyra

176 5544 621 5631 nigraﬂiesina,
655 5547 781 5631 aliae
803 5544 1206 5631 pertinebant;
1289 5615 1298 5626 _
1337 5613 1349 5631 ’
1439 5613 1453 5631 \
1512 5630 1522 5631 ί
1566 5615 1577 5631 ί
1633 5613 1647 5631 1
1686 5629 1700 5631 _
1727 5611 1767 5631 ,ο

253 5612 375 5694 ἴὸὃ)
414 5612 689 5679 Curictum
720 5612 844 5688 (aut
868 5613 1115 5674 fortasse
1160 5613 1456 5685 Curictum)
1502 5615 1587 5668 est
1633 5612 1806 5668 hodie

1225 5257 1270 5291 ⁸³
1303 5249 1359 5303 d.
1396 5248 1434 5302 i.
1482 5266 1526 5302 s.
1561 5250 1603 5304 f.
1655 5266 1702 5303 r.
1737 5249 1924 5302 audita
1980 5247 2034 5299 in
2064 5243 2307 5310 margine
2343 5246 2388 5297 l.
2466 5252 2510 5286 δι
2538 5262 2594 5317 p.
2623 5246 2671 5298 I.
2719 5254 3089 5324 suprascripta
3125 5259 3174 5313 ί,
3251 5266 3296 5299 u
3320 5261 3389 5317 de
3444 5267 3511 5323 Α.

1743 5389 1964 5446 NOTAE.

1908 5463 2209 5547 Cornichia
2239 5463 2298 5520 in
2325 5465 2510 5521 insula
2534 5468 2717 5540 veglia
2745 5485 2924 5543 prope
2969 5472 3225 5543 ejusdem
3255 5484 3509 5543 vocabuli

1909 5556 1982 5612 op
2028 5538 2208 5592 idum.
2613 5538 2627 5540 ⁷
2745 5538 2764 5541 “
2853 5538 2872 5543 ’
2997 5538 3014 5543 ⁷

1977 5555 2092 5682 854)
2123 5608 2468 5665 Ludowicum
2501 5610 2692 5666 scribit
2722 5612 2983 5670 Andreas
3014 5617 3296 5678 Dandulo.
