3998 6166
508 419 612 481 903

1725 412 2012 472 JOANNIS
2053 412 2340 472 DIACONI
2377 411 2628 472 VENETI
3669 421 3755 482 9οδ

507 547 666 600 ctum
695 543 786 598 est
813 553 950 612 quo,
979 534 1296 611 quamdam
1339 533 1452 605 die,
1485 535 1625 591 dum
1656 536 1968 608 prclibatus
2008 535 2114 590 Ca-
2139 539 2196 597 Α
2225 540 2314 592 ter
2345 537 2457 593 dux
2487 539 2675 593 facere
2696 555 2814 594 non
2833 537 3301 614 denegavit.Tunc
3321 557 3614 615 prmparare
3629 561 3758 604 sexa-

509 649 672 689 rosus
696 631 807 686 dux
835 644 1064 683 securus
1103 626 1161 680 in
1188 625 1407 698 palacio
1439 628 1725 695 maneret,
1767 641 1800 679 a
1841 625 2116 696 predictis

509 719 841 777 hominibus
870 719 1088 786 captus,
1118 715 1320 770 evulsis
1347 714 1522 770 oculis
1543 713 1710 768 exilio
1741 716 1996 768 retrusus
2010 716 2114 768 est.

511 809 606 865 Sui
637 823 865 882 quoque
888 808 1197 872 secutores,
1226 805 1284 859 id
1302 808 1385 859 est
1406 803 1736 858 Deusdedus
1761 803 1992 869 Grurus,
2013 803 2119 856 Ma-

509 897 669 952 rinus
699 896 990 968 patricius,
1036 893 1366 956 Dominicus
1401 893 1760 947 monatarius
1790 895 1847 945 et
1874 891 2122 946 Tritulus

509 986 816 1042 Gradensis
842 983 1126 1039 interfecti
1159 986 1311 1037 sunt.
1337 981 1552 1036 Dehinc
1583 981 1880 1036 neminem
1915 981 2120 1034 ducem

509 1077 860 1133 constituere
893 1075 1242 1138 maluerunt,
1275 1072 1375 1126 sed
1416 1087 1483 1125 co
1533 1075 1762 1124 carente
1808 1069 1878 1124 ab
1907 1070 2126 1124 Ursone

513 1165 821 1222 Olivolensi
853 1163 1121 1234 episcopo
1153 1164 1210 1214 et
1246 1159 1447 1214 Basilio
1500 1162 1557 1213 et
1603 1160 1863 1214 Johanne
1899 1159 2126 1212 tribuno

512 1255 682 1310 unius
729 1253 868 1309 anni
921 1251 1112 1321 spacio
1155 1249 1636 1320 dijudicabantur.
1682 1249 1837 1302 Tunc
1879 1248 2128 1302 domnus

511 1347 802 1400 Johannes
820 1343 928 1396 dux
951 1342 1020 1395 de
1038 1339 1267 1393 Frantia
1288 1339 1345 1391 in
1362 1337 1538 1392 sancti
1559 1337 1804 1390 Dimitrii
1821 1336 2125 1390 festivitate

516 1450 775 1489 reversus
812 1435 921 1495 est;
968 1428 1142 1500 quem
1173 1427 1426 1480 Venetici
1461 1430 1727 1496 prompte
1759 1423 2130 1495 suscipientes

519 1523 789 1577 ducatum
817 1518 924 1574 sibi
945 1519 1246 1572 restituere
1271 1517 1624 1585 satagerunt.
1653 1513 1982 1568 Dominicus
2003 1513 2130 1582 qui-

521 1611 653 1665 dem
664 1607 1036 1662 Torcellensis
1049 1606 1348 1677 episcopus
1367 1605 1562 1657 relicto
1592 1603 1922 1674 episcopatu
1934 1615 2134 1655 mona-

519 1699 757 1755 sterium
772 1696 964 1767 peciit,
981 1698 1038 1749 et
1051 1695 1242 1748 inloco
1258 1693 1378 1763 ejus
1393 1693 1684 1747 Johannes
1703 1694 1784 1745 est
1814 1691 2130 1746 ordinatus.

2228 627 2391 698 ginta
2406 627 2702 684 bellicosas
2721 646 2892 686 naves
2913 631 3071 686 omni
3091 631 3192 686 sub
3215 630 3551 687 festinatione
3566 634 3760 704 studuit,

2231 718 2288 770 et
2311 733 2488 789 usque
2513 717 2586 771 ad
2599 718 2932 786 Tarantum,
2959 718 3052 774 ubi
3071 718 3216 774 Saba
3230 718 3614 775 Saracenorum
3637 722 3761 794 prin-

2233 822 2366 878 ceps
2397 823 2528 861 cum
2562 807 2813 862 maximo
2837 808 3084 863 exercitu
3111 809 3394 875 manebat,
3411 811 3616 864 easdem
3634 811 3765 866 desti-

2234 895 2409 950 navit.
2446 895 2557 950 Sed
2577 896 3067 952 aSarracenorum
3092 897 3446 952 multitudine
3459 915 3590 968 pene
3605 915 3768 955 omnes

2233 983 2482 1038 Venetici
2502 985 2647 1056 capti
2677 989 2733 1040 et
2753 985 3038 1040 interfecti
3055 991 3202 1041 sunt.
3216 985 3390 1040 Iidem
3410 1003 3598 1058 nempe
3617 986 3769 1043 Sarra-

2232 1073 2380 1140 ceni,
2414 1074 2674 1129 videntes
2701 1074 2859 1146 quod
2890 1073 2947 1128 in
2977 1074 3296 1130 Christianis
3325 1075 3597 1130 victoriam
3623 1081 3772 1132 essent

2231 1163 2546 1229 consecuti,
2577 1163 2645 1217 ad
2665 1164 3047 1218 Absarensem
3066 1163 3347 1218 civitatem
3369 1163 3478 1236 (55)
3499 1181 3654 1236 usque
3673 1182 3770 1237 per-

2231 1249 2457 1322 tingere
2491 1268 2607 1305 non
2638 1251 3068 1320 dubitaverunt,
3096 1253 3222 1307 etin
3241 1251 3382 1307 feria
3400 1253 3625 1308 secunda
3644 1269 3774 1324 pasce

2232 1339 2500 1394 incendio
2533 1357 2660 1394 eam
2693 1339 3071 1407 devastantes,
3105 1340 3177 1394 ad
3220 1343 3509 1395 Anconam
3535 1339 3775 1396 civitatem

2234 1429 2604 1497 transierunt;
2621 1447 2794 1501 quam
2809 1429 3071 1484 similiter
3084 1429 3215 1501 igne
3230 1432 3777 1495 concremantes,mul-

2234 1520 2320 1571 tos
2339 1517 2588 1588 captivos
2601 1517 2804 1571 exinde
2823 1535 3016 1571 secum
3035 1517 3586 1572 detulerunt.Deinde
3605 1522 3781 1572 vastum

2236 1623 2514 1677 permare
2535 1607 2642 1659 huc
2666 1606 2797 1660 illuc
2821 1607 3236 1677 “navigantes,
3267 1606 3649 1661 Adriancnsem
3678 1623 3782 1678 por-

2236 1698 2361 1747 tum
2393 1693 2528 1765 (56),
2565 1695 2658 1766 qui
2680 1693 2896 1748 vicinus
2919 1695 3175 1750 Veneciae
3201 1695 3468 1761 subsistit,
3493 1695 3781 1766 applicuere.

593 1788 754 1842 Circa
784 1787 893 1840 hoc
925 1788 1187 1855 tempore
1204 1781 1455 1835 Venetici
1477 1779 1700 1851 negocii
1715 1796 1883 1834 causa
1905 1778 2042 1832 dum
2063 1778 2133 1832 de
2170 1853 2200 1855 _
2238 1783 2343 1836 Ubi
2366 1799 2495 1837 cum
2511 1785 2675 1838 sortis
2696 1783 2980 1838 industria
3001 1801 3058 1838 se
3091 1784 3203 1837 illic
3235 1784 3450 1838 nullam
3481 1783 3689 1855 predam
3713 1799 3783 1836 ca-

522 1878 846 1932 Benevento
899 1872 1352 1937 revertebantur,
1413 1888 1447 1924 a
1500 1867 1871 1923 Narrentanis
1924 1866 2134 1921 Sclavis
2166 1853 2438 1944 Bpturos
2457 1853 3786 1944 pervidissent,peddeundiiteradprdpriamuﬁ.

521 1965 692 2036 capti,
719 1979 868 2036 pene
905 1977 1107 2016 omnes
1139 1959 1423 2014 interfecti
1446 1962 1596 2012 sunt.
1619 1959 1804 2012 Isdem
1822 1973 1953 2011 vero
1971 1955 2136 2010 dom-

523 2071 630 2108 nus
650 2055 941 2108 Johannes
971 2050 1082 2104 dux
1116 2048 1459 2103 sanctissimi
1480 2046 1646 2102 Marci
1670 2045 2018 2117 evangeliste
2041 2059 2132 2097 ec-

519 2143 752 2198 clesiam
788 2155 1147 2205 consecrare,
1174 2141 1232 2192 et
1252 2137 1428 2208 digne
1454 2137 1690 2191 beatum
1717 2151 1921 2206 corpus
1953 2133 2009 2187 in
2037 2149 2134 2188 ea-

520 2232 651 2286 dem
684 2231 966 2285 collocare
997 2225 1338 2299 procuravit.
1365 2227 1633 2279 Preterea
1657 2222 1892 2295 quidam
1913 2220 2137 2276 Veneti-

522 2336 743 2385 corum,
772 2317 1163 2387 cognomento
1184 2313 1494 2378 Mastallici,
1513 2311 1794 2366 diabolica
1807 2310 2135 2381 sugestione

525 2409 769 2480 decepti,
794 2405 1047 2460 eundem
1076 2404 1400 2458 Johannem
1424 2401 1603 2456 sancti
1625 2401 1777 2456 Petri
1804 2400 1874 2454 de
1901 2399 2138 2455 ecclesia

526 2499 584 2552 in
609 2495 869 2568 ejusdem
897 2492 1200 2547 festivitate
1224 2491 1551 2545 venientem
1578 2489 2137 2562 comprehendentes

524 2587 642 2655 (an.
677 2582 826 2655 836),
841 2583 1082 2636 detonsa
1095 2580 1275 2634 barba
1291 2595 1421 2633 cum
1444 2577 1680 2650 capillis,
1697 2577 1966 2632 clericum
1984 2576 2137 2648 apud

526 2673 877 2729 Gradensem
897 2671 1101 2725 urbem
1123 2684 1458 2724 consecrare
1477 2666 1770 2734 fecerunt;
1796 2666 1892 2738 qui
1914 2665 1991 2719 ibi
2012 2681 2140 2735 per-

527 2763 690 2829 stitit,
717 2759 949 2816 interim
962 2758 1118 2813 diem
1135 2756 1398 2812 ultimum
1415 2756 1565 2810 vixit.
1594 2755 1728 2810 Pref
1730 2754 2014 2809 uitautem
2031 2754 2139 2808 Ve-

530 2853 851 2908 neticorum
882 2850 1094 2922 populo
1122 2850 1343 2918 septem
1366 2863 1654 2901 annorum
1670 2843 1879 2916 spacio.
1897 2843 1997 2898 Cui
2011 2860 2137 2898 suc-

525 2939 941 3012 cessitquidam
972 2935 1380 3002 nobilissimus,
1414 2937 1614 2990 Petrus
1642 2933 1901 3000 nomine,
1936 2933 2139 3005 quiJo-

525 3033 958 3086 hannemsuum
976 3025 1156 3080 ﬁlium
1170 3025 1499 3079 consortem
1514 3022 1571 3077 in
1585 3023 1808 3077 honore
1821 3021 2034 3075 habere
2048 3036 2142 3074 vo-

527 3121 652 3175 luit.
668 3121 774 3174 lste
797 3130 1050 3187 namque
1067 3113 1244 3169 tercio
1263 3112 1348 3168 sui
1361 3112 1597 3167 ducatus
1612 3126 1764 3166 anno
1784 3108 2142 3164 Sclaveniam

2236 1964 2487 2032 puerunt
2508 1969 2573 2015 ⁸⁷.
2600 1963 2913 2032 Postquam
2942 1978 3074 2016 vero
3096 1961 3169 2016 ad
3190 1962 3404 2016 exitum
3431 1960 3673 2015 Adriatici
3699 1960 3788 2012 cul-

2235 2050 2274 2104 ﬁ
2302 2051 2415 2122 (57)
2448 2053 2860 2121 pervenerunt,
2890 2066 3064 2104 naves
3082 2049 3482 2105 Veneticorum
3503 2065 3617 2120 quae
3644 2049 3701 2102 de
3727 2047 3791 2101 Si-

2237 2139 2368 2196 cilia
2395 2155 2495 2194 scu
2525 2138 2596 2192 de
2627 2138 2750 2193 aliis
2781 2137 3038 2210 partibus
3063 2138 3512 2205 revertebantur,
3543 2153 3716 2192 omnes
3738 2135 3790 2190 ab

2239 2230 2459 2285 eisdem
2487 2227 2904 2299 comprehense
2935 2231 3088 2284 sunt.

2312 2320 2375 2373 In
2407 2317 2657 2372 secundo
2688 2333 2823 2371 vero
2857 2333 3010 2371 anno
3046 2316 3262 2371 iterum
3290 2314 3525 2388 predicti
3548 2311 3796 2370 Sarraceni

2245 2407 2498 2462 maximo
2512 2423 2641 2460 cum
2658 2405 2907 2460 exercitu
2925 2421 3102 2476 usque
3116 2404 3189 2459 ad
3203 2404 3501 2470 Quarnarii
3521 2402 3795 2470 culfuml58)

2241 2498 2650 2566 pervenerunt.
2687 2493 2842 2558 Quos
2871 2492 3127 2548 Venetici
3158 2493 3347 2548 navali
3378 2489 3712 2565 expedicione
3727 2489 3796 2560 ag}

2241 2568 2588 2655 gredientes,
2611 2583 2821 2637 acriter
2832 2583 2996 2653 juxta
3015 2582 3207 2637 locum
3229 2582 3328 2654 qui
3367 2582 3634 2652 Sansagus
3654 2587 3691 2620 ιι
3707 2579 3797 2648 (59-

2243 2673 2582 2727 nominatur
2611 2688 2783 2743 supra
2804 2670 3041 2726 eosdem
3075 2669 3372 2725 irruerunt
3403 2679 3467 2722 δ’.
3486 2667 3590 2724 Sed
3609 2666 3800 2722 demum

2241 2760 2497 2815 Venetici
2527 2760 2729 2815 dantes
2776 2761 2963 2830 terga,
2995 2759 3127 2814 victi
3155 2759 3402 2832 regressi
3431 2759 3573 2813 sunt.
3599 2750 3796 2810 Predicti

2249 2848 2550 2904 Sarraccni
2581 2849 2756 2903 etiam
2789 2850 3036 2904 Romam
3067 2847 3190 2904 ausi
3219 2850 3353 2903 sunt
3401 2845 3551 2902 adire
3581 2846 3678 2910 (an.
3703 2841 3800 2896 846.

2242 2938 2292 2994 Α
2305 2938 2442 3011 ug.),
2458 2938 2871 3010 ecclesiamque
2888 2938 3070 2992 sancti
3090 2937 3244 2992 Petri
3262 2935 3605 3010 depraidarc.
3631 2932 3799 2985 Verum

2245 3027 2320 3082 ad
2351 3035 2396 3068 σο
2427 3026 2606 3081 sancti
2638 3027 2796 3081 Pauli
2826 3042 2958 3081 cum
2985 3026 3406 3098 pervenissent,
3437 3041 3469 3079 a
3498 3017 3735 3078 Romanis
3749 3016 3806 3070 ci.

2247 3115 2407 3171 vibus
2432 3131 2579 3188 pene
2610 3131 2812 3169 omnes
2843 3114 3013 3170 occisi
3041 3117 3174 3170 sunt
3201 3115 3334 3186 (60).

529 3207 812 3264 bellicosis
834 3203 1068 3259 navibus
1105 3203 1564 3273 expugnaturam
1595 3199 1794 3254 adivit.
1819 3198 1930 3252 Sed
1953 3196 2049 3251 ubi
2073 3196 2144 3250 ad
2181 3203 2230 3264 ο
2319 3204 2480 3259 Circa
2509 3204 2630 3258 haec
2656 3207 2923 3276 tempora
2945 3203 3129 3258 sclavi
3159 3202 3454 3258 venientes
3474 3199 3543 3256 ad
3556 3194 3804 3253 veneﬁco.

533 3299 722 3352 locum
739 3294 836 3367 qui
868 3295 1103 3347 vocatur
1125 3289 1318 3344 Sancti
1345 3288 1568 3344 Martini
1591 3287 1764 3342 curtis
1796 3285 2144 3357 perveniret,

533 3402 734 3459 pacem
757 3399 890 3438 cum
917 3381 1149 3436 illorum
1171 3378 1428 3450 principe
1449 3377 1745 3432 Muisclavo
1775 3374 2012 3430 nomine
2044 3374 2149 3426 ﬁr-

534 3473 730 3528 mavit.
760 3470 976 3526 Deinde
1012 3466 1399 3540 pertransiens
1417 3465 1489 3520 ad
1508 3465 1896 3518 Narrentanas
1913 3462 2144 3526 insulas,

533 3577 666 3615 cum
710 3557 976 3613 Drosaico
1022 3555 1407 3610 Marianorum
1437 3553 1630 3623 judice
1679 3550 1944 3605 similiter
1985 3550 2150 3604 fedus

536 3646 801 3714 instituit,
828 3645 960 3699 licet
978 3643 1219 3698 minime
1241 3643 1482 3707 valeret;
1502 3645 1558 3695 et
1575 3641 1651 3696 sic
1683 3639 2053 3713 postmodum
2076 3638 2148 3693 ad

534 3734 841 3790 Veneciam
856 3748 1112 3787 reversus
1142 3733 1245 3786 est.
1271 3730 1377 3786 Ubi
1397 3731 1494 3785 diu
1516 3727 1867 3785 commorari
1885 3742 2018 3782 eum
2039 3725 2147 3780 mi-

537 3823 695 3878 nime
715 3822 898 3890 licuit;
919 3821 1020 3876 sed
1043 3819 1231 3875 denuo
1251 3818 1595 3892 praeparavit
1611 3817 1923 3873 exercitum
1946 3815 2147 3870 adver-

538 3930 663 3970 sum
687 3912 976 3968 Liuditum
997 3909 1281 3976 Sclavum,
1303 3908 1398 3964 ubi
1421 3910 1548 3980 plus
1585 3923 1760 3979 quam
1797 3909 2030 3960 centum
2049 3905 2151 3959 Ve-

539 4003 709 4059 netici
726 3998 1012 4056 interfecti
1033 3999 1286 4064 fuerunt,
1323 4000 1381 4052 et
1409 3997 1624 4068 absque
1643 3994 1938 4066 triumpho
1957 4009 2150 4048 rever-

536 4109 627 4146 sus
646 4095 750 4147 est.
779 4091 936 4144 Tunc
977 4095 1085 4156 (an.
1120 4090 1239 4159 840)
1274 4087 1332 4142 in
1364 4103 1562 4141 mense
1598 4083 1765 4139 Madii
1808 4086 1965 4138 sexta
2006 4083 2150 4136 hora

540 4180 653 4235 diei
682 4181 764 4236 sol
797 4180 1131 4234 obscuratus
1169 4180 1272 4244 est,
1324 4179 1382 4230 et
1429 4176 1612 4230 factus
1648 4176 1732 4228 est
1759 4171 2002 4244 eclipsis.
2037 4171 2149 4224 Hac

542 4269 790 4342 denique
817 4269 1157 4339 tempestate
1184 4265 1533 4322 Theodosius
1565 4263 1835 4337 patricius
1874 4262 2151 4316 Constan-

542 4357 786 4428 tinopoli
811 4356 883 4410 ad
901 4355 1207 4410 Veneciam
1232 4355 1490 4421 veniens,
1515 4353 1792 4424 spatharii
1817 4351 2054 4406 honoris
2076 4350 2160 4404 in-

2249 3310 2380 3348 rum
2411 3294 2537 3348 loca
2565 3293 2973 3365 expugnanda,
3015 3292 3427 3366 Caprulensem
3459 3282 3804 3344 tantummodo

2251 3385 2503 3436 castrum
2534 3381 3015 3453 depredaverunt.

2324 3473 2550 3525 Interea
2563 3469 2877 3525 Ludovicus
2888 3470 3246 3525 Francorum
3263 3485 3362 3524 rex
3376 3463 3663 3524 Beneventi
3684 3459 3806 3535 prin-

2251 3559 2505 3629 cipatum
2539 3559 2712 3614 adivit
2738 3561 2855 3628 (an.
2887 3560 3034 3630 848),
3067 3562 3125 3613 et
3171 3561 3342 3632 capto
3388 3547 3804 3619 Abomasale(61)

2253 3646 2511 3714 inimico,
2543 3664 2674 3702 cum
2700 3647 2812 3702 suis
2840 3648 3086 3702 Romam
3131 3663 3426 3719 regressus
3460 3647 3542 3700 est
3567 3650 3628 3708 οι,
3658 3637 3806 3709 sicque

2253 3737 2326 3790 ab
2355 3735 2666 3808 apostolico
2684 3739 2992 3790 coronatus
3023 3739 3082 3791 et
3107 3739 3314 3790 unctus
3339 3737 3421 3790 est
3445 3731 3503 3787 in
3528 3744 3703 3802 regem
3720 3730 3806 3791 (αηο

2253 3826 2379 3892 850,
2411 3824 2550 3896 Apr.
2586 3824 2870 3895 6).Fertur
2900 3841 3132 3896 quoque
3157 3826 3298 3877 tunc
3330 3819 3708 3894 Ragusiensem
3752 3810 3810 3865 ci-

2253 3912 2489 3967 vitatem
2514 3912 2688 3967 maris
2708 3915 2765 3967 et
2783 3911 2938 3967 venti
2960 3912 3180 3982 impetu
3196 3911 3451 3966 maxima
3467 3926 3530 3964 ex
3548 3908 3690 3981 parte
3706 3898 3810 3955 ceci-

2254 4001 2422 4055 disse.
2449 4003 2646 4055 Denuo
2676 4001 2956 4055 Anchona
2977 4000 3170 4055 civitas
3186 4009 3232 4042 ω
3251 3999 3320 4055 iis
3343 3989 3807 4065 diebusdepredata

2253 4093 2360 4145 est.
2395 4090 2670 4144 Venerius
2691 4089 2926 4161 quidem
2947 4080 3690 4161 Gradensispatriarcha,qui
3706 4092 3813 4149 ρου-

2254 4177 2525 4233 tiﬁcalem
2552 4178 2886 4233 cathedram
2927 4177 3093 4232 annis
3118 4180 3347 4232 rexerat
3383 4177 3450 4232 24
3492 4177 3546 4229 et
3574 4165 3812 4236 meusibu?

2259 4271 2410 4334 octo,
2444 4270 2705 4321 mortuus
2737 4271 2822 4321 est
2862 4271 2920 4320 et
2955 4265 3146 4321 Victor
3179 4265 3505 4338 patriarcha
3546 4256 3706 4315 extitit
3729 4245 3808 4338 sibi

2265 4327 2576 4403 successor.
2610 4347 2751 4402 lllud
2777 4346 2953 4401 etiam
2979 4363 3096 4401 non
3127 4327 3674 4418 pretermittendum,
3698 4327 3814 4405 quod

545 4423 880 4499 vestituram
905 4446 1071 4498 Petro
1089 4444 1333 4498 contulit
1362 4443 1513 4513 duci,
1541 4423 1885 4513 integroque
1914 4457 2066 4495 anno
2085 4439 2165 4502 ibi
2195 4512 2202 4513 ί
2267 4437 2541 4492 antedicti
2569 4437 2738 4491 duces
2759 4435 2831 4490 ad
2862 4452 2964 4490 sua
2983 4436 3198 4490 tuenda
3218 4436 3345 4490 loca
3365 4451 3430 4489 eo
3455 4438 3689 4502 tempore
3708 4423 3814 4513 duas

546 4536 942 4587 commoratus
966 4535 1070 4599 est,
1105 4550 1171 4587 ex
1199 4531 1564 4604 imperatoris
1596 4533 1756 4602 parte
1783 4529 2034 4584 eundem
2061 4529 2163 4583 du-
2191 4512 2244 4572 Ῑ)
2269 4525 2565 4580 bellicosas
2593 4541 2764 4579 naves
2795 4525 2937 4579 tales
2965 4522 3620 4594 perﬁcere~studuerunt,
3666 4508 3816 4602 quatit?-s

548 4637 673 4676 cem
687 4620 1014 4692 efﬂagitans
1028 4623 1090 4673 ut
1104 4618 1530 4691 expeditionem
1549 4619 1893 4674 Sarracenos
1907 4617 1978 4672 ad
1992 4634 2165 4689 expu-

551 4709 816 4780 gnandos
835 4707 943 4763 sibi
963 4708 1294 4764 adtribuere
1311 4721 1428 4761 non
1452 4710 1768 4775 recusaret;
1809 4706 1961 4779 quod
1983 4705 2166 4760 liben-

2271 4630 2572 4685 nunquam
2595 4613 2747 4684 apud
2765 4593 3072 4668 Veneciam
3091 4615 3262 4666 antea
3275 4611 3410 4676 fuit;
3431 4624 3550 4682 qua:
3568 4593 3817 4676 grzecalin-

2269 4720 2384 4775 gua
2413 4684 2459 4744 δι
2480 4701 2787 4756 zalandria:
2808 4701 3096 4756 dicuntur.
3119 4700 3188 4755 lis
3211 4699 3410 4756 diebus
3427 4708 3468 4740 σι
3501 4697 3652 4751 Ursus
3672 4684 3815 4743 0ιίγο·

1879 4873 2108 4927 VARLE
2146 4871 2436 4928 LECTION
2444 4870 2546 4926 ES.

627 5036 672 5069 ⁵ο
701 5027 760 5082 h.
795 5024 833 5080 i.
867 5025 1290 5097 suprascriptal.
1369 5031 1414 5064 ⁸⁷
1436 5022 1954 5097 ar.suprascrz}_)t_mn
1987 5024 2037 5074 l.
2115 5028 2161 5062 δε
2192 5019 2752 5097 g.suprqscrzptuml.
2831 5025 2877 5059 ιθ
2908 5015 3386 5097 uorsuppaacrzptg
3418 5015 3464 5066 l.
3537 5005 3812 5097 σοᾷᾁΣ-ξιξξτξυ

553 5101 806 5172 scriptum
840 5101 887 5152 l.
922 5070 1006 5139 ’,σι
1039 5070 1523 5168 voxrsuprascnpta
1555 5070 1621 5148 l.r
1681 5102 1728 5136 σι
1757 5070 1885 5148 add.
1919 5094 1975 5146 in
2007 5070 2226 5162 marg.o
2260 5099 2307 5133 σθ
2322 5070 2381 5146 ‘a
2403 5070 2624 5161 ling‘ua
2662 5070 3032 5161 suprascripta
3055 5070 3127 5143 1⁸.ι
3181 5095 3228 5130 οι
3258 5070 3305 5141 is
3335 5084 3391 5140 d.
3423 5076 3746 5153 suprascripta
3773 5070 3812 5118 ί·

2107 5265 2330 5322 NOTAE.

629 5400 736 5462 (55,
758 5397 963 5450 Ossero
998 5395 1054 5450 in
1087 5395 1270 5450 insula
1302 5393 1512 5449 Cherso
1546 5393 1702 5447 sinus
1733 5391 2028 5446 Flanatici.

633 5468 745 5536 (56)
787 5469 846 5520 In
888 5468 1032 5522 ostio
1066 5467 1223 5521 Padi.

631 5541 748 5610 (57)
874 5542 960 5592 est
988 5542 1158 5593 sinus.

633 5605 954 5690 (58).Sinus
980 5610 1038 5664 in
1089 5627 1201 5681 quo
1241 5609 1438 5664 insulae
1480 5607 1712 5672 Cherso,
1773 5605 1987 5671 Lussin,
2031 5606 2180 5659 Arbe

568 5683 724 5753 Pago
752 5683 968 5752 jacent.

2355 5389 2458 5470 (59)
2499 5387 2752 5460 Sansego
2801 5386 2986 5441 insula
3024 5401 3200 5458 parva
3230 5383 3300 5438 ab
3347 5377 3624 5438 occidente
3662 5363 3819 5423 insula!

2283 5461 2668 5600 LuaSStllllLQuod
2698 5532 2754 5583 ct
2785 5528 3129 5600 Prudentius
3158 5526 3214 5600 in
3245 5527 3391 5600 A‘nn.
3426 5520 3662 5600 testatur.

2361 5573 2480 5674 (611)
2509 5573 2907 5674 :lmelmassaf,
2935 5599 3169 5674 Μίιδδαν,
3189 5599 3243 5674 in
3264 5597 3467 5674 Chron.
3491 5573 3817 5645 Casinensi,&b

2296 5669 2526 5730 Andrea
2558 5673 2721 5744 Berg.
2747 5676 2804 5728 et
2835 5672 3241 5743 Erchemperto
3271 5669 3508 5724 vocatur.
