3998 6166
239 350 344 414 905

1531 339 1930 404 CHRONICON
1962 339 2308 406 VENETULI.

3469 341 3576 410 906

241 477 409 538 lensis
432 471 660 533 ecclesia
684 467 1022 546 presul,qui
1044 469 1442 543 pontiﬁcalem
1474 472 1673 528 sedem
1693 471 1861 528 annis
1881 474 1936 536 Α
1962 475 2085 530 tate
2115 473 2412 530 Iohannes
2449 467 2798 531 Gradonicus
2829 486 2959 530 cum
2994 471 3215 533 duobus
3238 474 3408 547 natis,
3448 478 3577 536 Ste-

240 565 576 640 gubernavit
605 567 690 631 32,
741 561 1061 617 hominem
1114 561 1285 616 exivit
1328 571 1396 617 65.
1450 563 1550 617 Cui
1595 562 1863 616 successit

237 659 460 713 Maurus
485 653 797 725 episcopus.
835 651 918 703 Eo
953 665 1093 704 vero
1127 666 1284 704 anno
1317 649 1455 721 (860)
1493 649 1623 704 talis
1651 649 1862 721 glacies

236 745 388 818 apud
427 741 726 798 Veneciam
767 739 987 795 dicitur
1030 737 1204 793 fuisse
1269 741 1404 810 (62),
1450 738 1634 811 qualis
1689 741 1864 794 antea

236 851 338 890 nec
375 837 572 908 postea
598 831 711 886 visa
732 833 838 884 cst.

300 925 524 978 Mortuo
559 936 684 976 vero
716 919 947 974 Victore
980 915 1341 989 patriarcha,
1375 916 1472 990 qui
1504 916 1864 972 Gradensem

233 1011 533 1068 ecclesiam
547 1009 706 1066 annis
723 1001 1156 1080 gubernaverat
1172 1024 1276 1061 sex
1289 1011 1347 1062 et
1360 1005 1656 1061 mensibus
1677 1006 1792 1060 trib
1803 1023 1866 1062 us

232 1107 284 1156 et
310 1101 522 1156 diebus
549 1097 1039 1171 quattuor.Vitalis
1062 1096 1220 1150 hanc
1254 1097 1496 1168 adeptus
1519 1098 1609 1150 est
1631 1095 1861 1150 sedem.

297 1195 476 1245 Anno
497 1189 724 1262 quidem
742 1187 980 1242 Domini
1003 1185 1190 1240 nostri
1210 1187 1346 1240 Jesu
1366 1184 1573 1240 Christi
1602 1184 1869 1240 incarna-

229 1282 557 1336 tione“.....
571 1277 921 1332 ..Lodovicus
937 1275 1470 1345 Longobardorum
1483 1290 1582 1327 rex
1601 1290 1717 1328 una
1730 1290 1867 1328 cum

228 1370 486 1441 conjuge
515 1385 614 1422 sua
632 1367 700 1421 ad
716 1367 907 1420 locum
927 1363 1023 1435 qui
1042 1363 1378 1417 Brundulus
1399 1363 1515 1433 (63)
1529 1367 1765 1418 vocatur
1779 1380 1868 1418 ve-

230 1457 583 1528 niens,apud
597 1452 1061 1510 sanctiMichaelis
1076 1451 1517 1506 monasterium
1531 1450 1602 1504 ab
1621 1455 1868 1522 utroque

229 1549 380 1602 duce
405 1544 719 1600 honorifice
745 1544 1036 1611 susceptus
1065 1539 1296 1594 est.Ubi
1321 1556 1462 1594 cum
1486 1538 1674 1593 triduo
1695 1538 1870 1594 simul

229 1636 637 1700 comanerent,
664 1632 735 1686 ad
760 1628 1078 1686 dilectionis
1099 1645 1211 1684 seu
1246 1628 1406 1700 pacis
1422 1627 1714 1683 vinculum
1741 1645 1868 1684 cor-

231 1722 926 1781 roborandumlohannes
939 1718 1044 1772 dux
1057 1734 1233 1771 suam
1249 1718 1319 1771 de
1336 1733 1509 1772 sacro
1525 1717 1870 1790 baptismate

1967 564 2194 636 pbanus
2224 563 2296 618 de
2327 561 2560 630 Sabulo,
2583 563 2872 619 Iohannes
2898 564 3218 621 Labresella
3235 567 3403 622 occisi
3419 573 3576 624 sunt.

1963 656 2170 708 Petrus
2197 651 2437 724 quidem
2462 652 2872 720 Candianus,et
2902 656 3100 709 Petrus
3129 655 3578 727 Cletensius,Pe-

1963 744 2088 796 trus
2122 739 2503 796 Flahianicus.
2539 741 2872 797 Dominicus
2915 742 3170 798 Faletrus
3199 759 3304 815 per
3339 748 3580 801 Petrum

1966 829 2414 902 Equilegensem
2441 829 2774 902 episc0pum
2797 832 2853 884 et
2878 830 3202 889 Iohannem
3227 833 3583 890 Gradensem

1967 917 2543 984 archidiaconem,et
2568 918 2930 974 Dominicum
2954 922 3270 978 Massonem
3299 923 3580 978 Constan-

1967 1007 2280 1078 tinopolim
2306 1007 2379 1061 ad
2395 1006 2742 1062 exulandum
2767 1008 3033 1066 destinati
3054 1011 3397 1067 sunt.Ceteri
3424 1024 3587 1066 nam-

1970 1096 2169 1168 que,id
2187 1099 2272 1150 est
2293 1096 2657 1168 Sthephanus
2671 1095 2994 1154 Candianus
3012 1115 3144 1155 cum
3163 1099 3438 1156 Johannis
3449 1099 3588 1154 Gra-

1969 1184 2163 1240 donici
2194 1188 2427 1257 nepote,
2454 1201 2552 1240 seu
2583 1201 2787 1240 omnes
2818 1187 3044 1242 sceleris
3075 1188 3318 1260 predicti
3347 1183 3585 1249 conscii,

1969 1274 2179 1346 repulsi
2206 1291 2240 1329 a
2273 1273 2654 1347 patria,exilio
2676 1275 3133 1348 apudFranciam
3166 1270 3586 1342 damnati,red—

1969 1363 2142 1418 eundi
2160 1363 2378 1418 aditum
2394 1380 2716 1435 numquam
2729 1365 3023 1436 repperire
3036 1365 3586 1420 valuerunt.Tamen

1973 1470 2116 1507 unus
2129 1451 2459 1525 illorumqui
2472 1451 3591 1524 apudVeneciamremansit,idestUrsus

1970 1541 2343 1613 Grugnarius,
2367 1558 2401 1596 a
2430 1541 2702 1597 demonio
2735 1546 3120 1615 conquasatus
3147 1537 3594 1614 expiravit.Pre-

1970 1631 2181 1685 libatus
2202 1629 2441 1700 quidem
2475 1631 2650 1685 Ursus
2692 1630 2803 1686 dux
2835 1631 3108 1687 adversus
3138 1632 3602 1699 Dommagoum,

1974 1718 2306 1773 Sclavorum
2337 1718 2818 1790 principem,cum
2837 1721 3027 1776 navali
3051 1719 3456 1790 expedictione
3477 1728 3609 1784 pro-

231 1815 714 1883 sobolemregem
730 1807 1016 1882 promovit
1037 1806 1470 1878 utsusciperet.
1492 1805 1615 1870 Quo
1637 1811 1868 1878 peracto
1894 1802 1944 1861 B
1972 1806 2330 1877 peravit.Sed
2356 1810 2628 1862 cernente
2642 1809 3131 1866 eoVeneticorum
3147 1805 3616 1878 multitudinem,

231 1920 323 1958 rex
365 1918 501 1956 cum
547 1900 792 1971 conjuge
838 1896 1080 1964 Italiam,
1133 1897 1318 1950 duces
1359 1911 1503 1950 vero
1536 1895 1611 1950 ad
1641 1895 1868 1968 pallati-

232 1993 389 2048 cium
425 1999 473 2033 ατ
527 1988 740 2045 reversi
781 1991 934 2043 sunt.
984 1988 1059 2041 Eo
1105 1989 1383 2055 tempore
1439 1985 1872 2040 Normanorum

230 2085 444 2155 gentes
473 2096 604 2134 cum
637 2078 909 2133 trecentis
935 2075 1247 2146 sexaginta
1276 2072 1517 2127 navibus
1545 2074 1873 2129 Constanti-

1973 1895 2227 1966 proibuit
2248 1911 2528 1966 pugnam,
2554 1912 2758 1967 pacem
2783 1898 3348 1968 requisivit.Deinde
3373 1899 3625 1973 acceptis

1977 1982 2273 2038 obsidibus
2294 1984 2414 2039 dux
2443 1985 2516 2039 ad
2543 1985 2840 2040 Venetiam
2871 1987 3451 2058 repedavit.Eodem
3477 1991 3630 2052 vide-

1980 2070 2112 2125 licet
2146 2075 2410 2142 tempore
2461 2074 2790 2130 Deusdedns
2817 2074 3217 2135 Torcellensis
3247 2083 3570 2160 episcopus
3609 2108 3644 2151 a

233 2172 649 2245 nopolitanam
689 2170 895 2223 urbem
943 2166 1104 2255 adire
1147 2162 1275 2255 ausi
1308 2166 1460 2255 sunt.
1497 2163 1708 2255 verum
1740 2163 1877 2236 quia
1979 2160 2205 2255 duobus
2231 2160 2345 2255 suis
2376 2161 2750 2255 servitoribus
2781 2164 2934 2255 apud
2955 2167 3233 2255 attinum
3263 2171 3640 2255 interfectus,

234 2263 400 2318 nulla
435 2259 677 2314 racione
702 2253 1227 2330 inexpugnabilem
1255 2251 1450 2306 ledere
1480 2253 1751 2308 valebant
1779 2270 1874 2307 ur-

229 2353 394 2417 bem,
423 2349 828 2405 suburbanum
858 2345 1088 2401 fortiter
1104 2344 1408 2415 patrantes
1425 2342 1644 2397 bellum
1667 2359 1874 2414 quam-

231 2441 528 2514 plurimos
557 2437 635 2492 ibi
671 2433 935 2490 occidere
966 2450 1084 2488 non
1119 2433 1530 2503 pepercerunt,
1562 2433 1619 2485 et
1639 2430 1718 2486 sic
1744 2447 1874 2502 pre-

1977 2248 2132 2303 diem
2171 2248 2355 2303 ﬁnivit
2387 2250 2854 2316 ultimum.Quod
2883 2253 3172 2312 audiente
3205 2258 3548 2331 dux,unum
3573 2248 3644 2332 ei

1976 2335 2087 2390 illis
2100 2337 2265 2408 juxta
2277 2337 2496 2394 flumen
2516 2339 2673 2411 quod
2686 2339 2814 2395 Silis
2832 2343 3100 2412 vocatur,
3121 2345 3384 2405 alterum
3412 2371 3552 2415 vero
3575 2362 3637 2419 in

1974 2425 2328 2481 Torcellensi
2361 2427 2568 2484 lacuna
2594 2429 2948 2501 suspendere
2976 2433 3634 2504 permisit.Prefuitau-

233 2530 393 2585 dicta
435 2543 586 2599 gens
635 2540 772 2579 cum
825 2521 1124 2593 triumpho
1159 2518 1235 2574 ad
1281 2518 1575 2590 propriam
1616 2536 1878 2591 regressa
1982 2514 2630 2572 temAltinatiecclesize
2655 2518 3313 2591 antedictusepiscopus
3335 2529 3630 2592 annis.....

233 2623 341 2674 est.
399 2619 450 2671 Is
481 2615 666 2670 etiam
715 2613 917 2667 diebus
961 2608 1178 2676 Caroli,
1232 2606 1581 2662 Francorum
1625 2607 1780 2679 regis
1819 2611 1879 2663 et
1980 2603 2233 2659 Ecclesia
2271 2621 2526 2678 namque
2557 2610 2754 2662 sancte
2797 2607 2900 2664 IIei
2931 2607 3257 2663 Genetricis
3288 2614 3346 2664 et
3373 2613 3633 2686 Virginis

237 2703 502 2762 Lotharii
532 2711 582 2745 σε
613 2701 717 2756 filii
752 2702 892 2770 (64),
922 2697 1105 2754 exitus
1134 2695 1416 2750 Lodovico
1459 2696 1875 2768 Longobardo-

235 2812 370 2850 rum
397 2792 526 2863 regi
564 2788 942 2845 denuntiatus
964 2789 1051 2840 est
1075 2785 1194 2857 (an.
1229 2785 1358 2848 863)
1381 2801 1395 2851 ;
1426 2787 1481 2838 et
1501 2783 1683 2838 isdem
1707 2784 1880 2838 Fran-

239 2885 312 2940 cis
340 2877 882 2954 interpellantibus,
916 2875 1048 2930 illuc
1082 2873 1167 2928 ire
1195 2871 1502 2939 festinavit,
1535 2888 1745 2943 eosque
1771 2873 1876 2927 sub

239 2988 340 3027 suo
395 2985 717 3026 mansuros
774 2963 1063 3037 regimine
1115 2958 1440 3032 adquisivit,
1511 2960 1876 3032 duorumque

243 3061 521 3132 deinceps
566 3072 890 3129 regnorum
940 3054 1266 3124 imperator
1307 3049 1540 3104 effectus
1571 3052 1680 3107 est.
1716 3051 1874 3105 Tunc

1981 2693 2195 2760 Mariae,
2232 2709 2360 2765 quae
2389 2697 2673 2751 vetustate
2704 2713 2858 2768 pene
2888 2698 3238 2766 consumpta
3270 2703 3628 2773 manebat,a

1977 2781 2179 2837 Marini
2225 2781 2451 2854 patricii
2498 2783 2630 2838 filiis
2671 2784 3037 2841 consolidata
3077 2786 3182 2837 est.
3215 2784 3330 2838 Hac
3365 2787 3624 2862 denique

1980 2871 2331 2942 tempestate
2361 2870 2600 2928 Michael
2632 2872 2962 2945 imperator
2998 2870 3334 2926 interfectus
3377 2877 3466 2929 est
3497 2877 3616 2948 (an.

1983 2961 2127 3028 867).
2159 2958 2394 3014 Basilius
2411 2975 2548 3015 vero
2563 2969 2612 3003 ’το
2643 2979 2779 3018 cum
2813 2977 2915 3016 suo
2950 2958 3069 3014 filio
3101 2958 3482 3017 Constantino
3511 2964 3623 3020 im-

1981 3051 2278 3120 peratores
2308 3046 2495 3103 effecti
2524 3057 2570 3091 τί
2603 3054 2763 3106 sunt.

241 3168 372 3206 vero
404 3151 612 3205 Mauro
651 3147 974 3202 Olivolense
1002 3141 1274 3215 episcopo
1301 3141 1553 3205 mortuo,
1586 3138 1683 3212 qui
1722 3155 1872 3210 pon-
1905 3151 1954 3211 ο
2052 3138 2100 3191 Is
2127 3135 2326 3192 diebus
2343 3137 2552 3192 Ursoni
2581 3139 2995 3196 Veneticorum
3018 3138 3146 3196 duci
3169 3140 3512 3200 nunciatum
3530 3145 3622 3200 est

242 3241 436 3295 tificali
489 3240 789 3294 honorem
837 3233 986 3289 rexit
1037 3247 1223 3286 annos
1266 3229 1488 3296 decem,
1544 3228 1878 3286 Dominicus

239 3331 552 3401 episcopus
584 3325 691 3380 sibi
727 3337 1020 3378 successor
1058 3319 1266 3374 extitit.

311 3420 554 3472 Interea
584 3429 719 3467 cum
751 3413 944 3466 essent
983 3408 1124 3464 anni
1162 3407 1234 3462 ab
1266 3407 1664 3462 incarnatione
1695 3406 1876 3461 nostri

242 3502 851 3576 Redemptoris........
885 3499 1179 3553 Iohannes
1210 3498 1321 3551 dux
1349 3495 1502 3550 diem
1530 3495 1712 3550 finivit
1743 3513 1874 3568 sup-

241 3610 546 3668 premum,
566 3595 625 3646 et
652 3591 894 3645 ducatus
918 3591 976 3641 in
1007 3603 1109 3641 suo
1130 3585 1395 3657 genitore
1418 3585 1538 3639 solo
1562 3583 1868 3650 remansit;

241 3685 336 3755 qui
365 3699 488 3737 uno
515 3695 674 3735 anno
697 3679 829 3750 post
849 3675 951 3730 filii
973 3674 1146 3730 funus
1164 3674 1303 3728 dum
1326 3671 1588 3743 infsancti
1607 3672 1878 3727 Zacharie

243 3768 610 3827 monasterio
643 3767 800 3821 diem
834 3764 1156 3820 celebraret
1173 3763 1405 3828 festum,
1439 3778 1472 3816 a
1502 3759 1763 3832 pessimis
1779 3760 1880 3815 ho.

243 3861 527 3925 minibus,
563 3855 794 3911 exiente
823 3869 916 3919 eo,
953 3855 1187 3924 peracto
1219 3867 1477 3922 vespero,
1511 3850 1581 3904 de
1615 3849 1874 3917 ecclesia,

243 3949 445 4004 insons
507 3943 824 4000 crudeliter
873 3941 1254 4011 interemptus
1301 3943 1406 3995 est.
1454 3939 1626 4010 Cujus
1671 3954 1876 4008 corpus

244 4041 462 4092 sanctae
498 4032 785 4089 moniales
816 4030 874 4084 in
907 4030 1164 4101 ejusdem
1189 4028 1427 4084 ecclesie
1459 4026 1606 4082 atrio
1633 4026 1876 4097 sepelire

245 4127 508 4181 studiose
544 4123 1022 4194 procuraverunt.
1045 4118 1391 4174 Gubernavit
1421 4119 1616 4171 autem
1642 4117 1878 4172 Veneti-

247 4231 454 4271 corum
477 4211 931 4285 populum.......
957 4223 1243 4262 annorum
1261 4205 1540 4279 spacium.
1559 4204 1780 4260 Deinde
1805 4206 1876 4261 ad

248 4297 816 4372 eundemdignitatis
831 4297 1062 4351 culmen
1082 4295 1877 4367 quemdamvirumUrsonem

248 4391 497 4447 nomine
529 4388 922 4444 sublimarunt
955 4386 1062 4454 (an.
1088 4385 1230 4453 864).
1263 4383 1511 4439 Nomina
1539 4399 1748 4456 nempe
1773 4383 1875 4438 ho-

1981 3225 2138 3298 quod
2171 3225 2450 3281 exercitus
2475 3225 2944 3285 Sarracenorum
2964 3228 3128 3301 juxta
3157 3231 3476 3291 Tarantum
3499 3247 3622 3288 ma-

1980 3313 2328 3370 neret.Tunc
2362 3315 2606 3374 navibus
2637 3319 2928 3374 bellicosis
2967 3321 3200 3378 eosdem
3236 3323 3624 3384 dimicaturos

1980 3402 2178 3458 adivit.
2215 3401 2474 3475 Cumque
2510 3405 2617 3463 diu
2650 3406 2808 3462 inter
2837 3423 2957 3462 sese
2983 3415 3028 3450 73
3057 3410 3456 3481 decertantes,
3488 3410 3627 3470 Sar-

1980 3489 2176 3546 raceni
2208 3493 2461 3563 superati
2481 3495 3110 3563 cecidissent,Venetici
3135 3501 3394 3564 victores
3411 3505 3625 3564 reversi

1979 3583 2134 3634 sunt.
2179 3580 2408 3636 Interea
2453 3583 2624 3642 Baris
2665 3584 2858 3640 civitas
2899 3585 3099 3646 domni
3139 3591 3427 3655 Ludovici
3472 3597 3624 3673 regis

1986 3669 2341 3760 Francorum
2375 3673 2433 3724 et
2456 3669 2995 3760 Eongobardorum
3025 3677 3094 3733 ab
3137 3687 3405 3744 exercitu
3453 3669 3620 3760 capta

1982 3759 2069 3811 est
2119 3761 2232 3822 (an.
2280 3758 2404 3824 871,
2444 3757 2613 3815 Febr.
2662 3763 2748 3828 2);
2790 3779 2962 3834 quam
2995 3765 3255 3826 videlicet
3286 3757 3587 3840 civitatem

1981 3843 2262 3898 Bandone
2297 3843 2565 3914 ejusdem
2595 3826 2834 3904 civitatis
2854 3854 3137 3922 gastaldio
3169 3826 3614 3933 agente,Sa;ra:

1981 3949 2262 3987 cenorum
2305 3949 2450 4004 gens
2495 3949 2603 4004 per
2660 3951 2842 3992 annos
2886 3939 3110 3996 circiter
3159 3947 3226 4000 30
3263 3951 3602 4018 tenuerunt,

1977 4020 2298 4093 Trigesimo
2313 4020 2508 4093 primo
2529 4025 2903 4091 anno,divina
2919 4029 3144 4087 favente
3159 4037 3605 4108 gratia,reddita

1981 4113 2068 4165 est
2099 4109 2211 4163 illis
2243 4109 2514 4180 impietas
2553 4127 2726 4182 quam
2766 4113 3101 4174 Christianis
3121 4120 3335 4180 civibus
3353 4129 3491 4187 olim
3511 4135 3600 4192 in-

1984 4197 2448 4270 tulerant.Capta
2470 4201 2554 4251 est
2575 4203 2770 4256 alitem
2799 4208 3003 4280 quarto
3026 4205 3216 4265 Nonas
3240 4212 3575 4280 Februarias

1985 4303 2099 4377 qua
2125 4285 2217 4341 die
2247 4268 2449 4377 sancte
2477 4286 2580 4377 Dei
2603 4268 2908 4346 Genitricis
2925 4293 3172 4366 Virginis
3188 4268 3374 4358 Mariae

1984 4376 2133 4432 catio
2177 4375 2523 4429 celebratur.
2560 4375 2836 4450 Sequenti
2866 4399 3000 4438 vero
3033 4401 3186 4443 anno
3219 4389 3364 4460 (87‘2)
3395 4375 3597 4457 mense

249 4481 606 4536 micidarum
637 4476 737 4550 qui
767 4477 876 4531 hoc
905 4474 1126 4530 facinus
1141 4475 1552 4546 proregerunt,
1585 4473 1691 4527 hec
1711 4476 1873 4528 sunt:
1898 4441 1952 4500 D
1981 4463 2149 4520 Madii
2174 4462 2625 4519 itemSarraceni
2648 4467 3018 4528 Cretainsula
3033 4441 3594 4556 egredientes,q:1;:

246 4571 546 4626 Johannes
567 4565 927 4621 Gradonicus
950 4580 1080 4618 cum
1105 4564 1357 4635 quodam
1377 4578 1478 4617 suo
1504 4564 1736 4633 nepote,
1773 4563 1874 4616 Pe-

252 4661 373 4712 trus
393 4655 682 4727 Stephani
705 4651 986 4709 Candiani
1005 4651 1172 4718 filius,
1192 4651 1519 4722 Stephanus
1544 4649 1614 4704 de
1639 4648 1873 4716 Sabulo,

251 4745 594 4802 Dominicus
643 4741 849 4796 Faletri
890 4740 1057 4808 filius,
1119 4740 1288 4793 Ursus
1337 4739 1709 4808 Grngnarius,
1761 4737 1874 4791 duo

251 4837 464 4891 fratres
503 4832 760 4887 Salbiani
793 4830 918 4895 ﬁlii,
951 4833 1007 4882 et
1047 4828 1212 4882 multi
1251 4829 1372 4894 alii,
1404 4826 1646 4882 nomina
1672 4843 1876 4879 eorum

255 4919 796 4994 ignoramus°9.Sed
829 4918 1020 4972 divina
1042 4917 1358 4971 clemencia
1388 4915 1487 4970 diu
1519 4914 1701 4969 noluit
1732 4913 1878 4967 inul-

254 5017 378 5066 tum
403 5011 514 5065 hoc
545 5007 977 5081 pretermittere
1000 5006 1270 5060 scelus.ln
1296 5003 1476 5059 sancti
1495 5001 1633 5058 Sixti
1658 5000 1880 5057 festivi-

1984 4551 2555 4648 dp-mDa-lmaciarum
2577 4555 2753 4648 urbes
2759 4557 3091 4633 depopulati
3104 4551 3592 4648 sunt,pariterque

1983 4642 2162 4695 etiam
2197 4639 2562 4696 Braciensem
2596 4643 2854 4714 ejusdem
2881 4650 3189 4718 provincia:
3216 4663 3262 4697 τ’
3286 4639 3596 4720 urbem-in-

1980 4729 2448 4794 vaserunt.Quod
2477 4747 2606 4785 cum
2628 4733 2846 4790 domno
2871 4737 3010 4793 Urso
3033 4741 3158 4796 duci
3180 4744 3592 4810 denunciatum

1984 4820 2152 4883 foret,
2210 4834 2444 4888 parvam
2505 4822 2823 4878 naviculam
2871 4842 3001 4882 cum
3039 4833 3103 4886 14
3149 4832 3484 4892 hominibus
3521 4844 3593 4898 ad

1985 4909 2210 4963 Istriam
2244 4925 2422 4980 usque
2467 4909 2756 4967 destinare
2795 4915 2898 4969 sub
2941 4917 3317 4980 festinacione
3355 4930 3592 4997 studuit,

1959 5000 2269 5070 quatenus
2283 4997 2584 5054 Sarraceni
2609 5017 2683 5056 ne
2704 5001 3160 5066 forteVeneciam
3177 5016 3372 5084 petere
3385 5020 3595 5076 vellent

1597 5099 1834 5156 VARUE
1884 5094 2284 5153 LECTIONES.

327 5198 374 5231 ⁸⁸
403 5192 456 5242 in
486 5204 638 5258 marg

259 5262 532 5325 lacunam,
574 5253 631 5312 ut
650 5258 914 5329 pallidius
945 5261 1309 5310 atramentum
1349 5254 1696 5308 demonstrat.
1774 5259 1818 5292 07
1853 5253 1872 5302 ἱ
1899 5267 1926 5305 ε

261 5350 289 5375 ρ
343 5333 376 5375 i,
413 5332 782 5375 nmrmrm’nta
817 5333 865 5375 1-
1008 5335 1056 5368 ἰο
1082 5344 1183 5375 vox
1210 5328 1572 5375 sunrascrz’nta
1599 5328 1648 5375 1.
1763 5331 1807 5365 ’τι
1839 5322 1920 5375 ita

1763 5331 1807 5365 τι
1839 5331 1920 5378 tta

261 5350 309 5385 c.
342 5333 378 5386 i.
412 5328 782 5402 suprascripta
817 5333 865 5383 1.
1008 5335 1056 5368 ⁷ο
1082 5344 1183 5402 vox
1210 5328 1572 5396 suprascripta
1599 5328 1648 5378 1.

263 5401 516 5476 scriptum
553 5406 602 5458 1.
637 5409 683 5443 73
711 5417 762 5454 e.
791 5418 849 5472 p.
873 5401 1238 5470 suprascripta
1275 5402 1322 5454 1.

650 5231 660 5242 .
696 5187 974 5269 recentiori
990 5199 1166 5269 ‘wanu
1199 5183 1439 5269 adjecta:
1467 5181 1620 5269 Obiit
1651 5199 1684 5269 a
1709 5177 2059 5269 VII-[0,1,4uji‘
2267 5193 2324 5269 (ἐξ
2359 5178 2529 5269 ἀίξῃ.
2558 5181 2598 5236 I.
2636 5180 2736 5237 Ch.
2769 5183 3074 5269 ab.ui..gpost
3104 5193 3353 5264 inscripta
3381 5201 3505 5251 sunt
3534 5199 3591 5254 in

1935 5250 2247 5374 .gialatium
2279 5256 2345 5330 δὴ.
2419 5250 2542 5321 ejus
2569 5271 2732 5322 supra
2762 5250 3038 5326 scribitur,
3073 5250 3370 5332 perperam.
3445 5250 3494 5309 θέ

2000 5348 2016 5388 ;
2046 5319 2334 5374 Interfecti
2359 5321 2442 5377 ed.
2473 5329 2521 5376 et
2549 5325 2699 5381 codd.
2733 5325 2832 5388 (7).
2946 5337 2992 5371 ἠ
3038 5349 3097 5386 se
3135 5333 3361 5388 alterum
3397 5353 3585 5388 sinam.

2046 5319 2334 5374 interfecti
2359 5319 2521 5377 edﬁet
2549 5319 2699 5381 codd.
2733 5325 2832 5398 (7).
2946 5337 2992 5371 ἠ
3026 5319 3097 5386 'sé
3135 5319 3361 5393 alterum
3397 5319 3585 5410 supra;

1818 5462 2044 5520 ΝΟΤίΕ.

339 5545 448 5618 (62)
479 5546 541 5599 V.
573 5542 798 5599 Rudolfi
821 5541 1096 5608 Annales,
1131 5557 1184 5596 a.
1218 5542 1344 5596 860.

354 5627 460 5697 (63)
485 5624 797 5682 Brondolo.

698 5724 958 5780 Pnaoc.
989 5719 1244 5778 CXXXIX.

2052 5533 2170 5605 (64)
2199 5533 2514 5594 Provinciae
2545 5537 2717 5611 regis.

3298 5728 3364 5786 29
