3998 6166
296 368 414 427 909

1609 356 1963 419 CRONICON
1996 357 2342 422 VENETUM.

3543 361 3651 429 910

284 497 540 568 pellante
572 490 734 549 soluti
789 490 949 546 sunt.
1003 485 1171 544 Circa
1216 486 1342 545 haec
1386 488 1657 562 tempora
1694 488 1930 546 Carolus
1955 493 2010 555 Α
2032 492 2283 547 electum
2305 491 2509 548 contra
2531 490 2888 549 voluntatem
2905 490 3566 568 consecravit,quoniam
3586 495 3649 552 in

288 587 642 640 Francorum
663 599 775 648 rex,
799 596 984 653 quem
1003 577 1228 633 dudum
1248 579 1542 634 Iohannes
1559 595 1709 652 papa
1721 595 1922 652 regem

282 674 464 728 Italia:
485 675 719 727 unxerat
748 670 860 741 (an.
897 671 1032 734 877,
1070 666 1270 737 Sept.),
1307 669 1549 740 Papiam
1582 668 1920 738 adveniens,

281 777 541 833 regnum
569 760 792 827 invasit;
827 758 903 813 ad
923 772 1105 830 quem
1124 771 1278 830 papa
1301 757 1798 828 profectus,digno
1818 757 1920 814 ho-

279 868 430 908 nore
460 853 744 922 susceptus
756 851 858 904 est.
877 849 1088 904 Petrus
1100 862 1236 901 vero
1259 848 1589 920 patriarcha
1613 848 1918 904 Boloniam

278 940 546 1005 veniens,
578 937 927 1011 aliquamdiu
959 935 1040 991 ibi
1074 939 1500 1004 commoratus,
1544 952 1741 993 rursus
1776 939 1915 993 Par-

274 1046 446 1085 mam
474 1029 632 1094 adiit,
664 1045 725 1082 ac
755 1027 968 1082 deinde
1003 1025 1204 1080 domni
1243 1042 1413 1096 papae
1441 1042 1645 1080 amore
1673 1027 1920 1098 Papiam

272 1119 469 1193 petiit.
520 1118 615 1172 His
650 1117 847 1172 diebus
879 1115 1314 1170 Carlemannus
1348 1116 1761 1171 Baiovarorum
1794 1133 1920 1186 rex,

272 1225 502 1280 magno
550 1223 677 1262 cum
728 1205 981 1259 exercitu
1028 1204 1330 1274 ingressus
1368 1203 1618 1270 Italiam,
1647 1203 1922 1260 Carolum

271 1297 390 1352 eii'u
399 1295 574 1369 gavit.
593 1295 692 1359 Qui
708 1292 974 1349 videlicet
988 1292 1227 1347 Carolus
1247 1292 1555 1346 Franciam
1576 1309 1708 1347 cum
1723 1297 1925 1366 petere

270 1389 471 1451 vellet,
494 1385 826 1439 infirmitate
858 1384 1144 1448 detentus,
1168 1381 1235 1436 in
1263 1382 1356 1436 via
1380 1385 1652 1437 mortuus
1671 1387 1756 1437 est
1777 1383 1922 1454 (Oct.

270 1479 344 1546 6‘).
407 1477 664 1531 Domnus
705 1472 940 1544 quidem
1004 1486 1151 1542 papa
1211 1471 1478 1526 Romam
1532 1487 1788 1526 reversus
1819 1477 1926 1541 est,

2026 598 2144 637 suae
2168 581 2464 637 electionis
2482 581 2572 638 die
2591 586 2956 639 sacramento
2975 601 3008 639 a
3029 583 3287 656 principe
3303 586 3651 641 constrictus

2025 674 2132 738 est,
2158 673 2219 725 ut
2240 672 2472 743 qualem
2498 670 2617 743 ipse
2638 672 2718 727 illi
2740 673 2989 728 electum
3014 673 3307 745 dirigeret,
3339 675 3516 730 talem
3551 675 3648 730 ille

2023 763 2408 814 consecraret.
2433 760 2582 815 Dixit
2611 763 2807 817 tamen
2828 761 2934 817 sibi
2969 763 3323 833 patriarcha:
3385 763 3463 818 Ve
3522 763 3646 828 tibi,

2023 849 2151 920 quia
2184 856 2372 904 temere
2400 849 2470 903 ad
2497 850 2638 904 hunc
2681 850 2887 906 accedis
2925 851 3210 907 honorem!
3235 851 3330 906 An
3357 852 3527 908 nescis
3552 851 3651 906 ubi

2017 937 2251 993 dicitur:
2311 936 2381 993 Si
2431 939 2548 1010 quis
2597 946 2762 995 semet
2809 941 2993 1011 ipsum
3049 939 3356 1007 absciderit,
3415 940 3643 1011 deficia-

2021 1015 2116 1080 tur
2147 1045 2178 1080 a
2211 1026 2401 1082 clero?
2445 1027 2522 1082 Et
2551 1034 2609 1081 ut
2650 1035 2826 1084 coacte
2865 1046 2948 1083 me
2979 1029 3075 1085 hoc
3113 1028 3295 1101 facere
3333 1028 3539 1094 credas,
3593 1027 3652 1079 in

2023 1115 2111 1171 die
2128 1115 2334 1185 judicii
2370 1132 2479 1188 pro
2535 1117 2631 1171 hoc
2678 1117 2894 1183 honore,
2943 1119 3050 1172 nisi
3078 1119 3344 1189 peniteas,
3381 1118 3652 1173 rationem

2028 1205 2236 1272 reddas,
2268 1205 2396 1278 quia
2421 1204 2528 1261 tibi
2553 1206 2655 1277 ipsi
2671 1205 2956 1261 verendam
2989 1213 3266 1278 amputare
3315 1207 3536 1262 minime
3559 1215 3652 1272 pe-

2020 1296 2262 1366 percisti.

2105 1382 2264 1438 Circa
2293 1383 2414 1438 haec
2440 1385 2706 1456 tempora
2737 1383 2951 1439 mensis
2988 1382 3155 1440 Madii
3187 1383 3280 1439 die
3307 1385 3378 1438 22
3415 1370 3651 1446 sanguis

2031 1471 2102 1526 de
2136 1472 2364 1527 nubilus
2391 1473 2557 1543 pluit.
2589 1472 2746 1528 Tunc
2773 1474 3068 1530 Iohannes
3097 1470 3437 1529 Olivolensis
3466 1461 3652 1520 eccle-

268 1567 521 1620 Petrum
553 1579 682 1616 vero
711 1560 1099 1615 Patriarcham
1141 1559 1347 1630 Papiae
1388 1557 1654 1630 reliquit.
1711 1559 1821 1624 Qui
1850 1560 1928 1631 ibi
2029 1558 2126 1614 sine
2148 1562 2338 1631 presul
2360 1562 2522 1630 obiit,
2555 1562 2652 1635 qui
2674 1563 2996 1634 predictam
3031 1561 3334 1620 ecclesiam
3359 1554 3524 1613 annis
3547 1565 3654 1622 gu-

267 1651 594 1726 aliquantis
609 1651 801 1706 diebus
818 1646 1306 1713 manens,dehinc
1319 1647 1649 1703 Tarvisium
1662 1649 1924 1722 veniens,

2029 1650 2391 1705 bernaverat.
2429 1693 2443 1705 .
2477 1691 2490 1706 .
2527 1692 2540 1705 .
2569 1693 2584 1708 .
2617 1668 2792 1723 quem
2830 1653 3174 1709 Laurentius
3228 1649 3536 1722 presbyter
3584 1641 3661 1697 ad

268 1760 300 1797 a
329 1741 624 1796 Landono
653 1739 825 1811 ipsius
855 1735 1094 1792 civitatis
1133 1735 1421 1808 epiSCOpo
1464 1735 1803 1808 dignissima
1827 1755 1925 1794 ve-
2024 1738 2176 1793 hanc
2207 1739 2404 1795 sedem
2430 1740 2750 1812 regendam
2782 1745 3008 1797 secutus
3037 1746 3146 1798 est.
3174 1740 3270 1795 His
3297 1738 3505 1795 diebus
3535 1731 3663 1806 qui-

265 1829 591 1888 neracione
621 1829 914 1898 susceptus
969 1829 1070 1880 est.
1121 1823 1239 1879 Ubi
1294 1841 1454 1891 cum,
1511 1826 1716 1899 legatis
1769 1826 1923 1882 inter
1949 1829 1998 1887 B
2025 1827 2159 1881 dam
2192 1827 2423 1884 Sclavus
2461 1829 2700 1884 nomine
2754 1831 3084 1902 Brenamir,
3117 1829 3435 1886 interfecto
3467 1823 3672 1883 Sedes-

263 1920 466 1991 ipsum
501 1925 558 1973 et
599 1916 926 1988 predictum
966 1915 1176 1969 ducem
1203 1912 1504 1980 euntibus,
1537 1915 1778 1971 tandem
1811 1932 1919 1987 pax

263 2008 522 2081 pristina
553 2004 912 2062 consolidata
932 2006 1096 2070 esset,
1122 2001 1322 2056 isdem
1354 2004 1626 2074 egregius
1658 2005 1917 2076 pontifex

263 2097 584 2154 Veneciam
600 2093 915 2165 repedavit,
931 2096 986 2147 et
1001 2092 1145 2147 duce
1167 2091 1588 2162 interpellante
1608 2094 1917 2166 aliquantis

264 2186 476 2241 diebus
499 2185 558 2240 in
581 2183 802 2256 palacio
827 2181 1069 2249 mansit;
1099 2197 1171 2235 ea
1193 2195 1334 2234 vero
1355 2179 1603 2248 ratione,
1637 2187 1699 2237 ut
1718 2184 1919 2239 Domi-

263 2275 432 2330 nicus
463 2273 790 2346 presbyter,
818 2268 1202 2326 Torcellensis
1237 2268 1494 2323 ecclesiae
1527 2271 1759 2339 electus,
1809 2289 1915 2344 pro

261 2380 385 2436 quo
416 2364 574 2418 inter
606 2378 704 2416 eos
726 2359 1012 2415 discordia
1035 2360 1254 2424 fuerat,
1285 2356 1486 2412 diebus
1507 2359 1658 2415 Petri
1679 2361 1920 2431 patriar-

260 2454 392 2508 cha
418 2451 739 2524 episcopali
769 2448 1216 2505 consecratione
1253 2450 1494 2514 careret,
1549 2448 1609 2502 in
1640 2449 1912 2522 episcopii

259 2546 468 2597 tamen
503 2541 686 2596 domo
720 2555 968 2593 manens
999 2535 1240 2591 fruendi
1269 2535 1438 2589 rebus
1465 2535 1638 2608 ipsius
1660 2539 1912 2596 ecclesia:

261 2630 576 2686 licenciam
594 2628 858 2683 haberet.
877 2625 983 2690 Qui
1002 2628 1136 2697 post
1152 2639 1368 2696 paucos
1381 2624 1500 2679 dies
1513 2643 1644 2680 cum
1659 2628 1910 2699 gratiam

261 2719 422 2793 apud
440 2717 788 2774 condictum
807 2713 1149 2788 pontificem
1168 2711 1511 2784 repperiret,
1537 2731 1670 2769 eum
1694 2715 1753 2770 in
1777 2717 1912 2773 Tor-

260 2807 501 2863 cellensi
529 2805 777 2860 ecclesia
811 2803 886 2858 ad
916 2801 1250 2857 convivium
1285 2799 1560 2856 invitavit.
1591 2804 1808 2860 Deinde
1838 2807 1912 2861 ad

259 2896 630 2952 Gradensem
665 2893 872 2948 urbem
905 2889 1240 2964 patriarcha
1258 2905 1537 2956 reversus,
1553 2893 1667 2946 tres
1698 2894 1910 2949 electos

262 2985 572 3060 episcopos
588 2980 974 3048 consecravit,
990 2979 1049 3034 id
1064 2981 1150 3033 est
1160 2978 1485 3032 Iohannem
1501 2979 1880 3038 Olivolensem
1892 3030 1906 3055 ,

263 3078 317 3130 et
341 3076 611 3130 Leonem
632 3073 1185 3135 Mctamaucensem,
1219 3071 1277 3122 et
1303 3067 1628 3124 Iohannem
1653 3070 1909 3126 Civitatis

2021 1932 2157 1970 cavo
2201 1915 2377 1988 ipsius
2427 1917 2700 1973 ducatum
2745 1919 3069 1991 usurpavit.
3117 1919 3391 1976 Domnus
3434 1916 3677 1993 quidem

2020 2005 2192 2059 Ursus
2224 2005 2338 2061 dux
2368 2007 2725 2080 efﬂagitante
2757 2005 2960 2064 Basilio
3019 2008 3406 2084 imperatore
3431 2027 3508 2069 eo
3540 2015 3684 2074 tem.

2017 2110 2158 2185 pore
2191 2097 2255 2150 12
2303 2110 2618 2185 campanae
2657 2096 3246 2172 Constantinopolim
3290 2105 3495 2177 misit,
3548 2127 3688 2185 quas

2017 2182 2338 2254 imperator
2366 2183 2426 2238 in
2456 2185 2693 2240 ecclesia
2722 2203 2795 2240 no
2827 2185 2938 2240 iter
2957 2187 3040 2243 ab
3079 2206 3152 2246 eo
3177 2199 3530 2256 constructa
3558 2182 3687 2278 pos-

2018 2272 2150 2339 suit,
2184 2274 2242 2327 et
2275 2289 2342 2327 ex
2372 2274 2636 2346 tempore
2658 2274 2754 2330 illo
2781 2274 2940 2330 Greci
2972 2292 3311 2352 campanas
3337 2272 3576 2348 habere
3594 2311 3687 2352 ce-

2019 2365 2250 2434 perunt.

2085 2452 2306 2507 Mortuo
2353 2469 2486 2509 vero
2555 2455 2662 2510 hac
2713 2457 3065 2530 tempestate
3117 2455 3238 2529 (an.
3291 2460 3388 2530 88)
3438 2465 3671 2529 domno

2013 2539 2154 2594 Urso
2183 2539 2348 2609 duce,
2383 2542 2634 2614 dignitas
2665 2545 2724 2600 in
2754 2545 3023 2602 Iohanne
3056 2562 3162 2600 suo
3187 2545 3309 2600 filio
3341 2557 3665 2613 remansit.

2012 2627 2140 2683 Fuit
2187 2633 2382 2684 autem
2425 2632 2715 2704 predictus
2759 2635 2932 2690 Ursus
2988 2635 3192 2687 multae
3242 2635 3549 2704 sapientiae
3599 2649 3664 2698 et.

2012 2716 2243 2790 pietatis
2271 2718 2356 2772 vir
2409 2723 2753 2793 amatorque
2785 2723 2964 2796 pacis.
2999 2723 3126 2792 ipse
3172 2723 3312 2792 aput
3344 2723 3657 2787 Civitatem

2013 2822 2224 2860 novam
2244 2806 2604 2864 Eraclianam
2627 2811 2920 2882 palacium
2944 2812 3282 2864 construere
3302 2808 3459 2866 fecit.
3477 2812 3654 2869 Tem-

2011 2894 2246 2966 poribus
2279 2897 2437 2966 cujus
2493 2897 2553 2952 in
2599 2899 2864 2956 Rivoalto
2911 2899 3090 2954 etiam
3124 2896 3361 2970 paludes
3389 2899 3652 2957 cultandi

2008 2983 2277 3038 homines
2300 2985 2600 3042 licenciam
2633 2989 2973 3044 habuerunt
2999 2989 3055 3041 et
3081 2985 3285 3040 domos
3334 2987 3652 3046 edificandi

2010 3077 2214 3127 contra
2235 3073 2545 3130 orientem.
2566 3078 2763 3133 Insula
2781 3093 3038 3150 namque
3053 3092 3164 3149 que
3185 3075 3651 3135 Borsumdurum

264 3181 409 3220 nove
439 3165 654 3219 Petrus
685 3177 822 3215 vero
847 3157 1182 3232 patriarcha
1229 3159 1358 3228 post
1388 3172 1632 3228 paucum
1675 3163 1907 3233 tempus
1937 3174 1984 3230 α
2008 3163 2265 3228 vocatur,
2300 3164 2638 3221 consulente
2666 3165 2768 3221 illo
2801 3164 3127 3238 composita
3166 3165 3376 3225 fuerat.
3426 3165 3651 3223 Guber-

259 3253 330 3309 ad
355 3262 398 3296 ιι
424 3253 766 3307 llivoaltum
786 3248 1120 3314 adveniens,
1142 3246 1201 3300 in
1224 3246 1404 3301 sancti
1429 3247 1638 3303 Iuliani
1671 3249 1907 3306 basilica

259 3342 543 3412 ospitatus
564 3341 682 3403 est;
716 3338 816 3410 qui
842 3353 960 3391 non
996 3336 1095 3390 diu
1144 3335 1402 3407 corporis
1432 3337 1766 3406 sospitatem
1799 3355 1904 3410 ge-

259 3447 409 3498 rens,
444 3426 721 3484 molestia
752 3428 1066 3498 preventus
1093 3424 1152 3478 in
1176 3425 1380 3478 eadem
1406 3425 1663 3492 ecclesia,
1701 3432 1902 3484 sancta

258 3521 376 3591 ejus
408 3519 620 3574 anima
647 3515 920 3588 migravit
949 3514 1022 3568 ad
1042 3513 1311 3585 gloriam.
1331 3514 1679 3570 Gubernavit
1703 3522 1898 3574 autem

255 3609 622 3663 Gradensem
655 3604 961 3660 ecclesiam
994 3601 1161 3658 annis
1212 3606 1488 3674 quattuor
1513 3607 1570 3658 et
1601 3605 1897 3663 mensibus

259 3715 368 3752 sex.
399 3697 530 3752 Fuit
557 3699 757 3750 autem
789 3696 1010 3748 statura
1045 3691 1256 3746 decens
1287 3696 1346 3747 et
1370 3695 1603 3763 aspectu
1633 3695 1891 3764 pulcher,

259 3804 371 3842 non
405 3788 539 3858 plus
557 3783 744 3840 aetatis
762 3799 939 3855 quam
958 3781 1344 3853 quadraginta
1373 3798 1662 3836 annorum
1682 3784 1888 3844 extitit.

258 3877 430 3948 Cujus
461 3890 679 3944 corpus
709 3871 965 3927 maximo
998 3886 1130 3925 cum
1166 3871 1390 3925 honore
1436 3871 1690 3925 Venetici
1738 3873 1811 3928 ad
1841 3882 1889 3921 82

253 3965 615 4021 Gradensem
631 3962 835 4017 urbem
851 3961 1244 4031 deportantes,
1265 3963 1398 4015 ante
1423 3969 1636 4017 sancta:
1660 3961 1887 4033 Euphe-

255 4054 384 4109 mia:
416 4051 724 4108 ecclesiam
753 4050 814 4104 in
844 4048 990 4104 atrio
1021 4049 1415 4120 sepellierunt.

323 4145 463 4198 Post
493 4142 651 4196 hunc
673 4155 808 4194 vero
834 4138 906 4192 ad
931 4137 1285 4192 Gradensem
1313 4139 1759 4210 gubernandam
1795 4158 1887 4197 ec-

254 4231 490 4286 clesiam
521 4230 752 4318 Victor,
770 4227 1074 4318 presbiter
1113 4227 1294 4318 sancti
1325 4227 1595 4318 silvestri
1622 4229 1881 4318 basilice,
1904 4259 1959 4318 D

255 4319 550 4375 successit.
599 4317 692 4371 Ris
725 4317 925 4371 diebus
952 4315 1334 4382 Sedesclavus,
1374 4315 1634 4370 Tibimiri
1659 4334 1723 4371 ex
1746 4333 1876 4388 pro-

255 4410 449 4481 genie,
485 4406 778 4478 imperiali
809 4406 985 4460 fultus
1014 4403 1279 4475 praesidio
1313 4405 1881 4478 Constantinopolim

256 4500 516 4564 veniens,
552 4497 864 4551 Scavorum
914 4503 960 4536 ⁸³
1016 4494 1287 4549 ducatum
1319 4495 1583 4566 arripuit,
1617 4497 1879 4569 filiosque

261 4587 547 4658 Domogoi
585 4585 752 4640 exilio
769 4584 954 4640 trusit.
973 4584 1051 4639 Eo
1065 4583 1603 4655 videlicettempore
1627 4585 1880 4641 domnus

259 4676 434 4730 Ursus
475 4675 587 4730 dux
619 4673 689 4728 ab
725 4671 1122 4745 imperialibus
1164 4672 1542 4727 internunciis
1578 4677 1878 4746 protospa-

256 4764 482 4820 tharius
531 4763 733 4818 eii'ectu
788 4762 975 4826 denis,
1049 4760 1419 4831 amplissimis
1504 4761 1718 4815 ditatus
1773 4767 1876 4829 est,

257 4870 542 4925 suamque
575 4851 753 4906 ﬁliam
779 4851 1017 4906 nomine
1055 4849 1322 4905 Feliciam
1346 4850 1880 4918 Rodoaldo,Iohan-

259 4944 346 4998 nis
371 4942 533 4998 ducis
557 4941 808 4996 Boloniae
837 4941 980 5007 ﬁlio,
1012 4940 1070 4994 in
1117 4940 1452 5011 conjugium
1500 4939 1758 5006 tradidit,
1781 4941 1876 4994 Io-

261 5032 459 5087 hanna
488 5030 772 5103 siquidem
810 5030 1117 5098 abbatissa,
1161 5029 1364 5084 domui
1396 5028 1519 5084 Ursi
1549 5029 1708 5083 ducis
1739 5029 1878 5096 ﬁlia,

262 5121 445 5176 sancti
475 5119 757 5175 Zachariae
791 5117 1212 5174 monasterium
1251 5119 1377 5190 jam
1409 5135 1574 5190 paene
1607 5134 1878 5172 consum-

267 5215 428 5283 ptum
441 5213 718 5265 vetustate
735 5227 768 5264 a
784 5208 1178 5263 fundamentis
1196 5225 1457 5262 recreare
1481 5206 1881 5262 studuit.’l‘unc

267 5299 453 5354 Victor
499 5300 708 5354 electus
737 5297 1065 5369 patriarcha
1095 5299 1126 5351 8
1157 5297 1282 5353 Kal.
1316 5296 1480 5351 Febr.
1513 5299 1882 5351 consecratus

268 5394 349 5444 est
372 5389 520 5460 (Jan.
551 5391 669 5459 25);
699 5387 796 5461 qui
825 5386 1000 5442 etiam
1054 5386 1424 5442 Dominicum
1453 5386 1880 5442 Torcellensem

2007 3249 2165 3306 navit
2190 3253 2385 3306 autem
2409 3253 2746 3324 predictum
2783 3256 3070 3310 honorem
3102 3257 3267 3313 annis
3291 3261 3381 3330 l7,
3405 3260 3468 3316 et
3488 3271 3653 3312 mor-

2006 3344 2135 3394 tuus
2161 3343 2244 3394 est
2265 3357 2330 3396 ac
2361 3343 2622 3414 sepultus
2647 3346 2708 3400 in
2733 3343 2916 3400 sancti
2948 3344 3232 3404 Zachariw
3257 3345 3650 3410 monasterio.

2001 3430 2294 3485 Iohannes
2336 3447 2469 3487 vero
2523 3433 2643 3492 dux
2692 3435 3128 3492 Cumaclensem
3178 3441 3540 3500 comitatum
3579 3455 3648 3498 ex

2001 3517 2249 3608 Romani
2272 3520 2560 3589 pontificis
2581 3523 2858 3597 largitate
2901 3523 3204 3597 adquirere
3241 3535 3518 3608 cupiens,
3541 3531 3647 3590 Ba-

2001 3607 2304 3662 dovarium
2325 3626 2492 3664 suum
2529 3613 2782 3670 fratrem
2810 3615 3050 3670 Romam
3080 3617 3285 3676 direxit
3305 3607 3336 3678 :7
3365 3623 3470 3699 qui
3503 3625 3642 3685 dum

1999 3697 2337 3752 Ravennam
2369 3699 2582 3769 adiret,
2626 3703 2872 3759 Marinus
2920 3697 3404 3770 Cumaclensium
3445 3731 3639 3779 comes

1996 3800 2169 3854 super
2185 3800 2320 3839 eum
2340 3786 2490 3841 viros
2523 3793 2784 3844 armatos
2805 3791 2979 3855 misit,
3010 3798 3068 3848 et
3092 3794 3169 3850 ibi
3201 3800 3542 3864 vulneratus
3571 3812 3630 3870 in

1994 3889 2162 3927 crure
2191 3877 2388 3944 captus
2418 3879 2523 3930 est.
2551 3877 2712 3932 Tunc
2749 3879 3037 3948 predictus
3082 3899 3301 3953 comes,
3355 3907 3432 3947 ne
3472 3896 3626 3958 hanc

1992 3960 2270 4032 injuriam
2323 3962 2669 4034 requireret,
2717 3974 3076 4025 sacramento
3113 3989 3246 4028 eum
3277 3983 3622 4047 constrinxit

1993 4057 2166 4124 atque
2193 4050 2429 4107 dimisit.
2454 4053 2568 4108 Sed
2593 4071 2852 4111 reversus
2883 4057 2957 4112 ad
2987 4067 3030 4100 ει
3060 4060 3388 4134 Veneciam,
3420 4074 3616 4134 statim

1991 4142 2169 4196 vitam
2189 4140 2399 4196 finivit.
2423 4144 2669 4213 Propter
2684 4161 2860 4217 quam
2883 4163 3114 4204 causam
3133 4151 3381 4211 domnus
3402 4159 3616 4220 Iohan-

1990 4247 2094 4284 nes
2113 4230 2223 4284 dux
2249 4230 2434 4284 navali
2469 4231 2718 4287 exercitu
2742 4233 3177 4294 Cumaclensem
3199 4246 3450 4302 castrum
3473 4267 3610 4322 pro-

1988 4335 2222 4390 perans,
2250 4318 2628 4392 ejusdemque
2646 4324 2926 4394 populum
2943 4318 3608 4398 atquisivit,etordinatis

1989 4408 2066 4463 ibi
2118 4407 2437 4461 secundum
2468 4424 2634 4462 suum
2676 4411 2820 4466 velle
2855 4413 3166 4484 judicibus,
3217 4420 3289 4474 ad
3318 4423 3605 4494 palacium

1987 4495 2222 4560 reddiit,
2256 4499 2314 4550 et
2341 4499 2528 4550 morte
2555 4497 2747 4553 fratris
2778 4500 3103 4559 ulciscenda
3122 4507 3483 4568 Ravennates
3501 4514 3602 4570 de-

1986 4583 2217 4656 predari
2234 4585 2422 4654 jussit.
2448 4586 2609 4640 Circa
2625 4587 2745 4642 haec
2767 4592 3036 4663 tempora
3053 4611 3250 4651 mense
3271 4598 3418 4654 Iulio
3440 4606 3604 4663 stella

1987 4674 2058 4728 de
2088 4672 2310 4727 oriente
2349 4673 2406 4728 in
2443 4677 2684 4730 modum
2732 4678 2917 4757 facule
2947 4681 3066 4737 visa
3092 4688 3176 4738 est
3207 4690 3602 4763 pertransisse,

1985 4779 2097 4833 que
2125 4764 2313 4851 totum
2345 4779 2493 4835 pene
2550 4765 2833 4822 mundum
2885 4769 3248 4829 illuminavit.
3279 4777 3412 4831 Post
3438 4781 3600 4851 cujus

1985 4849 2294 4905 transitum
2325 4852 2507 4907 visum
2539 4858 2622 4907 est
2647 4855 2977 4912 hominibus
3026 4859 3084 4915 in
3128 4864 3334 4920 caelum
3379 4849 3602 4927 audisse

1983 4941 2041 4994 in
2060 4939 2299 4994 modum
2315 4941 2566 4996 sonitum
2575 4947 2875 5015 portarum
2890 4952 3366 5021 cumaperiuntur
3379 4959 3600 5015 etclau-

1985 5029 2224 5095 duntur,
2255 5031 2312 5083 et
2342 5034 2650 5104 propterea
2666 5033 2936 5091 dicebant
2954 5041 3107 5110 quod
3124 5043 3312 5098 celum
3330 5051 3597 5118 apertum

1983 5121 2130 5172 esset
2159 5120 2217 5171 et
2257 5120 2536 5176 clausum.
2566 5123 2723 5178 'l‘unc
2768 5124 2960 5182 Victor
3007 5130 3335 5200 patriarcha
3387 5152 3452 5189 ex
3491 5137 3599 5192 hac

1983 5208 2106 5262 luce
2133 5205 2418 5278 migravit,
2453 5211 2549 5283 qui
2581 5213 2931 5271 Gradensem
2968 5219 3388 5291 gubernaverat
3411 5226 3591 5280 eccle-

1984 5295 2128 5350 siam
2149 5297 2314 5352 annis
2343 5302 2429 5367 l8,
2445 5302 2810 5376 sepultusque
2835 5309 2920 5361 est
2942 5306 2999 5361 in
3023 5308 3168 5363 atrio
3198 5313 3410 5366 sanctae
3428 5312 3595 5369 Eufe-

1982 5384 2136 5440 miaz.
2171 5385 2355 5450 Quem
2386 5391 2653 5446 successit
2680 5393 2976 5467 Georgius,
3031 5395 3209 5454 frater
3255 5398 3449 5472 ipsius,
3496 5404 3593 5476 qui

1586 5510 1820 5567 VARle
1874 5510 2165 5567 LECTION
2174 5511 2272 5570 ES.

353 5643 393 5679 δι
425 5635 497 5692 ad
528 5637 958 5709 suprascriptum
993 5639 1043 5694 l.

1123 5642 1170 5680 ⁸³
1198 5634 1272 5692 ad
1307 5633 1728 5708 suprascriptum
1763 5636 1812 5692 l.
1890 5640 1937 5678 εδ
1963 5633 2072 5706 leqe
2101 5632 2452 5704 Sclavorum,

2537 5645 2582 5683 δι
2648 5637 2721 5695 ad
2748 5643 3165 5716 suprascriptum
3197 5647 3250 5701 ί.
