3910 6174
390 414 397 421 ,
459 374 556 435 9H
1656 366 1989 430 JOHANNIS
2022 366 2307 428 DlACONl
2332 367 2578 429 VENE’I‘I
3586 380 3671 439 ΜΞ

456 516 577 557 non
605 498 730 573 plus
758 512 933 571 quam
963 509 1115 551 anno
1144 508 1258 549 uno
1288 492 1347 549 et
1376 490 1669 550 mensibus
1712 496 1744 549 6
1774 496 1833 549 et
1863 493 2064 550 diebus
2084 495 2141 558 Α
2170 494 2429 567 quamvis
2457 492 2925 564 adhucinfirmis,
2958 494 3286 569 deprecante
3308 496 3491 568 populo
3512 497 3572 553 ad
3594 515 3674 571 pa-

457 594 518 646 21
556 588 709 645 vixit.
740 587 898 641 llunc
928 582 1124 639 Vitatis
1142 582 1342 654 junior
1359 583 1432 638 ad
1458 584 1777 655 regendam
1801 584 2069 639 successit
2167 584 2369 641 latium
2396 585 2588 640 rediit.

458 678 776 736 ecclesiam.
794 677 1054 730 Domnus
1069 672 1352 745 siquidem
1365 673 1657 727 Iohannes
1672 672 2068 744 dux,corporis
2243 674 2380 744 (An.
2410 674 2562 747 888.)
2599 674 2713 731 Sed
2736 674 2957 731 diucius
2972 677 3121 731 stare
3133 675 3338 742 nolens,
3353 675 3682 749 licentiampo-

454 765 792 824 infirmitate
820 764 1106 829 detentus,
1153 764 1388 817 Petrum
1426 761 1740 817 minimum
1760 778 1928 817 suum
1951 763 2067 818 fra-
2170 763 2303 835 pulo
2337 762 2495 818 dedit
2536 767 2599 818 ut
2619 763 2993 820 constitueret
3018 762 3121 820 sibi
3150 764 3339 819 ducem
3360 781 3509 836 quem
3534 767 3683 823 vellet.

453 861 627 923 trem,
661 854 874 927 populo
897 852 1281 917 adclamente,
1319 867 1706 906 successorem
1737 850 1844 905 sibi
1872 850 2066 922 elegit.
2165 851 2320 906 Tunc
2347 868 2551 907 omnes
2568 852 2783 925 pariter
2798 855 3099 925 elegerunt
3127 852 3228 908 sibi
3248 854 3458 908 Petrum
3483 854 3684 909 nobilem

456 947 642 1013 Quem
670 948 870 1018 postea
889 958 1021 997 cum
1052 940 1397 1008 convaleret,
1429 940 1643 996 habere
1674 957 1807 995 eum
1833 957 2068 996 consor-
2167 940 2375 1010 virum,
2402 941 2584 997 filium
2608 941 2891 997 Dominici
2908 941 3119 997 tribuni
3139 959 3152 1009 ;
3170 941 3263 1014 qui
3281 941 3516 997 videlicet
3532 944 3688 1000 Petrus

391 1109 397 1114 _
454 1040 576 1093 tem
605 1033 804 1091 voluit.
836 1033 961 1104 Ipse
995 1045 1127 1084 vero
1159 1036 1205 1069 ⁸⁵
1235 1028 1577 1084 infirmitate
1602 1032 1920 1101 correptus,
1950 1046 2068 1085 non
2170 1033 2338 1084 natus
2365 1030 2555 1086 fuerat
2583 1031 2654 1086 de
2672 1032 2915 1103 Aguella
2943 1031 3138 1103 neptia
3156 1030 3302 1086 Petri
3327 1031 3592 1102 superioris
3616 1032 3690 1087 du-

456 1125 555 1182 diu
576 1140 708 1180 cum
756 1122 934 1177 fratre
962 1134 1205 1173 manens
1234 1117 1530 1189 expiravit,
1561 1119 1931 1190 sepultusque
1963 1117 2071 1173 fuit
2168 1118 2267 1187 cis,
2292 1136 2465 1192 quem
2518 1120 2592 1175 ad
2634 1121 3053 1176 monasterium
3097 1120 3329 1175 diximus
3369 1119 3690 1179 interfectum.

447 1216 612 1287 juxta
628 1211 952 1287 predictum
975 1206 1356 1263 Badovarium
1375 1207 1927 1280 fratremsuum,qui
1950 1225 2069 1263 non
2168 1208 2387 1264 Mortuo
2409 1209 2602 1282 itaque
2622 1209 2747 1282 ipso
2778 1214 3039 1282 tempore
3071 1209 3247 1264 Vitale
3275 1208 3582 1281 patriarcha,
3620 1211 3693 1282 qui

454 1305 583 1377 plus
604 1316 892 1358 annorum
913 1313 1088 1371 quam
1112 1300 1178 1351 25
1201 1296 1409 1355 fuerat.
1428 1297 1688 1351 Domnus
1711 1313 1846 1351 vero
1862 1297 2071 1352 Johan-
2169 1298 2467 1353 ecclesiam
2488 1297 2842 1354 Gradensem
2858 1299 3273 1369 gubernaverat
3290 1297 3442 1352 annis
3460 1300 3488 1353 3
3506 1301 3555 1352 et
3568 1314 3694 1354 men-

452 1411 560 1450 nes
589 1391 702 1447 dux
738 1390 1071 1446 sanctorum
1105 1385 1355 1442 Cornelii
1384 1388 1442 1441 et
1488 1386 1740 1457 Cipriani
1769 1386 2069 1442 ecclesiam
2168 1388 2321 1443 sibus
2351 1389 2380 1443 3
2419 1387 2732 1459 diebusque
2765 1390 2852 1458 14,
2882 1387 3147 1443 successit
3173 1386 3273 1441 sibi
3304 1385 3595 1442 Dominicus
3618 1403 3697 1457 pa-

461 1479 913 1539 afundamentis
934 1478 993 1533 in
1019 1478 1145 1533 loco
1164 1475 1262 1548 qui
1287 1475 1464 1531 Vinea
1494 1479 1698 1531 contra
1732 1476 2070 1533 nominatur
2169 1478 2439 1534 triarcha.
2472 1479 2730 1533 Domnus
2756 1492 2888 1532 vero
2935 1476 3224 1532 Johannes
3268 1476 3373 1531 dux
3408 1492 3604 1530 rursum
3642 1476 3694 1530 ad

462 1571 753 1629 edifficare
782 1568 939 1624 fecit.
968 1566 1125 1622 Tunc
1144 1565 1457 1638 imperator
1468 1565 1701 1621 Basilius
1714 1566 1791 1622 mi
1798 1566 2067 1638 gravitlab
2169 1567 2409 1623 domum
2424 1566 2718 1639 propriam
2734 1564 3165 1638 reddiit,ibique
3177 1581 3349 1637 usque
3360 1564 3427 1620 ad
3438 1563 3549 1619 vita:
3560 1563 3695 1619 finem

462 1662 570 1717 hac
598 1661 725 1715 luce
756 1658 866 1730 (an.
900 1657 1047 1726 886).
2168 1657 2399 1713 mansit.

526 1746 1139 1806 PrelibatusJohannes
1152 1744 1264 1799 dux
1278 1745 1524 1800 alterum
1537 1760 1885 1816 germanum
1900 1760 2066 1800 suum
2239 1747 2465 1802 Interea
2495 1745 2603 1818 (an.
2634 1744 2759 1817 899)
2789 1746 3117 1818 Ungrorum
3161 1761 3381 1819 pagana
3407 1747 3459 1798 et
3484 1739 3699 1797 crudelis-

463 1842 672 1897 Ursum
693 1836 955 1905 nomine,
975 1834 1080 1890 sibi
1105 1837 1434 1890 consortem
1460 1833 1614 1889 fecit.
1644 1833 1940 1905 Siquidem
1965 1834 2067 1889 do-
2088 1831 2139 1889 B
2168 1835 2314 1891 sima
2333 1851 2476 1907 gens
2496 1835 2717 1890 Italiam
2749 1835 3001 1906 veniens,
3024 1834 3304 1890 incendiis
3325 1838 3379 1888 et
3398 1830 3584 1904 rapinis
3594 1845 3697 1883 cun-

463 1948 638 1987 mnus
653 1929 824 1985 Ursus
848 1926 959 1982 dux
985 1924 1125 1980 dum
1156 1926 1429 1995 quattuor
1441 1924 1681 1979 haberet
1707 1924 1874 1992 filios,
1902 1924 1961 1979 id
1984 1927 2071 1980 est
2168 1927 2259 1980 cta
2288 1924 2609 1993 devastans,
2659 1924 3087 1997 maximamque
3122 1923 3533 1979 multitudinem
3555 1917 3701 1974 homi-

460 2021 812 2081 Iohannem,
838 2012 1240 2081 Badovarium,
1269 2013 1477 2068 Ursum
1505 2014 1653 2068 etPe
1665 2016 1840 2081 trum,
1865 2030 2071 2069 omnes
2171 2030 2312 2069 num
2351 2013 2740 2081 interfeciens,
2772 2015 3080 2069 nonnullos
3110 2013 3288 2069 etiam
3315 2010 3547 2083 captivos
3568 2024 3711 2064 reser-

462 2111 700 2167 ducatus
731 2104 1014 2177 dignitate
1039 2106 1251 2174 praeter
1282 2102 1661 2157 Badovarium
1715 2104 2065 2159 claruerunt.
2168 2101 2337 2158 vavit.
2362 2102 2576 2158 Contra
2604 2118 2750 2174 quos
2780 2102 3160 2175 Berengarius
3188 2117 3289 2157 rex
3315 2099 3506 2156 direxit
3542 2096 3707 2154 exerci-

460 2199 681 2255 Eodem
710 2211 843 2251 vero
872 2197 1135 2263 tempore
1162 2206 1326 2263 aqua:
1352 2189 1547 2245 diluvii
1573 2191 1630 2245 in
1657 2190 1867 2246 finibus
1887 2193 2068 2247 Vene-
2170 2194 2296 2247 tum
2331 2195 2393 2248 15
2426 2192 2587 2247 milia
2614 2192 2944 2249 hominum.
2978 2190 3093 2247 Sed
3140 2189 3303 2263 pauci
3359 2206 3423 2244 ex
3449 2188 3521 2243 eis
3544 2184 3708 2242 reversi

458 2289 675 2345 tiarum
710 2285 961 2350 fuerant,
993 2280 1054 2336 in
1079 2283 1310 2335 tantum
1346 2282 1407 2334 ut
1436 2295 1639 2335 omnes
1665 2280 1928 2336 ecclesias
1957 2281 2070 2336 sive
2171 2287 2323 2340 sunt.
2351 2282 2530 2356 Ungri
2562 2298 2694 2337 vero
2748 2283 3219 2353 pertranseuntes
3245 2275 3557 2339 Tarvisium,
3579 2277 3708 2330 Pata-

460 2378 667 2434 domos
692 2371 1086 2446 penetrarent.
1116 2368 1335 2424 Deinde
1352 2384 1485 2424 cum
1505 2369 1755 2425 domnus
1781 2370 2072 2427 Johannes
2171 2374 2349 2441 vium,
2371 2371 2639 2439 Brixiam,
2655 2373 2988 2441 ceterosque
3015 2369 3183 2436 fines,
3215 2367 3443 2440 Papiam
3471 2369 3523 2421 et
3546 2361 3707 2420 Medio-

460 2468 574 2547 dux
590 2463 777 2520 adhuc
797 2458 1140 2547 infirmitate
1160 2456 1646 2547 detentus,frater
1664 2458 1784 2547 ejus
1801 2458 2074 2515 ducatum
2171 2464 2369 2519 Ianum
2399 2461 2682 2517 venerunt
2707 2462 2765 2514 et
2795 2475 2973 2531 usque
3002 2458 3077 2513 ad
3114 2460 3375 2513 montem
3400 2455 3496 2512 Job
3520 2454 3620 2525 (7t)
3638 2450 3713 2507 de-

457 2542 793 2619 rennueret,
823 2546 1079 2603 Venetici
1111 2545 1319 2601 ducem
1365 2544 1471 2601 sibi
1527 2546 1951 2603 constituerunt
1976 2550 2077 2604 Pe-
2175 2552 2519 2625 populantes
2540 2551 2765 2605 cuncta.
2793 2547 2990 2604 Sedad
3005 2546 3280 2603 Venecias
3295 2542 3600 2616 introgressi
3615 2557 3713 2596 cum

457 2648 616 2701 trum
643 2638 926 2704 videlicet,
945 2637 1337 2709 cognomento
1370 2634 1756 2705 Candianum,
1790 2637 1944 2694 infra
1972 2639 2075 2695 do-
2176 2640 2354 2713 inquis
2384 2639 2573 2712 adque
2593 2637 2832 2710 pelliciis
2871 2644 2918 2679 8°
2949 2634 3194 2692 navibus
3233 2635 3365 2707 (72),
3410 2633 3581 2706 primo
3607 2626 3715 2685 Civi-

456 2727 885 2803 mumipsiusﬁ
899 2725 991 2782 die
1005 2723 1814 2797 meusisAprilis(887).Quem
1829 2726 2079 2782 domnus
2180 2733 2358 2785 tatem
2392 2744 2624 2795 novam,
2655 2726 2914 2798 fugiente
2936 2726 3177 2798 papulo,
3205 2724 3339 2796 igne
3376 2734 3715 2779 concremave-

453 2821 745 2878 Johannes
779 2818 893 2874 dux
934 2816 1252 2870 clementer
1290 2813 1365 2868 ad
1422 2812 1703 2885 palatium
1732 2830 2077 2893 convocans,
2178 2822 2334 2874 runt.
2360 2818 2579 2874 Deinde
2601 2816 2887 2889 Equilum,
2910 2814 3135 2887 Finem,
3170 2813 3406 2880 Cloiam,
3437 2811 3718 2883 Caputarge-

452 2912 680 2984 spatam
718 2908 823 2978 (70)
852 2905 1181 2976 fustemque
1229 2919 1296 2958 ac
1349 2903 1550 2958 sellam
1598 2903 1651 2960 ei
1701 2905 2074 2973 contradidit,
2177 2909 2294 2964 lem
2321 2907 2724 2974 incenderunt,
2756 2905 3039 2976 litoraque
3085 2902 3239 2959 mari
3275 2897 3717 2975 depopulaverunt.

453 3013 705 3071 eumque
736 2995 844 3052 sibi
874 3008 1263 3051 successorem
1320 2994 1678 3048 constituens
1726 2994 1799 3049 ad
1832 2994 2073 3050 domum
2175 2998 2386 3054 Verum
2418 2997 2593 3053 etiam
2617 2998 2968 3068 temptantes
2999 2993 3324 3048 Rivoaltum
3370 2992 3425 3046 et
3463 2990 3715 3045 Metamau-

451 3104 617 3144 suam
650 3101 909 3142 reversus
938 3086 1045 3139 est.
2173 3103 2304 3143 cum
2335 3086 2560 3159 ingredi
2590 3102 2694 3158 per
2723 3087 2849 3141 loca
2886 3100 2997 3157 que
3046 3084 3275 3140 Albiola
3297 3082 3556 3137 vocantur
3580 3076 3627 3131 in
3648 3072 3716 3127 die

525 3176 800 3247 Suscepto
826 3173 1020 3246 itaque
1051 3172 1260 3227 ducatu
1291 3172 1492 3226 Petrus
1542 3171 1655 3227 dux
1685 3187 1819 3227 cum
1851 3171 2070 3229 domno
2108 3162 2150 3226 C
2169 3175 2492 3248 passionnis
2518 3178 2851 3231 sanctorum
2879 3173 3279 3246 apostolorum
3312 3169 3457 3227 Petri
3483 3170 3535 3223 et
3578 3160 3718 3227 Pauli,

449 3266 713 3323 Iohanne
729 3264 872 3319 duce
891 3262 1127 3334 ejusque
1140 3275 1422 3333 germano
1436 3259 1569 3315 satis
1581 3260 1897 3317 honorifice
1912 3262 2066 3333 egit;
2168 3269 2306 3321 tunc
2336 3265 2586 3321 domnus
2616 3266 2815 3319 Petrus
2847 3263 2959 3319 dux
2990 3262 3181 3318 navali
3210 3260 3476 3327 exercitu,
3506 3256 3593 3315 Dei
3617 3270 3720 3327 pro-

451 3359 511 3411 et
534 3358 738 3411 contra
766 3353 1157 3407 Narrentanos
1178 3348 1385 3404 Scavos
1415 3349 1722 3405 confestim
1747 3353 2066 3408 exercitum
2169 3358 2349 3410 tectus
2378 3353 2611 3416 auxilio,
2651 3352 2938 3424 predictos
2970 3351 3200 3421 Ungros
3238 3350 3298 3405 in
3344 3351 3532 3421 fugam
3571 3341 3717 3398 vertit-

452 3443 629 3500 misit.
664 3440 772 3506 Qui
801 3455 937 3495 eum
965 3438 1089 3493 sine
1119 3437 1326 3493 efl‘ectu
1345 3453 1604 3492 reversus
1623 3442 1944 3507 esset,tunc
1965 3457 2069 3512 per
2169 3444 2296 3500 Fuit
2320 3460 2573 3515 namque
2603 3443 2727 3498 haec
2757 3440 3076 3514 persecutio
3124 3440 3185 3495 in
3234 3439 3393 3495 Italia
3439 3440 3493 3492 et
3533 3429 3721 3488 Venetia

452 3535 639 3589 semet
662 3530 851 3601 ipsum
893 3543 1030 3582 cum
1079 3529 1144 3581 l2
1186 3526 1425 3581 navibus
1479 3543 1678 3582 mense
1706 3530 1962 3601 Augusto
2006 3530 2066 3585 in
2168 3550 2323 3591 anno
2354 3548 2492 3588 uno.
2527 3533 2642 3586 Rex
2672 3530 2846 3602 igitur
2872 3528 3280 3601 Berengarius,
3309 3526 3452 3583 datis
3482 3520 3719 3581 obsidibus

453 3636 617 3677 mare
644 3616 930 3673 hostiliter
958 3617 1047 3671 est
1078 3630 1362 3687 egressus,
1390 3617 1449 3669 et
1478 3615 1549 3670 ad
1574 3619 1837 3672 montem
1869 3618 1997 3673 Scav

2176 3641 2234 3681 ac
2265 3622 2452 3692 donis,
2481 3620 2770 3693 predictos
2795 3620 3020 3691 Ungros
3049 3618 3122 3673 de
3173 3619 3338 3676 Italia
3357 3614 3604 3671 recedere
3620 3606 3720 3665 fecit

451 3725 584 3767 rum
610 3704 970 3781 perveniens,
997 3703 1056 3759 in
1086 3703 1212 3760 loco
1244 3701 1343 3777 qui
1395 3705 1630 3759 vocatur
1676 3705 1921 3762 Mucules
1971 3724 2065 3763 ex-
2166 3728 2293 3767 cum
2325 3710 2486 3767 omni
2516 3709 2695 3782 preda
2723 3723 2900 3781 quam
2927 3710 3228 3778 ceperanl.
3262 3707 3373 3782 Hac
3394 3703 3590 3760 scilicet
3614 3702 3721 3753 tem-

451 3798 570 3868 ivit,
600 3779 736 3853 licet
764 3811 898 3851 cum
928 3792 1143 3866 paucis.
1179 3792 1291 3849 Sed
1317 3791 1547 3849 Sclavos
1577 3792 1683 3849 sibi
1712 3796 2065 3864 resistentes,
2168 3802 2387 3873 pestate
2417 3779 2758 3855 Dominicus
2776 3796 3106 3870 patriarcha
3154 3779 3422 3867 migravit
3463 3810 3495 3848 a
3540 3786 3720 3850 saeculo,

449 3887 707 3962 primum
727 3884 1000 3957 infugam
1014 3881 1552 3954 vertit,multosque
1569 3898 1635 3939 ex
1652 3882 1763 3940 illis
1779 3884 2064 3953 occidens,
2167 3889 2468 3946 ecclesiam
2497 3887 2848 3944 Gradensem
2877 3890 3106 3943 rexerat
3129 3885 3304 3942 annis
3331 3890 3361 3940 7
3406 3886 3463 3939 et
3489 3874 3724 3935 mensibus

450 3975 708 4051 quinque
737 3989 912 4029 naves
928 3971 1160 4027 illorum
1177 3986 1289 4044 que
1319 3969 1397 4025 ibi
1425 3975 1612 4040 erant,
1636 3973 1928 4030 securibus
1952 3974 2065 4031 fre-
2171 3982 2255 4034 11.
2290 3978 2462 4049 Cujus
2492 3975 2836 4032 Laurencius
2889 3990 3182 4031 successor
3232 3971 3438 4030 extitit.
3487 3968 3627 4026 Circa
3648 3963 3726 4051 hec

451 4048 557 4139 git.
581 4048 695 4120 Sed
725 4063 964 4119 demum
997 4059 1347 4115 irruentibus
1376 4059 1587 4128 Scavis,
1639 4060 1860 4117 ibidem
1885 4062 2064 4119 inter-
2167 4083 2301 4122 vero
2332 4048 2599 4138 tempora
2619 4065 2869 4120 domnus
2924 4065 3125 4119 Petrus
3174 4064 3288 4120 dux
3344 4078 3455 4117 una
3493 4072 3607 4113 cum
3641 4048 3726 4106 suis

449 4156 632 4211 fectus
678 4155 765 4208 est
786 4168 920 4208 cum
946 4149 1070 4206 aliis
1093 4151 1316 4220 septem
1348 4165 1548 4206 mense
1577 4148 1937 4222 Septembris
1974 4152 2066 4208 die
2164 4156 2455 4212 civitatem
2486 4158 2627 4227 aput
2654 4155 2976 4210 Rivoaltum
3004 4153 3277 4210 cdificare
3300 4152 3453 4223 cepit
3481 4148 3580 4217 (73)
3608 4154 3725 4199 anno

450 4248 650 4301 octavo
684 4241 933 4307 decimo,
955 4238 1132 4295 ceteri
1154 4255 1289 4294 vero
1322 4238 1639 4296 incolomes
1667 4240 1880 4296 reversi
1907 4245 2062 4300 sunt.
2164 4246 2250 4301 sui
2281 4246 2521 4301 ducatus
2549 4249 2602 4313 9,
2625 4246 2818 4317 sicque
2852 4245 2962 4300 Leo
2984 4245 3317 4316 imperator
3336 4227 3724 4314 protospatharii

449 4332 657 4388 Tenuit
689 4334 883 4386 autem
916 4330 1188 4384 ducatum
1219 4329 1373 4383 idem
1404 4330 1604 4384 Petrus
1639 4330 1749 4386 dux
1762 4337 2061 4388 mensesﬁ.
2163 4335 2447 4391 honorem
2464 4334 2569 4389 sibi
2586 4333 2853 4405 injunxit.
2874 4333 3134 4389 Predicte
3154 4348 3296 4389 vero
3316 4328 3546 4387 civitatis
3571 4332 3729 4380 murus

453 4421 582 4477 Fuit
606 4424 800 4475 autem
824 4418 908 4473 vir
934 4417 1232 4473 bellicosus
1252 4421 1309 4472 et
1340 4418 1545 4482 audax,
1572 4419 1801 4491 sapiens
1828 4423 1886 4475 et
1907 4437 2065 4477 amo—
2166 4441 2201 4479 a
2228 4423 2412 4496 capite
2444 4423 2610 4479 rivuli
2639 4423 2711 4478 de
2744 4423 2975 4478 castello
3009 4439 3189 4494 usque
3221 4422 3296 4477 ad
3327 4417 3605 4478 ecclesiam
3627 4424 3726 4465 san-

456 4511 597 4567 dum
626 4510 847 4579 largus;
871 4505 1170 4562 ecclesiam
1184 4522 1318 4561 vero
1339 4505 1396 4561 in
1418 4509 1649 4562 tantum
1667 4509 2063 4579 frequentans,
2090 4500 2141 4558 D
2166 4514 2270 4567 etas
2292 4510 2481 4567 Mariae
2518 4528 2630 4583 que
2678 4510 2746 4566 de
2776 4509 3075 4566 Jubianico
3108 4510 3321 4566 dicitur
3345 4500 3725 4565 extendebatur.

455 4602 521 4655 ut
545 4598 701 4654 nullo
728 4599 993 4667 tempore
1007 4594 1199 4649 divino
1212 4598 1435 4650 careret
1450 4596 1662 4655 officio.
1681 4597 1776 4669 Cuj
1789 4615 1850 4652 us
1862 4614 2068 4670 corpus
2165 4600 2520 4673 Maximaque
2542 4603 2751 4655 catena
2776 4600 2965 4656 ferrea
2986 4599 3127 4654 inibi
3159 4598 3477 4671 composita
3499 4595 3727 4673 eram“?

455 4687 716 4744 Andreas
736 4684 998 4740 tribunus
1023 4684 1275 4738 latenter
1308 4702 1343 4739 a
1370 4684 1580 4741 Sclavis
1605 4687 1896 4741 sublatum
1929 4688 2064 4742 Gra-
2167 4706 2283 4746 uno
2313 4671 2500 4763 capite
2523 4690 2582 4744 in
2604 4690 2722 4745 fine
2752 4689 2993 4762 predicti
3024 4689 3200 4756 muri,
3225 4689 3339 4744 alio
3365 4702 3495 4742 vero
3517 4683 3570 4738 in
3586 4671 3727 4735 sancti

458 4779 697 4834 densem
730 4774 933 4831 urbem
981 4772 1157 4841 misit,
1206 4772 1402 4846 ibique
1433 4776 1686 4847 sepultus
1714 4778 1800 4831 est
1832 4776 1884 4830 in
1920 4777 2065 4832 atrio
2167 4779 2427 4851 Gregorii
2453 4780 2707 4836 ecclesias
2732 4780 3163 4853 margine,quze
3196 4784 3356 4835 trans
3388 4776 3561 4849 ripam
3586 4765 3732 4842 ροείιι

459 4866 730 4923 ecclesias.
757 4864 884 4920 Fuit
907 4865 1104 4918 autem
1152 4865 1369 4918 statura
1412 4864 1735 4933 mediocris,
1775 4882 2063 4922 annorum
2168 4874 2273 4937 est,
2302 4870 2633 4937 coherebat,
2657 4870 2731 4925 ob
2758 4870 2866 4925 hoc
2896 4870 3181 4937 videlicet,
3209 4886 3283 4924 ne
3314 4861 3579 4923 ullanavis
3591 4867 3731 4929 peuc-

459 4954 844 5029 quadragiuta
863 4951 1139 5026 quinque.
1167 4952 1323 5010 Tunc
1355 4953 1605 5011 domnus
1621 4956 1910 5011 .lohannes
1929 4956 2062 5011 dux.
2169 4958 2360 5013 traudi
2381 4958 2716 5015 facultatem
2730 4957 2836 5015 nisi
2853 4959 3127 5015 dissoluta
3142 4963 3351 5015 catena
3364 4952 3602 5012 haberet.
3622 4939 3730 4997 Vilil

1782 5114 2014 5171 VARIJE
2069 5114 2468 5172 LECTIONES.

528 5246 575 5283 8³
603 5253 735 5295 vero
762 5241 1188 5311 suprascriptum
1224 5238 1272 5292 1.
1358 5242 1403 5278 ⁸ο
1425 5236 1501 5291 ita
1538 5238 1593 5304 l;
1627 5233 1845 5292 bellicis
1877 5234 1961 5292 ed.

2008 5383 2232 5442 NOTA‘J.

540 5509 650 5579 (70)
686 5513 750 5567 lu
784 5508 1034 5582 antiquis
1066 5504 1431 5582 nostratibus_
1464 5507 1720 5582 nummis
1769 5507 2081 5582 argenteis,
2257 5510 2366 5580 (71)
2388 5509 2559 5573 Jovis,
2592 5510 2648 5564 S.
2685 5510 2998 5566 Beruhard.

469 5585 640 5655 vulgo
674 5580 877 5656 grossi,
906 5579 1004 5634 seu
1037 5584 1375 5656 matapanes
1401 5579 1512 5656 dux
1542 5580 1778 5656 dextera
1796 5581 2081 5651 vexillum,
2260 5579 2367 5656 (72)
2401 5582 2741 5656 ﬁayibuscx
2770 5582 3024 5656 pellibus
3035 5579 3332 5656 confectis.

474 5585 640 5655 vulgo
674 5582 877 5654 grossi,
906 5598 1004 5634 seu
1037 5584 1375 5650 matapanes
1401 5582 1512 5634 dux
1542 5582 1778 5635 dextera
1796 5582 2081 5651 vexillum,
2279 5586 2347 5636 72
2401 5582 2645 5636 Navibus
2676 5600 2741 5636 ex
2770 5582 3011 5656 pellibus
3041 5582 3332 5636 confectis.

474 5655 703 5711 sinistra
732 5653 942 5708 fustem
973 5652 1144 5723 gerit,
1175 5667 1273 5706 seu
1304 5655 1596 5724 sceptrum
1645 5652 1777 5708 ZAN.
2257 5582 2371 5727 i713;
2408 5652 2800 5711 Primordium
2823 5653 2976 5712 urbis
3006 5649 3387 5711 Venetiarum.
3417 5647 3538 5703 st.
