3910 6174
231 349 326 402 913

1531 347 1880 406 CRONICON
1916 345 2256 406 VENETUM.

3441 356 3544 414 914

228 471 416 522 autem
428 467 552 537 jam
583 466 765 522 dictus
785 468 986 523 Petrus
1015 475 1060 509 ετ
1085 469 1196 523 dux
1220 468 1276 524 in
1297 469 1507 554 ducoatu
1537 470 1705 526 anuis
1738 473 1827 537 23,
1847 477 1901 536 Α
1932 470 2024 541 sit,
2055 488 2088 524 a
2119 470 2324 543 quibus
2343 473 2840 543 protospatharius
2873 475 3263 544 effectus,cum
3281 473 3544 535 maximis

228 561 281 610 et
309 559 575 611 mortuus
606 558 690 610 est
719 554 814 627 (an
877 558 1024 628 912),
1055 559 1424 630 sepultusque
1446 559 1504 613 in
1524 561 1702 615 sancti
1725 563 1830 616 Za-

226 645 435 700 chariae.
468 645 841 712 monasterio,
873 647 942 701 de
990 647 1150 718 cujus
1196 647 1400 702 funere
1441 665 1556 703 non
1601 650 1827 704 modice

225 733 479 790 Venetici
503 734 1228 807 condoluerunt,quoniam
1257 738 1460 807 plenus
1491 739 1650 792 omni
1670 739 1832 793 boni-

227 826 339 878 tate
368 822 690 878 honoriﬁce
739 822 886 877 rexit
916 824 1210 879 ducatum.
1245 825 1427 889 Quem
1466 826 1732 881 successit
1757 827 1831 881 ad

226 914 372 967 hanc
405 912 727 982 regendam
765 912 1110 984 dignitatem
1145 914 1394 969 domnus
1423 916 1594 971 Ursus
1615 933 1830 988 cogno-

228 1007 428 1056 mento
477 1000 842 1069 Particiacus,
887 1001 985 1074 qui
1017 1019 1148 1058 mox
1199 1009 1261 1058 ut
1307 1005 1418 1059 dux
1462 1005 1696 1060 effectus
1726 1009 1830 1073 est,

226 1107 388 1145 suum
416 1090 601 1146 ﬁlium
635 1093 870 1146 Petrum
899 1093 1138 1148 nomine
1172 1093 1730 1166 Constantinopolim
1761 1095 1833 1149 ad

232 1179 487 1234 Leonem
514 1179 927 1252 imperatorem
951 1181 1274 1238 destinavit.
1309 1182 1491 1246 Quem
1519 1183 1836 1255 imperator

226 1285 352 1324 cum
382 1270 611 1324 honore
644 1270 976 1341 suscipiens,
1026 1272 1554 1342 protospatharium
1587 1281 1632 1314 88
1679 1272 1832 1340 fecit,

230 1358 593 1431 ditatumque
626 1359 895 1414 maximis
917 1360 1084 1416 donis
1112 1361 1186 1414 ad
1215 1360 1452 1432 propria
1482 1353 1670 1415 redire
1704 1378 1837 1434 per-

231 1447 403 1503 misit.
443 1448 546 1511 Qui
580 1447 722 1502 dum
755 1449 1138 1504 Chroatorum
1169 1450 1312 1504 ﬁnes
1332 1451 1561 1505 rediens
1591 1451 1836 1506 transire

230 1537 459 1604 vellet,a
484 1536 801 1592 Michahele
823 1537 1154 1593 Sclavorum
1185 1538 1327 1593 duce
1344 1539 1548 1594 fraude
1568 1540 1838 1611 deceptus

233 1626 615 1698 omnibusque
651 1626 820 1682 bonis
851 1627 1125 1698 privatus,
1161 1632 1333 1700 atque
1357 1629 1658 1700 Vulgarico
1690 1629 1836 1700 regi,

233 1715 490 1769 Simeoni
524 1717 780 1784 nomine,
805 1716 954 1770 exilii
983 1733 1132 1789 pena
1155 1718 1520 1773 transmissus
1542 1717 1837 1782 est.Quem

1933 562 2098 617 donis
2125 563 2196 616 ad
2227 561 2536 618 Veneciam
2570 563 2762 618 rediit.
2800 564 2906 629 Qui
2933 581 3066 621 vero
3095 567 3406 638 prelibatus
3433 569 3542 624 dux

1933 655 2063 722 post
2085 652 2394 706 adventum
2431 652 2532 707 ﬁlii
2561 671 2679 708 non
2711 655 2838 725 plus
2870 672 3043 726 quam
3078 656 3329 729 quinque
3362 675 3542 714 anno-

1932 761 2063 797 rum
2095 743 2288 812 spacia
2315 743 2606 809 vivens,ab
2627 745 2873 799 liaclucc
2905 745 3224 800 subtractus
3250 747 3541 811 est.Quem

1933 832 2202 886 successit
2245 841 2290 873 89
2347 832 2548 885 Petrus
2590 832 2825 888 Ursonis
2873 843 2920 875 σο
2965 833 3122 888 ducis
3160 835 3328 903 ﬁlius,
3359 837 3404 890 is
3449 835 3543 907 qui

1935 923 2074 992 aput
2101 920 2471 990 Vulgaricum
2502 936 2701 991 regem
2735 922 2923 977 fuerat
2950 924 3224 978 exulatus.
3255 925 3403 979 Sane
3426 942 3543 979 non

1935 1009 2252 1064 absurdum
2274 1008 2501 1063 videtur
2521 1009 2912 1081 interponere,
2937 1013 3232 1084 quomodo
3258 1013 3545 1085 prodictus

1936 1101 2199 1156 Romano
2223 1100 2523 1171 imperiale
2555 1099 2846 1171 fastigium
2882 1102 3184 1174 usurpavit.
3199 1103 3311 1157 Leo
3333 1102 3546 1157 scilicet

1938 1189 2258 1261 imperator
2293 1206 2464 1262 quem
2496 1206 2670 1261 supra
2700 1190 3169 1258 memoravimus,
3202 1191 3338 1246 dum
3377 1191 3542 1246 solito

1938 1296 2100 1335 more
2139 1279 2401 1333 navalem
2434 1278 2746 1333 exercitum
2791 1278 2850 1333 in
2883 1281 3228 1335 Sarracenos
3259 1280 3534 1346 mitteret,

1939 1369 2190 1423 eundem
2220 1368 2604 1440 Romano,qui
2639 1371 2774 1422 tunc
2797 1367 3116 1440 delongarii
3136 1369 3325 1424 ofﬁcio
3349 1369 3549 1440 funge-

1940 1457 2130 1524 batur,
2165 1457 2420 1529 primum
2463 1457 2793 1512 eductorem
2832 1455 3006 1530 ipsius
3033 1458 3312 1512 exercitus
3337 1457 3545 1512 consti-

1937 1545 2739 1601 tuit.lntercamortuoLeone
2759 1545 3548 1617 imperatore,Constantinus

1939 1635 2062 1705 ejus
2079 1634 2228 1688 ﬁlius
2254 1635 2517 1689 omnium
2540 1634 2819 1689 electione
2847 1635 3156 1705 imperium
3190 1635 3546 1706 estadeptus.

1939 1722 2045 1788 Qui
2069 1722 2261 1778 statim
2291 1722 2363 1778 ad
2387 1723 2648 1778 Romano
2667 1739 2799 1778 suos
2819 1723 3104 1794 delegavit
3120 1723 3548 1790 nuntios,man-

231 1807 390 1874 pater
418 1803 712 1875 perditum
757 1804 968 1860 acriter
1015 1806 1237 1872 dolens,
1267 1806 1508 1862 minime
1541 1808 1837 1879 acquirere
1859 1794 1908 1853 Β
1939 1812 2081 1867 dans
2109 1817 2170 1866 ut
2204 1830 2318 1866 una
2345 1828 2474 1867 cum
2498 1811 3550 1884 exercituConstantinopolimremea-

234 1892 428 1964 quivit,
479 1892 717 1948 interim
765 1910 868 1966 per
901 1913 1066 1952 suum
1097 1896 1548 1964 internuneium,
1582 1895 1838 1952 Domini-

233 1997 356 2036 cum
381 1981 649 2038 videlicet
673 1984 1197 2041 Metamaucensem
1220 1986 1706 2052 archidiaconem,
1742 1985 1839 2056 qui

232 2074 428 2141 postea
457 2071 758 2144 episcopus
788 2072 1022 2129 effectus
1069 2077 1174 2141 est,
1222 2075 1335 2131 suis
1390 2074 1560 2130 donis
1591 2073 1840 2129 redime-

232 2164 331 2215 ret.

298 2250 390 2304 llis
402 2253 600 2305 autem
625 2249 823 2306 diebus
838 2253 1108 2308 defuncto
1130 2253 1321 2309 Leone
1341 2254 1691 2326 imperatore
1719 2254 1834 2327 (an.

233 2339 793 2410 912),Constantinus
812 2342 933 2412 ejus
971 2341 1116 2397 ﬁlius
1138 2343 1448 2414 imperium
1475 2343 1715 2415 adeptus
1728 2348 1832 2403 est.

230 2432 345 2500 Ipso
359 2429 541 2483 etiam
559 2433 821 2502 tempore
836 2431 1171 2486 Laurentius
1188 2433 1515 2504 patriarcha
1532 2433 1835 2488 hominem

229 2519 413 2583 exivit,
446 2519 547 2592 qui
575 2519 929 2574 Gradensem
964 2520 1265 2576 ecclesiam
1293 2526 1520 2577 rexerat
1550 2521 1720 2577 annis
1748 2527 1833 2591 l2,

231 2608 520 2663 mensibus
542 2612 594 2676 9,
623 2609 822 2664 diebus
844 2611 933 2676 24,
966 2611 1396 2682 tumulatusque
1422 2613 1507 2665 est
1535 2611 1591 2665 in
1625 2615 1836 2667 sanctae

233 2697 499 2752 Eufemia:
520 2698 686 2757 atrio.
715 2698 896 2762 Quem
928 2698 1172 2754 Marinus
1190 2699 1516 2770 patriarcha
1547 2701 1834 2757 successit.

232 2786 550 2841 Prelibatus
578 2786 772 2858 itaque
804 2789 978 2842 Ursus
1014 2789 1146 2856 dux,
1178 2789 1316 2843 dum
1366 2789 1639 2844 ducatum
1672 2789 1838 2846 annis

233 2879 464 2943 generet
493 2878 707 2947 20,jam
730 2894 901 2932 senex
932 2877 1166 2931 effectus
1197 2881 1433 2932 terrena
1464 2878 1692 2950 penitus
1714 2895 1840 2950 par~

232 2964 541 3034 vipendens
562 2966 1084 3038 cmnobitalemque
1115 2967 1384 3021 habitum
1415 2967 1473 3022 in
1495 2966 1677 3022 sancti
1703 2967 1840 3021 Feli~

237 3051 305 3105 cis
331 3054 685 3109 monasterio
709 3054 912 3110 devote
944 3055 1281 3127 suscipiens,
1310 3055 1387 3110 ibi
1426 3056 1603 3110 vitam
1634 3055 1836 3110 ﬁnivit.

1937 1904 2070 1970 ret;
2125 1900 2330 1973 quibus
2379 1901 2744 1973 respondisse
2797 1902 2981 1956 fertur
3028 1919 3088 1956 se
3138 1902 3294 1956 nulla
3323 1902 3548 1956 ratione

1939 1989 2504 2062 Constantinopolim
2538 1990 2926 2057 redditurum,
2960 2007 3148 2061 neque
3181 2008 3293 2044 sum.
3335 1990 3547 2045 dicioni

1939 2078 2615 2149 obtemperaturum,nisi
2636 2096 2768 2134 eum
2788 2079 2844 2134 in
2867 2078 3086 2151 palacio
3112 2079 3392 2149 majorem
3417 2095 3550 2133 con-

1938 2168 2218 2222 siliarium
2250 2170 2307 2221 et
2338 2167 2498 2239 quasi
2530 2171 2759 2238 patrem
2791 2168 3044 2223 coloret:
3079 2167 3164 2222 sin
3196 2183 3330 2222 vero
3362 2167 3546 2235 aliter,

1938 2259 2136 2328 procul
2181 2256 2356 2311 dubio
2409 2273 2530 2311 sese
2564 2256 2696 2310 totis
2724 2256 2940 2312 nisibus
2971 2273 3071 2311 suo
3102 2255 3348 2328 imperio
3377 2272 3548 2327 repu-

1937 2349 2251 2417 gnaturum
2296 2345 2582 2418 promisit.
2627 2346 2749 2400 Mox
2794 2361 3046 2416 namque
3079 2345 3252 2399 verba
3283 2343 3552 2416 operibus

1938 2435 2285 2507 adimplens,
2320 2434 2608 2490 civitatem
2639 2451 2767 2506 qua:
2797 2433 2989 2488 Avitus
3023 2432 3132 2504 (74)
3159 2433 3364 2488 dicitur
3387 2431 3549 2501 adiit,

1936 2523 2133 2595 ibique
2166 2541 2238 2579 ne
2273 2524 2477 2596 aliquis
2505 2523 2844 2579 alimoniam
2873 2521 3434 2594 Constantinopolim
3459 2521 3553 2576 de-

1936 2613 2117 2667 ferret
2143 2613 2373 2685 penitus
2402 2613 2724 2668 interdixit.
2755 2612 2920 2667 Unde
2952 2613 3168 2666 factum
3201 2614 3306 2678 est,
3326 2614 3388 2665 ut
3403 2609 3551 2665 cives

1937 2702 2132 2758 inedia
2160 2718 2311 2772 pene
2344 2702 2696 2773 consumpti,
2729 2701 3014 2774 imperiali
3037 2699 3271 2756 consilio
3297 2699 3550 2754 eundem

1937 2789 1996 2844 in
2037 2791 2259 2862 palacio
2293 2792 2355 2844 ut
2387 2793 2723 2862 exposcerat
2761 2792 3109 2862 receperunt
3137 2789 3252 2861 (an.
3287 2788 3550 2859 9l9).Qui

1938 2879 2223 2933 instanter
2256 2895 2419 2933 suam
2470 2879 2652 2932 ﬁliam
2703 2877 3078 2932 Constantino
3118 2876 3456 2948 imperatori
3489 2877 3548 2930 in

1937 2967 2208 3038 conjugio
2235 2967 2642 3021 tradidit.Tum
2665 2966 2780 3038 (’75)
2813 2966 2920 3020 sibi
2945 2966 3240 3036 tribusque
3262 2964 3377 3018 suis
3400 2963 3546 3031 ﬁliis,

1937 3056 1994 3110 id
2028 3059 2113 3111 est
2144 3055 2516 3122 Christoforo,
2551 3055 2791 3110 Stefano
2827 3058 2883 3108 et
2923 3053 3320 3119 Constantino,
3361 3051 3547 3123 impe-

235 3140 426 3197 F’uerat
444 3144 954 3215 namqueingenio
976 3146 1290 3215 preclarus,
1327 3145 1630 3199 sanctitate
1651 3144 1838 3215 predi-
1870 3123 2148 3198 Crialem
2183 3161 2461 3200 coronam
2507 3143 2804 3216 imposuit,
2837 3141 3027 3215 sicque
3071 3141 3130 3196 in
3172 3158 3287 3196 uno
3327 3141 3547 3211 palacio

235 3231 556 3301 tus,justitie
574 3232 1149 3299 amator,elemosina
1175 3233 1426 3304 dapsilis,
1452 3233 1835 3304 omnibusque

231 3319 384 3374 bonis
414 3322 611 3375 fultus.
641 3323 772 3376 Post
797 3322 956 3392 cujus
984 3322 1295 3377 discessum
1327 3321 1566 3392 quidam
1597 3321 1833 3376 nobilis-

232 3407 394 3464 simus
415 3413 619 3465 Petrus
643 3415 1034 3482 cognomento
1067 3410 1394 3465 Candianus
1427 3411 1697 3465 ducatum
1719 3428 1836 3465 sus-

233 3498 460 3568 cipiens,
482 3499 665 3554 nihilo
697 3499 887 3554 minus
933 3500 1017 3554 sui
1051 3499 1365 3554 decessoris
1396 3501 1660 3571 exemplo
1702 3500 1832 3553 sub-

231 3585 403 3642 ditum
437 3588 545 3642 sibi
577 3589 855 3659 populum
890 3591 1136 3643 tractare
1165 3591 1404 3643 conatus
1437 3591 1540 3644 est.
1568 3588 1671 3642 Ubi
1694 3587 1832 3642 dum

233 3673 612 3730 Cumaclensis
656 3676 858 3731 insula:
901 3677 1169 3732 homines
1210 3677 1493 3748 quosdam
1536 3676 1833 3731 Veneticos

232 3766 441 3819 temere
457 3765 1184 3836 comprehendissent,ipse
1209 3782 1343 3821 vero
1366 3765 1513 3819 tanti
1535 3764 1833 3819 dedecoris

229 3852 496 3922 injuriam
536 3872 653 3908 non
676 3855 890 3920 ferens,
923 3854 1098 3909 misso
1131 3856 1263 3908 illuc
1292 3854 1543 3909 exercitu
1577 3853 1831 3925 ipsorum

228 3946 471 3996 castrum
503 3942 637 4014 igne
673 3943 1006 4008 combussit,
1046 3943 1446 4014 quosdamque
1479 3943 1711 3996 illorum
1744 3943 1830 3995 in-

230 4030 534 4096 terﬁciens,
565 4030 815 4102 reliquos
859 4031 1152 4102 utriusque
1193 4048 1360 4086 sexus
1404 4032 1478 4086 ad
1527 4031 1832 4086 Veneciam

230 4117 401 4181 duxit,
431 4120 629 4191 ibique
661 4119 880 4174 tamdiu
909 4120 1060 4192 ipsos
1081 4119 1348 4182 detinuit,
1363 4121 1547 4174 donec
1572 4136 1692 4173 sese
1717 4136 1831 4173 suae

230 4206 432 4264 dicioni
457 4212 958 4264 sacramentorum
984 4209 1097 4264 ﬁde
1115 4209 1429 4264 subderent
1455 4213 1512 4264 et
1537 4212 1598 4263 ut
1616 4208 1833 4281 proprii

223 4297 325 4351 sibi
359 4299 632 4369 deinceps
663 4298 720 4351 in
751 4297 1018 4352 omnibus
1050 4299 1646 4370 obtemperarent.llis
1667 4313 1832 4351 nam-

1937 3233 2191 3305 quinque
2214 3234 2380 3287 SImUl
2397 3233 2779 3305 imperatores
2806 3229 3550 3286 manebant.NamChristo-

1935 3322 2115 3389 forus,
2136 3322 2326 3393 major
2353 3311 2618 3376 Romano
2651 3320 2819 3387 ﬁlius,
2847 3337 2964 3375 non
2993 3319 3091 3373 diu
3121 3319 3331 3386 vivens,
3361 3317 3546 3392 impe-

1935 3410 2086 3465 rium
2120 3429 2253 3466 cum
2285 3411 2400 3467 vita
2436 3411 2690 3484 perdidit
2718 3416 2834 3478 (an.
2859 3412 3006 3480 920).
3037 3410 3132 3465 His
3163 3409 3362 3463 diebus
3389 3425 3547 3464 mor-

1936 3502 2035 3554 tuo
2079 3502 2247 3555 Petro
2298 3501 2440 3555 duce
2493 3500 2827 3566 Badavario,
2863 3499 2960 3570 qui
3008 3502 3235 3553 rexerat
3275 3499 3547 3553 ducatum

1937 3589 2106 3643 annis
2148 3592 2199 3657 3,
2237 3589 2504 3644 successit
2543 3592 2745 3644 Pet-rus
2794 3598 2836 3631 οι
2886 3588 3232 3656 Candianus,
3273 3588 3547 3644 antedicti

1937 3677 2090 3732 Petri
2123 3679 2280 3732 ducis
2301 3679 2466 3733 ﬁlius.
2503 3678 2748 3733 Predicti
2779 3695 3033 3750 namque
3066 3682 3340 3750 quattuor
3368 3677 3548 3749 impe-

1933 3769 2158 3820 ratores
2180 3765 2332 3820 inter
2351 3783 2409 3820 se
2436 3765 2660 3820 animos
2678 3769 3091 3838 repugnantes,
3121 3767 3259 3820 dum
3281 3765 3546 3820 Stefanus

1935 3859 1992 3909 et
2028 3854 2437 3909 Constantinus
2457 3855 2666 3908 fratres
2685 3872 2850 3908 suum
2879 3857 3189 3924 cognatum
3223 3853 3546 3908 Constanti-

1937 3960 2078 3997 num
2111 3943 2373 3998 occidere
2407 3943 2773 4006 molirentur,
2805 3942 3249 3997 interdicentem
3281 3943 3544 3996 Romano

1936 4035 2164 4104 patrem
2195 4032 2480 4087 violenter
2499 4032 2851 4085 monachum
2873 4030 3310 4100 effectum,aput
3335 4030 3546 4083 insulas

1937 4139 2064 4193 quae
2110 4120 2407 4175 Paonariie
2447 4119 2558 4192 (76)
2591 4123 3000 4191 nuncupantur
3036 4118 3202 4173 exilio
3232 4118 3543 4172 damnave-

1936 4212 2093 4264 runt.
2124 4211 2239 4264 Hoc
2258 4210 2507 4281 denique
2531 4211 2775 4279 paterno
2811 4209 3023 4262 scelere
3053 4211 3302 4278 patrato,
3334 4207 3542 4260 iterum

1939 4298 2186 4369 qualiter
2226 4298 2552 4370 predictum
2599 4297 3042 4352 Constantinum
3075 4297 3316 4368 perdere
3350 4296 3541 4350 conati

223 4401 329 4456 que
353 4387 559 4442 diebus
577 4386 815 4458 quidam
844 4386 1180 4441 Olivolensis
1195 4385 1834 4458 episcopusDominicus
1863 4423 1911 4482 Β
1935 4390 2070 4440 sunt
2097 4387 2664 4458 intimabo.Antiqua
2694 4385 2909 4440 etenim
2927 4386 3280 4440 consuetudo
3311 4385 3369 4439 iu
3393 4386 3542 4440 Con—

219 4476 460 4530 nomine
487 4475 790 4530 defunctus
817 4478 922 4542 est,
947 4491 1118 4547 quem
1140 4474 1407 4530 successit
1427 4476 1652 4542 Petrus,
1679 4474 1830 4528 Petri

213 4563 435 4618 tribuni
464 4564 974 4618 ﬁlius.Antedictus
994 4580 1130 4618 vero
1149 4565 1345 4619 Petrus
1368 4563 1696 4617 Candianus
1719 4563 1830 4618 dux

214 4669 384 4708 suum
418 4653 692 4707 dilectum
709 4653 1048 4724 equivocum
1066 4651 1245 4706 illium
1271 4652 1831 4723 Constantinopolim

216 4743 292 4796 ad
319 4742 765 4798 Constantinum
791 4745 850 4796 et
876 4743 1139 4797 Romano
1162 4741 1542 4814 imperatores
1566 4740 1831 4796 transmi-

1935 4475 2454 4546 stantinopolitano
2486 4475 2707 4546 palacio
2739 4473 2909 4529 fuisse
2936 4475 3136 4542 fertur,
3172 4490 3283 4546 quo
3307 4474 3544 4546 quisque

1932 4564 2256 4635 imperator
2287 4563 2500 4617 milites
2523 4564 2637 4617 illic
2667 4563 2914 4618 haberet
2939 4562 3036 4634 qui
3067 4563 3352 4634 palatinas
3376 4579 3542 4617 excu-

1933 4652 2056 4706 bias
2085 4657 2240 4707 sorte
2271 4657 2640 4725 peragerent,
2674 4670 2816 4725 quos
2854 4653 3046 4707 Eolica
3076 4652 3273 4723 lingua
3303 4652 3544 4707 littorias

1934 4741 2050 4813 (77)
2085 4741 2370 4796 nominat.
2408 4741 2665 4813 Cumque
2686 4745 2801 4796 tres
2829 4740 2998 4796 simul
3027 4741 3124 4796 illo
3157 4745 3419 4812 tempore
3441 4740 3541 4795 im-

1533 4864 1768 4919 VARIJE
1822 4863 2113 4919 LECTION
2121 4864 2222 4920 ES.

291 4964 337 4998 ετ
363 4973 465 5011 vox
492 4958 853 5028 suprascripta
890 4960 938 5014 i.

209 5043 424 5097 prascr.
458 5027 625 5082 manu
656 5027 1062 5084 recéntioriXlll
1116 5027 1334 5083 XXXVII

221 5102 504 5155 recentiori
519 5100 667 5155 VIIII
694 5100 800 5157 XL.

1079 4963 1125 4998 88
1152 4956 1316 5010 Illum
1348 4953 1592 5010 additum
1622 4961 1714 5021 est,
1745 4953 1834 5008 sed
1858 4954 2026 5024 signis
2054 4954 2334 5026 suppositis
2360 4952 2644 5026 indicatur
2680 4971 2784 5026 non
2836 4971 2940 5009 esse
2981 4951 3276 5024 legendum.

1445 5035 1492 5070 νο
1518 5026 1942 5097 suprascriptum
1983 5025 2160 5083 manu
2206 5027 2487 5081 recentiori
2537 5025 2818 5081 Baduario

3389 4961 3435 4996 89
3460 4972 3546 5008 su-

2956 5034 3000 5068 οι
3057 5041 3322 5096 suprascr.
3377 5043 3544 5079 manu

1771 5168 1978 5226 NOT/E

297 5260 409 5332 (74)
438 5261 692 5334 Abydos.

294 5333 403 5404 (‘75)
455 5332 685 5406 [iiscum
743 5333 940 5390 confer
994 5333 1351 5406 Liudprandi
1403 5332 1828 5406 narrationem,

226 5405 520 5478 Antapod.
539 5423 591 5460 v.
617 5407 679 5461 21
726 5423 877 5478 sqq.,
909 5422 1085 5478 quam
1116 5405 1312 5478 noster
1340 5405 1651 5477 ignoravit.

319 5423 512 5477 tapoa.
539 5423 591 5460 v.
618 5423 679 5461 τι
726 5423 877 5478 sqq.,
949 5423 1085 5461 nam
1116 5423 1312 5460 nosrer
1340 5423 1651 5477 ignoravn.

319 5481 410 5549 76)
431 5477 763 5559 Principum
795 5423 994 5559 insusz
1023 5477 1207 5559 hodie
1233 5478 1615 5559 ;_Rornanurn_
1652 5475 1834 5547 impe-

230 5553 482 5678 ijzitorem
511 5549 865 5680 inmixtisularn
905 5551 1118 5605 Proteu
1174 5550 1526 5622 relegatum,
1580 5549 1832 5603 Zonaras

253 5636 270 5677 ι
311 5662 324 5680 .
354 5635 444 5679 xvx
478 5636 584 5680 εστι
628 5637 644 5677 1
676 5663 691 5680 .

253 5620 324 5680 ib.
354 5635 444 5679 xvx
478 5620 691 5683 scribit.

2027 5257 2118 5330 77)
2147 5259 2406 5314 Fortasse
2451 5275 2486 5314 a
2527 5259 2728 5316 Latina
2755 5275 2890 5315 voce
2929 5257 3098 5325 lictor,
3141 5257 3334 5312 Grazco
3376 5269 3541 5330 more

1931 5328 1997 5384 iis
2015 5326 2248 5386 saeculis
2290 5331 2520 5398 inflexa,
2553 5332 2726 5386 veluti
2757 5331 3216 5403 καμπιδοῦκτωρᾳς,
3258 5326 3539 5403 campidu-

1931 5406 2095 5474 ctores
2114 5420 2130 5467 ;
2151 5404 2488 5474 καντάτωρας,
2519 5399 2835 5474 cantatores,
2861 5399 3115 5474 aliaque
3135 5400 3193 5454 id
3224 5416 3414 5474 genus
3435 5399 3541 5474 hx-

1931 5472 2112 5549 bridae
2131 5468 2459 5549 voce_s,_qua_a
2483 5475 2587 5528 etsi
2617 5468 3077 5549 Latinzeﬁreeéis
3107 5468 3305 5549 tamen
3336 5468 3540 5549 litteris

1931 5543 2238 5617 Graecaque
2259 5541 2574 5600 inﬂexione
2606 5543 2927 5617 descriptas,
2961 5542 3230 5617 aCrsecis
3261 5541 3542 5614 sequioris

1932 5617 2034 5674 aevi
2064 5613 2280 5692 passim
2327 5613 2868 5691 usurpabantur.’ln
2906 5613 3102 5673 codice
3134 5613 3542 5686 tameu’repo-
