3998 6166
254 340 353 393 917

1581 321 1978 387 CHRONICON
2004 329 2350 390 VENETUM.

3486 346 3592 398 MS

249 456 591 514 recrearunt.
636 450 743 516 Qui
782 465 909 506 non
958 439 1095 522 post
1133 449 1387 505 multum
1431 453 1662 522 tempus
1703 454 1947 514 nactaA
1975 453 2228 527 undique
2259 454 2423 508 illum
2455 455 2763 512 crudeliter
2804 457 3195 529 vulnerantes,
3229 459 3358 516 diva
3390 461 3589 517 anima

247 546 558 610 occasione,
602 540 871 596 maritale
919 538 1163 593 thorum
1205 539 1507 594 Johannim
1555 540 1718 596 uxori
1757 558 1871 596 suae

249 632 659 688 interdicensin
674 627 857 683 sancti
873 627 1171 681 Zachariae
1186 629 1451 683 ccenobio
1468 630 1870 684 monachicam

245 726 456 778 vestem
482 722 532 775 vi
573 735 698 774 eam
740 716 1011 788 recipere
1061 717 1278 787 coegit.
1330 717 1532 772 Filium
1581 719 1870 790 siquidem

236 827 408 883 quem
441 827 508 865 ex
530 826 596 864 ea
609 807 828 874 habuit,
852 805 1111 860 Vitalem
1131 805 1686 873 nomine,clericum
1703 807 1872 862 devo-

235 917 392 954 vens.
407 899 752 953 Gradensem
772 895 1174 966 patriarcbam
1196 896 1578 965 postmodum
1594 896 1719 950 fieri
1737 911 1872 966 pro-

234 989 433 1044 movit.
461 987 675 1041 Deinde
725 983 988 1055 Hugonis
1044 983 1407 1038 marchionis
1457 999 1722 1038 sororem
1747 984 1869 1054 (81)

232 1075 605 1132 HwaJderada
624 1074 860 1128 nomine
883 1073 942 1127 in
966 1071 1249 1142 conjugio
1283 1071 1526 1144 excepit,
1551 1088 1586 1126 a
1617 1089 1729 1144 qua
1747 1089 1870 1127 ser-

231 1183 434 1221 vorum
477 1164 933 1235 ancillarumque
978 1161 1156 1234 cepiis
1209 1162 1544 1234 prediisque
1598 1163 1869 1217 maximis

229 1255 484 1312 dotalicii
507 1255 634 1325 jure
683 1253 953 1324 acceptis,
1002 1255 1240 1306 exteros
1292 1252 1507 1307 milites
1559 1252 1630 1306 de
1669 1254 1866 1309 Italico

227 1362 436 1417 regno,
465 1361 597 1398 cum
626 1343 829 1414 quibus
857 1341 1174 1396 defendere
1202 1343 1267 1395 et
1283 1340 1581 1412 possidere
1603 1341 1869 1412 predicta

226 1435 447 1507 predia
496 1433 715 1506 possed,
768 1431 1065 1503 acquirere
1112 1430 1368 1485 studuit.
1434 1429 1652 1502 Nempe
1702 1433 1866 1486 tante

226 1523 484 1580 audaciae
515 1521 682 1577 fuisse
727 1521 932 1586 fertur,
984 1536 1094 1591 quo
1133 1521 1199 1572 et
1234 1518 1506 1573 subditos
1532 1518 1755 1574 virtutis
1786 1520 1864 1574 ri-

226 1630 364 1684 gore
400 1614 530 1686 plus
560 1611 720 1667 solito
759 1611 1072 1682 premeret,
1094 1611 1542 1679 extraneosque
1572 1608 1680 1663 sibi
1711 1610 1866 1665 obsi-

223 1705 335 1755 sten
346 1704 441 1755 tes
453 1700 772 1756 ulciscendo
787 1696 1518 1754 devinceretFerrariensis
1528 1697 1738 1768 quippe
1752 1714 1868 1753 cas-

1973 558 2253 612 corporeo
2283 543 2482 599 relicto
2515 548 2826 616 ergastulo,
2855 564 3126 620 superum
3186 549 3353 620 petiit
3400 551 3587 606 solita.

1974 630 2180 685 Filium
2214 631 2519 703 siquidem,
2567 652 2740 706 quem
2794 635 2986 690 nutrix
3026 638 3096 691 ab
3136 636 3388 692 incendii
3418 655 3592 710 paena

1973 719 2257 787 liberavit,
2274 739 2306 775 a
2325 723 2579 792 quodam
2604 725 2952 796 nequissimo
2986 725 3217 796 cuspide
3239 728 3590 782 transverbe-

1971 814 2131 862 ratus
2161 810 2608 884 est,pariterque
2630 814 2838 869 milites
2861 814 2956 886 qui
2988 815 3067 870 illi
3098 816 3287 870 favere
3319 817 3586 871 niteban-

1974 897 2088 963 tur,
2118 897 2284 952 occisi
2314 903 2463 954 sunt.
2498 901 2694 957 Gclida
2742 920 2994 974 namque
3041 920 3286 976 corpora
3315 919 3584 976 quorum,

1971 983 2128 1040 idem
2150 986 2268 1056 (83)
2302 988 2580 1057 genitoris
2611 994 2668 1044 et
2699 991 2929 1054 sobolis,
2958 993 3029 1047 ob
3062 991 3443 1063 ignominiam
3463 988 3585 1060 pri-

1972 1074 2146 1128 mitus
2165 1075 2368 1146 exigua
2392 1076 2519 1133 navi
2539 1079 2611 1133 ad
2630 1080 2855 1134 macelli
2875 1080 3087 1147 forum,
3106 1080 3312 1136 deinde
3327 1079 3584 1153 quodam

1969 1165 2329 1219 sanctissimo
2355 1167 2478 1221 viro
2509 1168 2770 1222 Iohanne
2789 1169 3107 1224 Gradonico
3145 1167 3582 1224 nomineinter-

1968 1253 2229 1323 pellanti,
2263 1255 2334 1308 ad
2365 1255 2545 1310 sancti
2577 1257 2748 1311 Yllari
2772 1257 3190 1313 monasterium
3226 1253 3579 1312 detulerunt.

2040 1343 2273 1397 Patrato
2305 1359 2439 1399 vero
2468 1343 2575 1399 hoc
2593 1353 2664 1387 τοο
2682 1345 3033 1418 nequissimo
3061 1347 3297 1412 scelere,
3319 1345 3377 1398 in
3399 1333 3583 1395 sancti

1967 1429 2123 1485 Petri
2153 1431 2452 1487 ecclesiam
2485 1439 2898 1502 convenerunt,
2919 1435 3115 1508 ibique
3129 1429 3430 1489 communi
3449 1427 3584 1478 volo

1969 1519 2281 1590 quemdam
2299 1521 2506 1588 virum,
2523 1523 2754 1577 Petrum
2767 1523 3031 1579 videlicet
3053 1523 3358 1594 Ursoylym
3374 1525 3590 1585 cogno-

1969 1606 2150 1675 mine,
2171 1610 2494 1679 preclarum
2515 1613 2902 1682 generositate
2917 1617 2976 1668 et
2995 1612 3259 1668 moribus
3277 1610 3336 1664 in
3353 1603 3594 1663 ducatus

1967 1695 2253 1751 honorem
2280 1698 2590 1754 sublimare
2623 1701 3024 1756 decreverunt.
3061 1700 3170 1766 Qui
3199 1695 3409 1772 puerili
3441 1691 3598 1745 etate

224 1791 329 1845 telli
359 1791 644 1863 populum
663 1787 1057 1861 potentissime
1071 1785 1418 1841 debellavit.
1461 1786 1863 1858 Opiterginum
1890 1783 1940 1843 B
1969 1784 2048 1838 nil
2081 1785 2235 1839 aliud
2255 1803 2429 1857 quam
2444 1789 2558 1843 Deo
2583 1790 2807 1860 placere
2827 1791 3090 1858 studens,
3109 1788 3186 1844 ad
3210 1792 3376 1844 tante
3394 1782 3602 1856 digna-

225 1880 463 1951 quidem
487 1881 736 1933 castrum
759 1877 894 1948 igne
914 1877 1360 1932 concrematam
1377 1874 1666 1930 devastari
1675 1877 1861 1948 jussit.

221 1969 630 2040 Nonnullaque
656 1968 768 2022 alia
795 1983 854 2021 se
887 1963 1341 2036 objurgantibus
1391 1979 1599 2034 aspera
1647 1964 1861 2020 intulit.

221 2057 435 2113 Verum
460 2057 597 2128 quia
625 2057 826 2112 omnia
855 2059 1015 2127 gesta
1041 2054 1116 2109 ab
1165 2052 1270 2107 illo
1303 2051 1591 2123 explicare
1620 2053 1864 2108 minime

221 2147 626 2218 possum,ejus
647 2145 864 2200 exitum
896 2142 1194 2198 exarando
1247 2139 1654 2197 demonstrare
1696 2157 1864 2197 cure-

223 2253 373 2292 mus.
392 2235 608 2290 Octavo
622 2234 850 2290 decimo
870 2233 1106 2306 quidem
1141 2229 1235 2285 sui
1265 2229 1670 2286 honorisanno
1695 2231 1862 2302 (977),

223 2341 328 2380 una
356 2339 493 2378 cum
513 2323 632 2378 filio
653 2325 894 2394 parvulo
917 2337 1092 2394 quem
1115 2320 1192 2374 de
1210 2317 1471 2391 predicta
1490 2319 1867 2375 Hwalderada

220 2413 445 2480 habuit,
483 2413 586 2467 tali
635 2411 842 2467 ordine
889 2410 1238 2464 interfectus
1285 2409 1389 2463 est.
1445 2409 1590 2463 Dum
1622 2409 1719 2464 illo
1749 2412 1866 2485 (82)

220 2507 399 2576 longo
433 2508 706 2576 tempore
722 2500 978 2556 Venetici
1002 2500 1077 2556 ob
1094 2496 1498 2553 austeritatem
1513 2499 1598 2553 sui
1626 2516 1862 2555 exosum

221 2596 511 2650 haberent
533 2593 990 2662 facultatemque
1014 2587 1304 2660 perdendi
1329 2587 1522 2642 sedule
1563 2591 1861 2646 machina-

221 2687 372 2750 rent,
397 2682 660 2755 quadarn
680 2680 772 2735 die
797 2680 950 2734 facta
966 2674 1400 2750 conspiratione
1418 2675 1475 2732 in
1495 2677 1656 2732 illum
1679 2679 1864 2734 insur-

221 2788 357 2844 gere
375 2771 574 2827 adorsi
589 2772 744 2824 sunt.
762 2767 1047 2824 Palatium
1064 2770 1289 2832 tamen,
1305 2764 1401 2837 qui
1417 2765 1861 2834 bellicosis,licet

221 2860 436 2931 paucis,
467 2859 760 2914 militibus
803 2858 969 2912 illum
1020 2854 1298 2925 stipatum
1347 2859 1646 2923 noverant,
1699 2858 1858 2913 nulla

220 2950 443 3005 ratione
463 2949 590 3004 ausi
606 2951 743 3003 sunt
768 2950 1098 3019 penetrare.
1131 2943 1389 2999 Tandem
1422 2959 1673 3017 nequam
1717 2961 1854 3000 con-

1970 1873 2103 1928 tatis
2119 1878 2452 1945 provectum
2480 1878 2755 1932 scandere
2773 1879 3264 1951 contempnebat,
3291 1879 3518 1935 timens
3536 1891 3611 1933 ne

1968 1963 2254 2016 saecularis
2285 1964 2520 2020 honoris
2551 1965 2870 2022 ambitione
2893 1968 3273 2041 propositum
3311 1968 3622 2029 amitteret

1966 2052 2561 2110 sanctitatis.'l‘andem
2576 2055 2906 2129 importune
2918 2059 3156 2130 populo
3171 2059 3643 2140 interpellante,

1967 2157 2085 2195 non
2102 2141 2359 2197 humano
2377 2143 2590 2212 favore,
2607 2145 2705 2200 sed
2722 2144 2894 2200 totius
2905 2147 2994 2200 rei
3017 2149 3269 2220 publicae
3292 2160 3622 2218 commodo

1965 2229 2298 2299 hujusmodi
2320 2231 2676 2305 principatus
2691 2233 2913 2306 apicem
2937 2237 3213 2310 accipere
3232 2256 3364 2295 non
3383 2258 3619 2306 recusa-

1967 2317 2064 2373 vit.
2097 2319 2317 2374 Deinde
2346 2327 2842 2378 sacramentorum
2857 2323 2972 2379 ﬁde
2998 2325 3076 2379 ab
3092 2327 3372 2384 omnibus
3400 2337 3614 2391 contir.

1967 2410 2178 2474 matus,
2207 2407 2264 2462 in
2290 2411 2526 2482 propria
2553 2412 2725 2468 domo
2758 2413 2970 2485 degere
3005 2416 3212 2478 voluit,
3259 2422 3326 2473 ut
3388 2429 3605 2489 uterim

1965 2497 2147 2552 sancti
2169 2497 2337 2552 Marci
2367 2501 2663 2556 ecclesiam
2692 2505 2749 2557 et
2770 2502 3054 2573 palatium
3073 2519 3344 2560 recreare
3378 2521 3598 2580 posset.

1966 2587 2101 2640 Erat
2120 2587 2405 2658 siquidem
2419 2590 2524 2645 sibi
2541 2592 2772 2663 conjux,
2795 2591 3004 2647 Felicia
3023 2591 3266 2647 nomine
3283 2597 3341 2647 et
3357 2601 3593 2670 merite,

1963 2675 2130 2730 unius
2148 2675 2266 2730 nati
2290 2679 2698 2734 tantummodo
2720 2684 2930 2747 mater,
2951 2696 3051 2752 qui
3079 2679 3259 2751 patris
3282 2684 3594 2753 equivocus

1960 2764 2220 2830 nomine,
2236 2782 2353 2820 non
2373 2765 2660 2822 dissimilis
2678 2769 2868 2825 extitit
2885 2783 3082 2840 opere.
3107 2769 3241 2821 Post
3263 2769 3423 2838 cujus
3451 2789 3588 2829 vero

1958 2854 2422 2925 conceptionem,
2452 2873 2628 2927 quam
2679 2859 2947 2930 angelico
3003 2854 3208 2910 inditio
3243 2857 3371 2911 diva
3397 2862 3591 2915 mater

1956 2942 2142 2998 fertur
2163 2945 2862 3016 cognovisse,maritalem
2879 2950 3077 3001 torum
3093 2944 3213 2999 viro
3232 2944 3337 2999 sibi
3356 2947 3586 3000 obtem-

219 3038 405 3093 silium
429 3036 824 3102 invenientes,
849 3035 1206 3109 propinquas
1224 3033 1593 3106 domos,quae
1617 3037 1854 3090 econtra
1879 3070 1926 3130 Ο
1954 3034 2219 3104 perante,
2254 3032 2595 3089 inviolatum
2627 3034 2880 3090 vicissim
2907 3035 3028 3089 Deo
3061 3049 3398 3090 conservare
3428 3034 3588 3090 dein-

221 3128 502 3195 palatium
548 3125 697 3180 citra
740 3125 988 3180 rivolum
1035 3122 1444 3189 consistebant,
1490 3123 1624 3194 igne
1670 3121 1850 3179 mixto
1885 3121 1926 3130 “”
1953 3122 2936 3198 cepsdevovere.Ceperatnamque
2965 3123 3146 3179 isdem
3164 3123 3584 3182 duxVenitico-

220 3217 407 3285 picino
451 3217 730 3270 fomento
783 3213 1101 3268 accendere
1159 3211 1520 3278 studuerunt,
1581 3211 1850 3284 quatinus

223 3307 538 3361 flamarum
600 3302 878 3358 flexibilia
931 3301 1190 3355 culmina
1245 3299 1497 3354 vicinum
1567 3299 1846 3372 palatium

222 3397 510 3467 attingere
532 3396 592 3447 et
607 3407 986 3447 concremare
1020 3393 1272 3461 possent.
1302 3389 1463 3443 Unde
1493 3389 1710 3443 factum
1739 3395 1842 3455 est,

222 3484 370 3556 quod
394 3499 519 3538 non
544 3482 722 3536 modo
740 3480 1260 3552 palatium,verum
1293 3478 1468 3532 etiam
1486 3477 1845 3532 sanctiMarci

221 3573 520 3644 sanctique
564 3569 876 3636 Theodori,
933 3585 1038 3623 nec
1092 3584 1210 3622 non
1264 3570 1476 3622 sancta:
1533 3565 1722 3621 Mariae
1773 3566 1846 3620 de

219 3660 522 3714 Jubianico
549 3657 804 3712 ecclesia
824 3660 882 3710 et
898 3659 1022 3728 plus
1042 3672 1216 3728 quam
1240 3658 1496 3711 trecente
1515 3654 1845 3710 mansiones

224 3766 285 3804 eo
313 3749 407 3803 die
442 3750 780 3802 urerentur.
815 3747 862 3799 Is
894 3748 1088 3799 autem
1124 3745 1234 3798 dux
1266 3761 1388 3798 cum
1410 3743 1558 3815 ignis
1589 3743 1842 3798 calorem

222 3839 483 3911 fumique
539 3835 980 3891 suifocationem
1033 3834 1129 3888 diu
1178 3834 1330 3888 inter
1367 3834 1649 3907 palacium
1692 3835 1843 3888 ferre

224 3930 512 4000 nequiret,
540 3923 834 3998 persancti
854 3922 1022 3978 Marci
1049 3922 1179 3976 atrii
1202 3923 1411 3994 januas
1438 3922 1677 3977 evadere
1712 3938 1841 3977 cum

224 4017 417 4088 paucis
430 4018 674 4072 conatus
687 4017 799 4082 est;
819 4011 916 4067 ubi
940 4012 1208 4066 nonullos
1240 4011 1640 4068 Veneticorum
1666 4011 1846 4081 majo-

223 4122 312 4160 res
340 4123 463 4160 una
497 4119 632 4159 cum
677 4100 906 4175 generis
951 4100 1208 4156 afluitate
1257 4117 1424 4156 suum
1473 4100 1845 4170 expectantes

225 4195 550 4266 periculum
561 4191 837 4264 repperit;
873 4205 1014 4262 quos
1027 4192 1088 4243 ut
1100 4206 1341 4244 cernens
1355 4189 1545 4244 taliter
1567 4189 1845 4243 allocutus

229 4288 341 4338 est:
375 4282 455 4337 Et
481 4299 592 4348 vos,
619 4282 838 4350 fratres,
867 4280 939 4337 ad
967 4280 1138 4334 ericii
1191 4282 1298 4335 mei
1339 4277 1621 4334 annulum
1671 4279 1845 4332 venire

1951 3227 2084 3266 rum
2112 3228 2307 3266 causas
2336 3213 2483 3267 bene
2520 3217 2577 3270 et
2600 3214 2824 3271 utiliter
2849 3217 3118 3284 tractare,
3160 3231 3587 3287 censuramque

1948 3300 2093 3372 legis
2111 3300 2168 3354 in
2190 3301 2459 3357 omnibus
2470 3303 2891 3360 studiosissime
2911 3303 3295 3376 observare,et
3310 3304 3588 3366 omnium

1946 3389 2224 3443 virtutum
2256 3390 2442 3460 gratia
2471 3395 2725 3462 pollere.
2748 3393 3121 3451 Combustum
3141 3413 3274 3453 vero
3291 3395 3588 3472 palatium

1946 3480 2005 3531 et
2028 3477 2210 3532 sancti
2234 3478 2400 3534 Marci
2427 3483 2741 3539 ecclesiam
2782 3483 3093 3539 honorifice
3137 3490 3399 3560 propriis
3432 3504 3592 3545 sum-

1946 3567 2138 3639 ptibus
2151 3566 2552 3640 redintegrare
2568 3573 2809 3629 studuit.
2825 3574 3049 3628 Interea
3061 3575 3253 3633 Vitalis
3265 3580 3587 3639 Gradensis

1945 3656 2274 3727 patriarcha
2287 3657 2531 3726 predicti
2546 3661 2706 3717 Petri
2723 3661 3003 3716 interfecti
3017 3663 3163 3719 ﬁlius
3177 3645 3580 3738 quorumdam

1944 3743 2350 3798 Veneticorum
2428 3748 2675 3803 consilio
2738 3749 3042 3806 Saxoniam
3119 3755 3191 3808 ad
3247 3763 3576 3823 secundum

1948 3834 2222 3888 Ottonem
2247 3833 2669 3905 imperatorem
2684 3839 3029 3909 preperavit.
3048 3840 3229 3905 Quem
3245 3843 3574 3919 imperator

1947 3922 2152 3976 devote
2174 3921 2486 3994 suscipiens
2531 3925 2704 3980 dixit:
2767 3925 2882 3981 Cur
2930 3929 3000 3982 ad
3046 3947 3148 3998 me,
3182 3940 3364 4005 pater,
3391 3946 3567 4006 pesita

1948 4011 2091 4066 tanti
2116 4012 2327 4067 itineris
2356 4013 2747 4084 intercapedine
2797 4032 2969 4073 meam
3009 4025 3354 4089 prwsentiam
3412 4031 3565 4088 adire

1946 4099 2308 4156 voluistz?At
2351 4099 2479 4156 ille:
2532 4101 2773 4174 Proprii,
2817 4105 3040 4179 inquid,
3089 4119 3342 4180 parentes
3397 4121 3561 4176 ericio

1947 4196 2180 4255 coactus,
2235 4189 2308 4242 ad
2355 4196 2504 4244 tuam
2561 4191 2894 4249 clementiam
2951 4199 3086 4265 veni,
3146 4203 3398 4270 quatinus
3459 4212 3566 4264 mei

1948 4279 2247 4346 infortunii
2283 4294 2515 4350 meaque
2545 4283 2735 4351 inopiae
2781 4285 3082 4340 consolator
3119 4293 3169 4343 et
3207 4289 3395 4358 fautor
3437 4295 3562 4364 efﬁ-

228 4372 508 4429 πίω-πίῃ
537 4370 604 4426 δέ
631 4369 836 4442 aliquid
887 4370 948 4426 in
995 4368 1167 4424 verbis
1195 4369 1280 4426 εει
1317 4370 1380 4424 in
1427 4367 1580 4422 rebus
1615 4366 2129 4438 publicisDciaris.
2160 4366 2318 4420 Tunc
2380 4384 2538 4422 cesar
2591 4373 2828 4442 experta
2884 4373 3085 4430 ordine
3135 4377 3303 4448 hujus
3333 4381 3562 4439 sceleris

227 4463 447 4535 deliqui,
479 4477 610 4515 mea,
640 4462 900 4531 insperate
919 4467 966 4501 99
995 4460 1124 4514 vitae
1151 4460 1391 4530 spacium
1415 4472 1562 4526 rogo,
1586 4462 1634 4512 et
1662 4460 1844 4511 omnia

233 4551 299 4605 ad
349 4558 586 4607 vestrum
637 4549 766 4604 velte
818 4549 1128 4618 satisfacere
1174 4550 1453 4619 promitto.
1506 4546 1663 4601 Tunc
1740 4545 1847 4618 ipsi

238 4638 740 4696 sceleratissimum
759 4641 816 4693 et
834 4641 1021 4692 morte
1044 4636 1287 4708 dignum
1313 4653 1447 4692 eum
1465 4635 1846 4703 affirmantes,

239 4730 376 4784 diris
407 4728 639 4784 vocibus
661 4728 1076 4794 clamaverunt,
1112 4726 1267 4798 quod
1299 4727 1456 4780 nulla
1476 4723 1759 4779 evadendi
1790 4723 1849 4777 in

238 4818 334 4873 illo
356 4817 703 4890 possibilitas
718 4816 888 4874 foret.
911 4814 1271 4870 Etinstanter
1283 4829 1630 4870 mucronum
1647 4811 1854 4867 ictibus

1946 4455 2194 4521 ratione,
2241 4455 2632 4526 patriarcham
2676 4475 2869 4515 secum
2924 4477 3162 4519 manere
3205 4466 3561 4538 aliquamdiu

1949 4542 2196 4613 rogavit,
2229 4561 2472 4616 suasque
2503 4547 2768 4617 querelas
2799 4549 2890 4622 pie
2923 4552 3394 4628 veniabiliterque
3416 4574 3564 4614 con-

1953 4633 2155 4687 doluit.
2190 4631 2407 4688 Eodem
2437 4651 2665 4706 quoque
2697 4640 2961 4709 tempore
2993 4641 3242 4697 domnus
3272 4644 3565 4703 Hwarinus

1953 4721 2298 4776 venerabilis
2311 4723 2485 4777 abbas
2503 4725 2681 4778 sancti
2699 4726 3023 4783 Michahelis
3044 4732 3564 4806 monasterii,quod

1955 4811 2016 4865 in
2044 4809 2350 4884 Equitanie
2372 4812 2630 4884 partibus
2675 4813 2734 4870 in
2773 4815 2898 4873 loco
2936 4819 3034 4891 qui
3083 4825 3317 4877 vocatur
3366 4822 3562 4882 Cussa.

1563 4931 1798 4987 VARUE
1839 4931 2133 4986 LECTION
2139 4930 2237 4988 FS.

313 5038 359 5072 ³9
388 5025 666 5102 inspirata
695 5043 835 5086 corr.
860 5026 1140 5100 inspirate
1172 5029 1224 5081 1.
1299 5033 1370 5068 ιοο
1393 5039 1659 5096 suprascr.
1691 5039 1767 5079 m.
1799 5039 1846 5081 τ’.
1872 5021 2041 5075 νιιιιο
2073 5020 2313 5078 LXXIIII.
2349 5026 2398 5086 l,

1781 5149 2009 5207 NOT/E.

315 5244 426 5317 (8t)
469 5245 588 5319 Ugo
619 5261 718 5300 rex
747 5245 920 5302 Italia-3
955 5249 1012 5302 et
1043 5243 1356 5302 Provinciae
1389 5242 1520 5299 dux.

562 5389 803 5446 Uberius
836 5389 1097 5446 marchio
1124 5388 1338 5446 Tosciae
1368 5405 1508 5444 ann.
1543 5387 1668 5442 970.
1693 5471 1698 5474 ξ

361 5487 957 5606 1M

1027 5604 1231 5662 Venet.
1266 5603 1418 5664 duci.

871 5531 1178 5591 Waldrada
1190 5532 1373 5591 nupta
1385 5530 1554 5586 Petro
1570 5526 1863 5587 Candiano

1957 5239 2096 5328 Yide
2122 5239 2602 5328 Guiclieinonium
2633 5243 2693 5300 in
2713 5245 2859 5328 ‘tlist.
2883 5250 3219 5328 _ge_nea19g._
3223 5251 3404 5328 fami}.
3438 5270 3562 5328 reg.

1960 5311 2208 5383 Sabaud.
2243 5329 2300 5383 p.
2333 5311 2939 5381 l6-t,etGrandiumii1
2962 5311 3338 5379 VitaDTPetri
3360 5311 3566 5383 Urseo’é

1959 5382 2021 5451 li,
2054 5382 2150 5468 ubi
2170 5382 2457 5468 plttrantie
2491 5388 2799 5468 Vyaldrada
2847 5407 2946 5448 seu
2990 5392 3315 5454 Gualdrada
3371 5382 3567 5456 Uberti

1962 5453 2314 5512 marchionis
2344 5457 2480 5512 filia.
2513 5459 2645 5520 ZAN.

2036 5525 2144 5595 (82)
2172 5527 2254 5582 Id.
2289 5531 2373 5583 est
2403 5530 2576 5588 illum.

2035 5597 2148 5672 (83)
2173 5599 2289 5657 Pro‘
2311 5599 2372 5657 id
2401 5609 2494 5658 est.
