3910 6174
396 295 501 350 919
1111 303 1114 306 λ
1571 291 1909 351 IOHANNIS
1945 293 2228 351 DlACONl
2267 278 2514 352 verum
3571 302 3659 358 920

396 431 502 472 nus
531 416 635 489 (84)
679 415 886 474 scitum
929 433 1168 473 manere
1219 416 1571 481 decernitur,
1642 419 1887 475 Romam
1941 417 2014 474 ad
2033 422 2088 482 Α
2109 418 2296 490 jussit.
2329 419 2537 475 Secum
2569 418 2744 474 etiam
2777 417 3094 474 maximam
3124 417 3363 474 thesauri
3387 419 3588 492 copiam
3604 425 3664 477 ad

396 507 790 578 apostolorum
807 505 1010 563 limina
1022 506 1443 579 properavit.ln
1461 507 1762 562 redeundo
1779 506 2013 579 quidem
2115 508 2354 580 predicti
2372 509 2706 563 monasterii
2719 507 3199 562 restaurationem
3214 507 3669 578 deportavit.Bexit

396 595 497 650 Dei
514 597 689 649 fultus
709 596 916 651 timore
938 596 1204 668 beatique
1224 596 1414 661 Marci,
1436 596 1736 650 Venetiam
1758 596 2012 664 intravit,
2118 597 2310 669 itaque
2339 597 2610 651 ducatum
2647 597 2816 652 annis
2861 597 3081 651 duobus
3105 600 3164 650 et
3187 613 3377 650 mense
3404 613 3526 652 uno.
3551 599 3669 654 Nam

397 684 590 756 ibique
612 684 919 756 aliquantis
962 686 1162 740 diebus
1192 684 1473 740 orationis
1505 684 1695 740 studio
1727 689 1786 739 et
1813 683 2016 740 domni
2118 703 2236 741 non
2263 687 2388 758 plus
2410 687 2575 741 etatis
2590 703 2765 758 quam
2783 685 3203 758 quinquaginta
3216 685 3670 753 annorumfuerat,

397 773 550 827 Petri
597 773 754 828 ducis
799 774 1065 844 precibus
1088 773 1428 830 constrictus
1485 776 1876 828 commoratus
1909 777 2014 830 est.

398 860 582 924 Quem
595 863 730 916 dum
747 862 996 918 domnus
1013 863 1123 918 dux
1143 863 1322 935 digna
1347 861 1720 918 veneratione
1737 863 2019 916 coleretet

396 950 609 1006 sedula:
637 949 829 1006 divina
858 952 1144 1023 colloquia
1159 952 1329 1006 simul
1357 954 1620 1022 agerent,
1647 953 1913 1022 expertus
1933 955 2019 1006 est

397 1039 574 1095 abbas
604 1040 809 1095 ducem
856 1057 1090 1112 prorsus
1118 1043 1353 1095 terrena
1400 1040 1822 1112 parvipendere
1854 1039 2016 1095 habi-

397 1130 634 1201 tamque
665 1129 1014 1201 dignitatem
1049 1146 1168 1184 non
1195 1128 1530 1184 ambitionis
1554 1128 1742 1184 studio
1762 1128 1866 1183 sed
1887 1128 2018 1184 sub-

399 1216 654 1273 ditorum
671 1217 874 1272 solatio
888 1217 1170 1285 obtinere;
1189 1216 1438 1288 injunxit
1458 1220 1653 1272 tamen
1671 1216 1777 1272 sibi
1795 1216 2017 1271 dicens:

397 1305 466 1361 Si
492 1307 572 1361 vis
592 1307 863 1377 perfectus
891 1322 1018 1374 esse,
1058 1305 1297 1378 relinque
1347 1306 1610 1360 mundum
1644 1305 1906 1377 hujusque
1937 1305 2023 1359 di-

397 1396 620 1464 gnitatis
632 1395 838 1465 apicem
848 1436 861 1462 ,
878 1401 927 1450 et
940 1397 994 1447 in
1005 1396 1329 1450 monasterio
1341 1394 1453 1450 Deo
1464 1397 1665 1449 servire
1675 1395 1872 1464 festina
1881 1436 1894 1448 .
1923 1391 2024 1448 Cui

403 1482 543 1536 dux:
578 1481 828 1553 Egregie,
862 1483 1087 1556 inquid,
1104 1489 1266 1555 pater
1295 1489 1346 1540 et
1383 1501 1512 1538 meae
1547 1485 1741 1537 animae
1763 1483 2020 1548 lucrator,

401 1587 612 1624 summa
641 1571 900 1626 aviditate
933 1574 1034 1625 tuis
1063 1574 1284 1627 monitis
1310 1572 1672 1642 obtemperare
1699 1571 1890 1640 gestio.
1917 1569 2026 1625 Sed

400 1657 678 1730 aliquanti
704 1661 950 1732 temporis
964 1663 1206 1731 spacz'um
1225 1678 1369 1729 rogo,
1392 1662 1603 1715 interim
1638 1677 1811 1713 meam
1846 1657 2022 1728 facul-

2118 775 2352 846 quando
2385 777 2719 829 saecularem
2753 774 3016 846 deposuit
3043 773 3311 845 gloriam.

2189 865 2323 918 Post
2353 865 2513 934 cujus
2536 863 2847 918 discessum
2867 871 2935 904 102
2959 862 3152 917 Vitalis
3175 867 3541 934 cognomento
3563 863 3676 919 Can-

2119 953 2344 1020 dianus,
2364 951 2449 1006 vir
2470 952 2645 1008 totius
2667 951 2993 1024 prudentia:
3017 956 3072 1006 et
3091 951 3386 1018 bonitatis,
3407 951 3462 1006 in
3483 952 3677 1007 ducatus

2118 1042 2404 1097 honorem
2431 1041 2774 1112 subrogatus
2791 1044 2877 1094 est
2892 1041 3006 1109 (an.
3029 1041 3179 1110 976).
3204 1039 3362 1104 Quod
3386 1040 3598 1095 audiens
3614 1042 3680 1096 Vi-

2118 1130 2248 1184 talis
2279 1129 2624 1201 patriarcha,
2659 1129 2756 1201 qui
2799 1128 2951 1200 apud
2998 1129 3387 1183 Veronensem
3411 1130 3680 1186 marchiam

2122 1220 2481 1286 morabatur,
2511 1219 2570 1273 in
2592 1219 2890 1273 Venetiam
2923 1217 3181 1273 intravit.
3214 1216 3373 1281 Quia
3397 1217 3528 1272 duce
3546 1218 3684 1273 inter-

2122 1309 2385 1381 pelletus,
2417 1325 2548 1364 cum
2579 1308 2694 1363 suis
2716 1308 2935 1363 nuntiis
2959 1308 3032 1363 ad
3069 1323 3276 1379 pacem
3305 1307 3451 1362 inter
3477 1307 3682 1378 impera-

2123 1401 2310 1453 torem
2327 1397 3187 1452 etVeneticosconsolidandam
3197 1396 3689 1468 Teutonicampetiit

2122 1487 2426 1558 regionem
2452 1495 2542 1553 10³,
2565 1486 2843 1558 quoniam
2863 1486 3020 1540 ducis
3039 1485 3688 1541 Petriinterfectioneam-

2124 1575 2260 1630 mod
2271 1592 2366 1630 um
2385 1575 2512 1630 illos
2523 1574 2871 1629 execrabiles
2884 1590 3201 1646 exososque
3215 1573 3485 1641 habebat;
3501 1571 3687 1626 ﬁrmato

2124 1666 2318 1718 autem
2367 1663 2564 1718 federe
2611 1663 2684 1717 ad
2729 1662 2963 1733 propria
3011 1678 3274 1716 reversus
3301 1665 3402 1716 est.
3430 1660 3690 1716 Praedictus

404 1752 566 1803 tatem
595 1748 867 1818 disponere
899 1765 1112 1821 queam.
1161 1747 1357 1805 Postea
1412 1763 1534 1802 vero
1588 1750 1644 1802 in
1695 1747 2023 1802 monasterio
2054 1737 2376 1824 Bnamque
2391 1752 2500 1807 dux
2521 1751 2808 1823 corporali
2829 1751 3098 1806 molestia
3118 1750 3448 1822 ingruente,
3467 1752 3691 1821 quattuor

403 1838 587 1908 tuique
633 1839 906 1908 regiminis
963 1838 1179 1893 vinculo
1223 1839 1550 1906 summissus,
1621 1837 1734 1891 Deo
1786 1837 2021 1892 militare

401 1927 578 1996 cupio.
615 1926 708 1980 His
739 1925 977 1999 quidem
1009 1927 1431 1997 determinetis,
1479 1929 1698 1982 certam
1728 1926 1881 1982 diem
1927 1925 2026 1980 de-

403 2017 728 2083 creverunt,
761 2032 903 2087 quas
934 2016 1112 2072 abbas
1134 2015 1439 2070 Veneciam
1459 2016 1532 2071 ad
1563 2015 1815 2070 eundem
1846 2013 2020 2068 susci-

407 2102 685 2176 piendum
712 2104 1119 2175 reciprocaret.
1149 2105 1306 2160 Tunc
1349 2108 1585 2176 accepta
1641 2103 1898 2170 licencia,
1947 2101 2023 2157 ad

403 2208 570 2246 suum
605 2192 1025 2247 monasterium
1047 2193 1363 2265 repedavit.
1385 2192 1720 2247 Antedictus
1746 2208 1878 2246 vero
1910 2192 2021 2246 dux

405 2284 631 2350 ceptam
651 2280 854 2350 patria)
871 2282 1117 2336 salutem
1134 2281 1352 2336 sollerti
1369 2280 1555 2335 studio
1577 2297 1887 2353 procurare
1903 2296 2020 2336 non

407 2367 593 2436 desiit,
619 2371 753 2425 licet
782 2371 1083 2442 aliquanti,
1115 2387 1364 2442 quorum
1389 2369 1650 2436 consilio,
1676 2369 2021 2433 utdiximus,

405 2456 734 2526 patriarcha
753 2459 1171 2530 imperatorem
1195 2458 1355 2525 adiit,
1380 2474 1478 2512 sue
1500 2457 1703 2513 ditioni
1727 2474 2022 2529 perversos

406 2552 801 2618 repugnantes
828 2547 1216 2616 efficerentur,
1248 2548 1393 2603 adeo
1417 2551 1480 2602 ut
1494 2563 1658 2603 suam
1687 2547 1866 2603 vitam
1894 2566 2020 2604 cru-

410 2635 524 2690 deli
553 2635 756 2692 funere
784 2637 1028 2709 perdere
1050 2637 1418 2693 molirentur.
1447 2638 1665 2692 Tamen
1684 2641 1843 2692 tante
1866 2637 2024 2692 boni-

408 2725 546 2780 tatis
575 2727 634 2780 et
659 2725 853 2781 divine
883 2726 1106 2781 virtutis
1132 2726 1323 2797 gratia
1352 2726 1601 2798 vigebat,
1656 2730 1719 2781 ut
1751 2725 2024 2802 quicquid

407 2814 516 2887 ipsi
547 2815 618 2870 de
631 2832 690 2870 se
709 2817 968 2872 clanculo
990 2816 1190 2888 iniqua
1213 2816 1644 2872 machinatione
1670 2816 2021 2870 determina-

408 2907 560 2972 rent,
594 2905 829 2961 nemine
849 2905 1163 2978 indagante
1185 2911 1580 2977 cognosceret,
1609 2905 1863 2977 nullique
1889 2904 2024 2960 resi-

409 2993 604 3049 stentii
642 2993 877 3065 aliquod
921 2994 1141 3065 nephas
1186 3010 1630 3066 recompensare
1668 2993 1864 3060 voluit,
1923 2993 2024 3048 sed

410 3099 560 3155 equo
581 3082 777 3139 animo
797 3082 894 3138 Dei
916 3083 1122 3138 timore
1137 3083 1336 3138 omnia
1351 3083 1668 3138 tollerande
1684 3082 2020 3138 sustinebat.

409 3173 567 3226 Inter
591 3171 697 3226 hec
725 3174 940 3226 statuta
965 3172 1056 3226 die
1081 3171 1396 3243 prelibatus
1419 3172 1595 3226 abbas
1634 3171 1708 3226 ad
1722 3171 2024 3226 Venetiam

409 3277 671 3316 reversus
719 3264 824 3327 est,
857 3278 926 3315 ea
967 3261 1265 3316 occasione
1307 3278 1420 3333 quo
1466 3261 1907 3316 Hierosolimam
1941 3261 2024 3316 ire

410 3351 584 3406 vellet
601 3349 714 3420 (an.
749 3350 893 3420 976).
920 3349 1104 3412 Quem
1132 3351 1334 3404 Petrus
1353 3349 1465 3403 dux
1482 3349 1730 3404 libenter
1753 3350 2022 3422 suscepit,

413 3442 472 3492 et
481 3437 673 3509 prima
685 3441 852 3492 nocte
867 3437 981 3492 diei
993 3437 1892 3509 KalendarumlSeptembriarum
1907 3438 2024 3510 ipse

414 3541 533 3580 una
554 3542 684 3580 cum
709 3525 970 3580 Iohanne
1001 3525 1322 3580 Gradonico
1345 3542 1573 3580 necnon
1594 3527 1857 3580 Johanne
1875 3527 2024 3580 Mau-

413 3613 632 3681 receni,
655 3630 756 3669 suo
781 3612 1042 3668 videlicet
1058 3629 1296 3685 genero,
1313 3613 1604 3669 nesciente
1631 3630 1805 3669 uxore
1841 3615 2026 3668 etfilio

416 3702 800 3775 omnibusque
821 3701 1104 3770 fidelibus,
1121 3703 1340 3758 occulte
1368 3703 1440 3758 de
1483 3703 1724 3758 Venetia
1745 3703 2026 3758 exierunt.

417 3791 524 3856 Qui
555 3808 674 3847 non
715 3793 914 3863 procul
951 3809 983 3847 a
1011 3791 1193 3847 sancti
1246 3791 1417 3847 lllarii
1471 3792 1824 3848 monasterio
1855 3808 2032 3864 equos

415 3881 810 3948 assendentes,
827 3881 953 3952 jam
987 3880 1238 3936 detonsis
1266 3879 1458 3936 barbis
1483 3879 1836 3936 velocissimo
1866 3897 2034 3935 cursu

416 3971 569 4026 viam
602 3987 837 4043 carpere
859 3973 1156 4044 ceperunt,
1196 3971 1253 4025 in
1277 3973 1501 4026 tantum
1528 3972 1586 4026 in
1610 3971 1784 4026 lercia
1805 3970 1897 4026 die
1923 3971 2036 4026 Me-

419 4060 821 4117 diolanensem
843 4077 1039 4116 ruram
1071 4060 1180 4133 (85)
1208 4063 1594 4129 transeuntes,
1623 4061 2034 4131 Vergelensem

418 4151 624 4206 urbem
649 4151 765 4218 (86)
796 4147 1217 4220 conspicerent.
1251 4147 1529 4220 Sequenti
1550 4164 1682 4203 vero
1703 4146 1794 4202 die
1816 4146 2040 4202 Veneti-

418 4255 618 4294 corum
654 4237 852 4311 populi
883 4237 1175 4308 perditum
1213 4239 1506 4309 pastorem
1528 4235 1844 4307 conquiesti
1876 4239 2034 4304 sunt;

2123 1842 2324 1897 diebus
2363 1845 2680 1912 antequam
2734 1841 2912 1896 vitam
2955 1844 3289 1912 presentem
3323 1837 3690 1894 determinaret

2121 1930 2472 1985 monachum
2504 1929 2629 1984 ﬁeri
2662 1931 2719 1984 et
2747 1929 2821 1984 ad
2847 1929 3026 1983 sancti
3056 1928 3213 1983 lllari
3239 1926 3628 1983 monasterium
3647 1940 3690 1978 se

2121 2018 2332 2073 deferri
2350 2017 2660 2090 promovit.
2679 2017 2916 2072 Praefuit
2932 2021 3130 2072 autem
3150 2016 3540 2072 Veneticorum
3557 2014 3691 2068 duca-

2120 2107 2205 2162 tui
2231 2124 2386 2162 anno
2419 2123 2534 2162 uno
2587 2107 2995 2178 mensibusque
3040 2106 3292 2174 duobus,
3319 2105 3692 2173 tumulatusque

2124 2197 2287 2252 estin
2321 2197 2529 2252 eodem
2566 2195 2920 2251 monasterio
2955 2197 3067 2267 (an.
3104 2197 3252 2268 977).

2196 2285 2380 2350 Quem
2408 2285 2694 2340 Tribunus
2717 2289 3110 2356 cognomento
3137 2295 3206 2328 ιοι
3228 2284 3440 2340 Menius
3461 2282 3692 2354 dignitate

2122 2374 2410 2442 successit,
2444 2374 2562 2446 qui,
2581 2374 2712 2428 licet
2734 2374 2990 2429 saeculari
3005 2375 3269 2430 sollertia
3293 2375 3526 2439 careret,
3551 2369 3695 2425 maxi-

2122 2463 2234 2518 mis
2264 2467 2462 2518 tamen
2490 2464 2737 2518 fortuna:
2759 2462 2936 2535 copiis
2968 2463 3345 2519 exuberabat.
3366 2459 3692 2533 Temporibus

2123 2554 2284 2625 cujus
2300 2569 2476 2608 aurea
2486 2551 2730 2606 Venetia
2742 2551 3503 2624 nonnullisignominiorum
3514 2547 3695 2622 pericu-

2123 2641 2191 2696 lis
2213 2642 2626 2698 deshonestata
2653 2639 3022 2711 est.Contigit
3043 2645 3248 2696 autem
3269 2645 3332 2696 ut
3344 2639 3696 2695 Veneticorum

2123 2731 2376 2801 majores
2396 2727 2665 2801 primitus
2685 2730 2887 2783 contra
2904 2727 3114 2784 ducem
3132 2728 3375 2783 insidias
3395 2725 3695 2782 demoliren-

2121 2819 2237 2885 tur,
2262 2817 2472 2872 deinde
2499 2816 2652 2872 inter
2680 2833 2801 2872 sese
2827 2815 3076 2872 invicem
3124 2816 3469 2872 discidentes
3495 2811 3697 2868 vicissim

2124 2905 2392 2961 odiorum
2412 2905 2682 2978 nequitiis
2703 2905 3132 2961 inliciebantur.
3159 2907 3386 2960 Interea
3415 2904 3554 2958 inter
3578 2901 3698 2956 Mau-

2123 3010 2365 3050 recenos
2397 2997 2454 3050 et
2476 2994 2833 3064 Colopri‘nos,
2849 2995 3103 3048 Venetiae
3122 3011 3411 3065 proceres,
3427 2991 3697 3047 maximum

2117 3083 2380 3155 jurgium
2414 3085 2674 3136 exortum
2701 3086 2812 3150 est;
2839 3082 2983 3136 adeo
3007 3085 3070 3135 nt
3102 3082 3378 3137 Stefanus
3407 3077 3698 3150 Coloprinus

2125 3188 2257 3226 cum
2288 3171 2539 3226 ﬁliorum
2567 3175 2625 3225 et
2654 3173 2963 3243 parentum
2993 3170 3282 3236 aﬁnitate,
3302 3168 3546 3241 praedicti
3577 3164 3700 3220 ducis

2125 3275 2406 3315 consensu
2429 3262 2486 3312 et
2501 3257 2730 3326 virtute,
2751 3259 3005 3330 quadam
3028 3258 3122 3313 die
3148 3259 3206 3312 in
3233 3259 3583 3313 Maurocenos
3597 3253 3700 3306 abo-

2126 3347 2326 3403 lendos
2354 3347 2741 3418 insurgerent.
2784 3347 2896 3402 Sed
2935 3346 3036 3400 Dei
3069 3347 3283 3402 virtute
3316 3346 3480 3417 hujus
3506 3339 3700 3416 periculi

2126 3436 2412 3507 ﬂagitium
2429 3435 2652 3506 providi
2677 3452 2878 3490 omnes
2899 3436 3190 3490 evadendi
3205 3436 3528 3491 facultatem
3539 3445 3698 3486 conse-

2127 3525 2242 3579 cuti
2265 3528 2417 3578 sunt.
2452 3525 2606 3579 Unus
2638 3527 2834 3578 tamen
2888 3524 3144 3592 illorum,
3200 3524 3258 3579 id
3304 3527 3387 3579 est
3420 3519 3698 3578 Dominicus

2128 3613 2439 3669 Maurecini
2469 3613 2748 3668 innocens
2776 3611 2835 3667 in
2867 3614 3048 3667 sancti
3076 3615 3233 3669 Petri
3266 3610 3578 3669 Olivolensis
3599 3607 3697 3661 foro

2132 3703 2398 3758 detentus
2430 3705 2488 3757 et
2518 3701 2837 3756 diutissime
2867 3703 3150 3756 laceratus
3180 3707 3290 3758 est.
3333 3702 3495 3771 Cujus
3535 3709 3698 3765 corpus

2133 3792 2378 3864 turpiter
2415 3790 2772 3845 denudatum
2795 3789 3134 3844 semivivum
3169 3791 3245 3845 ad
3268 3789 3445 3844 sancti
3464 3782 3699 3841 Zachariae

2134 3880 2552 3936 monasterium
2589 3894 2761 3949 parva
2786 3878 2957 3932 lintre
2979 3879 3240 3932 delatum
3281 3882 3383 3936 est.
3410 3878 3636 3946 Cumque
3656 3869 3696 3923 in

2135 3967 2372 4024 ecclesia
2383 3966 2634 4040 positum
2648 3985 2680 4021 a
2693 3966 3200 4022 circumstantibus
3214 3966 3540 4038 parentibus
3550 3958 3700 4029 deplo«

2137 4058 2384 4123 raretur,
2407 4053 2557 4109 intra
2578 4055 2825 4109 duarum
2847 4071 3080 4109 orarum
3101 4055 3291 4127 spatia
3325 4054 3541 4109 vitalem
3560 4049 3699 4118 depo-

2138 4145 2250 4199 suit
2274 4142 2542 4198 halitum.
2577 4143 2750 4214 Cujus
2791 4160 2950 4198 mors
2993 4142 3108 4198 suis
3135 4143 3456 4200 maximum
3486 4139 3698 4196 dolorem

2138 4231 2390 4299 induxit;
2425 4232 2570 4287 adeo
2590 4235 2652 4286 ut
2666 4231 2741 4286 ad
2761 4232 2870 4286 hoc
2891 4232 3072 4286 scelus
3101 4232 3491 4288 ulciscendum
3509 4227 3699 4299 oportu-

420 4343 597 4399 quem
644 4326 890 4380 minime
936 4325 1312 4397 reperientes,
1367 4324 1620 4380 maximo
1666 4325 2040 4380 tabescebant
2059 4314 2110 4372 D
2140 4338 2280 4376 num
2306 4322 2678 4393 expectarent
2701 4323 2952 4393 tempus.
2979 4320 3138 4375 Circa
3153 4321 3280 4377 haec
3300 4319 3564 4392 siquidem
3583 4318 3697 4367 tem-

421 4414 645 4470 dolore.
662 4413 787 4468 Fuit
804 4429 1016 4485 nempe
1032 4431 1352 4487 pauperum
1375 4413 1646 4480 nutritor,
1668 4412 2040 4468 ecclesiarum

422 4505 735 4566 recreator,
760 4501 1101 4558 clericorum
1133 4507 1190 4559 et
1209 4504 1632 4558 monachorum
1652 4502 1897 4569 fauctor,
1912 4521 2032 4558 om-

422 4591 706 4665 nibusque
751 4591 1068 4650 benivolus.
1122 4593 1202 4647 De
1247 4591 1360 4646 suis
1405 4591 1642 4664 quidem
1674 4591 2040 4647 facultatibus

422 4680 583 4736 mille
615 4680 894 4736 librarum
911 4696 1218 4736 numerum
1244 4679 1315 4734 ad
1331 4679 1735 4736 Veneticorum
1755 4679 1959 4735 solatia
1979 4680 2038 4734 in

421 4768 637 4842 palatio
659 4768 908 4841 largivit,
940 4768 1080 4824 alias
1109 4768 1267 4824 mille
1293 4768 1353 4823 in
1381 4785 1702 4841 pauperum
1733 4769 2039 4824 alimonias

424 4858 698 4926 contulit;
726 4857 786 4913 in
812 4857 993 4913 sancti
1015 4857 1184 4914 Marci
1209 4858 1388 4913 altere
1410 4857 1667 4912 tabulam
1691 4857 1839 4912 miro
1865 4874 2039 4929 opere

426 4964 492 5003 ex
514 4951 756 5019 argento
799 4956 866 4992 ίοι
897 4951 954 5003 et
994 4965 1135 5005 auro
1165 4946 1721 5019 Constantinopolim
1759 4963 2038 5019 peragere

2137 4427 2282 4482 pora
2309 4410 2594 4464 secundus
2623 4410 2768 4466 Otho
2799 4410 3118 4482 imperator
3142 4411 3220 4465 ad
3246 4411 3462 4466 Italiam
3488 4403 3696 4463 veniens,

2138 4498 2542 4554 Veneticorum
2573 4498 2736 4553 fedus
2771 4499 2845 4554 ob
2892 4499 3047 4554 Petri
3083 4499 3362 4554 Candiani
3393 4495 3537 4552 ducis
3561 4492 3695 4546 funus

2140 4589 2498 4660 disrumpere
2512 4591 2750 4643 conatus
2763 4590 2866 4643 est.
2885 4587 2970 4642 Ad
2983 4604 3157 4660 quem
3168 4589 3447 4643 Tribunus
3457 4580 3674 4657 predictu

2140 4677 2252 4732 dux
2300 4692 2432 4732 suos
2474 4676 2865 4732 internuntios
2908 4676 3169 4746 mittens,
3217 4694 3348 4732 cum
3387 4676 3591 4747 placare
3609 4662 3698 4719 suis

2140 4765 2480 4820 muneribus
2509 4765 2745 4820 studuit.
2796 4765 2952 4820 Pacti
3004 4765 3182 4820 etiam
3211 4764 3564 4836 scriptionem
3591 4760 3696 4808 tunc

2138 4856 2380 4910 Veronae
2395 4854 2523 4910 duci
2535 4871 2751 4927 suoque
2763 4855 2977 4926 populo
2991 4858 3329 4910 renovatam
3341 4845 3696 4926 perpetualiter

2141 4945 2214 5000 ad
2242 4944 2579 5000 habendum
2607 4942 2846 4998 indulsit
2865 4945 2998 5015 (87).
3027 4943 3242 5000 Dehinc
3267 4944 3576 4997 Ravennam
3593 4945 3694 5005 per-

1733 5068 1970 5124 VARl/E
2019 5067 2312 5124 LECTION
2319 5065 2422 5123 ES.

502 5164 570 5200 ίοί
603 5175 784 5215 arzen
813 5162 862 5214 l.

978 5167 1046 5202 ω’
1075 5172 1347 5230 suprascr.
1375 5173 1542 5212 manu
1589 5171 1694 5213 rec.
1737 5156 2050 5212 lXcLXXVl.

425 5226 758 5292 ιΧοιιΧΧἯι.

2164 5165 2233 5200 10³
2255 5173 2305 5213 r.
2337 5155 2767 5230 suprascriptum
2802 5159 2850 5212 l.
2964 5164 3033 5199 ιοι
3084 5155 3424 5230 suprascript.
3481 5165 3548 5208 m.
3605 5151 3687 5195 mo

1953 5317 2182 5377 NOTIE.

424 5408 615 5536 ce(81?)
642 5407 1045 5467 Saint-Mz‘chel
1068 5408 1131 5466 de
1161 5407 1371 5481 Cusan,
1403 5407 1716 5468 dimceseos
1745 5408 2042 5482 Perpiuia-

494 5498 560 5536 DS
583 5499 628 5536 S.

494 5498 628 5537 DSIS.

497 5552 606 5630 (85)
637 5553 770 5626 Rus,
802 5554 1043 5618 terram.

2211 5407 2324 5481 (86)
2355 5403 2618 5465 Vercelli.
3511 5471 3521 5481 U

2211 5483 2330 5554 (87)
2363 5479 2685 5554 Auctorrei
2713 5481 2886 5554 gestae
2929 5478 3140 5536 seriem
3179 5477 3450 5554 invertere
3480 5469 3687 5554 videtur;

2141 5537 2270 5611 Otto
2300 5537 2491 5629 primo
2522 5537 2770 5635 adventu
2795 5553 3086 5634 Veronam
3108 5567 3244 5630 ann,
3274 5551 3372 5610 980
3400 5557 3577 5615 mense
3599 5537 3690 5596 De-
