3998 6166
217 387 301 445 924
1531 367 1879 432 CRONICON
1915 366 2262 434 VENE’I‘UM.

3436 385 3540 441 922

214 509 502 576 transiens,
535 506 782 562 Romam
811 499 980 558 adire
1011 498 1304 557 festinavit
1324 499 1440 572 (an.
1459 503 1582 569 98-l,
1605 501 1831 572 Mart.),
1851 507 1907 566 Α
1935 502 2172 575 propria
2200 501 2468 556 amittere
2496 500 2736 557 voluisse
2769 501 3099 574 requisivit;
3150 520 3398 576 cumque
3448 505 3542 561 in-

213 600 300 655 ubi
344 596 538 653 didicit
581 595 1048 650 Sarracenorum
1104 589 1550 645 formidolosam
1597 594 1835 661 gentem
1933 591 2205 646 fortuniis
2242 589 2345 643 viae
2376 594 2610 645 ventum
2648 591 2809 645 seria:
2842 595 3172 663 exponeret,
3207 594 3383 648 cesari
3407 611 3539 667 per-

216 686 565 744 Calabritana
606 682 885 738 invasisse
919 682 1068 746 loca,
1095 679 1343 752 jamque
1398 680 1454 732 in
1497 679 1837 750 Apulienses

210 780 391 849 partes
403 775 606 830 vellent
621 771 868 827 tendere
892 785 1160 840 gressum
1185 785 1197 822 :
1217 785 1391 840 quam
1408 767 1648 838 aggredi
1663 768 1838 822 hosti-

212 866 334 919 liter
365 867 598 918 conatus
629 863 732 916 est.
750 860 974 914 Verum
1003 857 1144 911 dum
1175 857 1440 930 proxima
1461 857 1610 919 loca,
1629 857 1839 928 quibus

207 953 618 1008 Saracenorum
648 947 969 1004 multitudo
1012 946 1322 1014 manebat,
1364 945 1630 999 incautus
1672 948 1838 1016 pete-

206 1046 302 1107 ret,
335 1044 488 1095 tetra
519 1040 717 1094 cohors
747 1039 996 1110 repente
1021 1034 1491 1090 Christianorum
1518 1035 1837 1088 exercitum

203 1130 264 1185 ad
290 1132 590 1184 certamen
618 1128 902 1181 lacessere
937 1124 1255 1194 temptavit
1275 1123 1389 1196 (an.
1423 1125 1550 1190 982,
1577 1123 1692 1177 Jul.
1727 1123 1835 1193 14).

203 1220 528 1289 Imperator
549 1215 781 1288 quidem
811 1214 1071 1286 ignarus,
1095 1213 1267 1283 quod
1293 1211 1585 1267 montium
1612 1229 1716 1285 per
1734 1229 1840 1266 an-

202 1307 412 1362 fractus
441 1320 637 1359 omnes
686 1303 1148 1358 Sarracenorum
1210 1301 1467 1372 majores
1515 1301 1836 1368 latitarent,

200 1396 321 1450 illos
357 1410 505 1465 quos
534 1408 766 1447 cernere
799 1390 1026 1444 valebat
1069 1389 1236 1443 facili
1287 1389 1608 1444 certamine
1641 1389 1839 1444 debel-

203 1486 314 1539 lare
349 1485 676 1547 autumans,
695 1495 954 1553 pugnam
979 1478 1266 1532 audacter
1284 1477 1601 1545 inchoavit,
1625 1493 1838 1550 eosque

204 1570 585 1626 audacissime
614 1569 834 1624 Christo
861 1567 1082 1623 favente
1109 1567 1350 1622 devicit.
1382 1566 1643 1638 Cumque
1676 1566 1840 1621 Chri-

202 1661 522 1715 stianorum
552 1658 761 1713 milicia
787 1673 918 1712 cum
967 1655 1317 1727 triumphali
1353 1654 1550 1726 gloria
1590 1655 1844 1710 tentoria

1936 679 2130 744 suasit,
2165 679 2319 750 quod
2352 678 2395 732 si
2416 681 2583 734 vellet
2614 678 2866 734 consiliis
2900 680 3248 752 monitisque
3286 682 3400 736 suis
3443 700 3539 738 ac-

1938 767 2255 838 quiescere,
2290 768 2589 822 Venetiam
2623 768 2717 822 diu
2759 768 3142 824 desideratam
3170 769 3324 825 facili
3354 775 3538 826 certa-

1937 855 2096 910 mine
2122 859 2314 927 posset
2341 856 2655 928 acquirere.
2685 858 2746 910 Et
2781 857 3010 928 insuper
3036 874 3148 930 quo
3174 857 3543 931 imperatoris

1941 945 2171 999 animus
2206 945 2278 999 ad
2308 946 2416 999 hoc
2455 945 2871 1017 nequissimum
2901 946 3318 1019 perﬁciendum
3361 946 3541 1002 scelus

1938 1033 2130 1104 potius
2158 1034 2573 1102 exardesceret,
2601 1039 2771 1090 centu
2802 1036 2976 1090 libras
3005 1036 3294 1107 purissimi
3325 1035 3449 1091 auri
3479 1047 3540 1086 se

1940 1122 2022 1176 illi
2051 1123 2323 1178 daturum
2358 1125 2684 1195 spopondit,
2719 1123 2762 1177 si
2791 1124 3010 1179 devicta
3039 1126 3244 1195 patria,
3288 1124 3392 1179 sibi
3433 1122 3542 1176 du-

1938 1217 2098 1268 catus
2130 1213 2472 1285 dignitatem
2504 1214 2862 1269 concederet.
2900 1214 3063 1279 Quod
3095 1215 3331 1270 audiens
3359 1212 3544 1281 impe-

1937 1306 2116 1370 rator,
2153 1304 2428 1357 universis
2455 1319 2566 1374 suo.
2591 1303 2836 1374 sceptrui
2866 1303 3259 1374 adjacentibus
3285 1301 3556 1368 edictum.

1940 1394 1998 1446 et
2029 1391 2355 1445 inevitabile
2393 1391 2586 1445 intulit
2635 1393 2994 1462 preceptum,
3028 1393 3091 1446 ut
3127 1406 3301 1445 nemo
3352 1385 3546 1452 aliqua

1939 1479 2390 1552 praesumptione
2435 1480 2630 1546 fultus,
2671 1479 2944 1551 deinceps
2994 1477 3311 1551 quemlibet
3355 1472 3544 1524 Vene-

1941 1570 2119 1624 ticum
2144 1569 2201 1622 in
2227 1569 2481 1641 aliquam
2512 1567 2597 1622 sui
2627 1567 2856 1640 imperii
2903 1571 3132 1640 partem
3181 1557 3552 1636 permitteret

1941 1658 2120 1720 exire,
2152 1674 2338 1729 neque
2372 1656 2575 1728 aliquis
2604 1672 2839 1711 suorum
2870 1656 2929 1711 in
2958 1655 3264 1712 Venetiam
3314 1647 3558 1706 auderet

201 1749 493 1821 applicare
526 1747 757 1820 propria
785 1747 1016 1813 vellent,
1050 1760 1447 1817 paganorum
1479 1743 1789 1798 multitudo
1811 1759 1842 1796 e
1863 1819 1898 1821 _
1942 1746 2342 1801 intrare.Tunc
2362 1745 2668 1817 unicuique
2684 1745 3099 1800 Veneticorum
3112 1759 3314 1798 secum
3327 1735 3565 1810 degenti

198 1837 501 1893 montibus
533 1836 788 1904 exiliens,
811 1850 983 1906 super
1002 1849 1230 1906 eosque
1260 1832 1570 1902 inopinate
1595 1832 1838 1899 irruens,
1859 1819 1912 1880 B
1941 1835 2188 1890 ﬁrmiter
2213 1835 2506 1907 praecepit,
2529 1839 2590 1889 ut
2613 1851 2742 1889 cum
2758 1833 2871 1888 suis
2895 1833 3174 1890 videlicet
3194 1829 3575 1889 nunciisloca

197 1927 322 1982 illos
355 1925 583 1980 caedere
615 1924 824 1979 acriter
854 1923 1022 1996 cepit,
1053 1921 1114 1976 in
1153 1923 1391 1974 tantum
1428 1923 1490 1973 ut
1519 1920 1604 1974 illi
1635 1919 1841 1992 quibus

195 2014 463 2086 fugiendi
515 2014 703 2068 aditus
746 2012 1138 2084 negabantur,
1195 2007 1506 2062 crudeliter
1557 2009 1838 2062 vulnerati

195 2106 499 2160 caderent.
534 2105 855 2176 Imperator
904 2101 1226 2173 siquidem,
1260 2097 1392 2151 licet
1428 2097 1654 2170 ingenti
1685 2097 1840 2151 difﬁ-

194 2196 434 2260 cultate,
466 2209 575 2264 per
607 2192 831 2247 medias
856 2191 1254 2246 barbarorum
1287 2186 1436 2240 acies
1467 2187 1558 2241 vix
1595 2187 1668 2242 ad
1708 2187 1839 2241 litus

195 2298 375 2355 usque
445 2281 747 2353 pervenit;
821 2279 1322 2347 inimicorumque
1395 2275 1838 2355 importunitate

193 2351 462 2437 territus,
489 2369 870 2440 ﬂuctivagum
905 2383 1069 2422 mare
1100 2363 1364 2420 intravit.
1400 2363 1505 2418 Ubi
1530 2351 1656 2418 dum
1684 2363 1836 2418 Grae-

195 2474 398 2514 corum
432 2475 636 2528 naves,
670 2474 800 2530 quas
827 2457 1027 2527 lingua
1058 2455 1303 2508 illorum
1331 2452 1634 2506 zalandriae
1687 2469 1838 2506 nun-

194 2551 512 2618 cupantur,
549 2563 668 2601 non
691 2545 894 2618 procul
925 2560 959 2598 a
983 2547 1144 2597 terra
1172 2540 1438 2595 anchoris
1462 2540 1766 2597 herebant.
1789 2542 1838 2593 Α

197 2636 409 2706 quibus
452 2634 550 2689 ille
600 2649 734 2688 cum
768 2631 990 2688 duobus
1017 2630 1134 2685 suis
1165 2627 1482 2682 vernaculis
1521 2631 1834 2699 susceptus,

197 2721 449 2777 minime
480 2720 720 2793 agnitus
751 2723 856 2776 est.
880 2720 1084 2774 Fertur
1115 2731 1370 2786 namque
1402 2715 1552 2787 quod
1585 2731 1690 2787 per
1733 2715 1836 2769 tri-

200 2808 381 2864 duum
435 2810 610 2865 ilium
667 2810 883 2864 victum
931 2805 1312 2872 custodirent,
1369 2807 1426 2858 et
1479 2821 1834 2876 quamquam

194 2895 318 2969 ipse
350 2898 786 2972 imperatorem
819 2914 880 2952 se
909 2896 1036 2951 fore
1083 2892 1327 2949 omnino
1377 2893 1714 2964 denegaret,
1747 2894 1833 2946 ta-

196 3009 334 3048 men
365 2989 540 3046 Greci
573 2985 813 3058 ingenio
848 2981 1186 3057 peritissimi
1224 2980 1416 3035 nescio
1449 2981 1652 3052 quibus
1683 2979 1833 3034 indi-

201 3081 290 3136 tiis
318 3096 460 3135 eum
495 3089 823 3148 agnoscere
853 3073 1190 3143 potuerunt.
1223 3069 1435 3140 Agnito
1484 3086 1638 3136 vero,
1685 3068 1833 3122 Con-

197 3137 655 3239 stantinopoiim
711 3137 877 3216 illum
941 3160 1171 3214 deferre
1219 3137 1620 3225 decreverant;
1680 3137 1904 3228 quodC

198 3257 316 3330 ipse
362 3258 648 3328 expertus
688 3251 770 3305 ait
799 3268 816 3302 :
843 3250 925 3306 Et
973 3265 1065 3318 ego
1115 3248 1219 3330 hoc
1262 3253 1367 3300 toto
1411 3249 1602 3300 mentis
1639 3248 1835 3316 aﬂcctu

193 3355 343 3418 opto,
374 3346 645 3418 quoniam
664 3347 831 3412 potus
860 3338 934 3395 ad
967 3345 1268 3392 sanctorum
1295 3343 1646 3405 augustorum
1676 3337 1830 3388 vesti-

194 3440 282 3506 gia
311 3436 438 3491 erat
461 3435 658 3503 degere
693 3432 884 3500 gestio,
927 3444 1090 3499 quam
1129 3425 1371 3480 omnibus
1413 3425 1562 3480 bonis
1581 3425 1834 3496 privatus

187 3530 298 3581 mei
326 3522 640 3598 infortunii
671 3519 1024 3589 ignominiam
1047 3517 1132 3569 hic
1158 3517 1432 3568 sustinere.
1451 3514 1488 3568 7
1499 3521 1686 3568 antum
1703 3530 1832 3583 pro-

188 3618 408 3683 mittite,
465 3612 731 3685 quatinus
773 3623 950 3661 meam
991 3605 1272 3675 conjugem
1317 3619 1552 3674 meaeque
1591 3603 1834 3672 fortunae

187 3704 449 3776 reliquias
494 3716 603 3765 me,
654 3697 983 3768 priusquam
1042 3692 1314 3758 recedatis,
1367 3693 1604 3763 accipere
1656 3691 1828 3745 liceat.

189 3793 353 3846 Tunc
385 3785 707 3845 duodecim
741 3784 988 3848 scrinea,
1019 3782 1192 3852 plena
1220 3781 1500 3836 thesauris
1540 3778 1725 3850 copia,
1760 3780 1833 3833 ad

189 3880 407 3936 littoris
435 3874 779 3947 marginem
813 3871 1004 3926 delata
1022 3873 1176 3925 sunt.
1201 3870 1360 3924 Greci
1384 3871 1491 3924 hoc
1509 3870 1829 3924 cernentes.

192 3971 359 4025 omni
387 3964 752 4024 titubatione
782 3963 1032 4028 remota,
1058 3960 1309 4014 eundem
1331 3976 1526 4014 secum
1551 3960 1693 4012 velle
1731 3958 1834 4011 ﬁr-

192 4063 376 4116 miter
407 4059 498 4111 ire
521 4053 866 4110 credebant.
909 4051 979 4104 Et
1010 4049 1149 4103 dum
1187 4050 1309 4104 haec
1342 4052 1671 4119 agerentur,
1708 4048 1833 4102 Ces-

198 4165 344 4203 sone
365 4149 489 4218 (88)
524 4144 778 4199 Mctense
811 4139 1083 4212 episcopo
1115 4155 1245 4193 cum
1267 4138 1559 4194 nonnullis
1585 4137 1831 4210 aliis(89)

192 4237 384 4293 littori
420 4243 494 4277 10⁵
530 4230 876 4295 astantibus,
911 4228 1030 4299 ipse
1073 4228 1283 4298 adepto
1320 4227 1511 4300 gladio
1563 4227 1620 4280 in
1672 4243 1834 4282 mare

191 4323 496 4397 prosiluit,
543 4325 601 4376 et
633 4318 880 4373 viriliter
912 4317 1168 4371 natando
1202 4316 1592 4372 desideratum
1627 4315 1837 4370 littoris

1940 1925 2150 1998 quibus
2179 1923 2457 1978 alimonia
2485 1925 2776 1978 conﬂuere
2806 1923 2880 1977 ad
2911 1922 3344 1980 Veneticorum
3364 1921 3580 1984 solacia

1941 2016 2242 2075 noverant,
2273 2013 2487 2068 sollerti
2518 2013 2703 2068 studio
2736 2013 3131 2069 custodirent.
3160 2014 3338 2072 Unde
3363 2016 3587 2080 factum

1941 2107 2025 2160 est
2057 2103 2212 2175 quod
2242 2102 2510 2157 Stefanus
2541 2101 2878 2172 Coloprinus
2912 2119 3062 2156 cum
3088 2104 3204 2160 ﬁlio
3235 2123 3352 2162 suo
3382 2109 3586 2171 Domi-

1939 2193 2068 2247 nico
2094 2191 2285 2246 Patavi
2311 2194 2790 2257 commoraretur,
2811 2191 2992 2245 Ursus
3017 2193 3384 2252 Badovarius
3404 2201 3584 2261 Athe-

1939 2281 2048 2335 sim
2079 2279 2315 2333 ﬂuvium
2344 2279 2704 2349 praevideret,
2737 2278 3084 2334 Dominicus
3119 2281 3367 2353 quidem
3426 2291 3578 2349 sum

1938 2384 2072 2423 cum
2105 2370 2273 2422 Petro
2322 2368 2554 2424 tribuno
2595 2367 2860 2422 Mistrinis
2896 2369 3165 2438 partibus
3206 2370 3572 2447 insisterent,

1937 2458 2230 2513 Iohannes
2263 2456 2496 2528 quidem
2525 2459 2813 2512 Bennatus
2843 2473 2946 2511 ceu
2995 2457 3384 2526 nugiberulus
3415 2463 3572 2520 inter

1939 2562 2144 2602 omnes
2173 2545 2492 2600 discurrere
2523 2546 2718 2602 sedule
2749 2546 3077 2610 festinaret,
3111 2544 3363 2600 Marinus
3396 2549 3566 2605 Colo-

1936 2634 2140 2707 prinus
2185 2633 2485 2689 Mistriensi
2526 2635 2808 2690 comitatu
2858 2631 3262 2704 hujuscemodi
3302 2633 3562 2693 ofﬁcium

1936 2725 2266 2797 perageret,
2298 2724 2632 2779 Ravennam
2663 2741 2894 2796 quoque
2915 2721 3154 2776 Stefano
3181 2719 3563 2793 juniori,pre-

1935 2812 2098 2867 libati
2131 2811 2350 2866 Stefani
2380 2812 2519 2879 ﬁlio,
2553 2813 2627 2867 ad
2677 2809 3117 2868 custodiendum
3158 2806 3556 2879 injungerent.

1934 2901 2270 2955 Antedictus
2302 2916 2512 2971 nempe
2529 2901 2820 2955 Tribunus
2843 2901 2959 2955 dux
2985 2896 3437 2967 repugnantium
3467 2898 3557 2952 in-

1935 2989 2195 3044 fidelium
2223 2989 2545 3060 nequitiam
2575 2989 2829 3044 inultam
2861 2987 2962 3043 diu
2983 3002 3097 3039 non
3121 2985 3331 3052 ferens,
3352 2985 3562 3041 domos

1937 3077 2168 3133 illorum
2203 3077 2483 3132 devastari
2515 3078 2804 3149 permisit,
2830 3090 3148 3146 uxoresque
3179 3090 3249 3129 ne
3281 3075 3562 3145 aufugere

1935 3170 2174 3238 possent
2214 3165 2502 3220 custodire
2541 3166 2827 3237 precepit.
2882 3166 3207 3234 Imperator
3253 3168 3453 3220 autem
3499 3160 3561 3215 in

1935 3258 2099 3310 tanta
2130 3254 2433 3308 severitate
2473 3259 2533 3308 et
2562 3254 2789 3310 duricia
2815 3253 2886 3307 ad
2905 3252 3306 3310 Veneticorum
3335 3254 3564 3312 destru-

1935 3341 2193 3397 ctionem
2228 3343 2662 3414 perseverabat,
2700 3359 2816 3415 quo
2844 3357 2947 3396 nec
2973 3343 3232 3412 precibus
3278 3363 3396 3404 nec
3443 3340 3568 3415 qui-

1933 3430 2185 3485 buslibet
2214 3430 2557 3487 muneribus
2585 3449 2725 3489 eum
2751 3432 2973 3502 placare
3002 3433 3274 3488 valerent.
3298 3435 3422 3494 Sed
3446 3449 3568 3489 0m-

1936 3520 2104 3573 nibus
2136 3535 2302 3572 suum
2347 3519 2556 3576 iterum
2597 3523 2938 3596 preceptum
2974 3519 3262 3593 imposuit,
3311 3533 3384 3584 ut
3434 3525 3572 3582 nulli

1934 3608 1994 3661 in
2028 3607 2223 3678 aliqua
2250 3608 2332 3661 sui
2363 3609 2601 3680 imperii
2632 3612 2796 3682 parte
2826 3614 3095 3681 pervento
3127 3612 3413 3673 Venetico
3434 3634 3566 3690 par-

1936 3713 2066 3750 cere
2099 3695 2356 3749 auderet.
2388 3697 2482 3750 His
2513 3700 2757 3770 quidem
2790 3697 3036 3751 deﬁnitis
3063 3701 3310 3759 Romam
3345 3707 3562 3768 viscere

1936 3783 2254 3854 disposuit;
2298 3783 2355 3836 in
2385 3802 2500 3854 qua
2532 3802 2655 3840 non
2688 3785 2784 3838 diu
2814 3785 3129 3842 incolomes
3159 3807 3391 3863 manes,
3420 3801 3557 3855 vali-

1937 3872 2009 3926 da
2042 3871 2350 3940 ingruente
2383 3871 2566 3939 febre,
2615 3877 2875 3927 mortuus
2919 3877 3021 3942 est,
3073 3879 3444 3954 sepultusque
3492 3888 3552 3944 in

1937 3960 2119 4014 sancti
2153 3960 2304 4013 Petri
2338 3963 2500 4014 curte
2526 3977 2645 4015 non
2673 3964 2870 4033 procul
2917 3979 2950 4017 a
2981 3969 3190 4020 sanctae
3220 3969 3410 4026 Mariae
3456 3992 3550 4029 ec-

1936 4049 2110 4104 clesia
2145 4053 2262 4115 (an.
2295 4050 2420 4111 983,
2451 4051 2584 4104 Dec.
2618 4051 2694 4121 7).
2729 4050 2890 4105 Unde
2921 4068 3040 4106 non
3079 4053 3318 4110 dubium
3370 4065 3455 4115 est
3486 4070 3548 4119 ut

1937 4138 2177 4210 quidam
2209 4136 2478 4208 spiritalis
2510 4138 2849 4207 monachus,
2869 4141 3075 4211 angelo
3098 4143 3205 4197 sibi
3234 4144 3548 4221 indicante,

1937 4225 2230 4297 cognovit,
2265 4226 2420 4297 quod
2459 4227 2532 4281 ob
2570 4227 2975 4284 Veneticorum
3015 4230 3389 4288 afﬂictionem
3428 4237 3552 4294 ino-

1939 4315 2202 4386 pinatam
2236 4313 2571 4370 incurrisset
2596 4319 2869 4376 mortem.
2901 4319 3146 4375 Venecia
3177 4338 3428 4396 namque
3444 4342 3549 4397 per

193 4427 550 4485 margmem
579 4408 792 4462 inlesus
823 4405 1008 4478 petiit,
1044 4408 1101 4459 et
1130 4405 1209 4459 sic
1239 4423 1272 4460 a
1303 4405 1526 4461 duobus
1568 4392 1908 4475 periculisD
1939 4403 2245 4460 biennium
2276 4405 2378 4457 tali
2409 4420 2679 4477 perpessa
2719 4406 3036 4463 infortunio
3090 4392 3383 4467 divinitate
3415 4392 3550 4486 p—ro-

187 4504 511 4568 liberatus,
547 4499 794 4552 Romam
824 4511 956 4549 cum
994 4511 1168 4549 uxore
1200 4495 1451 4550 advenit.
1484 4493 1706 4548 Deinde
1729 4494 1835 4547 Pa-

193 4593 363 4663 piam
393 4592 738 4657 ceterasque
765 4583 941 4638 Italiae
994 4582 1250 4638 civitates
1279 4599 1616 4654 peragrans,
1661 4582 1837 4636 Vero-

188 4697 343 4734 nam
371 4676 521 4732 adiit
549 4675 667 4745 (an.
699 4675 824 4741 983,
857 4671 1036 4743 Jun).
1088 4671 1273 4735 Quem
1313 4671 1623 4743 praedictus
1655 4669 1836 4724 Stefa-

188 4786 312 4823 nus
346 4763 702 4835 Coloprinus
725 4777 841 4816 una
862 4777 996 4814 cum
1021 4759 1242 4814 duobus
1267 4759 1399 4814 ﬁliis
1422 4761 1478 4813 et
1495 4758 1837 4830 quibusdam

185 4853 575 4932 parentibus,
609 4854 879 4922 expertus
909 4849 1064 4921 quod
1090 4849 1565 4904 Maurecenorum
1596 4847 1838 4902 temeri-

187 4955 315 5014 tas,
353 4943 520 5000 ducis
544 4941 812 4996 videlicet
842 4940 1126 5006 consultu,
1161 4939 1417 5008 parentis
1441 4940 1696 4992 mortem
1721 4937 1837 4991 vel-

185 5039 331 5093 lent
382 5030 602 5097 ulcisci,
652 5031 802 5084 clam
850 5029 922 5083 de
973 5028 1210 5083 Venetia
1258 5027 1452 5082 exiens
1497 5025 1839 5080 festinanter

188 5125 373 5181 adire
417 5117 773 5195 procuravit.
823 5117 922 5172 Cui
971 5117 1293 5189 imperator
1341 5114 1686 5181 valedicens,
1739 5128 1839 5168 cur

1937 4492 2082 4564 pitia
2111 4491 2359 4547 liberata
2390 4497 2495 4547 est.
2528 4495 2862 4550 Prtelibatus
2884 4498 3121 4569 quidem
3150 4499 3414 4557 Stefanus
3440 4504 3548 4560 Co-

1938 4581 2202 4652 IOprinus
2233 4598 2350 4636 una
2384 4599 2517 4636 cum
2548 4583 2677 4638 ﬁliis
2709 4588 2765 4638 et
2803 4587 3005 4640 ceteris
3046 4588 3169 4641 aliis
3208 4589 3550 4660 Papiensem

1940 4670 2146 4724 urbem
2179 4669 2338 4724 adire
2361 4674 2715 4743 satagerunt,
2738 4673 3010 4746 ﬂexisque
3031 4677 3340 4748 poplitibus
3363 4681 3550 4736 Adhe-

1939 4758 2156 4813 Ieidam
2185 4763 2510 4828 augustam,
2549 4778 2676 4833 quas
2717 4761 2858 4816 inibi
2906 4765 3264 4832 morabatur,
3309 4783 3546 4826 exorare

1940 4847 2298 4901 incessanter
2328 4853 2626 4920 ceperunt,
2657 4855 2718 4905 ut
2747 4850 2914 4906 inlesi
2940 4869 3040 4908 suo
3072 4861 3549 4915 conservarentur

1939 4934 2000 4989 in
2045 4951 2252 5006 regno,
2285 4937 2562 5007 quoniam
2614 4941 2885 4997 omnibus
2923 4957 3072 5012 pene
3111 4944 3286 4999 Italiae
3331 4946 3548 5016 princi-

1940 5023 2107 5095 pibus
2144 5027 2333 5079 morte
2365 5025 2525 5098 digni
2553 5028 2626 5083 ob
2653 5031 2900 5102 proprize
2946 5031 3148 5101 patriae
3194 5034 3544 5092 delationem

1942 5112 2016 5182 dij
2030 5111 2238 5167 udicati
2267 5116 2419 5169 sunt.
2461 5115 2616 5173 Tunc
2645 5121 2885 5191 repente
2916 5120 3070 5193 apud
3095 5120 3352 5178 Ticinum
3391 5140 3546 5181 mor-

1540 5202 1776 5258 VARUE
1812 5199 2106 5257 LECTION
2115 5199 2216 5259 ES.

274 5293 356 5329 105
389 5280 570 5340 littori
597 5297 652 5338 a.
682 5279 724 5335 i.
752 5295 804 5337 a.
835 5295 892 5351 g.
927 5265 968 5333 i.
997 5295 1078 5335 m.
1116 5296 1174 5350 p.
1209 5280 1346 5335 etv.
1377 5277 1436 5333 d.
1472 5276 1660 5332 desunt
1695 5279 1748 5330 2.
1779 5275 1831 5351 ἷξε

1790 5344 2016 5402 NOTAE.

187 5434 437 5494 cembri
465 5434 717 5489 Venetos
746 5430 1166 5504 commeatibus
1182 5429 1502 5504 prohibuit,
1525 5431 1583 5504 et
1600 5426 1837 5504 biennio

1938 5429 2028 5480 iur
2057 5421 2297 5506 Qessone,
2329 5425 2722 5506 Mete_nse,_etc.
2763 5431 3232 5505 distinguendum
3263 5433 3355 5506 sit,
3407 5434 3541 5494 Cc:-

190 5511 418 5566 exacto
447 5507 742 5561 Veronam
772 5503 975 5573 redux,
1017 5502 1110 5558 die
1141 5496 1354 5560 7’Junii
1389 5519 1444 5559 a.
1479 5496 1582 5557 983
1604 5503 1842 5572 pactum
1937 5496 2212 5575 ioneloco
2238 5498 2476 5556 Rossanz'
2493 5503 2725 5575 scripto.

193 5578 538 5638 renovavit.

2151 5568 2403 5658 ,Liupone
2422 5568 2824 5658 e‘t‘I'iicliizone.
2846 5575 2936 5654 Cf,
2957 5575 3260 5652 Alpertum
3287 5578 3384 5640 SS.
3408 5582 3449 5658 tl.
3471 5579 3539 5636 IV

277 5651 404 5725 (88)
427 5649 724 5713 Dcodcrico
742 5677 764 5723 ,-
802 5647 912 5708 nisi
941 5647 1185 5736 fortasse
1221 5645 1298 5707 Et
1315 5645 1446 5706 dum
1478 5643 1590 5703 haec
1623 5659 1842 5722 ageren-
1941 5639 2311 5719 (Patrjologiée)
2346 5647 2392 5723 t_.
2427 5643 2591 5721 CXL).
