3998 6166
504 412 610 468 923

1710 404 2044 463 JOHANNIS
2072 402 2358 464 DIACONI
2382 406 2658 466 VENETl.
3650 424 3733 481 9‘25

505 536 606 587 tuo
640 528 874 587 Stefano
901 527 1525 601 Coloprino,‘augusta,
1578 527 1864 599 praecibus
1902 526 2119 599 Ugonis
2136 531 2193 590 Α
2220 528 2567 586 Croatorum
2593 530 2925 589 Sclavorum
2977 532 3333 615 oppressione
3372 549 3486 593 suos
3520 541 3736 609 potenter

506 619 770 674 videlicet
798 616 1152 673 marchionis
1178 617 1508 684 constricta,
1544 616 1695 672 ﬁlios
1723 633 1855 672 cum
1883 616 2116 689 quibus-

507 708 641 764 dam
679 706 801 762 aliis
825 706 940 761 suis
989 707 1361 778 precuntibus
1411 707 1627 761 nuntiis
1683 707 1756 760 ad
1796 705 2116 761 Tribunum

507 797 711 852 ducem
744 795 1070 865 destinavit,
1104 797 1375 868 quatinus
1405 795 1677 868 quicquid
1708 795 1815 850 sibi
1858 796 1946 849 vel
1987 796 2116 866 qui-

507 884 757 941 buslibet
784 884 911 940 aliis
934 900 1201 956 perverse
1232 886 1627 957 deliquissent,
1654 901 1754 940 suo
1786 900 1986 939 amore
2009 885 2117 939 Ve-

506 975 728 1029 netiam
771 983 842 1017 ίοσ
888 976 1162 1047 consequi
1209 978 1596 1029 mererentur.
1648 974 1933 1029 Tribunus
1979 990 2116 1029 vero

506 1062 618 1117 dux
645 1080 999 1137 quamquam
1026 1063 1238 1119 invitus
1285 1067 1483 1119 tamen
1532 1062 1915 1134 imperatricis
1953 1063 2116 1133 jussu

510 1153 570 1206 et
595 1166 787 1223 prece,
815 1153 1066 1225 gratiam
1097 1152 1266 1207 simul
1301 1156 1357 1207 et
1388 1151 1639 1222 patriam
1679 1150 1789 1206 illis
1819 1151 2118 1217 concessit,

506 1243 564 1295 et
592 1241 827 1313 insuper
858 1258 929 1296 ne
961 1242 1033 1296 ab
1065 1241 1269 1313 aliquis
1299 1240 1671 1296 inimicorum
1710 1242 1930 1295 temere
1972 1240 2124 1295 occi-

510 1329 806 1397 derentur,
827 1334 1100 1403 quattuor
1113 1330 1472 1401 juratoribus
1490 1333 1982 1386 sacramentorum
2008 1330 2124 1386 ﬁde

508 1418 744 1486 muniti,
790 1419 974 1473 securi
1015 1419 1077 1474 in
1122 1419 1312 1491 patria
1358 1418 1755 1492 persisterunt.
1802 1419 2124 1475 Maureceni

514 1522 654 1561 sane
686 1507 843 1561 taciti
876 1508 987 1563 hoc
1012 1511 1203 1564 totum
1251 1508 1704 1576 considerantes,
1746 1508 1991 1564 ﬁrmiter
2026 1526 2127 1581 pa-

509 1595 694 1650 rentis
722 1599 975 1651 mortem
1008 1596 1301 1652 vindicare
1328 1596 1727 1651 decreverunt.
1762 1596 2126 1669 Quapropter

512 1683 651 1737 dum
683 1684 935 1756 quadam
979 1685 1101 1739 dies
1132 1688 1247 1740 tres
1289 1686 1516 1752 fratres,
1562 1686 1782 1741 Stefani
1830 1686 2122 1758 Coloprini

511 1773 653 1841 nati,
688 1774 760 1828 de
792 1776 1004 1846 palatio
1042 1777 1211 1832 solito
1234 1778 1445 1831 vellent
1494 1777 1736 1832 domum
1776 1793 1955 1849 parva
1999 1782 2125 1833 rate

2219 616 2518 686 liberavit;
2545 619 2749 692 quibus
2773 621 2949 677 etiam
2975 622 3206 679 solitum
3227 626 3740 698 censum(9l)primus

2221 708 2361 762 dare
2394 709 2709 768 interdixit.
2747 710 2889 765 Cum
2912 711 3117 767 Italicis
3145 729 3273 768 vero
3301 713 3611 788 principibus
3633 718 3742 771 ami-

2223 795 2377 852 ciciae
2403 797 2620 853 foedere
2650 801 2952 872 copulatus
2981 817 3208 873 semper
3222 802 3477 859 mansisse
3501 805 3741 876 probatur.

2221 885 2441 940 Tamen
2469 886 2513 941 si
2563 888 2688 959 quis
2726 889 2936 944 horum
2986 890 3177 963 aliqua
3222 890 3445 963 stipatus
3481 894 3745 950 temeritate

2221 975 2340 1030 suis
2371 976 2664 1047 quoddam
2689 979 3048 1035 honerosum
3070 982 3197 1053 plus
3209 981 3355 1054 pacti
3379 982 3582 1038 decreto
3601 984 3748 1055 impo-

2224 1080 2366 1119 nere
2395 1066 2682 1137 voluisset,
2713 1067 2955 1123 viriliter
2995 1069 3321 1126 obsistendo
3354 1070 3435 1125 sui
3474 1086 3673 1143 compos
3704 1070 3748 1126 in

2227 1153 2498 1209 omnibus
2513 1156 2966 1221 manebat.Quid
2986 1157 3214 1213 dicam?
3231 1158 3480 1232 proprios
3492 1175 3635 1232 aequo
3655 1172 3751 1215 me.

2228 1243 2528 1300 deramine
2556 1245 2959 1319 aequitatisque
2985 1246 3203 1303 trutina
3237 1264 3454 1320 preesse
3488 1247 3750 1320 satagebat;

2228 1334 2486 1389 extranei
2520 1351 2652 1390 vero
2685 1352 2801 1391 suae
2843 1335 3239 1393 resistentibus
3268 1335 3462 1393 ditioni
3487 1334 3756 1393 vicissitudi-

2230 1438 2366 1476 nem
2395 1426 2899 1497 recompensabat.
2924 1426 3138 1492 Quibus
3157 1434 3353 1482 tamen
3376 1424 3596 1482 fortunis
3617 1425 3757 1479 Vene-

2229 1512 2318 1568 cia
2344 1512 2457 1568 suis
2487 1512 2687 1568 diebus
2719 1514 2944 1584 claruit,
2978 1516 3124 1572 serie
3158 1514 3401 1588 prodere
3428 1513 3666 1571 conabor.
3697 1513 3755 1569 Eo

2228 1618 2483 1675 namque
2551 1605 2817 1674 tempore
2873 1604 3175 1660 Gradensis
3220 1604 3426 1671 civitas,
3470 1620 3582 1675 quae
3625 1602 3759 1656 totius

2229 1708 2391 1747 novae
2420 1692 2672 1749 Venetia:
2706 1694 3044 1766 metropolis
3090 1695 3215 1750 fore
3245 1692 3595 1765 dignoscitur,
3620 1694 3759 1745 vetus-

2228 1785 2343 1837 tate
2371 1800 2437 1837 ex
2468 1784 2724 1838 maxima
2754 1785 2917 1856 parte
2949 1785 3292 1856 consumpta
3312 1782 3606 1849 videbatur,
3626 1796 3758 1852 quam

513 1861 727 1930 redire,
770 1879 805 1917 a
844 1867 1118 1935 quattuor
1165 1864 1517 1920 Maurocenis
1556 1865 1914 1938 interempti,
1962 1859 2123 1922 rivoli
2149 1859 2200 1918 B
2223 1870 2533 1942 praedictus
2554 1872 2823 1945 princeps
2849 1872 2923 1927 ad
2942 1872 3066 1944 ipso
3085 1871 3418 1928 fundamine
3435 1869 3504 1925 ad
3521 1884 3761 1942 propung-

507 1948 704 2005 latices
731 1952 970 2024 proprio
1004 1969 1206 2009 cruore
1224 1955 1568 2010 iniecerunt.
1591 1954 1852 2019 Quorum
1878 1971 2125 2028 corpora

507 2055 543 2094 a
572 2040 829 2111 quodam
862 2058 963 2097 suo
993 2042 1231 2098 homine
1260 2044 1331 2099 de
1365 2044 1587 2116 limpha
1630 2045 1874 2111 sublata,
1919 2046 2121 2101 orbate

507 2129 789 2200 genetrici
847 2134 1020 2203 atque
1075 2133 1416 2205 conjugibus
1476 2133 1667 2189 delata
1717 2137 1870 2189 sunt.
1931 2134 2122 2189 Altera

507 2234 642 2274 vero
669 2219 760 2275 die
791 2219 850 2275 in
893 2221 1074 2277 sancti
1113 2223 1399 2279 Zachariae
1429 2224 1785 2280 monasterio
1836 2227 2120 2281 tumulata

509 2310 643 2362 sunt
660 2317 749 2363 107.
785 2309 1041 2373 Quorum
1075 2312 1187 2367 duo
1222 2312 1349 2368 laici
1368 2313 1635 2381 fuerunt;
1668 2314 1869 2369 tertius
1899 2317 2115 2385 autem,

509 2395 573 2450 id"
617 2400 704 2451 est
746 2399 1059 2469 Iohannes,
1110 2401 1406 2456 clericatus
1449 2402 1621 2458 ofﬁcii
1665 2406 1880 2458 sortem
1921 2404 2113 2475 gessit.

508 2483 664 2541 Licet
693 2487 805 2542 dux
834 2488 906 2543 ab
934 2489 1327 2561 hujuscemodi
1359 2492 1519 2547 nefas
1550 2509 1608 2547 se
1631 2491 1935 2548 inmunem
1984 2496 2119 2550 red-

507 2572 962 2643 deret,nonnulli
982 2580 1176 2633 tamen
1194 2580 1455 2651 ejusdem
1476 2581 1702 2636 sceleris
1733 2599 1865 2637 eum
1880 2583 2117 2640 noxium

506 2662 903 2723 afﬁrmabant.
928 2670 1096 2724 Anno
1126 2686 1262 2725 vero
1294 2674 1358 2726 l3
1407 2671 1492 2726 sui
1523 2671 1760 2726 ducatus
1791 2671 1977 2727 isdem
2006 2672 2117 2728 dux

503 2752 836 2810 Mauricium
867 2773 1033 2812 suum
1058 2758 1241 2814 ﬁlium
1268 2758 1833 2833 Constantinopolim
1855 2762 2115 2832 mittens,

506 2840 630 2914 ipso
674 2844 999 2917 eodemque
1054 2846 1392 2904 inﬁrmitate
1437 2849 1725 2917 detentus,
1775 2867 1871 2906 sex
1915 2851 2118 2909 diebus

508 2947 627 2988 non
668 2948 769 2989 sua
796 2937 1003 3007 sponte
1035 2936 1139 2991 sed
1168 2939 1381 3010 populo
1414 2942 1659 3011 cogente
1691 2944 2005 3013 antequam
2037 2940 2117 2996 ul-

505 3021 717 3079 timum
747 3024 854 3081 sibi
886 3025 1333 3096 obscuresceret,
1364 3029 1682 3085 monachus
1711 3030 1772 3085 in
1802 3030 1983 3085 sancti
2012 3031 2116 3085 Za—

506 3112 715 3168 chariae
740 3115 1000 3172 caenobio
1028 3116 1261 3173 eﬂ'ectus
1290 3120 1393 3174 est.
1433 3120 1668 3175 Praefuit
1697 3124 1891 3176 autem
1932 3121 2116 3176 Vene-

2224 1961 2567 2016 naculorum
2599 1977 2775 2032 usque
2806 1959 3207 2017 summitatem
3250 1958 3605 2016 munitissima
3637 1972 3763 2012 reno-

2222 2048 2395 2117 vavit,
2429 2049 2786 2122 domumque
2806 2048 3103 2122 propriam
3130 2048 3191 2105 in
3225 2065 3293 2105 ea
3309 2050 3468 2121 juxta
3497 2045 3762 2103 occidenta-

2222 2137 2343 2192 lem
2388 2138 2595 2193 turrim
2623 2137 2891 2194 ediﬂcare
2922 2138 3076 2207 fecit,
3109 2137 3361 2211 parietes
3396 2138 3556 2194 etiam
3590 2150 3671 2190 seu
3695 2151 3763 2189 ec-

2224 2226 2530 2281 clesiarum
2558 2226 2853 2299 laquearia
2892 2243 3156 2283 recreare
3189 2226 3554 2283 libentissime
3577 2223 3761 2278 studuit.

2220 2316 2391 2387 Apud
2421 2316 2719 2371 Civitatem
2749 2314 2989 2388 quidem
3021 2333 3254 2386 novam,
3288 2332 3413 2390 quas
3441 2319 3648 2371 vocatur
3666 2314 3767 2368 Era-

2223 2405 2433 2471 cliana,
2452 2406 2703 2477 pulchras
2734 2404 3009 2476 imaginis
3038 2405 3281 2462 domum
3315 2422 3426 2461 una
3447 2419 3569 2461 cum
3596 2401 3766 2476 capella

2222 2497 2347 2567 ipso
2375 2494 2700 2567 eodemque
2737 2497 3008 2566 tempore
3045 2511 3399 2569 componere
3425 2494 3568 2550 fecit.

2296 2586 2523 2639 Interea
2563 2584 2854 2639 Iohannes
2894 2583 3231 2639 Belonensis
3271 2582 3555 2656 episcopus
3593 2576 3769 2635 Veneti-

2221 2689 2471 2745 quorum
2503 2671 2740 2729 ducatus
2771 2672 2992 2745 praedia
3038 2672 3097 2727 in
3138 2672 3350 2728 ﬁnibus
3380 2670 3610 2727 Civitatis
3642 2682 3768 2723 nova:

2217 2765 2453 2821 Tribuni
2483 2766 2639 2821 ducis
2671 2768 2938 2838 tempore
2978 2770 3254 2840 usurpata
3301 2783 3404 2839 per
3438 2765 3546 2820 vim
3584 2764 3769 2818 actenus

2219 2853 2533 2917 retinebat,
2550 2871 2723 2927 quem
2748 2869 2856 2909 nec
2868 2854 3080 2926 regalis
3095 2854 3280 2926 jussio
3296 2871 3401 2910 nec
3422 2850 3654 2927 quolibet
3668 2863 3771 2922 pro-

2218 2942 2460 2998 missum
2491 2943 2562 2998 ab
2590 2942 2712 3014 ipso
2745 2942 3132 2998 infortunium
3154 2945 3377 2999 terrere
3407 2936 3772 3015 potuit,quoin-

2208 3032 2363 3104 juste
2389 3035 2615 3087 retenta
2639 3031 2884 3087 reddere
2913 3048 3235 3105 pacemque
3267 3048 3399 3087 cum
3429 3030 3627 3086 domno
3639 3026 3769 3081 Petro

2219 3121 2362 3176 duce
2387 3121 2648 3176 haberet.
2684 3120 2791 3185 Qui
2821 3120 2935 3175 dux
2967 3136 3332 3193 quamquam
3356 3119 3771 3184 moleste,tamen

509 3199 634 3255 ticis
666 3202 833 3258 annis
873 3205 936 3257 13
968 3207 1026 3259 et
1072 3205 1365 3261 mensibus
1403 3207 1679 3280 quinque.
1733 3207 2115 3281 Sepultusque
2146 3214 2195 3274 C
2218 3209 2473 3281 paciﬁce,
2496 3208 2732 3264 interim
2764 3207 3011 3263 Heinrici
3038 3209 3199 3265 ducis
3238 3206 3593 3283 praesentiam
3634 3201 3772 3255 Vero-

511 3290 571 3344 et
598 3289 659 3345 in
685 3292 895 3347 eodem
927 3294 1281 3349 monasterio
1303 3302 1392 3349 ιοθ.

580 3407 749 3463 Anno
774 3424 910 3462 vero
938 3409 1255 3466 Dominicaa
1282 3411 1701 3468 Incarnationis
1735 3415 2119 3487 noningente-

504 3494 655 3551 simo
686 3498 1066 3568 nonagesimo
1094 3498 1281 3571 primo
1318 3503 1574 3569 Petrum,
1608 3503 1884 3559 antedicti
1916 3505 2118 3561 domui

508 3584 664 3641 Petri
694 3585 900 3641 Ursiuli
926 3586 1080 3641 ducis
1114 3590 1394 3659 sobolem,
1444 3590 1743 3662 trigesimo
1777 3609 1892 3647 sua:
1934 3594 2119 3650 aetatis

504 3691 662 3730 anno
693 3674 1097 3732 Veneticorum
1119 3679 1313 3750 populi
1337 3680 1411 3734 ad
1440 3682 1747 3753 paternam
1774 3681 2119 3752 dignitatem

508 3767 944 3837 promoverunt.
955 3765 1059 3830 Qui
1073 3767 1362 3839 probitate
1377 3772 1433 3823 et
1444 3772 1573 3824 actu
1586 3770 1741 3824 haud
1761 3770 2122 3842 degenerans

512 3868 548 3908 a
591 3850 720 3909 divo
755 3857 1019 3924 parente,
1061 3855 1356 3929 utriusque
1395 3860 1594 3913 tamen
1625 3859 1879 3915 hominis
1918 3861 2127 3933 peritia

514 3958 719 3998 omnes
743 3958 912 4013 poene
944 3944 1210 4017 antiquos
1236 3948 1548 4003 excellebat
1576 3948 1766 4005 duces.
1788 3950 1896 4003 Istc
1914 3967 2125 4022 nempe

509 4033 713 4106 patriae
742 4035 989 4090 comoda
1012 4051 1127 4090 non
1155 4036 1330 4091 modo
1349 4036 1409 4091 in
1441 4037 1691 4108 priscum
1711 4039 2126 4095 consolidando

512 4123 741 4178 reduxit
764 4124 998 4194 statum,
1030 4142 1231 4181 verum
1275 4124 1335 4180 in
1380 4128 1610 4182 tantum
1660 4142 1787 4181 rem
1836 4127 2128 4199 publicam

516 4212 694 4280 auxit,
737 4216 801 4267 ut
842 4213 959 4269 suis
1004 4214 1364 4287 temporibus
1404 4215 1651 4270 Venecia
1690 4231 1811 4286 prae
1860 4216 2129 4272 omnibus

513 4300 893 4356 ﬁnitimarum
908 4302 1212 4372 provinciis
1225 4303 1431 4360 decore
1444 4309 1501 4359 et
1514 4304 1809 4377 opulentia
1820 4305 2131 4361 sublimata

515 4388 821 4445 diceretur.
842 4392 902 4445 In
929 4390 1015 4446 sui
1032 4391 1267 4464 quidem
1289 4393 1526 4450 honoris
1548 4393 1782 4450 exordio
1802 4394 2132 4451 Constanti-

2218 3298 2412 3353 nensis
2444 3297 2759 3371 susciperet
2789 3297 3069 3366 marchia,
3101 3297 3213 3353 hoc
3237 3297 3501 3353 tollerare
3530 3285 3775 3363 disposuit.

2219 3388 2500 3442 Pervento
2528 3401 2667 3440 vero
2698 3386 2861 3453 duce,
2895 3384 3010 3440 suis
3035 3385 3417 3441 internunciis
3445 3380 3671 3439 eundem
3693 3390 3772 3448 pe-

2217 3477 2340 3531 tere
2362 3474 2708 3548 procuravit.
2734 3474 2841 3539 Qui
2863 3473 3139 3530 amicicie:
3159 3475 3380 3531 foedere
3409 3472 3694 3533 simulatus,
3720 3460 3772 3517 de

2217 3565 2479 3620 Johanne
2525 3562 2794 3635 episcopo
2843 3578 2943 3617 seu
2991 3562 3197 3618 ceteris
3245 3561 3353 3618 sibi
3400 3553 3773 3617 adversantibus

2219 3653 2412 3724 legem
2440 3634 2630 3707 facere
2652 3634 2737 3707 add
2751 3667 2917 3706 suum
2935 3652 3082 3707 velle
3102 3651 3636 3724 sp0pondit.Tamen
3655 3634 3774 3716 quod

2223 3758 2322 3797 ore
2346 3741 2629 3812 promisit,
2659 3740 2821 3795 citius
2850 3740 3100 3795 faciendi
3131 3742 3487 3795 voluntatem
3516 3736 3651 3825 dicto
3676 3743 3776 3825 pet:-

2225 3830 2484 3885 mutavit.
2504 3831 2703 3884 Petrus
2724 3829 2918 3901 itaque
2940 3828 3054 3883 dux
3075 3831 3254 3884 tantae
3275 3823 3617 3899 deceptionis
3628 3823 3777 3895 provi-

2226 3919 2351 3988 dus,
2399 3934 2565 3973 suum
2624 3918 2882 3990 legatum
2923 3917 3119 3972 Ottoni
3163 3916 3541 3972 famosissima
3579 3908 3684 3982 regi
3724 3902 3778 3959 ad

2225 4006 2573 4080 Aquisgrani
2599 4005 2908 4079 pallacium
2936 4007 3060 4061 sine
3088 4005 3283 4078 aliqua
3312 4020 3477 4060 mora
3496 3992 3778 4056 transmisit,

2229 4097 2327 4168 qui
2346 4095 2678 4167 hujusmodi
2709 4110 2909 4150 causas
2936 4094 3139 4149 ordine
3158 4095 3264 4149 sibi
3285 4093 3578 4166 panderet.
3599 4088 3696 4142 Hoc
3709 4081 3781 4136 de

2229 4185 2403 4258 nique
2433 4185 2699 4257 expertus
2719 4200 2818 4239 rex
2845 4184 3138 4256 prenotati
3175 4183 3337 4239 ducis
3372 4179 3606 4237 Heinrici
3627 4176 3780 4232 actum

2229 4274 2471 4329 omnino
2492 4273 2869 4345 redarguens,
2894 4272 3206 4344 omniaque
3230 4271 3480 4327 obmissa
3498 4265 3690 4341 praedia
3703 4263 3782 4316 Pe-

2227 4366 2317 4419 tro
2348 4363 2476 4419 duci
2497 4362 2827 4435 praeceptali
2857 4361 3220 4417 institutione
3250 4361 3324 4416 ad
3352 4357 3780 4415 babendumcon-

517 4443 903 4549 nopoiyialio;
923 4443 1678 4554 εἷ’ξᾶιᾞὲεέἇὲ
2148 4473 2203 4534 D
2229 4451 2513 4507 cessitzcui
2534 4451 2712 4507 etiam
2734 4452 3088 4554 Brunonem,
3097 4450 3353 4549 nobilem
3382 4463 3542 4503 suum
3562 4443 3779 4554 militiai:

517 4573 807 4648 principes
829 4577 943 4633 suis
963 4578 1351 4651 legationibus
1371 4581 1624 4651 placatos
1650 4597 1715 4636 ac
1743 4581 1977 4637 devotos
1995 4584 2135 4638 ami-

517 4688 616 4729 cos
636 4673 806 4729 ﬁrma
823 4676 1132 4731 stabilitate
1156 4676 1480 4749 adquisivit.
1497 4678 1742 4734 Nuncios
1765 4680 1941 4735 etiam
1956 4679 2134 4738 Saxo-

520 4770 682 4827 niam
708 4771 782 4828 ad
803 4772 1045 4829 tercium
1074 4774 1350 4831 Ottonem
1370 4793 1594 4849 regem,
1618 4778 1895 4850 praeclare
1924 4778 2135 4835 indolis

519 4870 850 4940 puerulum,
875 4872 1202 4941 destinavit,
1225 4890 1359 4929 cum
1376 4891 1490 4947 quo
1508 4879 1669 4931 tanto
1689 4876 1903 4931 amoris
1919 4880 1981 4931 et
1995 4878 2137 4932 ami-

521 4964 677 5023 cicie
688 4967 913 5027 vinculo
936 4987 1058 5028 sese
1090 4972 1418 5041 coarctavit,
1441 4972 1711 5046 quatinus
1730 4976 1959 5029 remota
1988 4973 2133 5030 dila-

519 5064 978 5142 tione,deinceps
990 5069 1257 5143 quicquid
1269 5069 1373 5125 sibi
1386 5071 1655 5145 possibile
1675 5072 2043 5144 competebat
2056 5073 2130 5129 ad

2229 4541 2406 4608 misit,
2439 4541 2536 4612 qui
2562 4541 2672 4595 hoc
2725 4539 3038 4611 negocium
3072 4537 3215 4609 legis
3274 4551 3516 4592 censura
3558 4530 3781 4603 regiaque

2232 4630 2574 4685 auctoritate
2604 4628 2758 4683 inter
2785 4644 2843 4682 se
2884 4631 2941 4682 et
2970 4627 3308 4700 episc0pum
3335 4624 3608 4681 deﬁniret.
3638 4618 3783 4683 Quem

2233 4718 2532 4790 episcopus
2564 4716 2709 4773 adeo
2741 4716 3186 4789 ﬂoctipendens,
3216 4718 3280 4770 ut
3302 4715 3463 4769 illum
3494 4727 3591 4767 nec
3626 4703 3785 4762 conlo-

2235 4806 2370 4879 quio
2403 4807 2564 4863 adire
2586 4822 2694 4861 nec
2722 4805 2919 4862 videre
2950 4804 3241 4860 voluisset.
3292 4804 3544 4875 Cumque
3583 4797 3785 4888 domnus

2234 4895 2436 4951 Petrus
2463 4897 2577 4951 dux
2605 4896 2742 4951 talia
2766 4897 3051 4961 cerneret,
3085 4896 3320 4966 accepto
3363 4908 3396 4947 a
3431 4889 3580 4962 regio
3613 4891 3783 4940 nuncw

2233 4986 2291 5039 et
2319 5001 2353 5039 a
2383 4984 2496 5040 suis
2527 4985 2752 5040 salubre
2792 4982 3119 5052 consilium,
3166 4980 3498 5036 inevitabile
3536 4974 3784 5032 decretum

2228 5089 2403 5147 supra
2430 5091 2562 5130 suos
2577 5073 2871 5147 imposuit,
2896 5089 3009 5146 quo
3032 5088 3208 5128 nemo
3230 5070 3460 5125 illorum
3477 5066 3651 5139 aliqua
3668 5070 3785 5132 prie-

520 5164 719 5222 votum
747 5170 1213 5242 consequeretur
1241 5168 1373 5241 (90).
1407 5167 1642 5225 Hisdem
1672 5184 1924 5242 namque
1952 5170 2063 5226 dux
2092 5187 2127 5228 a
2225 5166 2559 5238 sumptione
2586 5165 2761 5221 fultus
2797 5163 3147 5237 praedictam
3172 5177 3272 5217 seu
3313 5159 3631 5217 lstriensem
3653 5157 3785 5206 ausus

1850 5258 2077 5314 VARUE
2116 5254 2523 5329 LECTIONESg
2729 5328 2732 5329 ν
2780 5324 2791 5329 _
3317 5323 3350 5329 __
3406 5320 3421 5329 .
3464 5320 3483 5329 -
3556 5315 3591 5329 ..
3654 5304 3753 5329 φλ

591 5336 663 5399 196
691 5328 934 5386 Veniam
961 5329 1189 5385 Zanetti
1215 5329 1381 5399 legere
1414 5328 1648 5394 mavult;
1678 5328 1768 5386 sed
1796 5308 2245 5389 zec'tia7bTchZI
2256 5308 2599 5399 iééieﬁiz‘bus
2644 5324 2895 5399 patriam
2923 5323 3034 5382 illis
3081 5323 3359 5383 concessit
3384 5315 3591 5392 defendi
3604 5308 3784 5399 Ρθίῗζξξξ

518 5406 590 5444 ιοτ
605 5397 698 5456 Ita
723 5406 743 5457 1
770 5402 1051 5458 Altera—
1079 5403 1213 5459 sunt
1240 5397 1429 5458 desunt
1459 5403 1516 5454 in
1544 5401 1664 5458 edd.

517 5473 672 5530 inter
693 5474 838 5547 ipsas
866 5490 946 5530 res
967 5479 1142 5546 gestas
1158 5474 1358 5546 sm'pta
1396 5488 1501 5530 esse
1526 5471 1793 5533 videntur.

1765 5410 1834 5445 108
1875 5401 1987 5459 Hic
2014 5405 2076 5462 in
2104 5402 2281 5459 codice

2377 5382 2457 5457 rb.
2490 5382 2682 5456 lacuna
2711 5403 2880 5456 exstat
2907 5400 3066 5455 unius
3096 5382 3346 5473 paginae;
3390 5382 3506 5470 qua:
3540 5382 3785 5460 seq—nunt“?

2076 5563 2305 5623 NOTIE.

593 5633 711 5709 (90)
740 5635 980 5709 Pactum
1007 5636 1064 5693 d.
1096 5634 1169 5693 19
1190 5634 1323 5693 Julii
1352 5653 1406 5692 a.
1425 5637 1585 5709 _99l_
1604 5637 1949 5709 renovatum
1974 5636 2144 5695 Liber

521 5704 1031 5854 ἓὲηέιιέὃεέἓὲῢθι
1059 5710 1120 5768 et
1144 5709 1406 5769 Andreas
1424 5706 1725 5768 Dandulus
1751 5707 1813 5768 in
1856 5707 2140 5768 Chronico

2241 5608 2429 5766 ἔξω
2463 5634 2550 5697 cr.
2580 5633 2829 5695 Andreae
2853 5632 3081 5746 Chron;
3100 5633 3201 5695 lib.
3228 5630 3304 5705 ix,
3328 5627 3476 5707 part.
3497 5622 3573 5694 in.
3597 5634 3651 5695 Ρσ
3679 5608 3781 5672 ²²⁵ο
