3998 6166
232 375 308 432 925
1496 367 1901 430 CHRONICON
1927 367 2273 430 VENETUM.

3443 377 3548 433 926

222 501 349 556 foret
376 493 698 554 marchiam
730 493 921 566 adire,
952 509 1140 567 neque
1171 494 1408 568 aliquod
1435 498 1635 552 venale
1666 497 1827 552 vicis-
1849 502 1904 560 Α
1935 497 2234 564 facientes,
2287 507 2487 567 regem
2532 494 2723 568 ipsum
2764 495 3260 554 conlaudaverunt
3288 514 3302 566 ;
3354 497 3554 572 ibique

221 589 308 643 sim
333 587 581 642 vendere
613 587 702 642 vel
743 600 1114 657 comparare.
1158 585 1255 639 His
1286 584 1525 657 quidem
1558 585 1824 657 peractis,

219 676 400 749 regalis
430 675 672 730 nuncius
703 674 778 730 ad
812 673 1114 745 propriam
1142 689 1402 729 reversus
1441 678 1545 729 est.
1582 676 1824 747 Ceptum

216 782 326 821 vero
342 764 606 836 jurgium
635 781 669 818 a
701 764 848 818 duce
880 762 1202 817 diutissime
1234 763 1588 834 perduravit,
1609 764 1666 817 in
1699 767 1824 818 tan-

214 857 320 908 tum
355 851 620 908 videlicet
646 855 712 906 ut
738 867 860 906 non
893 852 1081 906 solum
1121 851 1270 906 illius
1294 852 1568 907 marchiae
1597 854 1821 924 peculia

216 945 329 998 salis
370 944 624 1014 egestate
665 943 1240 1008 consummerentur,
1271 958 1472 996 verum
1504 941 1681 995 etiam
1712 942 1816 996 ho-

216 1030 381 1085 mines
395 1028 663 1084 subsidiis
677 1028 1086 1084 Veneticorum
1110 1033 1392 1102 carentes,
1414 1029 1726 1084 miserabili
1749 1038 1818 1072 ίοο

212 1117 521 1174 calamitate
542 1117 1026 1189 perpessi,sedule
1055 1117 1131 1172 ad
1150 1117 1361 1174 ducem
1391 1135 1618 1190 pacem,
1642 1135 1817 1190 quam

212 1207 472 1279 consequi
501 1223 620 1261 non
651 1205 937 1273 valebant,
967 1205 1275 1260 humiliter
1301 1206 1710 1278 efﬂagitarent.

267 1296 406 1365 (An.
442 1294 593 1370 996.)
609 1293 728 1349 Dux
747 1293 942 1366 itaque
965 1294 1208 1349 audiens
1232 1294 1510 1350 Ottonem
1528 1313 1728 1367 regem
1747 1296 1820 1352 ad

205 1383 419 1438 Italiam
448 1385 776 1448 venturum,
806 1397 1010 1452 pacem
1043 1398 1174 1436 cum
1207 1383 1507 1454 prmdictm
1546 1385 1820 1440 marchize

203 1473 406 1545 populo
435 1472 623 1526 facere
643 1470 1014 1526 diferabatur.
1039 1472 1192 1526 Tunc
1210 1488 1353 1526 suos
1369 1473 1605 1528 nuncios
1629 1473 1818 1530 denuo

197 1560 567 1617 Teutonicam
591 1560 821 1615 mittere
855 1559 1136 1631 disposuit
1165 1559 1393 1631 (λῑῙανι.)
1421 1561 1517 1633 qui
1551 1561 1700 1617 inter
1725 1565 1819 1618 Al-

199 1650 349 1721 pium
399 1649 692 1704 anfractus
729 1666 930 1721 regem
957 1650 1084 1721 jam
1123 1669 1156 1706 a
1193 1651 1463 1706 Ausonia
1491 1653 1820 1707 venientem

195 1738 616 1811 repperierunt.
658 1741 704 1793 A
733 1755 847 1810 quo
879 1739 1197 1794 honorifice
1241 1740 1518 1812 suscepti,
1549 1740 1822 1813 quicquid

1929 586 2257 641 Johannem
2297 583 2628 656 apostolicae
2671 586 2820 641 sedis
2861 585 3179 641 antistitem
3211 584 3552 644 defunctum

1931 675 2193 739 audiens,
2217 675 2536 729 Brunorem
2551 691 2719 729 suum
2731 674 2994 729 videlicet
3013 677 3310 747 nepotem,
3328 675 3552 732 Ottonis

1934 763 2095 818 ducis
2129 763 2334 829 ﬁlium,
2370 763 2442 817 ad
2483 764 2632 818 hanc
2664 764 2958 835 dignitatis
2996 764 3222 837 apicem
3253 764 3551 836 fastigiare

1931 851 2231 923 disposuit,
2265 851 2421 922 quod
2450 854 2649 922 postea
2673 851 3004 923 complevit.
3048 852 3267 907 Deinde
3307 869 3412 924 per
3441 855 3550 908 Ar-

1927 939 2159 1012 ripdani
2191 941 2304 1012 (9‘2)
2339 940 2558 994 ﬂuenta
2585 940 2812 1012 navigio
2841 941 3176 995 Ravennam
3203 941 3396 996 adivit.
3441 942 3547 997 Ubi

1929 1028 2270 1100 aliquandiu
2313 1033 2710 1084 commoratus
2741 1030 2875 1102 (93),
2914 1030 3136 1085 Redulﬁ
3164 1030 3548 1086 Ariminensis

1922 1118 2174 1186 comitis,
2203 1135 2311 1174 nec
2329 1135 2447 1174 non
2479 1118 2844 1187 Herimundi,
2877 1121 3048 1191 atque
3075 1119 3163 1174 sui
3187 1119 3392 1175 fratres
3411 1119 3542 1174 Bai-

1923 1208 2153 1275 mundi,
2205 1225 2310 1281 pro
2355 1207 2747 1263 eecclesiarum
2800 1225 2898 1262 seu
2941 1224 3261 1279 pauperum
3310 1207 3544 1279 praediis

1924 1311 2054 1366 quae
2067 1300 2340 1368 usurpata
2351 1295 2741 1366 possidebant,
2761 1293 2953 1351 oculos
2974 1297 3180 1366 ejicere
3191 1294 3539 1369 jussit(Mai.

1929 1385 1996 1454 l).
2031 1383 2125 1438 His
2155 1384 2405 1439 deﬁnitis
2445 1384 2887 1440 Romulidarum
2921 1389 3201 1456 appetens
3229 1385 3456 1448 urbem,
3480 1384 3544 1439 in.

1925 1489 2040 1545 qua
2067 1490 2100 1528 a
2120 1473 2380 1544 predicto
2403 1475 2672 1528 Brunone
2689 1474 3024 1544 apostolico,
3049 1473 3146 1546 qui
3169 1473 3543 1544 postmodum

1927 1562 2234 1633 Gregorius
2254 1562 2438 1616 dictus
2450 1565 2553 1618 est.
2577 1564 2976 1618 Romanorum
2989 1561 3544 1618 multitudineinter—

1929 1651 2205 1721 pellante,
2235 1655 2438 1706 unctus
2464 1656 2522 1706 et
2542 1656 2907 1706 consecratus
2932 1656 3019 1706 est
3048 1652 3367 1722 imperator
3398 1650 3545 1722 (Mai

1929 1738 2042 1809 21).
2059 1739 2200 1793 Hinc
2214 1757 2328 1793 non
2346 1742 2591 1811 procula
2607 1740 3024 1796 Homana'urbe
3042 1740 3361 1807 discedens,
3379 1743 3441 1794 ut
3456 1756 3544 1794 re-

196 1829 348 1883 nefas
375 1828 497 1884 suis
534 1828 644 1883 dux
678 1827 926 1884 inimicis
961 1828 1239 1884 intulerat
1287 1829 1538 1884 libenter
1565 1830 1817 1898 audivit;
1847 1826 1899 1885 B
1931 1827 2164 1882 missius
2189 1828 2335 1881 illius
2361 1827 2607 1882 climatis
2630 1833 2835 1882 mstum
2851 1830 3124 1884 tollerare
3151 1827 3546 1899 quivisset,in-

193 1916 246 1971 in
286 1933 469 1988 super
505 1917 766 1988 promisit
805 1933 1102 1989 nunquam
1149 1919 1423 1990 quolibet
1447 1920 1621 1974 modo
1660 1919 1823 1974 illum
1930 1920 2020 1972 ter
2046 1917 2367 1972 Camerina:
2395 1917 2668 1972 marchiae
2712 1919 2869 1988 alpes
2899 1918 3116 1988 aliquid
3146 1919 3543 1973 commoratus

190 2005 585 2076 constringere
635 2006 707 2061 ad
757 2022 965 2078 pacem
1007 2006 1370 2073 faciendam,
1419 2006 1653 2062 interim
1700 2008 1821 2080 ipse

192 2095 375 2150 vellat.
408 2094 640 2149 Deinde‘
657 2097 971 2166 antequam
1005 2096 1183 2150 Italiae
1217 2094 1536 2166 planiciem
1569 2099 1818 2167 peteret,

191 2183 441 2238 eundem
475 2183 679 2239 ducem
710 2183 862 2238 dulci
888 2199 1079 2254 prince
1115 2183 1390 2255 rogando
1424 2184 1816 2254 demandavit,

195 2275 250 2324 ut
285 2289 458 2326 suum
491 2275 690 2327 natum
721 2272 910 2327 adhuc
945 2271 1292 2328 Christianae
1339 2272 1475 2327 fidei
1508 2274 1815 2329 conﬁrma-

190 2360 339 2416 tione
361 2364 663 2417 carentem
674 2363 966 2418 Veronam
988 2362 1113 2417 sine
1127 2361 1325 2434 aliqua
1345 2360 1812 2440 mitteretmora;

187 2449 334 2519 quod
353 2451 474 2505 dux
493 2467 727 2506 suorum
747 2451 1009 2506 fidelium
1033 2449 1278 2506 consilio
1291 2450 1482 2504 facere
1503 2451 1812 2523 adquievit.

197 2538 374 2593 Puero
425 2538 660 2609 quidem
703 2541 930 2595 Verona
976 2542 1262 2612 pervento
1310 2538 1562 2594 ofﬁciose
1609 2557 1642 2594 a
1676 2557 1816 2612 rege

197 2631 491 2699 susceptus
527 2632 631 2696 est,
662 2646 838 2702 quem
879 2627 1212 2684 chrismatis
1254 2627 1526 2682 unctione
1568 2628 1816 2700 propriis

200 2716 554 2786 amplexibus
576 2720 932 2773 coarctatum
964 2717 1103 2772 fecit
1126 2715 1379 2783 munire,
1411 2719 1468 2771 et
1483 2717 1691 2772 amisso
1711 2733 1812 2787 pa-

201 2805 361 2858 terno
388 2805 652 2872 nomine,
684 2806 838 2874 Otto,
857 2806 919 2861 id
948 2810 1034 2862 est
1064 2821 1202 2860 suus
1225 2804 1568 2876 aequivocus,
1587 2822 1810 2860 nuncu-

197 2895 356 2961 patus
377 2897 484 2950 est.
505 2894 796 2950 Johannes
824 2894 1063 2967 quidem
1090 2897 1557 2965 prememoratus
1587 2894 1809 2965 episco-

191 2995 307 3049 pus,
336 2999 437 3036 seu
461 2982 608 3038 Rozo
619 2982 964 3038 Tarvisianae
981 2981 1134 3037 sedis
1152 2980 1410 3050 antistes,
1426 2998 1560 3037 cum
1572 2983 1806 3054 quibus-

192 3067 542 3126 libetaliisad
559 3070 1268 3144 paceminterpellandam
1287 3071 1365 3125 ibi
1383 3075 1804 3128 convenerunt.

191 3154 392 3219 Quibus
454 3176 555 3214 rex
606 3161 756 3216 hanc
807 3161 1118 3232 adquirere
1172 3158 1562 3230 interdicens,
1624 3160 1808 3215 donec

189 3243 380 3302 domui
423 3247 580 3302 Petri
627 3249 784 3304 ducis
830 3248 1070 3320 polliciti
1121 3247 1316 3303 forent
1363 3248 1499 3303 satis
1539 3247 1807 3303 faciendo

186 3336 426 3403 gratiam
457 3353 821 3408 recuperare.
843 3339 1086 3410 Insuper
1113 3337 1439 3392 Johannem
1469 3337 1806 3408 episcopum

186 3421 333 3479 ducis
353 3429 574 3481 terram
605 3443 780 3499 quam
803 3428 1015 3498 injuste
1035 3425 1388 3500 possidebat,
1407 3427 1652 3482 reddere
1675 3444 1807 3481 cum

182 3510 299 3583 lege
316 3515 528 3587 coegit.
555 3517 668 3570 Hac
680 3519 1026 3587 tempestate
1043 3516 1196 3569 inter
1218 3515 1634 3571 Veronensium
1661 3517 1809 3571 cives

183 3603 233 3654 et
268 3603 723 3660 Teutonicorum
765 3605 1085 3660 exercitum
1140 3607 1406 3660 exortum
1459 3605 1648 3660 fuerat
1679 3606 1804 3675 jur-

178 3687 350 3758 gium,
366 3692 472 3746 sed
489 3691 790 3748 Teutonici
812 3711 846 3748 a
867 3693 1085 3748 civibus
1112 3693 1408 3749 interemti
1434 3711 1537 3765 per
1554 3694 1803 3750 civitatis

177 3777 430 3847 platheas
463 3781 732 3836 nonnulli
761 3782 1136 3837 oceubuerut.
1156 3784 1312 3836 Inter
1338 3799 1482 3855 quos
1513 3782 1802 3838 nobilissi-

174 3880 296 3923 mus
325 3887 479 3925 unus
509 3869 716 3925 cecidit
741 3871 1096 3926 adolescens.
1133 3870 1372 3926 Carolus
1406 3872 1669 3939 nomine,
1707 3873 1805 3943 qui

169 3958 490 4014 maximum
512 3959 584 4014 de
607 3975 710 4014 suo
728 3959 933 4015 funere
960 3960 1224 4014 dolorem
1251 3960 1373 4032 regi
1393 3960 1620 4033 suisque
1646 3977 1808 4016 com-

168 4046 431 4114 patriotis
476 4047 815 4119 reliquerat.
863 4047 1028 4112 Quod
1067 4065 1166 4103 rex
1207 4049 1462 4118 graviter
1511 4048 1702 4104 ulcissi
1746 4049 1805 4104 in

168 4132 382 4190 civibus
401 4134 762 4190 decreverat.
781 4136 994 4191 Tamen
1019 4135 1280 4207 ejusdem
1302 4137 1546 4193 civitatis
1569 4137 1807 4193 Odberti

167 4222 424 4296 episc0pi
457 4224 792 4280 interventu
822 4229 1145 4280 evaserunt.
1181 4226 1313 4280 Otto
1347 4243 1506 4294 vero,
1542 4226 1809 4298 praedicti

167 4310 367 4368 domni
400 4313 564 4368 Petri
597 4313 754 4368 ducis
783 4314 952 4381 filius,
977 4314 1215 4369 diversis
1237 4315 1579 4370 muneribus
1610 4332 1644 4370 a
1670 4330 1808 4386 rege

167 4399 235 4453 ad
263 4401 584 4458 Veneciam
617 4403 978 4474 reppedavit.
1009 4404 1168 4458 Tunc
1191 4403 1441 4459 domnus
1462 4405 1572 4459 dux
1602 4419 1806 4474 pacem
1829 4399 1880 4458 D

169 4488 432 4547 dinucius
490 4491 867 4565 imploratam
922 4492 1172 4547 inimicis
1225 4492 1487 4562 indulsit,
1549 4495 1808 4565 quamvis

166 4577 447 4636 Johannis
499 4580 755 4652 episcopi
785 4581 1054 4637 severitas
1087 4582 1148 4636 in
1182 4581 1393 4638 amisso
1427 4583 1646 4654 praedio
1676 4599 1806 4654 per-

180 4667 445 4725 duraret.
467 4670 550 4724 Eo
572 4686 803 4742 quoque
819 4674 1086 4742 tempore
1111 4671 1266 4743 apud
1292 4671 1616 4726 Rivoaltum
1649 4689 1807 4727 mor-

167 4760 263 4813 tuo
320 4759 546 4815 Marino
605 4758 912 4815 Olivolensi
970 4763 1262 4832 episcopo,
1305 4760 1392 4832 qui
1447 4760 1808 4832 episcopatui

159 4847 377 4916 prefuit
397 4848 592 4907 annis.
607 4888 670 4916 ..,
690 4848 958 4904 successit
974 4849 1081 4904 sibi
1097 4849 1431 4904 Dominicus
1454 4849 1809 4921 cognomine

161 4935 526 4994 Gradonicus
559 4938 692 4994 Otto
720 4939 970 5012 denique
1011 4956 1111 4994 rex
1147 4939 1420 4994 Brisciam
1454 4943 1808 5012 caeterasun

157 5023 343 5081 Italiae
375 5027 555 5082 urbes
589 5043 930 5098 peragrans,
961 5028 1139 5100 Papia
1164 5027 1397 5082 advenit
1426 5027 1682 5100 (ApriL).
1707 5028 1807 5084 Hic

152 5113 340 5170 Italici
363 5116 664 5190 principes
688 5116 865 5172 ﬁdem
891 5134 1064 5190 supra
1094 5116 1532 5188 evangeliorum
1559 5117 1808 5172 sacraria

1929 2010 2035 2063 est.
2060 2007 2441 2062 Postmodum
2475 2024 2578 2078 per
2597 2007 2809 2062 Tuscia:
2829 2007 2985 2062 viam
3004 2007 3346 2078 Papiensem
3369 2022 3541 2077 repe-

1924 2099 2054 2152 tens
2078 2098 2284 2152 urbem
2319 2099 2486 2168 (Aug.
2527 2099 2601 2170 l),
2636 2097 2906 2154 omnibus
2936 2099 3042 2154 sibi
3077 2097 3538 2170 obtemperanti-

1919 2185 2025 2240 bus
2039 2185 2594 2257 imposuitazdictum
2611 2187 2863 2258 (915:),quo
2881 2187 3228 2259 ubicumque
3241 2187 3300 2241 in
3314 2204 3416 2242 suo
3434 2187 3542 2241 im-

1919 2274 2083 2346 perio
2109 2275 2367 2347 perventi
2399 2275 2653 2331 Venetici
2686 2275 2901 2343 forent,
2923 2275 3087 2331 inlesi
3113 2282 3173 2331 et
3196 2276 3319 2330 sine
3344 2275 3540 2347 aliquo

1918 2361 2190 2434 imposito
2243 2363 2580 2435 gravamine
2632 2364 2845 2435 degere
2893 2364 3242 2422 debuissent.
3291 2365 3362 2418 Et
3400 2366 3541 2418 tunc

1918 2468 2021 2522 per
2072 2453 2462 2509 Cummanum
2515 2454 2706 2508 lacum
2759 2452 2872 2507 iter
2920 2453 3164 2525 arripuit
3214 2454 3541 2508 ultramon-

1917 2542 2144 2595 tanum.

1992 2674 2154 2731 Circa
2195 2676 2318 2732 haec
2355 2695 2611 2750 namque
2658 2681 2930 2750 tempora
2981 2680 3323 2736 Croatorum
3360 2677 3538 2751 judex

1917 2768 2158 2836 propter
2197 2764 2572 2821 interdictum
2606 2766 2715 2822 sibi
2753 2785 2990 2823 censum
3023 2787 3056 2824 a
3086 2769 3228 2824 duce
3261 2769 3320 2822 in
3355 2768 3536 2823 Vene-

1916 2851 2060 2906 ticos
2080 2853 2312 2908 lcsionis
2329 2856 2656 2910 molestiam
2678 2873 2943 2911 exercere
2969 2861 3211 2912 conatus
3236 2857 3340 2911 est.
3371 2856 3536 2911 Unde

1915 2939 2121 2996 domus
2170 2941 2280 2997 dux
2333 2960 2426 2998 sex
2476 2962 2648 3000 naves
2691 2948 3047 3016 praeparatos
3092 2946 3224 2999 illuc
3275 2944 3537 3016 mittens,

1916 3029 2121 3100 quibus
2138 3030 2483 3086 Badovarius
2503 3037 2892 3104 cognomento
2917 3033 3276 3106 Bragadinus
3299 3031 3534 3104 prefuit.

1837 3111 1884 3170 C
1915 3117 2020 3182 Qui
2054 3137 2228 3176 unam
2261 3119 2492 3176 illorum
2518 3122 2807 3178 civitatem
2833 3140 2960 3195 quin
2987 3125 3098 3178 Issa
3132 3124 3241 3192 (95)
3267 3120 3542 3176 nomina-

1914 3207 2084 3261 batur
2111 3209 2638 3280 comprehenderis,
2672 3211 2971 3284 utriusque
3001 3229 3164 3268 sexus
3183 3211 3436 3284 captivos
3461 3201 3545 3267 adi

1912 3295 2224 3352 Vencciam
2257 3297 2598 3370 deportavit.
2643 3301 2709 3354 Et
2743 3317 2809 3354 ex
2853 3302 2963 3356 hoc
3011 3301 3249 3372 majoris
3287 3297 3404 3355 odii
3435 3317 3536 3356 cu-

1912 3385 2136 3440 mulum
2163 3385 2316 3440 inter
2344 3387 2646 3443 Veneticos
2668 3392 2725 3443 et
2757 3389 2986 3446 Sclavos
3013 3390 3310 3464 pululavit.
3338 3389 3536 3461 Cmpe-

1912 3477 2161 3545 runtque
2184 3476 2394 3529 iterum
2419 3492 2656 3531 censum
2681 3476 2993 3549 inportune
3012 3479 3167 3534 ducis
3191 3478 3381 3534 exiere
3400 3477 3536 3550 (96);

1911 3560 2119 3633 quibus
2137 3563 2247 3617 dux
2266 3579 2371 3634 pro
2391 3563 2624 3620 illorum
2644 3565 2968 3637 ignominia
2983 3568 3344 3623 demandans
3367 3584 3380 3622 :
3401 3565 3536 3622 Non

1899 3666 1999 3719 per
2027 3652 2306 3721 quemlibet
2335 3656 2658 3708 nunciorum
2694 3655 2841 3711 hunc
2872 3659 3077 3711 mittere
3098 3674 3222 3711 cura
3253 3685 3270 3724 ,-
3300 3655 3390 3711 sed
3418 3657 3537 3712 vita

1910 3743 2118 3808 comite,
2153 3741 2224 3794 ad
2264 3742 2407 3795 hunc
2426 3742 2839 3812 persolvendam
2881 3745 3152 3799 dationem
3195 3746 3377 3800 venire
3425 3747 3540 3816 ipse

1910 3833 1980 3867 ίιο
2021 3844 2127 3880 ηοη
2177 3829 2468 3896 denegabo.
2517 3831 2592 3884 Eo
2655 3847 2910 3904 namque
2968 3837 3233 3905 tempore
3284 3833 3538 3887 Joannes

1907 3915 2134 3972 Grecus.
2154 3917 2503 3974 Placentinae
2518 3919 2770 3974 ecclesia:
2787 3919 3534 3992 prmsul,Constantinopoli

1907 4020 2038 4058 cum
2055 4005 2367 4061 Grecorum
2385 4006 2755 4079 imperatoris
2775 4009 2966 4080 legato
2991 4026 3271 4072 reversus,
3289 4009 3539 4065 Romani

1908 4092 2104 4148 adivit.
2167 4095 2273 4160 Qui
2333 4095 2475 4151 dum
2529 4097 2912 4169 apostolicam
2957 4098 3179 4166 sedem,
3219 4097 3445 4168 abjecto
3502 4115 3537 4154 a

1904 4180 2187 4237 Johannis
2238 4184 2529 4240 Crescenti
2593 4186 2928 4242 temeritate
2986 4187 3244 4258 pastore,
3291 4202 3536 4242 vacuam

1905 4273 2251 4344 repperiret,
2300 4273 2574 4330 invadere
2624 4279 2830 4331 contra
2883 4275 3184 4348 imperiale
3234 4277 3533 4333 decretum

1905 4360 2150 4416 minime
2177 4362 2532 4418 formidavit.
2568 4363 2876 4436 Gregorius
2906 4382 3062 4432 vero,
3098 4365 3252 4420 illius
3280 4367 3533 4423 ecclesia:

1905 4464 2165 4520 sponsus,
2191 4469 2294 4524 per
2315 4452 2492 4507 Italiae
2507 4453 2677 4507 urbes
2694 4469 2924 4509 merens
2938 4453 3304 4525 imperatoris
3325 4471 3528 4527 expec-

1907 4537 2088 4593 tando
2121 4539 2435 4594 adventum
2458 4541 2811 4596 versabatur.
2847 4543 2956 4597 Per
2977 4542 3099 4597 haec
3119 4542 3358 4614 quidem
3386 4546 3532 4599 tem-

1908 4640 2053 4694 pora
2084 4627 2406 4683 antedictus
2439 4629 2550 4683 dux
2597 4629 2924 4685 Johannem
2963 4646 3130 4685 suum
3160 4630 3345 4685 ﬁlium
3377 4630 3528 4687 Con-

1910 4713 2352 4786 stantinopolim
2384 4717 2710 4786 destinavit,
2737 4736 2912 4792 quem
2942 4719 3263 4790 imperator
3295 4736 3414 4775 non
3444 4737 3530 4776 so-

1908 4802 2032 4857 lum
2067 4802 2301 4860 diversis
2323 4807 2649 4863 muneravit
2681 4808 2867 4878 donis,
2896 4825 3100 4864 verum
3133 4808 3309 4865 etiam
3341 4825 3528 4883 segre-

1911 4890 2017 4963 giis
2041 4891 2359 4950 honoribus
2389 4896 2740 4952 sublimavit.

1993 5025 2124 5097 (An.
2155 5030 2304 5098 998.)
2322 5031 2644 5102 Imperator
2667 5029 2950 5102 siquidem
2979 5029 3088 5086 hoc
3110 5031 3525 5103 nequissimum

1907 5121 2088 5176 scelus
2118 5136 2151 5174 a
2178 5119 2439 5174 Iohanne
2469 5119 2645 5175 Greco
2669 5123 2960 5193 patratum
2982 5135 3115 5175 cum
3143 5120 3386 5188 audiret,
3415 5122 3522 5175 Ita-

1498 5244 1730 5299 VABLE
1768 5243 2171 5304 LECTIONES.

233 5337 316 5374 ιω
341 5347 426 5387 In.
459 5332 885 5404 suprascriptum
919 5336 969 5391 l.

1060 5341 1130 5376 110
1162 5331 1282 5405 ipse
1312 5335 1740 5406 suprascriptum
1774 5336 1824 5388 l.

1732 5424 1778 5478 Ν
1783 5421 1960 5479 OTIE.

227 5512 358 5577 (92)
391 5509 456 5565 Id
481 5513 567 5566 est
596 5509 854 5566 Eridani.

219 5583 345 5654 (93)
381 5583 448 5637 D.
486 5582 695 5654 LMaii
737 5583 915 5654 Petro
940 5580 1069 5638 duci
1104 5585 1384 5654 portuum
1412 5581 1593 5641 trium
1633 5581 1802 5642 insti-

135 5651 530 5711 tuendorum
547 5653 882 5712 libertatem
905 5651 1246 5728 impertivit.

1997 5511 2084 5577 94)
2110 5510 2238 5568 Non
2270 5514 2473 5569 exstat.

1996 5583 2083 5651 95)
2116 5583 2299 5639 Hodie
2321 5585 2496 5651 Lissa,

1975 5583 2083 5730 (95;
2116 5583 2299 5639 Hodie
2321 5585 2496 5651 Lissa,

1975 5657 2060 5729 (96
2112 5655 2176 5712 Id
2209 5659 2294 5712 est
2320 5657 2551 5730 exigere.
