3998 6166
229 401 309 465 929

1480 408 1887 473 CHRONICON
1919 411 2264 473 VENETUM.

3446 425 3551 487 930

228 529 364 597 bant,
384 526 541 585 istius
559 527 842 604 principis
860 545 1077 588 nomen
1101 534 1231 605 post
1259 532 1684 606 imperatorum
1702 535 2024 600 lau-Asibi
2065 537 2191 593 illos
2226 537 2412 606 reddi,
2463 537 2838 611 imploravit:
2888 557 2998 599 noe
3039 542 3307 603 videlicet
3351 552 3544 621 pacto,

228 619 294 674 dis
311 619 607 690 praeconiis
621 619 1038 691 gloriﬁcarent.
1063 621 1406 679 Croatorum
1421 622 1612 697 itaque
1634 642 1733 681 rex
1747 626 1821 680 ad

224 724 317 763 sua:
342 708 531 780 gentis
571 709 1091 782 depopulationem
1125 711 1333 767 ducem
1364 713 1660 768 advenisse
1687 730 1822 785 pre-

225 812 463 860 noscens,
482 798 831 853 nunciorum
846 798 1036 854 studio
1060 801 1314 855 eundem
1328 803 1557 872 placare
1572 801 1821 873 paciﬁcis

224 885 354 940 nisus
386 889 473 940 est
498 885 716 955 verbis;
751 888 909 960 quod
931 888 1186 943 domnus
1219 890 1332 945 dux
1363 880 1604 945 omnino
1629 890 1821 963 parvi-

221 975 481 1047 pendens,
534 976 769 1031 eosdem
832 977 1078 1032 nuncios
1128 978 1319 1035 redire
1379 979 1626 1049 dimisit;
1659 984 1718 1035 et
1744 982 1825 1035 sic

218 1066 447 1117 tractare
476 1080 607 1118 cum
633 1065 927 1137 utriusque
961 1066 1158 1138 gentis
1174 1068 1428 1124 exercitu
1458 1070 1696 1124 adorsus
1718 1072 1822 1138 est,

218 1168 314 1225 quo
344 1152 721 1208 inimicorum
762 1154 948 1210 aditus
996 1156 1241 1225 intrare,
1290 1158 1379 1213 vel
1420 1159 1625 1230 quibus
1656 1176 1825 1231 argu-

214 1241 415 1297 mentis
446 1240 677 1297 illorum
703 1243 1098 1298 munitissima
1126 1245 1256 1300 loca
1296 1246 1589 1302 indemnis
1619 1263 1825 1319 capere

208 1334 411 1402 posset.
436 1331 590 1386 Tunc
619 1332 1006 1404 quorumdam
1033 1334 1327 1391 relatione
1349 1336 1549 1392 didicit
1570 1338 1823 1410 quadra-

209 1419 359 1492 ginta
376 1420 842 1476 Narentanorum
872 1422 1154 1478 nobilium
1186 1426 1263 1481 de
1297 1425 1531 1496 Apuleis
1544 1426 1821 1498 partibus,

207 1509 446 1579 peractis
463 1509 734 1581 negociis,
760 1510 833 1564 ad
851 1511 1151 1583 prepriam
1186 1515 1339 1568 velle
1362 1514 1586 1569 reverti.
1613 1516 1822 1570 Decem

202 1614 363 1653 naves
385 1598 722 1655 hominibus
751 1608 820 1642 11°
846 1602 1099 1657 oneratas
1131 1602 1208 1657 ad
1228 1602 1479 1658 insulam
1500 1621 1627 1675 qua:
1655 1622 1821 1660 voca-

204 1690 291 1741 tur
311 1685 613 1759 Caza(102)
640 1688 742 1743 sub
777 1689 936 1744 omni
958 1690 1339 1746 festinatione
1360 1692 1683 1748 destinavit.
1715 1694 1824 1772 Qui

201 1774 328 1830 dum
356 1776 536 1843 irent,
554 1777 701 1832 facili
722 1778 1038 1834 certamine
1056 1780 1306 1835 eosdem
1329 1782 1801 1853 comprehenden

1920 642 2035 696 quo
2063 625 2402 697 priusquam
2431 628 2552 700 ipse
2574 630 2690 686 dux
2722 632 2792 687 de
2826 631 2935 687 illis
2956 632 3143 689 exiret
3166 635 3399 707 ﬁnibus,
3424 643 3544 697 tam

1920 712 2015 767 ille
2046 714 2543 772 Narrentanorum
2570 720 2841 793 princeps
2863 738 3043 792 quam
3075 740 3280 782 omnes
3308 728 3394 782 sui
3423 746 3548 787 ma-

1913 801 2076 870 jores
2103 801 2211 858 sibi
2243 804 2317 858 ad
2350 805 2822 863 satisfaciendum
2868 825 2975 880 pro
3008 811 3130 866 suis
3156 814 3299 870 votis
3335 832 3546 872 conve-

1924 888 2138 960 nirent,
2178 894 2234 946 et
2284 909 2389 948 nec
2445 911 2683 952 censum
2735 898 3064 969 predictum
3116 901 3306 974 aliquo
3365 906 3541 961 modo

1928 978 2142 1048 exiere,
2183 998 2290 1037 nec
2311 984 2646 1056 quempiam
2674 986 2990 1043 iterantem
3011 990 3344 1049 Veneticum
3367 996 3545 1051 mole—

1928 1070 2079 1123 stare
2119 1070 2375 1126 deberet.
2406 1074 2566 1128 Tunc
2599 1074 2711 1129 dux
2749 1076 3008 1148 captivos
3035 1079 3280 1136 reddere
3303 1082 3540 1153 jubens,

1926 1173 2024 1211 sex
2047 1159 2270 1213 tantum
2300 1160 2640 1230 illorum,ne
2668 1162 2795 1234 ipse
2828 1181 3034 1237 pacem
3054 1168 3544 1238 violasset,reten-

1928 1248 2017 1300 tos
2060 1263 2255 1302 secum
2298 1251 2625 1306 reservavit.
2665 1252 2757 1307 Eis
2789 1253 3061 1323 definitis,
3096 1256 3169 1311 ad
3211 1257 3351 1314 alios
3392 1259 3542 1315 illius

1925 1334 2181 1405 regionis
2211 1338 2332 1408 subj
2347 1340 2606 1409 ugandos
2638 1357 2899 1411 gressum
2932 1343 3167 1399 tendere
3199 1346 3543 1419 cepit.Apud

1898 1444 1901 1449 ·
1928 1423 2359 1480 sanctiMaximi
2390 1428 2696 1482 ecclesiam
2718 1429 3001 1501 ospicium
3032 1432 3247 1488 habere
3270 1434 3408 1489 dum
3435 1454 3537 1491 vo-

1924 1512 2139 1581 luisset,
2174 1513 2406 1569 Curzule
2447 1516 2596 1588 (107)
2632 1518 2814 1573 insule
2848 1519 3206 1576 habitatores
3248 1523 3334 1577 sui
3370 1540 3537 1580 recu-

1924 1605 2115 1656 santes
2143 1619 2348 1674 parere
2372 1605 2745 1675 jussionibus,
2784 1608 2972 1663 valida
3013 1626 3190 1665 manu
3232 1610 3538 1683 adquisivit

1925 1691 2555 1765 suequejpotestatisubj
2565 1695 3054 1766 ugavit.Preterea
3070 1700 3208 1754 dum
3226 1700 3407 1755 isdem
3424 1703 3538 1759 dux

1926 1778 2199 1850 quicquid
2216 1780 2374 1835 cordi
2393 1782 2614 1850 aderat,
2632 1784 2748 1838 Deo
2774 1784 2998 1840 fautore
3025 1786 3098 1841 ad
3114 1790 3311 1844 votum
3334 1806 3535 1846 conse-

201 1869 299 1919 tes.
331 1866 713 1922 Traorensem
743 1869 886 1939 (103)
916 1869 990 1924 ad
1021 1871 1234 1925 urbem
1285 1872 1605 1926 accelerare
1637 1874 1828 1928 volue-
1853 1859 1902 1922 Β
1928 1872 2219 1939 queretur,
2241 1869 2536 1941 improbos
2557 1872 2894 1929 Ladaestina:
2919 1875 3119 1931 insula:
3138 1877 3292 1950 (108)
3312 1880 3536 1936 habita-

199 1958 348 2009 runt.
390 1957 647 2012 Domnus
671 1974 925 2031 namque
953 1959 1063 2014 dux
1094 1959 1403 2031 utriusque
1430 1962 1488 2014 et
1513 1961 1829 2016 Dalmacia-

194 2061 408 2099 norum
444 2060 509 2101 ac
550 2047 1002 2120 Venetiquorum
1052 2048 1340 2104 militibus
1382 2049 1824 2121 circumseptus,

1928 1958 2082 2011 tores
2112 1959 2350 2029 aggredi
2373 1964 2611 2016 conatus
2636 1964 2781 2029 est,a
2806 1980 3054 2034 quorum
3074 1966 3235 2020 rabie
3252 1968 3532 2035 Venetici,

1927 2044 2027 2099 illa
2056 2047 2496 2119 pernavigantes
2532 2051 2679 2118 loca,
2712 2051 2962 2122 propriis
3007 2054 3371 2111 facultatibus
3413 2058 3533 2128 pri-

192 2135 788 2207 Sextodiepredictam
812 2137 1488 2210 urbemrelinquens,ad
1507 2140 1825 2210 quamdam
1927 2134 2071 2199 vati,
2123 2135 2262 2190 undi
2323 2137 2622 2208 sepissime
2678 2143 3002 2199 evaserant.
3057 2142 3191 2197 Erat
3241 2143 3531 2215 siquidem

198 2242 305 2280 non
330 2226 514 2297 longe
538 2243 570 2281 a
595 2228 978 2299 Belgradense
1010 2228 1151 2282 urbe
1182 2227 1335 2298 (104)
1373 2226 1623 2282 insulam
1649 2230 1820 2284 adve-

192 2315 289 2370 nit.
310 2315 394 2369 De
408 2331 527 2387 qua
540 2315 711 2370 talem
723 2315 1083 2389 legationem
1098 2316 1317 2371 civibus
1332 2315 1563 2371 mittere
1582 2317 1815 2388 placuit,

191 2407 249 2458 ut
276 2403 322 2458 si
346 2406 735 2475 spontaneum
756 2403 1116 2460 famulieium
1146 2405 1472 2476 persolvere
1494 2407 1551 2460 et
1574 2406 1817 2462 ﬁdelita-

189 2496 302 2547 tem
343 2491 454 2547 sibi
496 2493 694 2564 jurare
724 2495 958 2561 vellent,
992 2493 1248 2565 gratiam
1289 2492 1524 2564 adipisci
1555 2496 1813 2551 valerent

188 2581 274 2636 sin
298 2584 520 2649 autem,
555 2598 612 2636 se
643 2582 961 2638 certamine
988 2585 1262 2655 capturos
1294 2584 1493 2654 procul
1516 2583 1688 2639 dubio
1710 2583 1812 2639 sci-

187 2674 335 2725 rent.
366 2671 488 2726 Hoc
508 2686 641 2725 vero
671 2670 997 2736 audientes,
1045 2669 1275 2725 domini
1317 2670 1424 2737 sui,
1476 2669 1807 2727 Sclavorum

190 2758 402 2815 scilicet
432 2759 607 2832 regis,
635 2761 959 2833 periculum
986 2760 1287 2814 incurrere
1317 2758 1731 2830 formidabant,
1752 2765 1809 2818 et

191 2851 348 2904 tanto
372 2849 620 2923 principi
647 2849 918 2906 resistere
936 2867 1054 2906 non
1074 2849 1365 2907 valebant.
1385 2850 1426 2904 ll
1432 2851 1546 2906 nde
1564 2854 1808 2924 utroque

190 2937 521 2994 discrimine
541 2938 731 3011 positi,
773 2939 914 3012 quid
944 2954 1119 3011 agere
1152 2938 1404 3009 poenitus
1435 2938 1803 3011 ignorabant.

187 3027 435 3083 Tandem
452 3027 823 3084 timoratione
841 3027 1045 3083 domni
1067 3027 1227 3082 ducis
1247 3026 1425 3095 atriti,
1447 3027 1809 3084 adstantibus

1925 2222 2128 2277 eadem
2141 2223 2328 2279 insula
2339 2227 2650 2298 scopulosis
2662 2229 3110 2299 promunctoriis
3121 2230 3528 2306 circumsepta.

1921 2311 2075 2366 Licet
2093 2312 2316 2368 aditum
2342 2314 2691 2371 intrantibus
2720 2333 2838 2372 non
2872 2318 3207 2392 denegaret,
3234 2322 3526 2379 montium

1916 2401 2114 2455 tamen
2140 2402 2493 2458 sublimitate
2513 2404 2941 2474 ostentabatur;
2965 2424 2996 2462 e
3017 2408 3221 2480 quibus
3238 2426 3384 2465 unus
3405 2427 3530 2468 mu-

1915 2506 2114 2544 rorum
2167 2490 2434 2546 menibus
2488 2492 2850 2565 turriumque
2896 2495 3178 2552 hediﬁciis
3230 2498 3526 2569 munibus,

1912 2578 2373 2652 inexpugnabilis
2403 2582 2474 2636 ab
2507 2581 2779 2638 omnibus
2807 2584 3178 2641 credebatur.
3215 2586 3358 2643 Dein
3389 2605 3525 2646 vero

1910 2667 2202 2739 predictus
2250 2668 2518 2741 princeps
2566 2671 2940 2726 multitudine
2985 2674 3217 2730 navium
3264 2676 3527 2746 collecta,

1910 2756 2206 2827 quendam
2237 2757 2388 2812 illius
2415 2758 2614 2815 insula:
2635 2763 2870 2830 portum
2887 2763 3526 2833 penetravit,mandans

1907 2845 2141 2912 civibus,
2175 2849 2238 2901 ut
2290 2847 2488 2903 relicta
2531 2848 2851 2919 pertinacia
2892 2851 2966 2906 ad
3010 2869 3069 2907 se
3118 2853 3381 2909 venirent
3424 2860 3526 2913 aut

1906 2950 2105 3006 pugna
2126 2952 2245 2990 sese
2274 2936 2555 3005 petituros
2586 2936 2940 3003 scirent.Qui
2966 2939 3176 2995 timore
3203 2941 3521 3011 constricti,

1906 3023 2145 3095 paciﬁca
2173 3024 2349 3102 verba
2367 3026 2758 3097 protulerunt.
2789 3028 3169 3084 Postmodum
3192 3028 3301 3086 illis
3330 3030 3523 3102 injun-

190 3116 1875 3209 ejusdemregismilitibus,etsacramentaetobsequiumC
1907 3116 2064 3167 ctum
2108 3112 2217 3168 fuit
2260 3114 2418 3169 nulla
2458 3114 2685 3169 ratione
2730 3131 2936 3187 pacem
2981 3134 3012 3172 a
3058 3118 3200 3174 duce
3245 3122 3521 3194 consequi

190 3192 604 3277 persolverunt.
637 3209 911 3280 Egressus
938 3223 1074 3263 vero
1106 3205 1264 3272 inde,
1294 3205 1623 3279 Levigradae
1654 3207 1807 3262 insu-

189 3295 425 3366 163(185)
458 3296 690 3353 colones
735 3296 973 3369 egregio
1021 3295 1154 3351 duci
1197 3298 1564 3351 occurrentes
1616 3313 1804 3351 sacra-

188 3389 382 3441 menta
406 3389 678 3458 prompte
695 3386 979 3442 fecerunt.
1011 3386 1272 3457 Cumque
1294 3385 1673 3441 Traorensem
1710 3402 1806 3441 ur-

187 3472 319 3529 bem
352 3477 601 3546 peteret,
633 3475 707 3531 ab
737 3475 1007 3547 episcopo
1057 3472 1386 3545 civibusque
1428 3474 1804 3530 sacramentis

182 3563 592 3618 corroboratus
609 3567 722 3631 est;
745 3563 888 3617 inibi
903 3579 1056 3629 suos,
1082 3578 1226 3635 quos
1242 3564 1416 3617 antea
1437 3579 1503 3616 ex
1522 3563 1803 3618 Jaterensi

177 3650 404 3707 civitate
428 3651 650 3708 misisse
679 3652 947 3719 diximus,
978 3652 1219 3708 victores
1249 3650 1525 3723 repperit.
1554 3650 1803 3710 iSclavo—

178 3755 306 3794 rum
338 3740 525 3796 etiam
550 3740 702 3812 regis
726 3741 907 3797 frater
936 3741 1187 3812 Surigua
1211 3740 1452 3795 nomine
1473 3738 1801 3813 aderat,qui

174 3828 427 3884 condam
453 3830 711 3885 fraterno
725 3830 857 3885 dolo
874 3830 1168 3901 deceptus,
1200 3828 1365 3900 regni
1387 3828 1664 3884 amiserat
1676 3829 1801 3884 dia-

1906 3217 2102 3272 posse,
2136 3201 2245 3258 nisi
2276 3202 2567 3257 civitatem
2598 3203 2706 3275 ipsi
2736 3205 3122 3274 destruerent,
3162 3208 3521 3267 destructam

1905 3307 2038 3345 vero
2057 3290 2502 3362 irreparabilem
2522 3292 3079 3367 inhabitabilemque
3096 3297 3517 3370 relinquerent.

1906 3378 2072 3443 Quod
2104 3379 2264 3435 omni
2289 3380 2416 3436 nisu
2447 3381 2637 3436 facere
2664 3379 3098 3454 interdicentes,
3129 3386 3275 3441 tanti
3305 3389 3522 3444 exerci-

1907 3468 1987 3522 tui
2012 3486 2132 3523 sese
2164 3468 2439 3524 obsistere
2470 3468 2662 3525 adorsi
2692 3474 2844 3526 sunt.
2863 3472 3017 3527 Tunc
3038 3474 3220 3530 isdem
3246 3474 3520 3550 princeps

1904 3574 2033 3612 suos
2064 3558 2136 3613 ad
2186 3560 2481 3613 certamen
2522 3574 2835 3630 preparare
2878 3561 3119 3635 illosque
3168 3565 3519 3637 impugnare

1904 3645 2114 3701 acriter
2136 3645 2325 3716 jussit.
2356 3646 2573 3702 Verum
2605 3647 2740 3718 quia
2771 3650 2985 3705 arduus
3016 3652 3173 3707 locus
3213 3652 3513 3713 difficilem

1903 3734 2079 3789 dabat
2098 3734 3361 3811 appropinquantibusingressimjaculorum
3384 3743 3512 3801 icti-

1900 3822 2005 3877 bus
2035 3825 2227 3878 hostes
2271 3821 2605 3894 aliquandiu
2638 3827 2839 3896 procul
2863 3826 3071 3882 virtute
3098 3846 3212 3901 qua
3243 3834 3515 3901 poterant

172 3914 365 3972 dema.
399 3919 530 3989 Ipse
557 3934 808 3991 namque
842 3918 1148 3973 nonmodo
1182 3917 1531 3972 sacramenti
1567 3917 1795 3973 vinculo
1897 3928 2165 3967 coarcere
2234 3912 2592 3982 satagebant
2637 3913 2855 3969 Tamen
2924 3915 3025 3970 1⁸Θὶ
3092 3917 3511 3988 omnipotentis

169 4021 224 4060 se
255 4006 458 4062 eidem
489 4006 623 4062 duci
651 4007 968 4074 associavit,
1020 4022 1221 4062 verum
1261 4007 1438 4062 etiam
1493 4005 1795 4062 Stefanum
1898 4000 2332 4072 dispensacione
2381 4002 2570 4072 major
2623 4016 2758 4071 pars
2806 4004 3085 4059 exercitus
3128 4023 3197 4061 ex
3239 4005 3335 4061 illo
3380 4009 3507 4065 loco

168 4096 506 4163 puerulum,
532 4095 895 4152 Rarissimam
921 4096 1181 4151 sobolem
1210 4112 1395 4163 suam,
1419 4095 1524 4151 sibi
1550 4111 1655 4167 pro
1689 4095 1795 4150 ob-

167 4180 287 4236 side
316 4183 778 4239 commendavit.
830 4184 971 4239 Hinc
1001 4183 1359 4255 Spaletinam
1381 4184 1393 4244 ί
1404 4184 1522 4255 106)
1556 4182 1791 4239 nobilis-

163 4269 379 4329 simam
409 4277 470 4329 et
517 4272 771 4329 validam
820 4274 1046 4340 urbem,
1095 4290 1224 4346 quae
1273 4274 1454 4329 tocius
1482 4273 1792 4330 Dalmaciae

165 4362 516 4436 metropolis
570 4364 813 4429 constat,
862 4361 1152 4435 predictus
1204 4362 1475 4434 princeps
1526 4361 1786 4431 advenit;

1896 4089 2050 4144 unde
2094 4089 2242 4145 illius
2299 4089 2648 4144 municionis
2701 4091 2847 4146 ostia
2903 4093 3181 4163 patebant
3222 4092 3505 4166 impetum

1892 4177 2190 4246 facientes,
2218 4177 2440 4249 reliqua
2482 4177 2696 4233 montis
2728 4195 2832 4249 per
2872 4179 3037 4235 devia
3074 4183 3506 4250 consendendo,

1894 4269 2079 4322 turres
2105 4267 2201 4322 ubi
2231 4282 2515 4339 aquarum
2535 4268 2761 4321 vascula
2788 4269 3102 4323 tuebantur
3123 4271 3505 4341 comprehen-

1893 4354 2121 4411 derunt.
2161 4357 2225 4411 ln
2265 4354 2471 4427 quibus
2515 4355 2915 4427 consistentes,
2948 4356 3007 4411 in
3059 4361 3286 4414 tantum
3325 4361 3505 4416 lucta-

166 4466 341 4522 quem
374 4451 842 4525 archiepiscopus
883 4468 1043 4507 sacro
1094 4451 1369 4507 infulatus
1414 4449 1604 4506 ofﬁcio
1656 4466 1788 4506 cum
1815 4452 1864 4511 D
1892 4445 2049 4500 mine
2083 4444 2569 4515 COmPPimebant,
2604 4445 2790 4500 donec
2824 4453 2892 4487 “7
2922 4445 3128 4517 delecti
3160 4447 3380 4516 δηίωον
3413 4467 3504 4505 δι’·

165 4541 393 4597 urbana
422 4546 544 4596 tam
565 4540 902 4596 clericorum
925 4557 1101 4614 quam
1117 4540 1396 4596 laicorum
1419 4538 1789 4594 multitudine

166 4632 417 4705 excepit,
431 4634 490 4685 et
503 4629 810 4686 missarum
822 4630 1166 4701 sollempnia
1182 4629 1562 4696 incelebrans,
1578 4644 1646 4683 ex
1658 4631 1788 4684 voto

154 4719 494 4791 jusjurandi
525 4719 640 4774 fide
669 4718 859 4775 eidem
916 4736 1120 4775 omnes
1169 4721 1397 4792 placare
1428 4721 1785 4789 satagerunt.

158 4808 670 4864 Narrentanorum
702 4809 936 4881 quidem
958 4808 1225 4881 princeps
1249 4808 1636 4880 quadraginta
1657 4824 1786 4861 suo-

159 4913 294 4951 rum
326 4897 387 4951 in
425 4895 815 4967 captivitatem
847 4895 1206 4969 mancipatos
1236 4899 1504 4969 expertus
1529 4898 1632 4950 est.
1680 4895 1786 4960 Qui

158 4985 280 5041 suis
310 4984 693 5042 internunciis
721 4985 1004 5043 domuum
1051 4986 1259 5042 ducem
1290 4985 1566 5042 continua
1594 5001 1782 5057 prece,

1890 4534 1999 4589 mis
2030 4535 2515 4607 depositis,nicbil
2547 4534 2797 4607 amplius
2827 4553 3003 4608 quam
3032 4537 3235 4593 mortis
3263 4555 3503 4596 exosum

1889 4624 2208 4696 periculum
2238 4623 2482 4678 evadere
2512 4623 2671 4678 ﬂexis
2693 4625 3015 4680 exorabant
3032 4626 3364 4699 poplitibus.
3381 4631 3503 4685 Dux

1890 4713 2083 4785 itaque
2119 4711 2349 4784 pietatis
2379 4715 2607 4768 amator
2634 4730 2837 4769 omnes
2878 4713 3030 4769 vivos
3063 4731 3399 4773 conservare
3432 4727 3500 4761 1η

1888 4801 2219 4870 instituens,
2246 4802 2543 4857 civitatem
2590 4806 2818 4858 tantum
2858 4804 3154 4860 devastare
3203 4807 3497 4879 praecepit.

1890 4893 2011 4958 Quo
2044 4895 2299 4963 peracto,
2330 4892 2511 4948 victor
2532 4892 2800 4964 princeps
2826 4893 3011 4947 sancti
3043 4895 3273 4950 Maximi
3302 4898 3498 4953 aeccle-

1886 4984 2031 5038 siam
2084 4981 2461 5056 reciprocavit
2511 4981 2681 5057 (109).
2733 4983 2850 5039 lllic
2897 4985 3263 5056 Ragusiensis
3312 4988 3497 5044 archi-

1498 5108 1726 5164 VARI/E
1758 5104 2157 5163 LECTIONES.

234 5212 393 5270 ιιειι.
428 5230 482 5270 o.
505 5214 863 5288 suprascripta
901 5213 949 5265 1.
1067 5215 1134 5251 ίιτ
1165 5208 1349 5266 donec
1382 5213 1399 5264 1

1520 5216 1589 5251 11⁸
1609 5221 1947 5263 conservare
1976 5204 2399 5276 suprascriptum
2432 5207 2482 5258 1.

1734 5303 1962 5362 NOT/E.

231 5417 372 5489 (102
428 5415 618 5471 Caua.
1062 5464 1071 5472 ,
1364 5475 1374 5488 .
1746 5473 1757 5484 .

235 5415 398 5555 (103i
423 5487 592 5554 Trau,
616 5485 686 5541 ab
704 5482 1001 5541 occidente
1022 5483 1080 5536 et
1100 5479 1494 5555 septentrione
1514 5476 1782 5548 Spalatri.

234 5548 396 5631 (104)
424 5548 953 5631 Olim'Belogrado,
968 5555 1095 5631 jam
1123 5548 1265 5605 lara
1295 5548 1554 5631 Vpcchia.
1604 5619 1615 5629 ο

237 5619 395 5702 (105)
426 5632 626 5704 Utrum
659 5619 1141 5704 _No'v_igrad'urbs
1166 5621 1452 5704 munita,“
1478 5637 1550 5685 an
1586 5619 1786 5704 ‘insula

155 5691 405 5775 Gri-ossa,
455 5702 612 5774 cujus
656 5699 716 5756 in
764 5691 956 5755 littore
1009 5694 1291 5768 oppidum
1335 5691 1605 5764 Neligrad
1647 5707 1785 5747 con-

1887 5402 2032 5457 sistit
2051 5403 2078 5457 ?

1956 5472 2109 5545 (106)
2149 5472 2435 5545 Spalatro.

1955 5544 2105 5612 (107)
2149 5544 2405 5603 Curzola.

1959 5617 2100 5689 (108)
2143 5616 2372 5689 Lesina.

1959 5618 2079 5689 (108
2143 5618 2372 5678 Lesina.

1956 5618 2100 5762 (109i
2139 5688 2200 5743 Id
2228 5691 2312 5744 est
2340 5690 2585 5760 repetiit.
