3910 6174
486 437 582 496 931
1689 416 2020 477 IOHANNIS
2045 416 2328 476 DIACONI
2347 415 2599 474 VENETI
3619 413 3704 471 932

488 559 785 631 episcopus
843 565 975 606 cum
1012 547 1128 605 suis
1183 541 1550 612 conveniens,
1594 541 1784 598 eidem
1838 538 2085 612 principi
2110 547 2163 607 Α
2184 540 2300 596 rari
2327 539 2510 611 jussit.
2540 526 2610 592 Ini
2636 551 2748 609 quo
2781 549 2900 591 sese
2933 548 3038 606 per
3065 530 3302 590 triduum
3341 530 3603 589 curationis
3624 549 3704 605 po-

487 646 849 704 sacramenta
873 655 1076 696 omnes
1101 636 1396 699 facientes,
1423 631 1695 703 obsequia
1719 632 1901 684 multa
1923 629 2085 682 detu-
2186 620 2312 684 tum
2357 627 2642 684 custodire
2688 625 3018 680 simulabat.
3082 624 3249 678 Nocte
3276 622 3450 694 itaque
3490 628 3709 694 perventa

487 737 696 792 lerunt.
721 731 859 785 Inde
890 727 1177 801 predictas
1198 722 1452 777 civitates
1475 720 2089 792 repetendo,rcmeans
2191 736 2426 793 parvam
2457 716 2777 772 naviculam
2802 714 3135 779 ascendens,
3151 729 3259 784 qua
3277 711 3530 782 predictus
3543 712 3707 767 Johan-

490 820 885 880 adVeneciam
918 832 1048 872 cum
1079 814 1179 870 tali
1204 811 1502 884 triumpho
1533 809 1772 864 tandem
1797 822 2091 878 regressus
2193 826 2294 864 nes
2310 809 2584 862 diaconus
2598 801 3712 876 adipsiusinsulmmarginemprestolando

486 917 590 970 est.
2193 897 2475 953 latitabat.
2493 893 2774 949 Hccilinus
2797 909 2932 946 vero
2950 907 3161 956 comes,
3187 889 3278 960 qui
3299 888 3613 960 posteaUtO)
3637 889 3714 941 Ba-

560 1004 695 1076 (An.
730 998 915 1070 1000.)
947 1000 1172 1052 Interea
1205 995 1337 1049 Otto
1365 992 1687 1063 imperator
1714 987 1786 1043 ad
1829 986 2092 1041 Italicum
2187 985 2545 1058 jovariorum
2563 984 2673 1038 dux
2691 981 2925 1037 etl'ectus
2938 983 3041 1045 est,
3059 982 3115 1033 et
3132 977 3478 1032 Raimbaldus
3493 975 3714 1031 Tarvisia—

485 1110 733 1168 regnum
758 1089 926 1145 tertio
945 1088 1206 1157 repetere
1231 1084 1672 1153 disponens,per
1690 1077 1832 1132 vasti
1853 1074 2095 1131 Cumani
2196 1093 2301 1130 nus
2329 1091 2544 1141 comes,
2587 1073 2919 1142 Teupernus
2950 1066 3380 1124 belicosissimus
3415 1065 3510 1126 vir,
3536 1065 3718 1118 Rainar-

485 1187 641 1240 lacus
671 1179 924 1253 gurgites
955 1175 1174 1230 aditum
1201 1173 1414 1226 habere
1429 1166 2091 1238 voluit(Jun.ex.);quem
2198 1166 2322 1226 dus,
2352 1165 2553 1230 Tamo,
2586 1158 2912 1225 camerarii,
2934 1159 3213 1211 Walterus
3232 1155 3418 1209 unicus
3437 1154 3718 1226 capellanus,

485 1241 1004 1342 Longoubarvdorum
1037 1261 1346 1317 multitudo
1375 1256 1712 1314 Cumanain
1738 1256 1880 1309 urbe
1912 1271 2092 1308 excos-
2196 1253 2498 1308 Federicus
2519 1251 2636 1322 [qui
2658 1253 2751 1312 190]
2771 1247 3143 1319 postmodum
3167 1244 3304 1314 (Hi)
3325 1244 3577 1297 Ravenna:
3591 1241 3725 1296 archi.

489 1363 721 1434 perunt,
762 1358 914 1412 inter
958 1370 1098 1426 quos
1136 1352 1426 1406 Johannes
1457 1347 1753 1407 diaconus,
1785 1343 2093 1416 supradicti
2197 1343 2494 1412 episcopus
2519 1338 2722 1404 extitit,
2751 1337 2923 1392 simul
2952 1335 3011 1390 in
3044 1333 3356 1406 predictam
3383 1331 3552 1386 navim
3577 1347 3722 1385 ascen-

491 1449 643 1505 Pctri
676 1445 832 1501 ducis
858 1441 1122 1507 nuncius,
1154 1440 1287 1493 licet
1317 1438 1386 1492 de
1410 1436 1494 1490 sui
1528 1433 1770 1488 senioris
1799 1431 2094 1500 triumpho
2198 1431 2428 1485 derunt.
2457 1428 2562 1493 Qui
2603 1431 2724 1483 tota
2749 1428 2916 1480 nocte
2947 1428 3004 1478 et
3035 1422 3127 1478 die
3157 1421 3344 1476 nautis
3363 1420 3588 1491 inquiete
3613 1419 3725 1473 navi-

487 1553 722 1610 ignarus
753 1531 1004 1597 advenit,
1033 1544 1316 1599 suumque
1363 1525 1655 1580 seniorem
1699 1525 1925 1575 tantum
1961 1535 2096 1590 pro-
2198 1519 2467 1591 gantibus
2488 1518 2615 1589 jam
2645 1513 2937 1588 sequentis
2964 1512 3149 1568 noctis
3176 1511 3233 1566 in
3264 1512 3573 1582 tempestate
3597 1507 3727 1562 sancti

486 1596 702 1682 fractum
735 1623 808 1678 ad
839 1596 1245 1675 debellandani
1277 1616 1612 1670 Sclavorum
1633 1609 2101 1679 duriciamimpe-
2200 1607 2418 1664 Servuli
2443 1606 2779 1671 aecclesiam,
2810 1621 2938 1676 quae
2983 1618 3102 1656 non
3133 1601 3305 1672 longe
3335 1616 3367 1654 a
3395 1598 3535 1652 ducis
3565 1596 3726 1669 palacio

489 1713 668 1771 ratori
695 1709 1008 1766 nunciavit.
1038 1708 1296 1776 Cumque
1328 1703 1512 1758 isdem
1539 1702 1790 1755 Joannes
1821 1715 1938 1752 una
1967 1713 2099 1751 cum
2200 1697 2342 1752 scita
2371 1695 2720 1761 decernitur,
2765 1692 3200 1764 applicuerunt;
3234 1688 3329 1743 ubi
3376 1689 3553 1742 Petrus
3574 1700 3726 1758 prepo-

490 1803 842 1875 imperatore
877 1774 1239 1852 Ticinensem
1292 1793 1478 1848 adiret
1527 1791 1731 1844 urbem
1778 1787 1912 1858 (Jul.
1947 1789 2096 1875 ina),
2128 1837 2177 1875 ρ
2201 1790 2328 1841 tens
2354 1785 2464 1839 dux
2494 1783 2636 1839 tanti
2657 1781 2912 1837 hominis
2944 1781 3167 1835 occulte
3194 1777 3491 1833 adventum
3519 1774 3727 1845 prestola-

492 1837 842 1875 ωινωαιυιυ
889 1837 1239 1852 “mnuum...
1292 1837 1478 1848 “ut-
1530 1837 1731 1844 _-..----
1781 1837 1911 1858 Γ
2362 1837 2462 1839 νη
3519 1837 3536 1845 ,

492 1889 785 1949 nonnullis
811 1884 1201 1942 referentibus
1218 1882 1301 1936 sui
1318 1879 1540 1936 domini
1565 1878 1814 1933 adventu
1832 1873 2101 1930 ettrium—
2128 1837 2178 1898 B
2203 1875 2392 1930 batur.
2446 1874 2513 1926 Et
2557 1872 2692 1944 quia
2731 1873 2894 1924 tetras
2952 1866 3138 1923 noctis
3187 1864 3513 1921 obscuritate
3551 1861 3728 1917 minime

490 1983 608 2056 pho
640 1977 826 2034 extitit
869 1977 1154 2047 expertus.
1185 1970 1285 2026 Cui
1335 1969 1656 2041 imperator
1687 1967 1759 2020 ad
1803 1963 2100 2037 propriam
2203 1961 2452 2033 conspici
2483 1960 2731 2015 vicissim
2775 1973 2895 2014 sese
2936 1957 3229 2023 valebant,
3258 1954 3407 2008 inter
3434 1952 3673 2022 amplexus
3693 1954 3729 2002 et

480 2057 607 2144 jam
633 2065 861 2122 reddire
900 2061 1134 2128 volenti,
1167 2061 1276 2114 hoc
1312 2062 1595 2113 secretum
1646 2055 1962 2125 injungens
2000 2067 2100 2105 suo
2205 2052 2338 2106 novi
2367 2050 2564 2124 ospitis
2591 2048 2914 2104 dulcissima
2950 2045 3206 2111 obscula,
3259 2043 3368 2098 dux
3409 2040 3577 2095 taliter
3616 2039 3731 2092 illum

489 2129 702 2214 seniori
741 2152 1046 2224 delegavit,
1076 2153 1137 2204 ut
1182 2149 1227 2203 si
1272 2146 1542 2220 possibile
1583 2145 1752 2210 foret,
1781 2139 2104 2196 dilectionis
2205 2143 2481 2197 allocntus
2507 2142 2618 2194 est:
2664 2138 2734 2193 Si
2779 2139 2856 2191 υιζς
2907 2135 3088 2189 sancti
3115 2133 3403 2187 Zachariae
3429 2129 3732 2184 manuarium

491 2246 679 2320 gratia
723 2244 784 2297 in
830 2217 1039 2311 aliquoi
1073 2254 1188 2292 suae
1240 2217 1541 2308 potestatis
1581 2234 1705 2287 loco
1747 2233 1895 2285 clam
1937 2229 2107 2282 vellet
2198 2230 2488 2303 previdere.
2519 2229 2784 2283 instanter
2802 2231 3003 2296 oportet
3050 2229 3100 2278 te
3149 2221 3272 2276 illuc
3294 2238 3384 2287 ire,
3415 2236 3507 2292 quo
3526 2217 3630 2271 lucis
3651 2222 3737 2268 ante

486 2333 782 2400 venire,et
805 2329 947 2383 tanti
975 2327 1082 2380 Viri
1118 2329 1176 2380 et
1205 2322 1521 2395 compatris
1551 2319 1841 2392 presentia
1859 2321 1916 2372 el
1947 2332 2109 2387 saga-
2208 2317 2570 2391 crepusculum
2600 2318 2662 2372 in
2697 2315 2909 2387 palacii
2946 2315 3049 2367 mei
3103 2312 3291 2366 meniis
3327 2325 3472 2382 queas
3509 2307 3740 2377 dignissime

493 2423 666 2477 citate
695 2392 906 2491 'potiri.
938 2419 1056 2471 Dux
1100 2392 1359 2484 namque
1395 2424 1751 2482 quamquam
1793 2406 1954 2461 avide
1995 2406 2111 2459 tale
2211 2409 2447 2479 ospz'tari.
2496 2404 2714 2461 Deinde
2755 2401 2948 2458 navim
3000 2403 3250 2471 uterque
3294 2395 3593 2460 ascendens,
3634 2392 3740 2444 alter

485 2479 1024 2565 audiretbuntium,
1060 2479 1278 2556 tamen—
1307 2479 1630 2570 numquam
1658 2497 1766 2550 hoc
1795 2494 1919 2549 ﬁeri
1947 2510 2113 2565 posse
2214 2496 2513 2570 proprium
2541 2494 2847 2568 palacium,
2871 2492 3016 2546 alter
3041 2489 3284 2562 quidem
3313 2485 3602 2560 predictum
3626 2479 3744 2554 petiit

484 2596 780 2660 credebat,
820 2609 932 2665 quo
972 2594 1274 2646 tantorum
1305 2602 1622 2659 regnorum
1665 2583 1951 2656 PrincePS,
2001 2580 2116 2635 suis
2216 2573 3742 2654 monasterium.Postquamilliusmonasteriumingres-

485 2656 910 2760 ignorantibus,
937 2678 1206 2751 expedite
1236 2656 1427 2732 aliena
1453 2676 1586 2747 jura
1616 2675 1828 2728 valeret
1874 2672 2111 2760 intrare.
2216 2693 2308 2730 sus
2336 2673 2442 2747 ipsi
2474 2673 2790 2745 patefactus
2824 2671 2995 2736 foret,
3054 2667 3359 2723 ecclesiam
3386 2661 3609 2729 intravit,
3633 2656 3745 2714 haud

481 2777 695 2831 Verum
720 2787 852 2827 cum
879 2784 1116 2825 suorum
1151 2765 1385 2821 nomine
1420 2764 1637 2820 eodem
1677 2759 2113 2817 communicare
2215 2745 2411 2819 tamén
2441 2763 2554 2818 illic
2581 2760 2796 2816 diucius
2827 2760 3229 2813 commoratus
3262 2765 3362 2823 ul;
3402 2753 3494 2808 sed
3516 2755 3569 2805 ul,
3600 2745 3746 2803 condi-

483 2879 753 2922 sermone
786 2855 1213 2924 volens,tacitus
1245 2854 1350 2908 sibi
1385 2853 1445 2908 in
1481 2852 1658 2907 corde
1685 2851 2112 2906 servabat.Pre-
2217 2858 2372 2908 ctum
2404 2854 2611 2918 fuerat,
2645 2849 2718 2904 ad
2746 2847 3031 2919 palacium
3060 2845 3392 2911 advenit,“
3419 2839 3560 2898 omni
3587 2838 3746 2909 dequo.

485 2954 670 3010 dictus
708 2965 841 3004 νθτο
895 2962 1094 3012 (3885³1⁸,
1119 2943 1421 2998 Τίοίηθῐιεθ
1464 2941 1667 2996 renda
1716 2939 1860 2994 urbe
1897 2937 2111 3010 (Νουο),
2213 2943 2384 2997 ritate
2414 2941 2562 2996 illius
2593 2939 2958 3010 perlustrata,
2992 2935 3052 2990 in
3084 2931 3354 2991 orientali
3397 2936 3541 2988 turre
3572 2945 3621 2982 se
3654 2939 3747 2978 cum

487 3059 591 3116 Per
609 3038 806 3095 Τυδθίθ
833 3038 990 3108 alpes
1022 3035 1355 3089 Romanum
1383 3029 1634 3085 Obtabile
1662 3027 1836 3100 Ρθθίίι
1866 3025 2100 3082 δοῙίιιῐΙιο
2212 3031 2433 3087 duobus
2463 3028 2547 3084 sui
2573 3026 2792 3082 retrudi
2819 3029 2878 3080 et
2907 3024 3125 3079 servari
3160 3023 3356 3079 voluit.
3388 3021 3512 3076 Erat
3540 3032 3652 3072 sane
3666 3012 3749 3076 vili,

490 3130 710 3187 Deinde
759 3127 820 3182 in
863 3123 1219 3181 abstinencia
1260 3137 1370 3192 que
1421 3121 1708 3192 pascalem
1761 3116 2182 3214 antecedensC
2211 3137 2285 3174 ne
2341 3121 2773 3190 agnosceretur,
2827 3113 3029 3169 habitu
3080 3112 3340 3168 indutus.
3393 3108 3622 3165 Prefatus
3657 3116 3750 3155 vero

981 3213 1002 3214 η
1372 3209 1386 3214 -
1585 3207 1598 3214 -
1927 3204 1956 3214 ..
2000 3209 2009 3214 -
2210 3209 2249 3214 __
2357 3207 2392 3214 -.
2775 3206 2784 3214 .
2867 3202 2876 3212 ο
2956 3202 2971 3214 ιι
3207 3202 3221 3214 1
3389 3203 3399 3214 ι
3449 3197 3511 3214 u,
3558 3194 3586 3214 1:
3618 3188 3749 3214 ,Μαῖα

495 3216 948 3280 εὸιθῐῐιηίῐεὶῐθιῐι,
978 3213 1315 3266 Ravennam
1356 3207 1707 3263 descendere
1748 3204 1968 3260 curat/il-
1993 3209 2104 3271 (αηο
2133 3188 2182 3214 υ
2209 3188 2509 3264 Hecelinus
2543 3221 2676 3259 cum
2704 3202 2912 3258 ceteris
2941 3202 3152 3257 ducem
3190 3202 3262 3257 de
3287 3194 3590 3257 matutinali
3613 3188 3750 3248 ofﬁcio

498 3308 681 3379 1001).
711 3304 812 3361 Cui
843 3305 1042 3358 Petrus
1075 3300 1186 3354 dux
1234 3297 1510 3352 eumdem
1553 3297 1877 3350 Iohannem
1910 3293 2107 3348 diaco-
2207 3296 2474 3352 veniente
2504 3298 2637 3349 ante
2670 3301 2739 3336 ης
2797 3290 2978 3346 sancti
3016 3289 3194 3345 Marci
3238 3289 3440 3344 limina
3462 3283 3750 3355 exceperunt.

496 3414 641 3452 num
663 3390 984 3456 destinavit;
1004 3406 1037 3442 a
1054 3405 1167 3460 quo
1181 3386 1433 3457 benigne
1455 3383 2040 3454 susceptus,importu1

2207 3386 2307 3442 Cui
2329 3384 2601 3441 salutaria
2630 3383 2827 3449 verba,
2843 3397 2920 3436 ne
2939 3379 3381 3435 circumstantes
3403 3379 3505 3434 hoc
3535 3372 3749 3429 secretum

496 3483 559 3539 id
579 3484 767 3555 ipsum
793 3479 949 3552 quod
969 3457 1138 3532 antea
1159 3475 1381 3529 dixerat
1405 3473 1764 3544 reciprocare
1782 3470 2095 3543 satagebat.
2207 3475 2513 3540 sentirent,
2542 3490 2606 3526 ex
2635 3470 2921 3542 imperiali
2959 3473 3126 3540 parte
3177 3468 3549 3541 pertulerunt.
3596 3457 3752 3524 Quibus

499 3547 664 3628 Unde
695 3547 912 3624 factum
943 3570 1028 3620 est
1056 3575 1139 3627 ut,
1163 3563 1316 3617 inter
1347 3566 1620 3632 utrasque
1650 3563 1844 3631 partes
1871 3559 2107 3630 saepedi-
2208 3565 2340 3631 dux,
2396 3561 2690 3635 quomodo
2741 3560 3062 3630 imperator
3112 3557 3338 3629 vigeret
3387 3555 3469 3609 vel
3511 3550 3594 3607 ubi
3632 3547 3751 3603 esset,

500 3665 592 3717 cto
614 3659 877 3715 Iohanne
904 3654 1146 3709 diacono
1160 3652 1362 3706 crebro
1383 3649 1778 3716 discurrendo,
1795 3649 1905 3704 tale
1923 3647 2105 3708 venti-
2207 3651 2474 3725 inquiens
2494 3648 2805 3721 requisivit.
2835 3649 2905 3700 At
2932 3646 3009 3700 illi
3032 3647 3189 3718 apud
3210 3642 3521 3718 Pamposiaa
3536 3638 3755 3694 monasle'

498 3751 717 3806 laretur
737 3743 1316 3817 negocium.Demum
1337 3740 1654 3812 imperator
1673 3738 1897 3793 salubre
1912 3754 1944 3792 a
1965 3737 2108 3790 duce
2208 3720 2359 3798 riu—m
2391 3720 2667 3794 eumdem
2685 3737 2960 3810 sospitem
2981 3735 3274 3790 dimisisse
3294 3728 3688 3806 responderunt.
3710 3720 3755 3774 Et

501 3841 735 3910 accepto
756 3816 1247 3899 consilio,sacrum
1265 3829 1419 3883 diem
1436 3829 1724 3898 pascalem
1744 3824 2109 3881 devotissime
2210 3833 2354 3887 datis
2386 3829 2647 3895 obsculis,
2676 3827 2957 3899 hospitari
2981 3827 3108 3880 illos
3117 3826 3289 3897 juxta
3308 3816 3753 3897 palaciumjubeDS.

501 3927 820 3991 οθὶθῦΐθιῐιει,
855 3921 1124 3977 omnibus
1182 3918 1500 3990 majoribus
1546 3917 1661 3972 SUiS
1716 3915 2008 3981 ίηάίϐἂνίῐ,
2049 3931 2109 3968 se
2209 3923 2328 3993 ipse
2354 3935 2487 3974 vero
2521 3919 2941 3989 imperatorem
2961 3915 3157 3970 adivit.
3178 3916 3376 3986 Neque
3395 3914 3475 3968 fas
3499 3901 3756 3965 ducifueral

503 4011 866 4090 purgationis
888 4009 1158 4084 poculum
1181 4007 1334 4079 apud
1354 4010 1565 4060 sanctae
1598 4005 1786 4060 Maria:
1815 4005 2108 4058 monaste-
2211 4026 2341 4064 cum
2374 4009 2726 4080 imperatore
2756 4021 2860 4078 per
2889 4007 3080 4059 totum
3113 4002 3277 4059 diem
3306 4003 3365 4057 in
3393 3998 3624 4075 prodicta
3647 3997 3756 4046 ῑυῐτθ

503 4107 655 4162 rium
686 4103 746 4158 in
778 4100 1032 4174 quadam
1063 4097 1402 4167 insalaiquw
1435 4094 1721 4165 PODPOSia
1753 4092 2108 4159 nominatur,
2212 4079 2473 4163 manere,
2507 4112 2580 4150 ne
2611 4095 2738 4167 quis
2770 4091 3179 4149 Veneticorum
3213 4085 3592 4164 hujuscemodi
3615 4079 3754 4137 reicu-

504 4189 762 4268 accipere
777 4195 835 4247 et
851 4187 1158 4260 aliquantis
1182 4185 1323 4240 inibi
1347 4184 1547 4240 diebus
1571 4183 1921 4240 commorari
1943 4183 2108 4238 velle.
2212 4184 2459 4257 pacitate
2485 4187 2677 4256 posset
2699 4182 2932 4237 sentire.
2951 4181 3034 4236 Ad
3053 4177 3646 4252 prandiirefectionem
3663 4180 3754 4222 cum

502 4287 692 4342 Manet
709 4279 991 4352 siquidem
1007 4276 1212 4332 eadem
1231 4275 1416 4329 insula
1435 4291 1552 4328 non
1574 4273 1826 4345 procula
1847 4271 2108 4337 Venecia,
2214 4274 2338 4333 aliis
2365 4275 2558 4346 palam
2589 4271 2988 4338 conveniebat,
3023 4287 3153 4325 sero
3187 4287 3306 4324 una
3345 4285 3474 4324 cum
3511 4274 3690 4320 cessare
3713 4259 3758 4293 ’⁵³

505 4391 572 4429 ex
603 4388 719 4426 una
747 4347 909 4441 p-arte
941 4365 1169 4420 marino
1202 4363 1416 4431 littore,
1449 4380 1515 4418 ex
1546 4362 1670 4416 aliis
1693 4361 1965 4432 Eripdani
1991 4360 2109 4415 cin-
2149 4415 2190 4441 τι
2214 4365 2456 4436 dapibus
2508 4359 2923 4432 colloquiisque
2980 4358 3385 4423 reﬁciebatur;
3446 4355 3512 4411 ad
3554 4347 3757 4426 perfecta!

506 4427 662 4534 gitur
693 4427 943 4513 fluentis.
978 4454 1074 4508 His
1104 4451 1288 4519 dictis,
1320 4427 1533 4506 statuta
1557 4454 1642 4505 est
1669 4459 1757 4518 H9,
1788 4427 1845 4504 in
1874 4467 1988 4521 qua
2017 4450 2111 4506 ille
2145 4427 2192 4473 υ
2216 4427 2466 4524 namque
2498 4451 2632 4506 ﬁdei
2662 4427 2952 4505 vinculum
2995 4447 3466 4504 confirmandum
3513 4441 3612 4496 ﬁlia
3649 4430 3760 4488 ducis

508 4555 567 4608 et
595 4547 776 4605 sancti
803 4543 970 4600 Marci
1004 4543 1301 4598 oraculum
1335 4545 1392 4596 et
1421 4542 1518 4596 diu
1549 4541 1939 4596 desideratum
1960 4556 2114 4594 com-
2216 4543 2402 4598 adhuc
2457 4539 2805 4596 caticumina
2857 4537 2928 4592 de
2978 4553 3138 4592 sacro
3198 4532 3552 4609 baptismatis
3593 4529 3758 4582 lavacro

505 4644 735 4715 patrem
779 4633 982 4689 adiret.
1010 4633 1187 4697 Tunc,
1227 4647 1358 4685 cum
1403 4629 1712 4702 aliquantis
1757 4629 1962 4702 quibus
2007 4630 2116 4684 hoc
2217 4648 2376 4686 cesar
2406 4629 2672 4700 suscepit.
2708 4627 2953 4683 Pallium
3003 4603 3296 4699 quidem;
3328 4623 3478 4696 quod
3527 4633 3616 4691 pro
3655 4603 3760 4682 p86“

507 4700 872 4786 iamiliariter
911 4720 1282 4776 commissum
1331 4700 1601 4787 habebat,
1634 4700 1854 4774 intrans
1902 4717 2114 4780 navim,
2219 4720 2414 4775 federe
2445 4718 2592 4790 (H2)
2626 4735 2660 4772 a
2688 4716 2973 4772 Veneticis
3002 4732 3176 4786 supra
3209 4709 3609 4788 quinquaginta
3639 4700 3765 4756 libras

507 4817 832 4892 predictum
873 4809 1045 4884 peciit
1082 4808 1520 4863 monasterium.
1549 4807 1652 4863 Ubi
1697 4808 1940 4862 minime
1978 4823 2117 4878 per-
2220 4789 2671 4882 persolvebatur,
2703 4805 2894 4860 eidem
2925 4822 3026 4859 suo
3059 4803 3346 4876 compatri
3406 4798 3524 4855 duci
3550 4789 3762 4867 perpetua

3499 4886 3512 4892 _
3575 4885 3606 4892 ..
3626 4879 3683 4892 nnl
3711 4867 3762 4892 illi

507 4870 768 4971 noctans,
802 4870 1007 4957 abbate
1035 4915 1165 4952 cum
1194 4898 1492 4953 monachis
1517 4870 2120 4966 astantibus,ejusdem
2220 4870 2530 4969 scriptione
2580 4870 2854 4951 donabat.
2905 4894 2971 4947 Et
3025 4870 3226 4948 omnia
3269 4879 3686 4963 quomoda(lt3)
3711 4870 3764 4971 in}

517 4957 860 5052 monasterii
890 4987 1184 5062 quoddam
1212 4987 1550 5058 ospiciolum
1577 4957 1909 5058 previdens:
1922 5001 2122 5057 prepa-
2224 4957 2471 5042 firmiter
2500 4984 2710 5040 dehinc
2727 4981 3012 5056 impertiri
3037 4997 3142 5054 pro
3156 4957 3307 5036 votis
3317 4970 3671 5051 promittebat.
3687 4957 3762 5015 Sed

1831 5106 2067 5163 VARUE
2115 5107 2408 5164 LECTION
2417 5105 2519 5164 ES.

585 5249 654 5284 119
685 5240 879 5297 scilicet
906 5237 1045 5293 dies.
1159 5243 1230 5278 120
1260 5249 1370 5288 von
1403 5232 1584 5288 deest.
1697 5239 1764 5274 131
1794 5248 1924 5287 com
1953 5231 2377 5303 suprascriptum
2410 5235 2460 5284 Ι.
2571 5237 2641 5272 122
2668 5229 2790 5283 aut.
2832 5231 2880 5281 l.
2996 5233 3064 5268 m
3095 5228 3134 5282 ἱ.
3168 5241 3215 5282 σ.
3257 5236 3480 5278 caesare.

2095 5350 2320 5406 NOT/E.

615 5479 730 5550 110)
772 5482 836 5534 A.
872 5479 1031 5535 1004.
1058 5475 1374 5532 Thietmar.
1409 5475 1446 5528 l.
1478 5489 1554 5541 v1,
1582 5488 1630 5526 c.
1663 5474 1714 5526 3.
2226 5470 2353 5525 vide
2385 5471 2442 5525 in
2464 5469 2780 5525 Annalibus
2811 5467 3019 5525 nostris
3048 5470 3089 5524 t.
3120 5467 3212 5530 Ill,
3259 5481 3317 5537 p.
3362 5462 3480 5527 578,
3529 5456 3636 5519 579,
3674 5444 3765 5502 598.

617 5551 737 5624 111)
777 5552 956 5624 Annis
984 5550 1313 5624 1001-1003.
1371 5616 1404 5624 __
1432 5617 1478 5624 __
1537 5619 1546 5624 _
1947 5613 1958 5623 .
2230 5559 2356 5624 sqq.

593 5612 746 5696 (112')
790 5623 968 5696 Quale
1000 5621 1135 5677 inde
1162 5638 1196 5675 a
1222 5616 1409 5696 Caroli
1432 5617 1797 5696 M._tempore
1818 5631 1924 5686 per
1944 5613 2129 5687 impe-
2276 5612 2452 5685 7(113)
2493 5612 2836 5669 Commoda.

521 5691 749 5753 ratores
787 5694 999 5767 passim
1040 5695 1382 5750 renovatum
1409 5691 1562 5758 erat;
1597 5701 1901 5743 recensum
1929 5703 2132 5743 eorum
