3998 6166
266 376 343 438 933
1517 374 1917 434 CHRONICON
1943 373 2289 435 VENEVUM.

3468 386 3572 446 934

261 498 403 558 nichil
437 495 552 554 dux
583 489 634 554 ei
671 488 896 567 exigere
941 486 1168 562 volens,
1203 490 1314 549 nisi
1358 496 1428 551 ut
1476 495 1846 552 ecclesiarum
1866 501 1922 562 Α
1950 497 2114 568 regia
2145 501 2324 566 ortus,
2353 513 2674 570 regnorum
2708 495 2816 552 rite
2872 497 3117 570 suscepit
3164 498 3432 560 diadema
3457 505 3568 577 (an.

253 607 452 648 suarum
484 605 584 644 seu
611 585 874 643 omnium
902 584 1326 640 Veneticorum
1373 586 1577 658 predia
1619 587 1844 657 integre

253 679 497 745 solidatis,
545 678 602 732 in
649 680 796 732 statu
855 673 976 729 suis
1035 675 1406 745 temporibus
1460 680 1843 731 conservaret.

251 772 411 826 Altero
442 770 636 824 autem
667 766 757 820 die
778 779 914 818 cum
929 764 1058 834 jam
1074 763 1367 818 redeundi
1385 765 1606 819 licitum
1630 766 1845 820 habere

250 858 464 924 volebat,
514 856 858 911 diversarum
909 866 1211 923 generum
1255 852 1506 907 fortunis
1551 854 1661 908 dux
1711 870 1846 908 eum

245 963 529 1003 munerare
550 944 742 1011 voluit;
769 942 866 1014 qui
887 940 1078 995 nichil
1103 941 1320 995 borum
1341 942 1640 998 continere
1654 944 1844 1014 cupie-

244 1037 336 1102 bat,
379 1035 616 1090 dicens:
665 1032 804 1087 Illud
847 1031 997 1085 milii
1055 1031 1255 1084 crimen
1304 1030 1554 1085 inducere
1595 1033 1736 1100 nolo,
1781 1051 1848 1088 ne

241 1128 334 1199 quis
356 1123 664 1196 cupiditatis
691 1128 739 1177 et
764 1138 871 1176 non
903 1121 1096 1175 sancti
1113 1116 1304 1173 Marci
1326 1127 1520 1192 tueque
1540 1120 1849 1178 dilectionis

239 1232 374 1270 caiisa
422 1229 507 1269 me
556 1213 653 1269 huc
697 1213 893 1265 venisse
951 1215 1184 1264 asserat.
1215 1208 1443 1263 Tamen
1499 1209 1848 1282 importunis

241 1305 508 1360 coartatus
531 1301 802 1372 precibus,
835 1299 1174 1356 eburneum
1207 1297 1402 1352 sedile
1434 1314 1565 1351 cum
1596 1316 1696 1353 suo
1717 1300 1846 1354 sub-

239 1392 396 1459 sellio,
429 1407 538 1446 nec
568 1407 677 1446 non
702 1393 1055 1461 argenteum
1083 1386 1320 1457 siphum
1361 1389 1421 1440 et
1455 1403 1688 1441 urceum
1714 1404 1846 1442 raro

242 1484 522 1555 peractum
555 1496 717 1552 opere
748 1479 926 1545 dono,
961 1477 1106 1531 ficet
1130 1475 1374 1545 invitus,
1403 1475 1639 1547 recepit.
1673 1477 1846 1532 Dato-

241 1587 331 1643 que
355 1569 609 1635 obsculo,
638 1566 1073 1622 lacrimantibus
1095 1563 1387 1634 utrisque,
1415 1565 1664 1635 separati
1692 1569 1842 1620 sunt.

239 1659 506 1716 Hecilinus
532 1657 805 1729 siquidem
835 1659 895 1713 et
923 1653 1109 1710 ceteri
1149 1653 1441 1708 antedicti
1471 1669 1590 1708 non
1620 1655 1716 1709 illo
1747 1655 1848 1709 sed

240 1750 400 1804 altero
444 1746 536 1802 die
571 1746 854 1801 licentiam
890 1744 1311 1816 perceperunt.
1351 1744 1676 1813 Imperator
1716 1761 1846 1799 cum

1955 589 2112 653 1002,
2144 588 2276 644 Jun.
2308 590 2384 658 6),
2421 605 2756 660 quanquam
2781 588 3091 656 Ardoinus,
3121 592 3349 646 comitis
3379 595 3570 650 Dado-

1949 675 2038 728 nis
2065 675 2231 742 ﬁlius,
2266 677 2417 745 apud
2451 677 2702 730 dicinum
2757 677 3104 748 quibusdam
3159 680 3570 751 Langobardo-

1949 781 2082 818 rum
2109 765 2214 819 sibi
2238 764 2560 819 faventibus
2592 765 2757 836 regni
2787 783 3069 822 coronam
3097 774 3422 841 usurparet.
3463 772 3569 828 Ta-

1950 868 2086 906 men
2121 852 2351 907 illorum
2384 854 2570 923 major
2599 869 2733 924 pars
2769 854 2994 909 Henrici
3024 858 3178 928 regis
3232 860 3570 930 expectabat

1950 941 2289 997 adventum.

2020 1031 2188 1084 Anno
2218 1031 2451 1101 quidem
2485 1031 2900 1086 incarnationis
2946 1033 3345 1106 Redemptoris
3386 1040 3575 1096 nostri

1949 1118 2262 1172 millesimo
2279 1123 2504 1190 quarto,
2533 1121 2768 1175 ducatus
2782 1137 2912 1176 vero
2933 1123 3132 1177 domui
3166 1126 3314 1179 Petri
3341 1129 3570 1186 Veneti-

1949 1223 2152 1261 corum
2180 1224 2244 1262 ac
2285 1210 2738 1263 Dalmaticorum
2785 1209 2942 1264 ducis
2977 1211 3200 1267 decimo
3250 1215 3567 1285 Johannes,

1951 1296 2211 1367 ejusdem
2243 1297 2400 1352 ducis
2431 1299 2664 1369 egregia
2691 1300 2900 1369 proles,
2923 1300 3205 1370 genitoris
3233 1302 3464 1360 effectus
3483 1310 3571 1363 est

1950 1402 2186 1439 consors
2218 1387 2518 1456 dignitate.
2551 1388 2732 1452 Quem
2801 1389 2938 1443 dum
2993 1390 3172 1444 tercia
3223 1395 3342 1446 etas
3373 1397 3571 1450 octavo

1950 1473 2178 1528 decimo
2210 1491 2362 1528 anno
2395 1476 2684 1544 ephebum
2715 1477 2954 1542 foveret,
2989 1479 3267 1534 nimirum
3326 1486 3571 1553 paterno

1949 1562 2184 1632 ingenio
2219 1567 2277 1616 et
2303 1563 2591 1632 probitate
2623 1564 2882 1635 vigebat;
2920 1567 3015 1637 qui
3051 1567 3126 1637 pii
3151 1570 3406 1638 parentis
3423 1571 3572 1626 adeo

1950 1651 2355 1722 obtemperare
2383 1651 2609 1705 studeat
2638 1661 2704 1693 ηδ
2736 1654 2877 1723 (Hii)
2922 1655 3198 1724 moribus,
3251 1661 3313 1711 ut
3342 1659 3445 1712 sub
3477 1675 3578 1730 ge-

1953 1739 2105 1794 mino
2139 1739 2424 1810 regimine
2452 1740 2642 1794 omnis
2670 1742 2856 1812 patria
2888 1760 3003 1798 uno
3037 1749 3303 1799 maneret
3331 1746 3574 1802 foedere.

239 1837 448 1892 duobus
476 1838 698 1890 tantum
721 1838 776 1890 et
802 1835 1077 1890 Johanne
1104 1831 1358 1886 diacono
1381 1831 1575 1885 navim
1602 1833 1846 1901 intrans,
1871 1823 1920 1881 B
1949 1829 2162 1882 Eodem
2183 1844 2316 1882 vero
2333 1845 2484 1883 anno
2500 1828 2953 1885 Sarracenorum
2971 1834 3277 1888 multitudo
3305 1836 3588 1907 Apulien.

239 1924 547 1997 predictum
581 1924 790 1978 occulte
816 1923 879 1978 in
905 1925 1084 1977 nocte
1115 1935 1422 1991 regressus
1449 1919 1618 1973 estad
1641 1937 1845 1977 mona-

240 2014 486 2070 sterium.
510 2014 668 2069 Mane
694 2028 826 2068 vero
852 2028 914 2066 se
942 2008 1408 2082 prestolantibus
1436 2009 1628 2062 videre
1659 2009 1846 2080 inopi-

241 2107 358 2158 nate
383 2101 623 2167 exibuit,
655 2105 712 2156 et
741 2102 1082 2156 Ravennam
1116 2114 1249 2152 cum
1280 2096 1550 2169 prelibati
1575 2098 1849 2154 Johannis

241 2189 453 2245 diaconi
486 2205 627 2244 nave
655 2205 996 2260 properans,
1014 2187 1086 2242 de
1119 2186 1366 2240 Venetia
1392 2202 1451 2239 se
1481 2187 1689 2240 reverti
1721 2204 1846 2242 om-

242 2280 392 2335 nibus
412 2277 648 2351 prodiit.
669 2278 833 2342 Quod
864 2277 1101 2332 difﬁcile
1129 2275 1372 2329 credere
1392 2275 1668 2342 volentes,
1685 2293 1844 2331 amo-

244 2369 362 2424 dum
403 2367 710 2422 mirantur.
754 2369 877 2423 Dux
921 2366 1118 2438 itaque
1156 2380 1402 2418 omnem
1443 2363 1846 2420 Veneticorum

243 2460 508 2531 populum
533 2459 662 2528 post
674 2456 929 2511 triduum
954 2456 1013 2510 in
1032 2453 1260 2527 palacio
1284 2453 1594 2507 convenire
1621 2454 1843 2509 indixit.

244 2545 330 2601 Cui
371 2545 772 2616 hujuscemodi
807 2547 1036 2616 gestum
1084 2541 1470 2615 patefaciens,
1495 2558 1610 2596 non
1658 2545 1849 2599 minus

239 2634 401 2690 ﬁdem
437 2633 802 2706 imperatoris
829 2649 1007 2706 quam
1044 2631 1270 2704 pericia
1315 2630 1396 2684 sui
1445 2631 1685 2686 senioris
1730 2634 1845 2688 col-

239 2724 501 2778 laudabat
533 2722 700 2794 (114).
737 2723 870 2794 (An.
907 2721 1066 2788 1001,
1091 2719 1254 2775 Mart
1283 2736 1388 2784 ean,
1420 2719 1610 2790 April.
1636 2724 1765 2788 inc.)

299 2814 516 2868 Eodem
552 2828 782 2884 quoque
803 2814 1070 2882 tempore
1101 2812 1546 2864 Beneventanos
1577 2809 1724 2865 cives
1755 2828 1850 2866 au-

235 2902 386 2958 diens
401 2902 730 2972 imperator
750 2900 858 2956 sibi
883 2900 1193 2965 rebellare,
1214 2897 1422 2968 quibus
1452 2900 1733 2970 aggressis
1746 2918 1846 2956 suo

230 2989 471 3062 imperio
504 2992 777 3062 potenter
803 2988 1152 3060 subjugavit,
1176 2987 1506 3058 multosque
1534 2986 1843 3043 interfecit.

230 3080 314 3134 His
341 3078 598 3152 peractis
625 3079 960 3134 Ravennam
990 3077 1207 3132 iterum
1238 3074 1566 3142 adveniens,
1601 3077 1844 3148 Papien-

231 3184 345 3223 sem
372 3166 592 3223 deinde
621 3167 796 3238 peciit
814 3165 1254 3236 urbem.lbique
1279 3164 1674 3220 Romanorum
1701 3166 1849 3223 cives

229 3257 644 3313 dominationis
649 3257 791 3328 jugo
805 3257 1028 3328 abjecto
1047 3255 1157 3310 sibi
1172 3257 1598 3324 repugnaturos
1614 3255 1845 3311 audivit.

230 3345 439 3402 Contra
470 3362 620 3418 quos
640 3344 945 3417 patricium
966 3359 1137 3400 suum
1157 3340 1397 3396 nomine
1417 3343 1697 3397 Zazonem
1718 3360 1848 3398 cum

228 3434 479 3490 exercitu
508 3434 774 3501 mittens,
794 3432 916 3504 ipse
947 3432 1177 3503 navigio
1210 3431 1546 3486 Ravennam
1568 3431 1852 3488 instanter

229 3523 527 3580 descendit
553 3522 856 3595 (Νου.).Εο
887 3524 1156 3593 tempore
1190 3520 1304 3574 duo
1335 3519 1658 3592 imperialia
1680 3538 1850 3576 orna-

225 3617 422 3667 menta
449 3627 598 3668 auro
628 3611 778 3666 miro
811 3626 985 3680 opere
1011 3613 1142 3664 acta
1179 3624 1342 3662 cesar
1378 3624 1482 3679 per
1527 3609 1853 3665 Johannem

227 3700 540 3757 diaconum
579 3701 749 3755 Petro
783 3715 885 3756 suo
914 3697 1205 3770 compatri
1242 3697 1392 3766 duci,
1427 3715 1607 3752 unum
1645 3716 1710 3753 ex
1751 3701 1857 3754 Pa-

228 3789 433 3860 piensi,
469 3788 636 3846 aliud
669 3805 736 3843 ex
778 3788 1102 3844 Ravennati
1134 3787 1299 3852 urbe,
1333 3787 1488 3841 dono
1517 3788 1854 3844 transmisit.

222 3878 324 3934 Cui
363 3880 480 3935 dux
533 3876 1102 3949 recompensationis
1141 3875 1332 3946 gratia
1377 3875 1717 3930 cathedram
1753 3878 1860 3940 ele_

219 3967 527 4037 phantinis
540 3965 854 4022 artiﬁciose
873 3967 1095 4036 sculpta
1114 3964 1268 4018 tabul
1278 3963 1322 4018 is
1332 3980 1435 4034 per
1450 3965 1723 4019 eumdem
1742 3965 1857 4020 dia.

217 4073 438 4112 conum
472 4058 772 4111 Ravenna:
803 4055 1030 4110 direxit.
1053 4054 1239 4118 Quam
1263 4052 1424 4107 avide
1451 4053 1782 4124 suscipiens,
1801 4055 1858 4108 in

216 4145 433 4201 eadem
464 4143 616 4200 urbe
648 4143 1104 4199 conservandam
1125 4140 1380 4214 reliquit.
1403 4143 1620 4196 Dehinc
1653 4143 1859 4197 Roma-

1949 1917 2097 1972 sium
2131 1917 2275 1970 ﬁnes
2307 1917 2601 1983 invadens,
2625 1918 2940 1973 Varensem
2971 1921 3284 1990 civitatem,
3313 1924 3408 1978 ubi
3435 1927 3581 1981 Gre-

1950 2007 2147 2078 gorius
2177 2007 2491 2078 imperialis
2517 2010 2832 2078 catapanus
2863 2013 3114 2079 preerat,
3144 2028 3210 2066 ex
3235 2014 3588 2085 omniparte

1951 2095 2248 2151 obsidione
2279 2095 2692 2150 circumdabat.
2715 2096 2878 2160 Quod
2895 2099 3133 2152 audiens
3152 2103 3349 2155 Petrus
3363 2117 3588 2176 prepo-

1952 2187 2078 2238 tens
2109 2184 2241 2250 dux,
2275 2199 2586 2255 preparare
2603 2185 2919 2240 maximam
2936 2187 3364 2258 expeditionem
3379 2191 3586 2260 jussit.

1951 2272 2258 2344 Sanctique
2287 2273 2576 2328 Laurentii
2631 2274 2689 2328 in
2734 2274 3022 2346 solempni
3054 2276 3145 2331 die
3176 2278 3347 2348 (Aug.
3383 2279 3477 2351 10)
3514 2284 3588 2340 de

1948 2361 2192 2415 Venecia
2234 2361 2448 2428 exiens,
2488 2362 2729 2417 eosdem
2782 2369 3216 2435 expugnaturus
3266 2384 3583 2439 aggressus

1949 2454 2054 2504 est.
2087 2449 2192 2514 Qui
2222 2454 2442 2504 vastum
2466 2466 2570 2521 per
2593 2467 2756 2506 mare
2800 2454 2888 2506 vel
2911 2453 3139 2509 ﬁcando
3171 2459 3465 2513 terrarum
3499 2461 3582 2516 di-

1949 2556 2110 2594 versa
2141 2541 2267 2593 loca
2294 2539 2432 2593 dum
2475 2540 2766 2607 transiret,
2806 2543 3006 2596 octavo
3058 2544 3186 2599 Idus
3219 2545 3579 2617 Septembris

1947 2628 2121 2698 (Sept.
2143 2628 2197 2699 6)
2229 2627 2549 2697 predictam
2578 2631 2782 2684 urbem
2819 2631 3348 2703 appropinquabat.
3378 2634 3578 2694 Sarra-

1949 2733 2226 2772 cenorum
2261 2733 2471 2789 nempe
2487 2722 2728 2792 uterque
2747 2721 3027 2774 exercitus
3049 2738 3292 2777 cernens
3312 2723 3573 2797 inspera-

1950 2811 2071 2862 tam
2103 2807 2346 2861 salutem
2377 2807 2712 2863 Christianis
2733 2809 3028 2877 advenire,
3045 2811 3284 2865 armatis
3308 2815 3575 2871 manibus

1949 2895 2230 2966 aliisupra
2250 2912 2428 2966 equos
2452 2895 2644 2951 littore
2689 2897 3018 2965 adstabant,
3060 2898 3156 2952 alii
3182 2915 3356 2954 naves
3374 2918 3571 2958 ascen-

1950 2986 2172 3051 dentes,
2203 2984 2554 3040 Christianos
2583 2987 2656 3041 ad
2673 2990 2970 3042 certamen
2999 2987 3274 3042 audacter
3293 3005 3571 3060 provoca-

1948 3074 2109 3129 bant.
2144 3073 2256 3128 Sed
2279 3074 2470 3130 divina
2497 3076 2913 3147 propiciatione
2947 3077 3195 3131 domnus
3233 3079 3433 3132 Petrus
3462 3079 3575 3133 dux

1949 3177 2082 3216 cum
2114 3162 2385 3218 omnibus
2401 3163 2514 3218 suis
2530 3165 2836 3220 antedictm
2859 3164 3104 3220 civitatis
3133 3165 3192 3220 in
3216 3169 3449 3238 portum
3483 3166 3577 3222 in-

1952 3251 2178 3307 demnis
2203 3252 2489 3323 ingressus
2518 3257 2622 3307 est.
2656 3253 2842 3317 Quem
2875 3254 3022 3309 cives
3055 3271 3172 3310 una
3201 3272 3334 3310 cum
3365 3257 3577 3328 Grego-

1951 3341 2037 3396 rio
2073 3341 2359 3413 imperiali
2380 3346 2660 3414 catapano
2694 3343 2871 3415 digne
2891 3344 3288 3417 suscipientes,
3313 3347 3575 3417 ejusdem

1953 3431 2109 3486 urbis
2152 3431 2207 3485 in
2258 3432 2476 3503 palacio
2531 3433 2766 3505 ospitari
2806 3433 3086 3490 fecerunt.
3129 3435 3284 3489 Tunc
3327 3435 3578 3491 domnus

1956 3520 2086 3586 dux,
2121 3521 2416 3591 quomodo
2439 3521 2642 3576 urbem
2663 3539 2696 3576 a
2712 3538 3078 3593 paganorum
3099 3523 3401 3579 severitate
3421 3526 3577 3581 tuori

1956 3610 2242 3682 quivisset,
2271 3614 2626 3681 pertractare
2657 3613 2828 3683 cepit.
2852 3612 3063 3666 Verum
3087 3613 3243 3684 prius
3273 3613 3577 3670 alimonia-

1957 3715 2087 3752 rum
2114 3698 2328 3752 solatiis
2354 3700 2499 3753 cives
2526 3699 2720 3753 inedia
2750 3716 3049 3771 perpessos
3091 3701 3440 3756 sufﬁcienter
3481 3719 3576 3758 re-

1960 3787 2192 3843 creavit.
2225 3787 2368 3841 Tum
2400 3790 2463 3841 ut
2486 3787 2724 3842 viriliter
2755 3792 2957 3842 contra
2988 3789 3401 3860 nequissimam
3433 3807 3576 3861 gen-

1961 3886 2080 3930 tem
2114 3876 2329 3930 bellum
2351 3880 2593 3947 agerent
2619 3877 2912 3944 amonuit;
2947 3880 3004 3930 et
3048 3877 3278 3932 victrice
3309 3878 3576 3935 vexillum

1963 3983 2021 4020 se
2043 3965 2230 4036 preire
2253 3965 2483 4036 jubens,
2501 3966 2782 4036 quosdam
2805 3965 2863 4020 in
2898 3965 3171 4020 suburbio
3205 3967 3277 4021 ad
3307 3983 3578 4037 pugnan-

1964 4054 2104 4108 dum
2135 4053 2396 4121 instituit,
2425 4054 2709 4124 quosdam
2739 4071 2874 4108 vero
2903 4071 3097 4108 secum
3117 4055 3447 4123 adsumens,
3480 4074 3576 4116 na.

1961 4143 2082 4196 vale
2101 4142 2338 4196 adorsus
2367 4145 2453 4197 est
2474 4159 2750 4214 peragere
2779 4144 3018 4197 bellum.
3054 4143 3215 4197 Unde
3245 4145 3457 4198 factum
3491 4149 3577 4200 est

211 4250 360 4289 nam
406 4235 556 4290 dum
590 4233 763 4288 vellet
787 4233 1041 4289 validam
1079 4231 1285 4286 urbem
1329 4235 1616 4302 repetere,
1646 4232 1855 4288 civium
1881 4235 1933 4294 D
1960 4232 2228 4304 quatinus
2249 4249 2352 4303 per
2369 4232 2624 4286 triduum
2649 4232 3031 4286 continuatim
3053 4249 3204 4287 nunc
3228 4232 3577 4321 gladiorum,

207 4323 468 4380 insidias
482 4321 1205 4394 formidans,inquoddam
1223 4321 1520 4374 castellum
1543 4323 1856 4376 Paternum

203 4415 473 4470 nomine
505 4411 746 4468 ascendi
776 4412 884 4480 (an.
938 4412 1099 4476 1002,
1143 4409 1319 4481 Jan.).
1359 4411 1464 4465 Ubi
1503 4411 1700 4465 infelix
1739 4429 1855 4466 non

202 4503 317 4557 diu
353 4519 566 4576 sospes
597 4517 863 4567 manens,
895 4500 1050 4555 inter
1078 4500 1269 4554 dulces
1301 4517 1486 4556 annos
1513 4518 1856 4572 corpoream

1961 4337 2112 4375 nunc
2140 4321 2322 4392 igneis
2347 4321 2548 4392 jaculis
2583 4321 2932 4376 Sarracenos
2963 4321 3169 4376 acriter
3202 4322 3578 4394 insequeren-

1958 4414 2071 4465 tur.
2098 4409 2308 4464 TCPCicB
2341 4409 2522 4464 noctis
2573 4410 2632 4463 in
2688 4409 2914 4465 silentio
2963 4426 3329 4483 paganorum
3357 4413 3579 4485 aufugit

1960 4487 2258 4556 exercitus.
2294 4499 2477 4554 Ceteri
2511 4502 2704 4554 autem
2736 4500 2834 4571 qui
2880 4500 3262 4555 ﬁnitimarum
3291 4502 3418 4556 loca
3448 4518 3574 4557 cru-

197 4591 362 4647 dure
396 4593 589 4647 vitam
621 4589 815 4644 amisit
831 4590 986 4660 (Jan.
1005 4590 1115 4659 24).
1145 4591 1222 4644 De
1243 4590 1401 4661 cujus
1423 4591 1626 4645 funere
1658 4594 1859 4662 gentes

196 4681 443 4754 ubique
475 4679 724 4735 minime
762 4682 898 4734 tunc
927 4682 1135 4752 questu
1168 4678 1857 4750 silebant.Corpusculum

195 4787 361 4826 vero
396 4772 531 4842 ejus
563 4768 892 4825 Coloniensi
915 4768 1342 4840 archiepiscopo
1365 4785 1498 4823 cum
1515 4769 1717 4822 ceteris
1745 4769 1862 4823 def-

196 4857 484 4927 ferente,
509 4859 572 4914 in
603 4857 947 4930 Aquisgrani
978 4857 1266 4929 palacium
1298 4857 1486 4913 fuerat
1519 4858 1863 4922 delatum,ut

194 4965 357 5006 cum
394 4951 710 5006 decessore
739 4965 840 5003 suo
872 4948 980 5020 pias
1011 4946 1313 5002 memoriae
1340 4948 1549 5002 Karolo
1579 4950 1752 5019 queat
1775 4947 1863 5018 ju-

199 5037 512 5096 dicialem
545 5038 654 5094 sibi
683 5037 982 5111 prestolari
1011 5037 1186 5092 diem.

291 5132 450 5186 Post
480 5129 640 5184 hunc
680 5127 951 5183 Henricus
985 5135 1053 5170 ιιι
1086 5125 1295 5200 regalis
1327 5127 1459 5196 dux,
1494 5125 1762 5199 prosapia
1792 5127 1864 5181 de

1567 5246 1800 5302 VARLE
1852 5245 2252 5301 LECTIONES.

1037 5365 1106 5400 125
1131 5358 1204 5412 ita
1238 5359 1286 5412 1.
1319 5354 1532 5411 studuit
1561 5354 1642 5411 ed.

1963 4589 2224 4658 delijure
2271 4589 2657 4659 mancipando
2716 4588 3108 4660 possidebant,
3150 4608 3268 4644 non
3330 4592 3578 4647 multum

1962 4681 2090 4749 post
2121 4677 2231 4732 illic
2253 4678 2530 4749 degentes
2547 4677 2766 4731 confusi
2787 4682 3168 4732 recesserunt.
3201 4679 3360 4734 Cives
3385 4680 3578 4752 itaque

1964 4767 2168 4822 domni
2190 4767 2340 4822 Petri
2371 4766 2528 4821 ducis
2557 4783 2774 4820 nomen
2798 4766 3067 4837 deinceps
3084 4769 3308 4822 celebre
3323 4770 3578 4824 ethono-

1964 4857 2143 4910 rabile
2162 4857 2510 4922 habuerunt,
2539 4855 2634 4926 qui
2664 4856 2820 4909 nullo
2842 4859 3074 4910 terreno
3097 4857 3196 4910 sed
3227 4857 3418 4913 divino
3440 4875 3576 4913 con-

1965 4945 2190 5000 strictus
2214 4945 2446 5012 timore,
2479 4961 2574 4999 eos
2601 4944 2863 5000 liberavit
2890 4945 2962 4999 ab
2985 4944 3363 5001 inimicorum
3387 4964 3575 5019 perse-

1965 5035 2215 5091 cuﬁone.

2038 5125 2162 5181 Non
2191 5127 2332 5196 puto
2353 5123 2899 5194 pretermittendum
2928 5123 3050 5179 fore
3068 5124 3399 5196 prodigium
3420 5123 3573 5196 quod

297 5369 379 5406 ιιι
409 5361 578 5433 infra
605 5358 922 5417 Heinricus.

1859 5474 2086 5531 NOTAE.

1966 5581 2201 5650 referat,
2246 5581 2365 5636 haec
2406 5580 2528 5652 ipso
2574 5597 2687 5652 quo
2745 5577 3116 5649 contigerunt
3145 5577 3406 5648 tempore
3433 5573 3568 5629 scri-

295 5592 476 5663 (114)
515 5590 651 5646 Sci].
683 5589 944 5663 populus.
994 5659 1010 5663 Δ
1205 5657 1316 5663 __L
1406 5658 1420 5663 _
1449 5656 1480 5663 __
1635 5655 1654 5663 _
1817 5653 1828 5663 ‘
1966 5589 2045 5663 rel

1963 5654 2138 5728 psisse
2163 5653 2480 5711 censendus
2511 5655 2615 5707 est.

304 5653 484 5741 (“5)
518 5665 663 5722 Cum
683 5653 886 5720 noster
924 5659 1077 5719 infra
1113 5673 1166 5718 α.
1199 5657 1330 5716 1007
1369 5656 1592 5716 obitum
1628 5653 1860 5712 Joannis
