3998 6166
534 359 635 417 935
1733 351 2066 410 IOHANNIS
2097 350 2388 411 DIACONI
2410 353 2658 412 VENETI
3664 367 3750 426 936

532 480 758 538 cuidam
782 480 1256 546 Sarracenorum,
1279 476 1372 533 die
1389 492 1501 549 quo
1516 473 1717 530 festiva
1731 473 1832 529 Dei
1855 473 2145 545 genitricis
2166 478 2219 538 Α
2247 475 2571 531 decoritate
2596 480 3003 549 pervenerunt.
3033 477 3270 536 Predieti
3297 493 3520 555 namque
3546 481 3752 560 impera-

534 571 804 626 assumtio
832 587 865 624 a
895 569 1158 624 ﬁdelibus
1188 568 1532 628 celebratur,
1564 562 1832 618 divinitus
1851 566 2143 616 ostensum
2247 568 2399 619 tores
2425 567 2544 619 tam
2573 564 2804 638 egregie
2841 583 2905 621 ac
2922 567 3327 637 jocundebunc
3351 587 3589 643 peragere
3608 575 3753 631 thala-

531 664 632 714 est.
657 659 800 712 Nam
829 658 966 712 dum
1001 657 1061 712 in
1088 657 1268 711 sancti
1291 653 1585 709 Benedicti
1616 651 1968 707 monasterio
1990 650 2144 704 haud
2245 671 2406 708 mum
2450 655 2814 725 satagebant,
2845 659 2907 710 ut
2938 656 3124 712 triduo
3169 659 3552 715 convivantium
3579 664 3756 734 gaudiis

529 748 726 819 procul
760 747 832 802 ad
863 750 1004 802 urbe
1065 746 1317 818 quadam
1369 741 1755 798 munitissima
1811 744 1965 794 turre
2019 739 2141 810 ipso
2244 743 2400 797 haud
2426 743 2738 800 defuerunt
2769 744 2875 816 ipsi
2923 746 3230 802 familiares
3267 747 3496 804 convive.
3530 751 3628 805 Hoc
3662 753 3754 819 tali,

528 840 812 902 maneret,
849 836 1202 890 emicantem
1242 835 1470 888 stellam
1513 848 1580 886 ex
1633 829 1870 884 occiduo
1913 829 2142 882 climate
2246 833 2305 886 in
2337 832 2558 904 palacio
2592 833 2745 904 quod
2785 834 3163 889 Yconomium
3200 840 3549 909 nuncupatur,
3574 844 3755 909 peracto

527 930 762 997 prepete
807 942 975 980 cursu
1001 924 1196 979 venire
1223 924 1458 994 ejusque
1491 919 1734 974 civitatis
1763 918 1822 972 in
1856 921 2027 988 portu
2055 933 2144 971 ca-
2248 921 2718 994 ordine,quisque
2737 938 2938 976 eorum
2959 924 3288 979 muneribus
3303 925 3761 999 receptisretrogra-

527 1015 661 1070 dere
691 1014 1005 1087 conspexit.
1043 1015 1156 1068 Hoc
1189 1017 1252 1066 ut
1278 1010 1598 1075 Jeronimo,
1627 1007 1906 1080 spirituali
1930 1009 1987 1060 et
2017 1022 2143 1076 pre-
2247 1010 2352 1065 dus
2398 1011 2647 1066 recessit.
2686 1011 2944 1065 Novicius
2975 1029 3108 1067 vero
3153 1013 3258 1068 dux
3300 1030 3421 1068 cum
3465 1031 3553 1068 sua
3577 1020 3762 1071 venusta

522 1104 808 1159 nominati
840 1102 1176 1159 monasterii
1208 1101 1378 1173 patri,
1411 1098 1763 1170 patefactum
1804 1098 1907 1160 est,
1943 1093 2138 1148 statim
2246 1117 2456 1171 sponsa
2489 1102 2642 1171 apud
2674 1102 2982 1172 pallacium
3014 1103 3167 1174 quod
3206 1104 3330 1175 jure
3372 1103 3592 1158 dotalicii
3622 1122 3764 1177 nuper

521 1192 780 1248 futurum
820 1197 1033 1249 sanctae
1073 1190 1261 1247 Mariae
1295 1188 1591 1256 auxilium,
1635 1203 1744 1256 que
1781 1184 1931 1238 stella
1972 1182 2142 1237 maris
2247 1188 2643 1260 acquisiverat,
2674 1191 2885 1261 degere
2919 1191 3224 1262 disposuit,
3259 1192 3352 1247 Cui
3380 1193 3767 1264 Vassiliusimpe.

524 1280 955 1354 interpretatur,
989 1281 1199 1336 civibus
1229 1277 1499 1334 advenire
1534 1274 1840 1340 intellexit;
1873 1273 2027 1344 quod
2052 1271 2138 1325 in-
2245 1279 2408 1331 rator
2436 1276 2747 1349 injungens
2771 1280 3098 1346 monuit,ne
3127 1281 3196 1334 ab
3219 1281 3352 1335 urbe
3366 1280 3769 1354 discedgretdnte-

524 1339 806 1426 temerata
829 1339 1115 1441 puerpera
1142 1369 1198 1422 in
1228 1366 1376 1422 Petri
1407 1339 2002 1420 Veneticorumducis
2037 1359 2138 1412 ad-
2245 1365 2355 1420 rim
2386 1366 2434 1437 (1
2453 1339 2535 1438 lii)
2564 1339 2638 1421 de
2661 1339 3038 1439 Bulgarorum
3063 1369 3288 1432 finibus,
3311 1387 3445 1441 quos
3463 1339 3623 1426 valida
3643 1339 3768 1443 expu-

525 1463 719 1514 ventul
739 1460 938 1531 procul
973 1457 1144 1512 dubio
1189 1455 1515 1526 complevit,
1558 1468 1729 1523 quem
1781 1451 1849 1503 de
1891 1447 2142 1503 occiduis
2248 1455 2513 1525 gnandos
2537 1472 2715 1510 manu
2738 1457 3399 1528 agreditemptabat,Dei
3424 1460 3607 1515 auxilio
3634 1477 3772 1516 rever-

525 1547 784 1618 partibus
815 1546 1011 1601 venire
1039 1544 1399 1618 permittens,
1434 1543 1492 1595 in
1521 1557 1633 1594 suae
1658 1537 1974 1593 nativitatis
1996 1536 2141 1592 festo
2246 1545 2487 1598 teretur,
2521 1544 2692 1615 Cujus
2734 1545 2970 1600 monitis
3013 1546 3125 1600 dux
3163 1547 3531 1618 acquiescam,
3561 1552 3769 1620 prompte

527 1637 596 1691 de
631 1641 751 1692 oste
781 1636 862 1691 illi
893 1634 1172 1691 concessit
1222 1631 1604 1702 triumphum.
1645 1629 1831 1683 Isdem
1890 1641 2144 1696 namque
2247 1631 2370 1702 ejus
2395 1633 2705 1687 adventum
2736 1635 3320 1706 prestolabatur.lpso
3334 1639 3513 1691 autem
3534 1636 3768 1704 redeunte,

528 1726 639 1780 dux
665 1726 735 1781 de
767 1725 862 1780 illo
895 1726 1018 1780 loco
1050 1721 1290 1777 nuncios
1312 1738 1442 1776 suos
1462 1715 2026 1789 Constantinopolim
2053 1714 2146 1768 de-
2175 1786 2220 1794 _
2249 1720 2579 1790 patriciatus
2610 1722 2782 1776 ofﬁcii
2809 1723 3090 1794 dignitate
3112 1724 3380 1780 eumdem
3395 1725 3674 1779 sublimavit
3695 1726 3770 1779 du.

527 1816 779 1882 stinavit,
842 1819 898 1870 ct
947 1832 980 1869 a
1023 1817 1304 1883 catapano
1351 1808 1634 1882 imperiali
1686 1786 1882 1861 multis
1935 1804 2146 1859 ditatus
2175 1786 2693 1866 Bcem.0ttonem
2713 1786 3770 1885 suumvpuerulum,quiaderat,fratrem

530 1906 888 1971 muneribus,
923 1905 994 1958 ad
1012 1901 1312 1958 Venetiam
1347 1898 1652 1954 incolomis
1691 1894 2000 1950 remeavit.
2249 1898 2590 1953 muneribus
2621 1903 2846 1953 tantum
2877 1900 3204 1956 honoravit.
3230 1901 3440 1956 Dehinc
3465 1903 3562 1956 duc
3581 1902 3771 1973 sponsali

596 1996 710 2049 Hoc
736 2009 965 2066 quoque
985 1995 1253 2062 tempore
1275 1987 1571 2044 Heinricus
1594 2003 1692 2040 rex
1733 1985 2004 2040 Ottonem
2037 1981 2147 2036 du-
2251 1985 2406 2052 dote,
2437 1986 2494 2040 id
2515 1990 2600 2040 est
2630 1987 2846 2041 diverse
2879 1989 3108 2043 ferlune
3141 1989 3608 2061 copiis,simulque
3632 1990 3770 2061 impe-

521 2101 646 2139 cem
673 2086 823 2150 (H6)
853 2083 924 2137 ad
947 2081 1170 2136 Italiam
1182 2096 1310 2134 cum
1332 2077 1583 2132 exercitu
1607 2075 1867 2139 mittens,
1890 2088 2021 2126 cum
2040 2072 2145 2124 Ar-
2251 2072 2485 2128 rialibus
2517 2075 2682 2129 donis
2711 2077 2978 2148 acceptis,
2998 2076 3220 2132 licitum
3240 2078 3494 2133 veniendi
3509 2077 3573 2132 ad
3594 2077 3773 2150 propria

524 2173 695 2229 doine
725 2171 1048 2242 usurpativo
1081 2185 1219 2240 rege
1245 2169 1409 2239 juxta
1431 2168 1602 2235 Alpes
1631 2165 1688 2218 in
1714 2178 1921 2233 compo
1952 2169 2018 2202 ηε
2048 2154 2145 2231 qui
2250 2161 2596 2236 impetravit.
2633 2165 2773 2219 Nam
2805 2168 3114 2237 parentum
3141 2170 3465 2233 conventus,
3481 2167 3771 2238 pernobilem

523 2261 717 2316 Vitalis
766 2261 1134 2330 nuncupatur
1163 2260 1330 2329 (H7),
1374 2271 1631 2326 pugnam
1678 2251 1924 2323 peregit,
1968 2251 2024 2303 et
2076 2266 2144 2304 ex
2250 2253 2504 2322 puellam
2529 2253 2828 2324 regionem
2845 2253 2917 2308 ad
2940 2256 3201 2309 exteram
3225 2255 3380 2328 quasi
3398 2257 3602 2311 exulem
3619 2271 3777 2310 exeun-

525 2353 769 2421 utraque
801 2351 963 2420 parte
994 2345 1159 2401 multi
1191 2345 1542 2400 ceciderunt.
1565 2342 1824 2411 Cumque
1844 2339 1952 2392 hoc
1974 2337 2145 2392 Hein-
2248 2343 2368 2394 tem
2399 2342 2875 2415 plorantes,haud
2912 2342 3174 2399 deerant.
3200 2345 3318 2398 Dux
3349 2344 3531 2416 itaque
3559 2360 3644 2416 pro
3669 2342 3776 2396 votis

523 2437 642 2494 rico
669 2437 793 2510 regi
813 2437 964 2492 foret
989 2437 1313 2506 expertum,
1340 2433 1400 2487 in
1447 2430 1710 2503 sequenti
1752 2445 1907 2484 anno
1958 2424 2142 2500 (1004)
2249 2432 2448 2488 omnia
2488 2435 2843 2498 consecutus,
2875 2431 3071 2486 navim
3121 2448 3258 2487 cum
3313 2431 3586 2504 spectabili
3618 2446 3778 2503 sponsa

524 2526 782 2584 maxima
830 2525 1070 2596 stipatus
1109 2521 1481 2595 expedicione
1529 2519 1754 2575 ltaliam
1802 2515 2103 2581 intravit,£

2248 2520 2584 2586 ascendens,
2620 2536 2899 2591 equoreas
2920 2521 3141 2575 sulcare
3165 2523 3441 2594 procellas
3459 2521 3561 2576 suis
3582 2521 3775 2591 impera-

523 2615 779 2672 Ardoine
808 2631 842 2669 a
863 2611 1181 2668 Veronensi
1211 2611 1354 2666 urbe
1381 2610 1638 2682 expulso,
1671 2623 1876 2662 omnes
1916 2607 2142 2677 Lango-
2245 2610 2450 2665 vit.Cui
2480 2609 2788 2664 Grecorum
2817 2626 2916 2663 seu
2947 2610 3193 2665 aliarum
3225 2610 3481 2684 gentium
3509 2610 3667 2666 incole
3691 2605 3780 2661 ubi-

521 2705 736 2762 bardos
766 2705 1034 2774 potenter
1053 2717 1152 2756 suo
1168 2696 1800 2771 regiminisubjugavit.
1827 2694 2142 2749 CuiPetrus
2244 2715 2355 2770 que
2391 2715 2568 2770 usque
2596 2698 2670 2753 ad
2710 2698 2959 2770 patriam
2996 2715 3116 2754 non
3159 2700 3519 2773 denegabant
3553 2694 3779 2770 impertiri

523 2795 698 2852 etiam
743 2791 1144 2847 Veneticorum
1209 2789 1320 2843 dux
1368 2788 1428 2842 in
1481 2785 1738 2858 predicta
1788 2785 1929 2839 urbe
1973 2798 2139 2838 suum
2242 2788 2535 2859 obsequia.
2567 2788 2825 2859 Cumque
2851 2788 3137 2859 probabili
3163 2793 3220 2844 et
3253 2790 3349 2845 diu
3378 2787 3646 2844 anhelanti
3666 2783 3780 2857 patri

521 2886 745 2950 natum,
777 2880 923 2936 mire
977 2877 1416 2952 pulchritudinis
1444 2876 1772 2947 puerulum,
1821 2889 1991 2944 prece
2037 2892 2138 2930 sua
2241 2879 2488 2933 duorum
2522 2879 2791 2932 natorum
2817 2878 2969 2932 foret
3001 2879 3342 2935 nunciatum
3372 2881 3671 2944 adventum,
3697 2891 3783 2929 caa-

520 2973 818 3046 permotus
848 2968 1165 3024 honorifice
1217 2965 1531 3036 delegavit;
1589 2980 1763 3036 quem
1814 2962 2136 3018 chrismatis
2238 2967 2429 3021 lorum
2462 2965 2584 3038 regi
2610 2967 2822 3038 gratias
2844 2968 3299 3038 agens,navium
3329 2967 3667 3024 multitudine
3692 2979 3783 3020 eos

522 3062 648 3117 divo
683 3060 906 3132 liquore
937 3075 1004 3112 ex
1031 3072 1192 3111 more
1213 3054 1549 3120 fecitlinire,
1591 3053 1740 3125 patri
1763 3052 1977 3107 oblime
2007 3069 2132 3105 mu-
2163 3079 2208 3138 Ο
2238 3056 2371 3110 dem
2400 3055 2598 3126 procul
2631 3073 2664 3109 a
2695 3055 2861 3109 litore
2899 3055 3035 3111 fecit
3062 3057 3358 3128 excipere;
3391 3060 3446 3112 et
3471 3056 3561 3112 tali
3588 3054 3780 3110 circum-

521 3153 787 3206 neratum
837 3146 1079 3202 remisit.
1125 3143 1341 3200 Deinde
1386 3146 1603 3197 ceteras
1663 3141 1835 3195 Italiae
1884 3139 2135 3194 civitates
2235 3144 2410 3215 scepti
2435 3159 2655 3214 pompa
2681 3143 2833 3216 apud
2857 3145 3350 3215 pallaciitribunal
3378 3146 3781 3218 genitorumam-

520 3254 835 3312 properare
871 3235 1204 3306 disponens,
1239 3231 1427 3302 Papia
1455 3248 1487 3286 a
1513 3228 1920 3286 Mediolanensi
1946 3228 2099 3283 arebi

2233 3232 2493 3303 plexibus
2531 3235 2665 3287 sunt
2702 3233 2950 3288 restituti
2985 3233 3330 3291 incolomes.
3356 3237 3517 3290 Pater
3554 3230 3779 3304 siquidem

521 3329 789 3402 episcopo
823 3324 1000 3380 estitit
1028 3324 1336 3378 coronatus
1367 3319 1511 3393 (Μαί
1542 3320 1647 3390 14).
1680 3318 1786 3373 Ubi
1811 3319 1959 3373 cives
1995 3317 2130 3372 insi-
2236 3338 2356 3376 non
2382 3322 2572 3376 solum
2603 3322 2716 3376 suis
2746 3339 2948 3376 verum
2982 3323 3192 3379 exteris
3233 3323 3553 3379 hominibus
3578 3317 3782 3376 convivia

521 3420 644 3474 dias
673 3417 876 3470 contra
906 3429 1069 3467 suum
1102 3410 1365 3481 regimen
1398 3409 1612 3464 molliri
1637 3423 2011 3478 cognoscens,
2043 3409 2130 3461 to-
2236 3410 2440 3464 crebra
2469 3410 2870 3481 hujuscemodi
2900 3413 3193 3468 thalamus
3223 3413 3411 3468 facere
3442 3429 3550 3467 non
3574 3406 3778 3464 cessavit.

521 3509 645 3559 tum
679 3519 825 3575 pene
859 3501 1062 3555 urbem
1086 3497 1351 3553 incendio
1375 3501 1431 3552 et
1452 3495 1854 3550 interiectione
1878 3494 2134 3549 devasta-
2236 3497 2455 3552 Revera
2469 3499 2862 3570 pargaudium
2889 3501 3102 3555 nostris
3134 3502 3346 3556 finibus
3368 3499 3780 3556 emicuissenemo

525 3594 625 3660 vit,
650 3595 708 3646 et
733 3595 868 3645 tunc
901 3604 1003 3660 per
1034 3588 1356 3642 Cumanum
1398 3586 1584 3640 lacum
1635 3584 2132 3637 ultramontanum
2236 3591 2568 3642 nostrorum
2599 3588 3009 3645 reminiscitur.
3034 3591 3267 3646 Domna
3288 3607 3420 3646 vero
3450 3589 3626 3654 Maria,
3648 3587 3784 3640 Greca

521 3681 690 3755 petiit
728 3694 975 3751 regnum
1016 3676 1216 3747 (Jun.).
2236 3675 2480 3743 ductrix,
2500 3695 2615 3731 non
2633 3682 2761 3750 post
2790 3680 2980 3751 plures
3011 3679 3134 3734 dies
3165 3697 3412 3752 puerum
3441 3674 3780 3735 Constantino-

588 3772 702 3825 Hoc
729 3784 957 3842 quoque
990 3770 1249 3838 tempore
1277 3767 1472 3820 Petrus
1499 3763 1752 3818 famosus
1783 3761 1915 3827 dux,
1937 3762 2135 3816 sedula
2233 3766 2951 3838 polimgenitumVenetiaa
2973 3770 3216 3840 protulit
3230 3774 3615 3841 natum,quem
3631 3766 3781 3820 Petrus

520 3859 798 3933 petitione
829 3874 862 3912 a
890 3855 1139 3928 Vassylio
1173 3859 1231 3910 et
1279 3852 1653 3909 Constantino
1685 3851 2132 3923 imperatoribus
2234 3854 2477 3910 eximius
2518 3855 2628 3909 dux
2677 3855 2745 3909 de
2787 3872 2947 3911 sacro
2997 3858 3362 3928 baptismatis
3401 3861 3607 3913 lavacro
3650 3849 3783 3907 susci-

519 3952 768 4016 coactus,
795 3947 1118 4001 Johannem
1147 3945 1373 4010 ducem,
1398 3958 1562 3995 suam
1585 3941 1856 3994 dilectam
1883 3941 2131 4010 prolem,
2234 3942 2723 4013 piens,Vassilium
2739 3945 2812 3999 ob
2835 3947 3098 4001 avunculi
3120 3947 3208 4001 sui
3234 3945 3587 4020 imperatoris
3616 3953 3782 3997 nomen

521 4039 593 4093 ad
620 4037 840 4110 regiam
876 4035 1078 4089 urbem
1109 4048 1277 4086 causa
1304 4028 1555 4100 conjugii
1609 4027 1912 4099 delegavit.
1948 4026 2132 4090 Quem
2235 4030 2529 4102 imposuit.
2557 4032 2717 4087 Circa
2747 4033 2868 4088 haec
2888 4036 3158 4107 tempora
3176 4037 3491 4107 prelibatus
3514 4028 3780 4089 Petrusdur

519 4127 897 4198 imperatores
929 4122 1066 4177 dum
1110 4118 1362 4189 benigne
1416 4117 1790 4186 susciperent,
1836 4115 2130 4186 cujusdam
2233 4135 2340 4189 pro
2373 4120 2581 4174 animm
2613 4138 2727 4176 suae
2744 4122 3002 4177 remedio
3037 4124 3194 4179 mille
3223 4122 3629 4197 quinquaginta
3649 4117 3780 4171 libras

519 4208 1098 4284 nobilissimipatricii
1125 4207 1302 4261 ﬁliam
1327 4204 1930 4278 Argiropolinomine,
1955 4205 2134 4276 impe-
2236 4207 2609 4263 denariorum
2667 4211 2870 4266 solatio
2930 4212 3111 4266 tocius
3167 4231 3288 4269 sum
3332 4213 3527 4286 patriae
3557 4202 3782 4264 Veneticis

521 4303 644 4359 riati
659 4303 875 4359 editam
891 4299 1087 4368 stirpe,
1104 4295 1544 4366 illidesponsare
1566 4294 1999 4362 decreverunt(l
2018 4297 2128 4360 18).
2235 4295 2493 4363 donavit,
2509 4299 2988 4369 ceptiquepalacii
3008 4317 3149 4372 opus
3171 4303 3248 4356 ad
3273 4317 3523 4374 unguem
3547 4292 3776 4370 perduxit.

521 4394 586 4448 Et
609 4397 670 4447 ut
699 4394 878 4448 tanta:
906 4386 1142 4453 femine,
1179 4386 1599 4457 imperatorum
1629 4383 1890 4437 videlicet
1922 4384 2128 4454 neptis,
2157 4410 2208 4467 D
2234 4384 2339 4438 Ubi
2371 4385 2523 4439 inter
2551 4389 2743 4441 cetera
2769 4387 3096 4443 decoritatis
3127 4406 3309 4460 opera
3339 4389 3584 4445 dedalico
3614 4385 3778 4439 instru-

518 4478 899 4553 copulationis
929 4476 1048 4530 dies
1071 4475 1437 4536 acceleraret,
1459 4473 1714 4545 prefatus
1735 4475 1844 4526 dux
1872 4489 1984 4525 una
1999 4490 2131 4527 cum
2232 4475 2430 4527 mento
2464 4474 2744 4543 capellam
2774 4479 3104 4546 construere
3132 4477 3289 4545 fecit,
3319 4494 3490 4550 quam
3517 4492 3621 4530 non
3644 4467 3777 4526 modo

519 4570 710 4641 puella
741 4564 1026 4637 imperiali
1055 4564 1286 4617 decreto
1313 4561 1369 4614 in
1400 4563 1650 4631 quadam
1683 4561 1902 4632 capella
1932 4577 2132 4616 conve-
2232 4576 2563 4616 marmoreo
2607 4579 2805 4617 verum
2849 4581 3023 4620 aureo
3061 4565 3306 4621 mirifice
3352 4565 3549 4622 comsit
3592 4561 3775 4618 ornatu.

519 4656 643 4709 nire
667 4651 928 4725 permissi
947 4655 1100 4719 sunt,
1134 4649 1325 4721 ibique
1347 4650 1419 4704 ab
1443 4649 1699 4720 ejusdem
1730 4647 1884 4703 urbis
1902 4652 2128 4720 pastore
2231 4650 2453 4704 [nterea
2485 4652 2682 4705 Petrus
2713 4652 2824 4706 dux
2852 4653 2991 4707 dum
3021 4654 3124 4708 sibi
3153 4671 3261 4725 pro
3279 4656 3422 4711 votis
3440 4669 3591 4727 pame
3617 4647 3778 4704 cuncta

518 4759 675 4798 saere
704 4739 1122 4796 benedictionis
1154 4755 1383 4803 munus,
1437 4738 1509 4791 ab
1553 4737 1996 4808 imperatoribus
2027 4754 2126 4791 au-
2228 4739 2596 4811 subpeditare
2617 4739 2951 4809 decernere,
2977 4744 3099 4813 plus
3133 4745 3302 4800 solito
3320 4746 3626 4815 subjectum
3651 4732 3780 4806 equi-

518 4847 646 4884 reas
671 4829 968 4883 diademas
995 4828 1108 4882 suis
1149 4826 1448 4899 capitibus,
1482 4828 1882 4896 perceperunt.
1916 4825 2128 4888 Quibus
2228 4829 2359 4881 tatis
2382 4845 2621 4883 censura
2651 4832 2927 4900 populum
2957 4848 3157 4902 regere
3187 4835 3472 4888 studebat.
3501 4830 3604 4885 Sed
3631 4823 3782 4880 divina

518 4917 751 4972 dextera
783 4921 1024 4988 utroque
1052 4917 1404 4988 imperatore
1431 4913 1790 4986 superposita
1811 4931 2126 4980 manu,au-
2228 4917 2588 4986 providentia
2625 4919 3025 4975 moderamine
3061 4939 3208 4993 equo
3257 4922 3455 4977 omnia
3495 4920 3774 4989 disponens.

516 5006 634 5062 lam
666 5024 780 5080 qua
805 5005 1235 5062 convivantium
1260 5006 1415 5059 cetus
1439 5019 1676 5059 manere
1693 5002 2125 5070 videbatur,tali
2231 5005 2393 5059 illum
2410 5007 2467 5060 in
2487 5009 2644 5062 tante
2659 5008 3180 5081 felicitatisfastigio
3211 5011 3609 5074 constitutum,
3629 5003 3690 5059 ad
3709 5010 3783 5053 suc

1837 5122 2069 5176 VARle
2138 5123 2535 5180 LECTIONES.

594 5224 662 5260 ω
691 5218 764 5270 ita
799 5220 847 5270 1.

2064 5334 2106 5388 Ν
2115 5333 2198 5389 OT
2203 5334 2291 5391 ΑΞ.

586 5463 735 5534 (116)
769 5463 987 5517 Ducem
1017 5461 1480 5515 Kar‘antanorum
1509 5461 1566 5514 et
1594 5456 2000 5514 marchionem
2031 5458 2132 5514 Ve-
2301 5457 2452 5601 €118)
2492 5459 2553 5514 V.
2581 5460 2905 5516 Cedrenum
2936 5464 2978 5522 t.
3010 5465 3076 5533 ll,
3111 5464 3168 5522 d.
3202 5466 3305 5522 452
3336 5463 3468 5520 edit.
3508 5458 3723 5516 Bekker.

588 5551 848 5590 nensem.
885 5534 967 5588 Cf.
991 5532 1303 5587 Thietmar.
1329 5548 1381 5585 v.
1420 5533 1502 5584 16.
2332 5531 2453 5596 119)
2497 5531 2558 5586 ld
2588 5535 2673 5586 est
2702 5533 2904 5590 donec.

517 5531 848 5592 ronenSem.
885 5534 967 5588 Cf.
991 5532 1303 5587 Thietmar.
1329 5548 1381 5585 ν.
1420 5533 1502 5584 16.
2301 5531 2453 5596 (119)
2497 5531 2558 5586 ld
2588 5535 2673 5586 est
2702 5533 2904 5590 donec.

591 5606 745 5679 (H7)
781 5608 839 5661 In
873 5604 1175 5677 campania
1192 5600 1522 5658 Vcronensi.
