3910 6174
269 388 360 446 937

1541 372 1937 431 CHRONICON
1957 371 2301 430 VENETUM.

3462 375 3575 432 938

270 507 484 564 virtutis
514 506 848 578 provectum
881 501 1090 556 acriter
1120 497 1382 572 perculit.
1416 497 1633 552 Eodem
1671 496 1862 567 itaque
1885 497 1940 558 Α
1965 510 2078 562 sus,
2131 493 2420 566 predictus
2456 492 2656 548 domni
2705 491 2858 548 Petri
2900 491 3060 547 ducis
3099 491 3268 561 filius,
3320 494 3476 550 clero
3522 501 3580 552 et

271 601 526 668 tempore
547 593 698 662 (120)
730 592 818 662 [an
851 589 1008 660 1006]
1045 590 1210 643 stella
1236 587 1491 653 cometis,
1525 586 1684 656 cujus
1713 583 1862 638 indi-

267 687 406 740 cium
436 685 757 737 humanum
801 693 1030 750 semper
1071 676 1417 749 pronunciat
1459 674 1773 745 flagicium,
1804 671 1862 726 in

267 772 583 828 meridiano
624 769 854 823 climate
898 783 1205 838 apparens,
1239 781 1414 836 quam
1456 763 1708 817 maxima
1761 776 1865 832 per

263 878 461 917 omnes
497 859 670 913 Italia:
714 874 813 912 seu
842 855 1103 910 Venecize
1147 853 1290 907 fines
1320 850 1648 924 pestilentia
1677 849 1864 903 subse-

260 953 384 1004 cuta
413 952 501 1003 est
542 947 692 1017 (121)
721 951 835 1014 [an.
873 945 1059 1011 1007].
1089 945 1150 998 ln
1199 959 1312 1014 qua
1359 941 1652 1012 utriusque
1703 955 1866 993 sexus

257 1039 524 1093 humanae
555 1035 901 1092 conditionis
931 1032 1194 1088 nonnulli
1226 1031 1528 1102 inopinata
1557 1031 1746 1084 morte
1775 1045 1864 1082 ce-

257 1127 540 1182 ciderunt.
573 1128 736 1180 Inter
766 1141 912 1197 quos
941 1124 1161 1178 domna
1189 1120 1384 1187 Maria,
1412 1121 1590 1174 Greca
1621 1118 1862 1185 ductrix,

256 1233 356 1272 nec
390 1232 509 1270 non
537 1215 858 1274 Johannes,
883 1212 1148 1284 egregius
1167 1213 1254 1265 vir
1277 1227 1429 1276 suus,
1463 1208 1714 1263 sedecim
1745 1207 1866 1262 die-

252 1322 382 1361 rum
423 1321 670 1360 numero
713 1304 772 1358 in
801 1303 982 1358 sancti
1014 1301 1282 1356 Zacharie
1312 1298 1688 1364 monasterio,
1719 1297 1867 1369 proh

255 1393 443 1450 dolor!-
465 1410 578 1448 uno
604 1393 949 1448 clauduntur
975 1391 1377 1445 mausoleo.De
1395 1405 1642 1460 quorum
1664 1387 1868 1441 funere

255 1500 372 1538 non
415 1482 592 1538 modo
628 1481 794 1538 mesti
835 1479 1130 1552 genitores
1159 1480 1311 1532 velut
1344 1478 1601 1532 fraterna
1631 1475 1870 1531 societas

256 1570 869 1641 deplorabant,verum
893 1567 1084 1622 omnis
1105 1565 1292 1638 patria
1309 1565 1558 1620 lacrimis
1582 1568 1641 1620 et
1669 1563 1870 1618 dolore

257 1659 869 1713 tabescebat.Fuerunt
897 1673 1148 1727 namque
1173 1653 1332 1710 omni
1355 1655 1640 1726 probitate
1659 1653 1718 1707 in
1741 1656 1868 1706 tan-

258 1752 380 1802 tum
414 1747 726 1811 famosi,ut
757 1748 873 1800 Deo
907 1749 964 1798 et
989 1743 1324 1799 hominibus
1351 1744 1522 1798 ambo
1549 1742 1688 1798 boni
1715 1758 1870 1797 com-

257 1838 576 1908 placerent.
612 1810 718 1889 Sex
749 1849 1039 1889 annorum
1069 1831 1260 1903 spacio
1291 1835 1522 1886 tantum
1550 1831 1655 1885 sub
1689 1830 1872 1903 patris
1893 1810 1944 1870 Β

255 1924 544 1995 regimine
575 1923 834 1977 Venecia:
857 1921 1074 1992 prefuit
1100 1922 1336 1992 populo.
1361 1920 1472 1976 Sed
1500 1924 1562 1974 ut
1586 1919 1733 1974 tanti
1754 1935 1873 1973 me-

256 2013 403 2069 reris
453 2011 747 2084 quoddam
805 2010 1122 2082 presidium
1169 2009 1392 2064 adesset
1441 2007 1868 2080 consolationis,

254 2105 380 2173 pari
412 2118 696 2156 consensu
723 2099 973 2154 Venetici
1001 2099 1454 2170 interpellantes,
1482 2097 1682 2152 domni
1718 2097 1872 2151 Petri

255 2190 533 2262 principis
553 2191 800 2243 alterum
820 2190 1044 2253 natum,
1063 2187 1278 2242 scilicet
1308 2188 1580 2242 Ottonem
1611 2187 1869 2257 regalem

257 2297 528 2352 puerum,
553 2279 794 2332 ducatus
815 2277 1095 2348 dignitate
1112 2276 1512 2331 sublimavere.
1535 2275 1641 2339 Qui
1667 2291 1872 2347 quam-

257 2385 436 2439 quam
476 2371 680 2421 tenera
711 2369 878 2419 mtate
913 2364 1375 2436 quattuordecim
1409 2380 1695 2418 annorum
1727 2363 1870 2418 ﬂore

257 2459 576 2528 vegetaret,
610 2459 807 2509 tamen
855 2455 1000 2508 adeo
1042 2453 1261 2524 ingenii
1311 2453 1580 2507 facundia
1619 2452 1868 2523 vigebat,

255 2545 454 2618 quoad
485 2545 668 2598 altero
696 2544 874 2597 fratre
902 2560 1016 2597 non
1046 2542 1330 2613 probitate
1346 2542 1447 2596 sed
1463 2543 1631 2594 {etate
1659 2540 1873 2594 dicere-

255 2636 353 2687 tur
398 2633 705 2688 secnndus.
741 2633 1010 2686 Preterea
1045 2632 1246 2684 Petrus
1293 2630 1403 2684 dux
1454 2629 1722 2683 omnibus
1759 2628 1874 2682 suis

254 2721 460 2776 liberis
506 2725 814 2791 paternum
869 2736 1080 2773 munus
1128 2717 1412 2790 impertiri
1456 2718 1650 2783 voluit,
1685 2717 1766 2771 ita
1811 2719 1874 2770 ut

255 2809 702 2865 testamentario
727 2810 858 2880 jure
894 2807 1134 2880 quisque
1165 2825 1294 2862 suas
1331 2806 1614 2878 acciperet
1648 2806 1872 2876 porcio-

257 2917 382 2954 nes.
421 2899 670 2954 Nomina
699 2914 947 2969 quorum
981 2900 1042 2950 ut
1072 2897 1180 2950 rite
1225 2895 1520 2960 recordor,
1553 2895 1874 2966 exprimere

253 2989 662 3042 libet.lllorum
691 2987 916 3058 primus
941 2985 1122 3039 herile
1153 2984 1386 3039 sortitus
1411 2988 1497 3038 est
1529 2983 1871 3053 nomen,qui

255 3077 456 3132 forma
484 3081 543 3130 et
568 3075 779 3129 viribus
811 3075 957 3128 bene
983 3073 1369 3144 respondebat
1399 3072 1533 3126 satis
1565 3071 1870 3126 natalibus.

256 3167 560 3222 Secundus
600 3164 938 3218 nominatur
983 3164 1154 3218 Ursus
1189 3179 1201 3216 :
1238 3162 1342 3215 iste
1380 3162 1456 3216 sic
1488 3161 1740 3216 officium
1774 3177 1872 3233 ge-

252 3272 391 3310 rens
422 3254 744 3319 clericatus,
774 3269 887 3323 qno
915 3251 1070 3306 haud
1101 3250 1390 3305 immerito
1419 3253 1594 3321 queat
1625 3249 1733 3303 dici
1766 3251 1875 3304 cle-

251 3343 509 3398 ricorum
543 3342 735 3396 decus.
765 3340 993 3394 Tercius
1023 3343 1108 3394 est
1141 3339 1344 3393 ordine
1373 3338 1552 3408 Otho,
1586 3337 1874 3410 predictus

252 3432 552 3502 puerulus,
595 3429 773 3500 patris
813 3428 908 3500 qui
959 3431 1183 3482 constat
1221 3426 1499 3497 dignitate
1545 3425 1869 3498 equivocus.

251 3520 508 3584 Quartus
530 3517 864 3572 nominatur
894 3516 1126 3571 Vitalis:
1161 3515 1249 3570 hic
1283 3515 1500 3586 ingenii
1533 3515 1872 3570 strenuitate

248 3607 702 3662 ecclesiasticam
750 3606 992 3677 adeptus
1041 3607 1126 3658 est
1169 3608 1405 3658 sortem.
1450 3603 1691 3668 Quintus
1730 3607 1876 3660 estat

247 3697 537 3752 vocabulo
569 3694 884 3760 Heinricus,
905 3693 1118 3766 species
1137 3693 1296 3764 cujus
1325 3693 1559 3764 puerilis
1578 3709 1680 3747 ceu
1697 3693 1873 3763 jubar

245 3787 434 3840 micat
477 3783 635 3840 solis.
675 3783 931 3846 Quatuor
967 3799 1196 3854 quoque
1238 3782 1369 3835 ﬁlia:
1417 3781 1607 3836 eidem
1649 3782 1870 3853 optimo

243 3874 575 3929 manebant
611 3872 779 3944 patri,
814 3888 1058 3942 quarum
1102 3871 1292 3943 prima
1336 3871 1591 3925 llicelam
1633 3870 1870 3925 nomine

244 3963 495 4018 Stefano
531 3961 863 4015 Sclavornm
906 3960 1058 4032 regis
1096 3960 1235 4027 filio,
1269 3961 1339 4014 de
1382 3977 1496 4031 quo
1535 3962 1707 4014 antea
1747 3975 1873 4029 pre-

244 4054 397 4122 dixi,
431 4053 490 4106 in
524 4050 793 4121 conjugio
823 4049 1139 4104 honorifice
1177 4049 1439 4117 sociavit;
1465 4049 1714 4120 reliquas
1737 4065 1870 4104 vero

248 4146 372 4196 tres
388 4143 452 4196 in
474 4139 826 4194 monasterio
847 4141 961 4193 Deo
983 4138 1370 4210 omnipotenti
1395 4138 1760 4210 mancipavit.
1779 4138 1874 4192 His

251 4231 457 4303 itaque
487 4229 636 4282 bene
666 4227 1020 4298 compositis,
1047 4226 1234 4280 Mariae
1264 4243 1560 4297 generosae
1594 4243 1708 4281 sua:
1741 4243 1874 4282 uxo-

269 4317 335 4371 ris
363 4320 601 4371 thorum
631 4318 1048 4386 sequestratum
1069 4315 1283 4369 habere
1308 4315 1577 4386 deinceps
1603 4315 1872 4383 decrevit,

1895 3121 1944 3180 C

1964 584 2177 655 populo
2216 584 2551 638 consulente
2591 584 2650 636 in
2681 582 2883 637 eadem
2917 583 3260 653 subrogatus
3293 587 3380 638 est
3421 585 3574 641 sede.

1963 671 2139 741 Hujus
2165 672 2450 726 adulentis
2470 679 2536 713 υτ
2562 687 2754 726 mores
2787 687 2917 726 meo
2947 670 3163 725 famine
3189 672 3580 744 perstringere

1962 761 2114 815 volo.
2153 762 2287 815 Erat
2315 776 2526 832 nempe
2563 760 2677 814 fide
2720 759 3042 831 religiosus,
3077 759 3264 832 specie
3306 759 3578 831 decorus;

1965 847 2198 918 ingenio
2231 848 2522 920 providus,
2563 848 2848 904 industria
2879 848 3203 903 litterarum
3237 849 3317 904 ita
3341 850 3582 922 peritus,

1965 942 2028 991 ut
2049 937 2192 992 tanti
2214 938 2450 992 honoris
2475 955 2509 992 a
2536 937 2755 992 cunctis
2777 937 2986 1007 dignus
3009 937 3392 994 diceretur.ln
3423 940 3585 1011 cujus

1967 1025 2355 1081 ordinacionis
2383 1026 2617 1080 exordio
2650 1027 2872 1092 Petrus,
2899 1025 3010 1079 (lux
3041 1029 3101 1079 et
3129 1027 3422 1096 preclarus
3449 1045 3584 1083 suus

1965 1105 2219 1176 genitor,
2255 1107 2439 1160 totum
2464 1109 2675 1159 sanctas
2706 1105 2894 1160 Mariae
2919 1105 3160 1160 domum
3192 1109 3251 1160 et
3281 1107 3582 1164 ecclesiam

1959 1192 2086 1262 jam
2119 1209 2268 1264 pene
2308 1195 2586 1247 vetustate
2631 1198 3037 1263 consumptam
3070 1208 3333 1249 recreare
3364 1195 3582 1251 studio-

1968 1272 2189 1326 sissime
2217 1271 2351 1326 fecit
2373 1277 2415 1330 '.

2113 1364 2132 1384 '
2166 1360 2278 1414 Hic
2327 1362 2480 1414 initio
2514 1362 2734 1432 paginae
2773 1361 2844 1432 38
2871 1361 3063 1416 codicis
3098 1361 3125 1417 1
3161 1371 3228 1405 ηε
3260 1363 3373 1420 loco
3419 1381 3584 1418 vacuo

2039 1433 2227 1488 charta
2258 1434 2367 1486 insc
2415 1435 2511 1500 ’νεα
2546 1431 2620 1484 est
2649 1448 2793 1486 anno
2831 1431 2966 1487 1032
2998 1449 3012 1487 :
3053 1433 3314 1497 Quadam
3355 1435 3447 1489 die
3479 1451 3585 1490 nos

2038 1505 2064 1557 J
2071 1504 2220 1558 ohan
2230 1520 2329 1557 nes
2343 1504 2370 1556 ς
2403 1502 2667 1567 lgornino
2690 1503 2964 1556 ferrarius
2977 1503 3210 1559 insimul
3223 1522 3288 1559 cu
3299 1522 3356 1560 m
3368 1506 3586 1560 cunctis

2041 1575 2186 1647 meis
2202 1590 2340 1647 pare
2365 1573 2537 1647 .‘tibius
2557 1573 2614 1647 i_n
2639 1591 2827 1647 unum
2841 1574 3216 1647 convenimus
3234 1577 3307 1631 ad
3320 1580 3585 1647 tempore

2042 1645 2245 1699 domni
2276 1646 2314 1698 P
2333 1645 2427 1699 :tri
2454 1645 2772 1718 Barbolani
2799 1644 3397 1718 ducis,et_reqnirebat
3421 1644 3586 1702 nobis

2041 1732 2258 1787 suoque
2293 1715 2732 1787 5astaldo,qnod
2760 1715 2818 1769 in
2851 1719 3011 1770 curte
3044 1715 3269 1772 ferrum
3316 1719 3584 1773 laborare

2043 1785 2241 1842 debilis
2271 1785 2456 1844 cimus.
2480 1785 2820 1840 Sed'tamen
2845 1787 3113 1841 omnibus
3137 1788 3325 1843 modis
3353 1792 3584 1844 contra-

2043 1857 2211 1911 dixirr
2241 1874 2309 1922 λς,
2343 1857 2450 1912 nisi
2485 1860 2713 1911 tantum
2760 1857 2916 1928 quod
2959 1857 3224 1928 laborare
3271 1859 3588 1914 debeamus

2038 1945 2143 2000 per
2161 1933 2385 1982 nostras
2405 1927 2734 1982 mansiones
2746 1927 3017 2000 quiequid
3037 1929 3437 2000 necessitatem
3455 1931 3588 1985 fuis-

2043 1998 2148 2065 set,
2178 2000 2452 2070 omnique
2472 1998 2780 2070 tempore
2809 1998 2881 2052 ad
2897 1998 2914 1999 ί
2929 1999 3266 2070 predictum-
3283 2002 3583 2070 lpalacium

2042 2075 2322 2142 quantum
2347 2068 2513 2142 nobis
2539 2068 2900 2142 deportasset
2920 2068 3458 2142 carcerariusﬂnde
3478 2089 3584 2126 nos

2043 2140 2437 2212 illortempore
2460 2140 2539 2212 ita
2563 2140 3070 2212 comprobavimus
3099 2158 3230 2195 cum
3262 2142 3586 2208 testibus,et

2034 2210 2360 2281 judicatnm
2383 2210 2571 2265 extitit
2603 2210 2857 2278 nobis,ut
2875 2213 3074 2281 jurare
3099 2212 3495 2268 debuissemus
3510 2214 3584 2268 ad

2043 2287 2242 2356 sancta
2268 2283 2369 2337 Dei
2389 2285 2667 2356 quattuor
2685 2283 3014 2356 Evangelia.
3037 2283 3149 2338 Sed
3163 2283 3220 2337 in
3241 2284 3441 2338 diebus
3461 2301 3587 2356 pre-

2043 2353 2177 2407 dicti
2221 2352 2681 2424 nostriisenioris
2715 2353 2841 2424 jam
2892 2353 3108 2407 dictum
3157 2352 3582 2409 sacramentum

2044 2424 2287 2479 minime
2333 2423 2576 2478 fecimus
2625 2432 2714 2479 ιη.
2745 2425 2903 2477 Nunc
2949 2428 3144 2478 autem
3179 2442 3285 2480 nos
3323 2424 3585 2480 venimus

2045 2498 2179 2549 ante
2193 2495 2540 2567 presentiam
2562 2494 2764 2567 domni
2785 2494 3068 2567 Dominici
3088 2496 3348 2567 Flabiani
3371 2497 3586 2567 glorio-

2044 2565 2249 2619 sissimi
2276 2565 2703 2632 ducis,senioris
2720 2566 3060 2631 nostri,cum
3084 2566 3204 2632 ipse
3219 2565 3507 2622 residebat
3527 2567 3584 2621 in

2045 2637 2285 2707 pallacio
2299 2653 2431 2691 cum
2447 2636 2942 2706 suisjudicihus,et
2961 2637 3040 2690 ibi
3052 2636 3317 2692 adstante
3335 2638 3590 2693 maxima

2045 2723 2178 2780 pars
2198 2724 2443 2780 suorum
2477 2707 2822 2780 fidelium,et
2843 2708 3120 2780 coepimus
3138 2724 3242 2780 nos
3263 2710 3587 2764 lamentare

2046 2779 2116 2832 de
2159 2779 2429 2850 virtutem
2470 2779 2616 2846 (122)
2645 2778 2810 2850 quod
2845 2778 3135 2847 gastaldus
3169 2779 3318 2834 fabri
3363 2780 3589 2834 ferrarii

2045 2850 2212 2903 nobis
2241 2849 2488 2904 faciebat
2514 2849 2772 2920 Denique
2790 2849 3195 2917 judicaverunt
3211 2851 3591 2905 etconfirma-

2047 2925 2272 2992 verunt,
2307 2924 2367 2992 ut
2395 2919 2710 2992 secundum
2743 2919 2915 2992 quod,
2941 2921 3015 2992 ad
3062 2923 3325 2992 tempore
3361 2922 3588 2992 praefati

2048 2991 2200 3045 Petri
2245 2991 2549 3045 Barbolani
2587 2990 2786 3060 jurare
2827 2990 3244 3058 debuissemus,
3280 2990 3377 3045 ita
3412 2992 3587 3047 modo

2048 3062 2366 3134 adimplere
2399 3061 2695 3134 debemus;
2712 3061 2863 3134 quod
2899 3061 2976 3115 ita
3003 3061 3384 3134 fecimus.Sed
3409 3063 3591 3134 piissi-

2047 3150 2184 3206 mus
2205 3131 2486 3206 gloriosus
2514 3133 2625 3206 d_u_x
2655 3131 2849 3206 senior
2876 3135 3071 3206 noster
3104 3133 3379 3206 noticiam
3410 3131 3586 3206 scrip-

2043 3203 2226 3258 tionis
2239 3203 2443 3276 exinde
2467 3203 2632 3276 nobis
2656 3203 2810 3276 fecit,
2837 3207 2903 3276 ut
2930 3203 2990 3257 in
3021 3203 3196 3258 curtis
3222 3206 3447 3276 pallacii
3471 3203 3587 3260 fer-

2044 3292 2174 3329 rum
2204 3275 2467 3348 laborare
2494 3274 2736 3348 minime
2759 3274 3290 3348 debeamus,neque
3317 3277 3421 3348 sub
3444 3277 3588 3348 jugo

2045 3345 2394 3425 gastaldioni
2434 3345 2581 3400 fabri
2623 3361 2970 3425 permanere
3001 3345 3585 3425 debeamusferrum,

2045 3417 2326 3489 quantum
2356 3417 2705 3490 carcerarius
2736 3417 2905 3487 hujus
2935 3417 3159 3490 pallacii
3193 3418 3359 3472 nobis
3379 3417 3591 3490 depori

2044 3487 2170 3542 tant
2218 3504 2348 3542 cum
2389 3487 2570 3559 omni
2598 3490 2795 3542 nostro
2832 3487 3024 3559 precio
3053 3492 3125 3559 et
3173 3487 3478 3559 expendio,
3511 3491 3592 3544 ita

2045 3560 2200 3632 quod
2223 3558 2397 3614 ceteri
2417 3558 2575 3632 fabri
2593 3559 2664 3612 de
2690 3558 2920 3632 illorum
2935 3558 3222 3632 capitibus
3235 3558 3588 3632 persolvunt;

2045 3630 2102 3704 et
2140 3631 2306 3704 liceat
2333 3630 2498 3704 nobis
2529 3633 2799 3704 cunctum
2823 3630 3043 3704 ferrum
3073 3630 3362 3695 laborare,
3385 3649 3588 3689 secun-

2045 3701 2362 3772 dum'quod
2394 3701 2572 3755 ceteri
2599 3701 2746 3756 fabri
2776 3701 3064 3760 laborant.

2045 3791 2287 3847 Paulicis
2305 3789 2417 3844 dux
2443 3790 2672 3844 ducavit
2691 3807 2875 3845 annos
2893 3789 2965 3845 20
2987 3794 3045 3846 et
3069 3808 3297 3847 menses
3328 3796 3360 3848 6
3391 3798 3450 3848 et
3471 3793 3594 3849 dies

1973 3875 2026 3926 9.
2057 3870 2351 3926 Marcellus
2400 3869 2511 3922 dux
2563 3869 2789 3922 ducavit
2831 3886 3019 3924 annos
3049 3874 3102 3937 9,
3138 3871 3258 3926 dies
3297 3871 3386 3926 21.
3421 3873 3592 3927 Ursus

1973 3961 2084 4016 dux
2112 3957 2338 4014 ducavit
2369 3975 2552 4013 annos
2584 3957 2644 4013 11
2674 3960 2733 4012 et
2762 3973 2991 4014 menses
3013 3961 3217 4014 5.Post
3237 3959 3590 4016 interfectio-

1973 4066 2110 4105 nem
2125 4048 2247 4104 Ursi
2267 4047 2425 4102 ducis
2451 4046 2508 4100 in
2537 4047 2704 4102 annis
2733 4050 2764 4101 6
2796 4063 2913 4102 non
2943 4047 3178 4103 fuerunt
3207 4048 3379 4104 duces
3400 4049 3459 4104 in
3481 4050 3590 4104 Ve-

1975 4138 2158 4193 necia.
2195 4135 2308 4191 Sed
2338 4136 2613 4208 magister
2636 4135 2887 4190 militum
2917 4153 3048 4191 eam
3065 4137 3390 4207 judicabat;
3425 4136 3484 4194 id
3507 4143 3593 4194 est

1977 4227 2226 4282 domnus
2255 4227 2365 4280 Leo
2399 4225 2675 4297 magister
2707 4225 2956 4280 militum
2982 4225 3130 4280 sedit
3155 4243 3309 4282 anno
3347 4226 3398 4296 1,
3439 4227 3590 4282 Felix

1976 4317 2256 4386 magister
2292 4315 2539 4369 militum
2568 4314 2714 4369 sedit
2741 4331 2896 4369 anno
2935 4315 2986 4380 1,
3019 4315 3302 4371 Deusdedi
3338 4317 3504 4372 annis
3535 4321 3589 4385 2,

267 4421 328 4460 ea
350 4405 622 4460 videlicet
644 4403 893 4470 ratione,
911 4421 1024 4475 quo
1054 4405 1273 4458 nullum
1298 4403 1614 4459 divorcium
1638 4404 1788 4458 foret
1815 4404 1873 4457 in
1896 4375 1949 4434 D
1973 4405 2251 4459 Jubianus
2274 4407 2481 4476 ypatus
2511 4421 2666 4459 anno
2704 4401 2754 4471 1,
2778 4404 3072 4460 Johannes
3103 4405 3408 4461 Fabriacus
3435 4423 3590 4462 anno

267 4491 677 4549 familiaritatis
707 4491 1385 4548 conversatione.Deinde
1411 4491 1667 4564 quicquit
1696 4493 1872 4548 facul-

269 4585 392 4637 tatis
425 4584 698 4649 restabat,
732 4585 918 4637 totum
957 4581 1205 4636 ecclesiis
1248 4585 1306 4635 et
1354 4581 1702 4653 pauperibus
1745 4598 1873 4636 ero-

269 4673 607 4738 gans,nichil
638 4672 745 4726 sibi
775 4671 1325 4741 preterdignitatem
1355 4672 1874 4726 reservabat.Anno

239 4749 244 4752 ’
270 4757 438 4829 igitur
467 4760 883 4815 lncarnationis
901 4760 1031 4813 Jesu
1057 4759 1260 4814 Christi
1280 4759 1507 4814 Domini
1533 4760 1712 4814 nostri
1747 4760 1878 4814 mil-

271 4846 465 4904 lesimo
507 4853 729 4916 octavo,
765 4848 985 4903 Valerio
1028 4847 1293 4902 Altinatis
1331 4848 1599 4903 wcclesiae
1648 4851 1873 4920 presule

273 4943 522 5006 mortuo,
553 4939 652 5011 qui
706 4938 1091 5010 episcopalem
1131 4938 1466 4993 cathedram
1518 4938 1664 4993 rexit
1705 4940 1873 4994 annis

272 5029 489 5100 viginti,
521 5028 854 5101 quindecim
881 5027 1082 5083 diebus
1113 5028 1520 5085 tantummodo
1556 5029 1873 5098 minus,Ur—

1977 4495 2029 4550 1.
2069 4503 2138 4536 ίδο
2163 4492 2448 4548 Deusdedi
2472 4496 2678 4564 ypatus
2712 4493 2941 4548 ducavit
2964 4511 3149 4550 annos
3180 4493 3265 4551 13.
3288 4496 3448 4552 Galla
3479 4497 3591 4552 dux

1979 4583 2205 4638 ducavit
2231 4581 2490 4636 annuml
2512 4586 2570 4636 et
2593 4599 2818 4637 menses
2844 4585 2891 4637 2.
2918 4583 3246 4639 Dominicus
3276 4585 3386 4639 dux
3415 4586 3592 4640 duca-

1976 4674 2056 4726 vit
2079 4688 2262 4726 annos
2373 4670 2671 4725 Mauricius
2697 4671 2805 4725 dux
2833 4688 3018 4727 annos
3047 4674 3448 4729 23.Johannes
3479 4675 3589 4729 dux

1978 4761 2203 4816 ducavit
2224 4777 2406 4814 annos
2423 4763 2510 4827 35,
2533 4759 2834 4816 Obilierius
2855 4761 2967 4815 dux
2995 4764 3052 4815 et
3078 4763 3282 4817 Beatus
3314 4763 3592 4819 sederunt

1977 4855 2029 4908 5.
2064 4850 2336 4921 Agnellus
2367 4849 2476 4903 dux
2509 4849 2738 4903 ducavit
2772 4866 2957 4904 annos
2991 4853 3071 4906 l8.
3097 4851 3448 4908 Justinianus
3477 4853 3589 4909 dux

1977 4939 2202 4995 ducavit
2233 4955 2452 4993 annum
2486 4937 2536 5005 1,
2570 4955 2802 4992 menses
2833 4941 2883 4992 '2.
2906 4939 3200 4994 Johannes
3220 4940 3332 4995 dux
3361 4941 3591 4998 ducavit

1974 5047 2160 5085 annos
2190 5033 2243 5086 8.
2279 5031 2478 5084 Petrus
2519 5027 2629 5082 dux
2664 5027 2891 5082 ducavit
2931 5045 3114 5083 annos
3152 5028 3240 5084 29.
3273 5031 3443 5086 Ursus
3477 5033 3586 5087 dux

1592 5129 1826 5185 VARL‘E
1867 5130 2060 5185 LECTI
2066 5129 2154 5184 ON
2164 5128 2264 5182 ES.

338 5226 404 5260 127
437 5221 512 5271 ita
555 5222 603 5272 1.
634 5235 740 5272 eux
772 5221 827 5272 2.
910 5225 978 5260 ηε
1012 5216 1080 5272 In
1117 5219 1366 5287 margine
1402 5217 1612 5273 codicis.
1649 5221 1679 5274 3
1713 5219 1942 5288 legitur:
1994 5218 2294 5272 Johannes
2337 5215 2693 5286 Sagorninus
2723 5216 2892 5285 hujus
2929 5216 3106 5271 libelli
3150 5220 3364 5288 auctor.
3409 5215 3583 5284 Quam

276 5291 442 5344 scriba:
469 5289 652 5362 saeculi
685 5307 756 5362 xv:
779 5289 1136 5362 conjecturam
1165 5286 1366 5345 nullius
1391 5292 1645 5344 momenti
1671 5286 1794 5358 esse,
1806 5291 1931 5362 jam
1958 5290 2238 5346 Zanettius
2266 5288 2668 5343 animadvertit.
2748 5297 2816 5330 139
2849 5289 3089 5342 minime
3121 5286 3363 5342 fecimus
3390 5306 3582 5361 supra-

273 5369 462 5434 SCﬂpla
491 5359 541 5416 1.
622 5370 692 5403 ηο
721 5359 970 5427 Quatuor
1001 5361 1260 5415 linearum
1287 5363 1520 5432 spatium
1549 5369 1704 5419 vacat
1735 5359 1878 5418 in'l.

1818 5451 2044 5508 NOTrE.

271 5551 486 5680 «(120)
526 5551 591 5606 V.
641 5551 790 5605 Ann.
826 5548 1078 5620 Sangall.
1132 5548 1382 5620 majores
1435 5551 1492 5604 et
1538 5553 1694 5606 Ann.
1733 5550 1873 5610 Leo-

313 5639 515 5680 tenses.

313 5639 515 5680 180583.

553 5721 789 5779 Paraon.
821 5719 1074 5778 CXXXIX.

2069 5547 2193 5616 151)
2232 5547 2383 5604 Ann.
2415 5546 2669 5618 Sangall.
2699 5545 2966 5617 majores.

2069 5549 2193 5616 151)
2232 5549 2383 5604 Ann.
2415 5549 2595 5618 Sanga

2045 5549 2191 5693 £122)
2232 5619 2595 5676 Virtus—vis.

3108 5719 3177 5780 30
