3910 6174
142 413 176 466 9
194 407 253 470 Π
1294 417 1308 430 ·
1408 400 1810 468 ΟἩΒΟΝῐϐΟΝ
1841 403 2230 466 GRADENSE.
3378 411 3485 468 9&2

151 527 441 590 neminem
469 527 878 600 repperissent,
901 544 1139 590 omnem
1166 527 1324 584 illam
1348 529 1640 586 civitatem
1661 528 1760 583 de-
1783 539 1838 599 Α
1865 528 2002 583 dam
2046 525 2257 586 vicinas
2304 527 2594 602 eligerunt
2634 528 2871 600 insulasll
2932 546 3002 594 ex
3044 530 3256 602 £1“th
3296 529 3490 597 vicum

151 616 471 688 predantes,
512 616 648 688 igne
684 617 1125 684 succenderunt,
1180 633 1380 672 muros
1427 633 1656 690 quoque
1697 633 1761 672 ac
1865 615 2343 678 Constanciacum
2373 620 2430 671 et
2456 616 2642 680 vicum
2672 616 3060 681 Amianarum
3085 617 3245 680 Δωἰί
3281 617 3494 682 consti-

152 708 326 758 turres
382 705 640 759 funditus
682 705 1104 766 subverterunt.
1161 705 1293 760 Huis
1342 722 1476 760 vero
1519 705 1762 760 civitatis
1863 703 2778 776 tuentes,nominibnsportarum
2803 723 2871 761 ex
2890 706 3100 778 quibus
3125 706 3368 770 fuerant
3387 709 3498 768 Au-

152 809 360 864 magna
375 809 506 866 pars
526 793 721 872 populi
742 793 953 850 timore
973 797 1263 865 correpta,
1291 810 1423 848 cum
1457 793 1514 847 in
1536 792 1758 865 paludi-
1861 791 1978 846 rius
2009 792 2272 848 tribunus
2321 793 2617 855 constituit
2665 794 2972 866 appellari.
3003 797 3324 867 Postquam
3357 811 3494 852 vero

151 880 246 936 bus
270 885 333 936 et
356 881 415 935 in
444 881 640 936 insulis
666 898 1030 954 paganorum
1061 882 1350 975 fugientgs
1395 881 1632 940 insidias
1662 880 1761 936 diu
1862 880 2126 936 universa
2142 880 2844 952 bnjuspopnlimultitudo
2863 883 3375 952 convicinancium,
3405 883 3494 952 in-

149 971 451 1038 habitaret,
481 970 750 1026 divinitus
779 971 996 1026 factum
1019 975 1122 1039 est,
1155 973 1217 1026 ut
1253 969 1492 1043 quidam
1522 970 1760 1026 sanctis-
1859 971 2116 1026 sularum
2143 970 2266 1025 loco
2299 969 2608 1036 invaserat,
2661 987 2774 1032 una
2805 971 3042 1034 insimul
3089 971 3497 1036 convenientes

151 1060 322 1114 simus
348 1061 433 1114 vir
474 1059 848 1116 Geminianus
898 1061 1159 1128 nomine,
1206 1059 1490 1128 sacerdos,
1521 1058 1762 1130 Spiritus
1863 1058 2115 1116 mirabili
2143 1058 2338 1118 forma
2355 1074 2418 1117 ac
2437 1057 2735 1130 prelucida
2762 1061 3024 1122 claritate
3049 1060 3357 1127 basilicam.
3375 1061 3498 1124 fun-

149 1148 326 1204 sancti
347 1150 726 1220 perlnstratus
743 1149 953 1221 gratia,
974 1149 1172 1221 egenis
1188 1150 1423 1222 cupiens
1437 1147 1761 1215 subvenire,
1863 1148 2216 1210 daveruntin
2229 1148 2451 1208 honore
2471 1152 2688 1208 sanctae
2703 1149 2803 1206 Dei
2824 1149 3128 1213 Genitricis
3166 1154 3226 1208 et
3245 1151 3498 1223 Virginis

147 1254 271 1293 cum
307 1238 559 1311 plurima
590 1239 714 1292 loca
745 1237 1054 1309 diligenter
1087 1239 1505 1310 perlustrasset,
1535 1237 1608 1291 ad
1633 1253 1762 1308 pre-
1862 1237 2070 1300 Marize,
2095 1237 2486 1308 pulcherrimo
2520 1236 2856 1314 pavimento
2887 1239 3358 1313 ornatam,cujus
3380 1255 3499 1302 me-

145 1327 326 1381 tatum
348 1327 625 1394 paludum
639 1327 979 1398 perveniens
995 1328 1343 1394 locum,cum
1357 1327 1488 1381 Ario
1509 1327 1763 1398 quodam
1865 1325 2026 1380 dium
2047 1325 2473 1401 pulchritudine
2495 1342 2600 1380 sua
2627 1329 2756 1382 rota
2781 1326 3033 1398 quedam
3058 1327 3380 1392 admodum
3395 1327 3500 1390 de-

145 1419 200 1470 et
227 1418 478 1470 Aratore
505 1415 801 1488 copiosam
825 1415 1281 1470 Christianorum
1307 1415 1523 1469 ibidem
1546 1414 1767 1469 invenit
1865 1415 2120 1469 corabat.
2157 1413 2319 1470 Unde
2351 1413 2542 1470 omnis
2572 1414 2855 1472 habitatio
2905 1432 3018 1494 que
3065 1415 3169 1492 ipsi
3226 1416 3496 1484 (ecclesia:

147 1504 606 1571 multitudinem,
631 1504 837 1575 quibus
858 1503 988 1557 visis
1015 1520 1078 1558 ac
1099 1503 1169 1558 de
1199 1503 1533 1558 invencione
1560 1519 1763 1557 eorum
1866 1503 2132 1574 proxima
2162 1506 2290 1558 erat
2319 1503 2392 1560 ab
2415 1503 2594 1566 Aurio
2613 1503 2848 1560 tribuno
2874 1505 3024 1564 Rata.
3039 1505 3328 1578 appellata
3350 1503 3496 1574 fuit;

145 1592 470 1647 admodum
524 1593 851 1647 illarescens
891 1595 1062 1665 (124),
1112 1591 1402 1647 nunciavit
1455 1591 1556 1658 eis,
1610 1590 1767 1663 quod
1869 1608 2046 1663 quam
2077 1591 2402 1656 ecclesiam,
2435 1591 2698 1652 videlicet
2731 1579 3133 1672 episcopatum
3161 1593 3369 1662 Aurius
3395 1595 3498 1650 tri-

149 1681 398 1752 pessima
424 1681 523 1734 illa
552 1681 863 1735 multitudo
908 1680 1096 1735 divine
1133 1683 1276 1734 nutu
1319 1679 1634 1735 clemencie
1668 1679 1766 1733 de-
1870 1680 2058 1736 bunus
2089 1680 2408 1747 constituit,
2442 1681 2596 1752 quod
2624 1681 2982 1754 episcopium
3008 1683 3268 1755 profatus
3293 1683 3500 1748 Aurius

149 1771 363 1823 structa
395 1773 545 1823 esset
574 1772 632 1823 et
675 1769 733 1824 in
763 1769 1038 1824 nichilum
1066 1767 1320 1823 redacta.
1353 1770 1426 1821 At
1451 1767 1530 1822 illi
1557 1765 1771 1839 gratias
1796 1831 1839 1840 __
1872 1785 1938 1822 ex
1953 1768 2387 1826 collaudacione
2404 1769 2952 1834 Metamaucensium
2969 1774 3027 1832 et
3047 1771 3499 1840 Rivoaltensium

158 1861 398 1930 agentes
421 1858 889 1930 glorificaverunt
917 1857 1099 1912 Deum
1133 1857 1229 1929 qui
1259 1874 1375 1914 non
1403 1857 1616 1912 deserit
1645 1871 1772 1927 spe-
1796 1831 1849 1890 Β
1873 1873 1980 1910 nec
2008 1873 2126 1920 non
2157 1874 2222 1916 ex
2237 1857 2690 1916 confirmacione
2705 1859 3084 1918 Obellierii“0
3097 1863 3238 1930 et“o
3252 1861 3408 1926 Beati
3428 1870 3498 1908 ιω

155 1950 349 2002 rantes
375 1946 433 2001 in
468 1963 548 2001 se.
569 1947 726 2002 Tunc
750 1947 915 2001 Arius
936 1950 994 2000 et
1021 1949 1251 2013 Arator,
1293 1945 1441 2000 filius
1462 1945 1608 2016 ejus,
1639 1961 1773 1999 cum
1875 1944 2111 2014 ducum,
2141 1946 2237 2018 qui
2266 1949 2402 2009 tunc
2448 1945 2749 2010 Venetiam
2779 1947 3102 2019 ,regebaut,
3135 1948 3406 2016 ducatum
3437 1949 3496 2006 in

159 2037 428 2092 omnibus
454 2037 553 2108 qui
572 2053 706 2091 cum
723 2052 790 2090 eo
818 2040 1002 2102 erant,
1027 2035 1240 2089 vicinas
1254 2035 1534 2107 quasdam
1562 2033 1776 2088 insulas
1874 2033 2092 2114 proprii
2145 2032 2388 2090 dominii
2432 2034 2562 2104 jure
2606 2034 2929 2090 vindicavit.
2982 2035 3199 2112 Quibus
3228 2037 3497 2106 munibus

159 2144 282 2199 quae
312 2127 372 2180 in
405 2125 622 2182 eisdem
645 2125 1126 2198 erantpaludibus
1147 2125 1456 2192 intuentes,
1481 2141 1546 2180 ac
1575 2124 1777 2179 melioo
1874 2121 2209 2194 compositis
2238 2126 2296 2178 et
2326 2122 2626 2189 ordinatis,
2672 2123 2930 2200 profatus
2967 2125 3176 2192 Aurius
3232 2126 3497 2190 tribunus

160 2232 245 2270 res
273 2232 419 2286 quas
447 2215 731 2285 eligerant
779 2217 1222 2285 perscrutantes,
1256 2213 1460 2268 domos
1487 2217 1547 2268 et
1575 2213 1776 2268 mccle-
1876 2228 2008 2266 cum
2041 2212 2306 2268 universa
2337 2211 2537 2282 populi
2567 2211 2938 2268 multitudine
2991 2213 3092 2288 qui
3119 2230 3190 2278 ex.
3237 2215 3496 2286 predicta

159 2304 263 2358 sias
317 2305 375 2358 in
436 2304 655 2358 eisdem
713 2304 1002 2358 edifﬁcare
1057 2306 1355 2374 ceperunt.
1406 2302 1662 2366 Quarum
1712 2301 1770 2355 in

163 2392 542 2446 edifﬁcatione
573 2391 832 2447 relictam
874 2390 1181 2445 Altinensis
1233 2389 1477 2443 civitatis
1528 2389 1774 2460 pulchri-

163 2480 418 2535 tudinem
440 2496 546 2534 nec
576 2497 693 2534 non
726 2484 784 2533 et
809 2481 1123 2534 multarum
1171 2477 1416 2533 turrium
1445 2477 1770 2532 subversio-

167 2586 294 2623 nem
324 2570 662 2635 recolentes,
692 2569 821 2623 licet
851 2568 1032 2622 nimio
1064 2584 1291 2623 merore
1325 2566 1768 2633 turbati,tamen

169 2658 613 2729 supradictarum
637 2657 881 2712 turrium
915 2657 1245 2712 nominibus
1274 2657 1397 2710 illas
1427 2673 1568 2729 quas
1611 2656 1771 2711 habi-

172 2750 346 2802 tantes
376 2756 445 2789 ιη
476 2747 690 2802 insulas
719 2749 1104 2819 appellarunt.
1137 2747 1298 2802 Unde
1331 2747 1547 2800 factum
1580 2749 1686 2811 est,
1708 2750 1770 2800 ut

176 2835 456 2905 cujusdam
501 2835 973 2890 excellentissime
1012 2835 1272 2905 ejusdem
1325 2833 1568 2888 civitatis
1599 2833 1770 2888 turris

177 2923 395 2978 nomine
422 2923 662 2978 Torcelli
691 2924 810 2977 Arii
849 2940 1052 2978 omnes
1100 2923 1281 2977 insule
1336 2922 1560 2994 prefate
1603 2939 1768 2976 voca-

176 3016 375 3068 rentur.
395 3013 470 3066 Ex
488 3011 828 3083 supradictis
847 3011 1037 3082 itaque
1057 3011 1302 3066 insulam
1331 3010 1626 3082 quandam
1650 3010 1769 3065 Arii

1871 2300 2152 2355 Altinensi
2185 2300 2576 2372 confugerant
2631 2301 2878 2367 civitate,
2925 2289 3210 2360 Obelierio
3252 2312 3316 2345 ιιι
3347 2307 3492 2359 ειμι

1874 2388 2048 2444 Beato
2083 2389 2291 2458 (l27-8)
2322 2397 2388 2430 ιη
2424 2387 2664 2444 ducibus
2680 2389 2828 2448 colla
2856 2389 3262 2450 submittentes
3276 2409 3335 2448 se
3359 2393 3491 2450 sub-

1864 2475 2238 2548 jugaverunt,
2257 2493 2325 2532 eo
2349 2476 2557 2532 ordine
2592 2493 2706 2552 quo
2727 2475 2780 2532 in
2807 2478 3035 2550 prefata
3054 2478 3283 2536 civitate
3305 2481 3425 2552 (fol.
3441 2484 3492 2551 2)

1872 2563 2011 2618 olim
2034 2564 2247 2619 subditi
2263 2565 2496 2622 fuerant
2509 2563 2749 2626 ducibus
2762 2565 2858 2638 qui
2881 2566 3058 2638 ipsius
3072 2568 3339 2641 regimen
3353 2571 3496 2636 obti-

1869 2657 2143 2708 nuerant.
2178 2654 2270 2708 llis
2286 2671 2539 2726 namque
2555 2657 2815 2732 patratis,
2834 2659 2895 2712 ut
2907 2673 3081 2736 supra
3104 2663 3494 2726 memoratum

1869 2746 1976 2810 est,
2011 2760 2075 2808 ex
2109 2743 2483 2798 concessione
2510 2744 2634 2814 jam
2666 2744 2954 2810 dictorum
2988 2747 3198 2806 ducum
3229 2749 3494 2827 etpopuli

1870 2831 2295 2888 collaudatione
2315 2833 2568 2906 quedam
2589 2832 2852 2890 littorain
2867 2834 3078 2910 prefati
3101 2835 3259 2900 Aurii
3276 2836 3492 2900 tribuni

1873 2923 2155 2994 potestate
2179 2937 2450 2976 concessa
2465 2925 2616 2980 sunt.
2635 2923 2696 2976 ln
2713 2921 2904 2993 primo
2924 2939 3176 2995 quorum
3198 2924 3491 3002 quendam

1869 3010 2128 3064 Maurum
2163 3007 2590 3081 presbyterum,
2625 3009 2721 3081 qui
2753 3009 2823 3064 de
2851 3009 3236 3076 Altinensium
3265 3011 3494 3084 fugerat

177 3114 293 3154 cum
322 3100 666 3173 quibusdam
724 3099 837 3154 suis
890 3099 1156 3166 serviciis,
1207 3103 1270 3154 ut
1298 3099 1374 3153 ibi
1413 3099 1768 3167 habitarent,
1792 3141 1840 3200 C
1873 3098 2120 3164 civitate,
2153 3097 2406 3165 invenit;
2440 3097 2538 3170 qui
2569 3097 2618 3151 ei
2644 3097 3178 3169 ordinatimjomnia
3207 3099 3490 3172 exposuit,

176 3187 271 3242 sibi
295 3190 654 3244 vindicarunt
678 3189 772 3242 ubi
821 3188 995 3243 etiam
1030 3187 1327 3258 proprium
1363 3205 1579 3243 nomen
1607 3205 1769 3244 com-

175 3280 466 3343 mutantes,
500 3292 702 3331 omnes
731 3276 826 3347 qui
861 3292 928 3329 ex
959 3292 1160 3330 eorum
1194 3276 1347 3330 tribu
1371 3279 1558 3344 erant,
1605 3276 1771 3332 Aurii

177 3365 387 3432 apellati
415 3370 568 3419 sunt.
620 3365 763 3419 Cum
813 3365 900 3419 his
940 3363 1173 3436 quidem
1221 3380 1427 3419 omnes
1474 3365 1555 3420 illi
1586 3365 1683 3438 qui
1714 3365 1771 3418 in

174 3453 547 3510 Altinensium
576 3458 744 3509 erant
764 3453 1012 3520 civitate,
1045 3452 1102 3507 in
1130 3456 1299 3524 porta
1318 3453 1415 3507 illa
1440 3470 1551 3526 que
1582 3471 1774 3509 versus

168 3541 358 3599 boreas
417 3544 538 3614 (fol.
597 3547 642 3614 l)
682 3542 1043 3615 respiciebat,
1088 3541 1306 3596 ibidem
1361 3542 1632 3614 hospitati
1691 3543 1771 3597 vi-

162 3647 287 3687 cum
306 3633 620 3688 Burianum
636 3631 792 3686 Aurii
811 3648 844 3685 a
861 3634 1029 3702 porta
1048 3631 1144 3685 illa
1165 3629 1445 3702 appellari
1467 3629 1773 3686 constitue-

155 3726 301 3777 runt.
331 3722 539 3776 Aurius
581 3737 714 3776 vero
771 3721 1035 3774 tribunus
1085 3735 1218 3773 cum
1272 3718 1442 3774 massi
1487 3719 1630 3788 (l25)
1671 3720 1769 3792 qui

147 3807 372 3866 Macinii
404 3809 617 3865 Celires
655 3808 924 3881 appellati
968 3811 1120 3875 sunt,
1165 3811 1221 3862 et
1253 3823 1383 3861 cum
1421 3806 1767 3879 quibusdam

157 3899 271 3954 aliis
299 3917 554 3973 quorum
581 3898 821 3954 nomina
848 3898 1210 3970 ignorantur,
1263 3897 1452 3951 locum
1494 3896 1592 3969 qui
1635 3897 1767 3952 huic

164 3981 327 4044 insule
352 3988 596 4044 vicinior
625 3991 748 4042 erat
769 3987 842 4042 ad
871 3986 1251 4041 habitandum
1280 3986 1594 4058 eligerunt.
1621 3986 1762 4042 Cum

168 4070 233 4129 his
258 4077 503 4151 quidem
536 4077 984 4148 permanserunt
1008 4091 1208 4129 omnes
1232 4073 1310 4127 illi
1330 4073 1425 4145 qui
1451 4074 1682 4130 fuerant
1703 4074 1760 4129 in

167 4167 370 4230 prefata
391 4166 623 4220 civitate
656 4165 726 4219 de
749 4179 953 4219 eorum
985 4166 1172 4234 porta,
1187 4163 1352 4233 juxta
1382 4180 1558 4235 quam
1589 4163 1761 4218 turris

168 4263 362 4326 magna
391 4258 452 4310 et
488 4253 663 4308 nimis
687 4253 908 4308 excelsa
936 4252 1144 4317 fuerat,
1177 4268 1243 4305 ex
1275 4267 1389 4322 qua
1415 4255 1539 4306 erat
1558 4253 1637 4307 eis
1671 4251 1760 4306 in-

167 4340 348 4397 troitus
360 4347 418 4398 et
431 4340 1269 4411 exitus.Huncnamquelocum
1286 4340 1676 4395 inhabitantes
1692 4357 1759 4395 ex

167 4438 313 4493 porta
324 4436 382 4487 et
395 4431 538 4486 turri
554 4431 649 4485 illa
662 4446 878 4502 magna
890 4429 1085 4483 Vicum
1101 4427 1403 4499 Majoribus
1417 4431 1460 4500 (Ι
1477 4431 1561 4495 26)
1574 4428 1757 4483 isdem

168 4519 348 4577 Aurius
372 4519 671 4576 constituit
698 4517 995 4592 appellari.
1014 4519 1074 4572 In
1098 4534 1213 4588 qua
1258 4518 1481 4572 Maxum
1510 4518 1757 4583 militem

161 4602 338 4669 iudicii
369 4609 526 4664 fecit.
558 4610 717 4664 Idem
731 4608 938 4663 Aurius
957 4607 1222 4662 tribunus
1249 4623 1382 4662 cum
1415 4607 1754 4676 Fraudunis,

170 4700 245 4762 qui
269 4706 326 4754 et
357 4699 564 4754 Faletri
593 4699 976 4771 appellantur,
1010 4701 1068 4751 et
1097 4697 1374 4763 Rusticus,
1403 4699 1500 4769 qui
1522 4697 1754 4753 Luthoi-

167 4782 240 4839 tus
269 4789 499 4855 dicitur,
548 4792 607 4842 et
653 4786 994 4853 Calciamiri,
1051 4803 1195 4857 quos
1245 4785 1495 4840 Gambas
1549 4787 1756 4842 sericas

165 4876 548 4944 nominarunt,
575 4893 707 4931 cum
728 4875 1042 4930 viatoribus
1072 4878 1130 4929 et
1151 4873 1498 4946 quibusdam
1521 4874 1756 4947 reliquis

164 4970 394 5027 quorum
416 4965 660 5021 nomina
687 4965 1054 5038 ignorantur,
1097 4980 1302 5018 omnes
1327 4963 1559 5019 insimul
1590 4980 1755 5037 quas-

1873 3187 2121 3260 qualiter
2157 3185 2264 3241 sibi
2309 3187 2460 3240 Deus
2512 3187 2864 3241 revelaverat
2917 3187 3212 3262 quendam
3265 3182 3489 3254 heremi

1871 3275 2084 3341 locum,
2120 3275 2182 3330 in
2206 3291 2318 3348 quo
2337 3274 2518 3329 sancti
2538 3274 2804 3329 martires
2837 3263 3077 3338 Hermes
3101 3280 3159 3331 et
3183 3277 3490 3342 “erasmus

1872 3364 1931 3420 in
1963 3364 2062 3418 Dei
2085 3364 2308 3420 honore
2335 3366 2394 3418 et
2409 3379 2612 3418 eorum
2640 3363 2896 3418 nominis
2921 3365 3082 3421 titulo
3103 3366 3420 3430 aecclesiam
3436 3367 3489 3428 ei

1873 3452 2166 3508 edifﬁcare
2190 3452 2501 3523 jusserant,
2535 3451 2695 3522 cujus
2725 3452 2906 3507 etiam
2924 3453 3256 3510 mercedem
3278 3454 3359 3516 illi
3386 3455 3492 3512 im-

1873 3540 2128 3613 pendere
2145 3539 2558 3616 promiserunt.
2587 3541 2648 3594 In
2666 3541 2928 3613 sequenti
2947 3558 3177 3618 quoque
3197 3544 3390 3608 littore
3411 3545 3491 3600 al-

1872 3629 2171 3684 bissimam
2218 3629 2436 3685 nubem
2477 3629 2584 3685 sibi
2634 3630 2970 3704 apparuisse
2999 3630 3248 3701 dicebat,
3281 3649 3352 3698 ea
3373 3650 3488 3706 qua

1872 3718 2014 3774 duos
2043 3717 2313 3772 claritatis
2340 3719 2493 3773 velut
2535 3718 2668 3773 solis
2716 3718 2908 3774 radios
2936 3719 3309 3792 resplendere
3338 3711 3490 3780 vide-

1869 3810 1980 3862 rat.
2013 3805 2096 3861 Ad
2128 3822 2303 3878 quam
2326 3821 2457 3860 cum
2497 3805 2773 3878 pr0ppius
2818 3807 3138 3875 accederet,
3170 3809 3487 3866 clarissima

1867 3910 2001 3948 voce
2014 3894 2121 3949 sibi
2147 3894 2437 3950 dicentem
2461 3894 2676 3949 audivit
2691 3911 2704 3948 :
2722 3917 2753 3946 «.
2766 3895 2885 3967 Ego
2899 3912 3025 3952 sum
3041 3896 3320 3952 Dominus
3334 3898 3485 3962 Deus

1865 3978 2124 4044 Salvator
2152 3986 2208 4038 et
2231 3983 2408 4038 tocius
2429 3983 2583 4038 orbis
2613 3983 2974 4044 dominator.
3001 3985 3177 4040 Terra
3198 3989 3392 4042 autem
3423 3987 3482 4051 in

1863 4089 1977 4146 qua
1995 4076 2128 4138 stas,
2159 4088 2291 4128 cave
2323 4075 2385 4126 ut
2405 4071 2464 4128 in
2497 4073 2617 4146 ipso
2650 4074 2797 4141 loco,
2853 4091 3028 4146 quem
3058 4074 3161 4129 tibi
3193 4079 3481 4142 monstra-

1861 4179 2016 4229 vero,
2050 4162 2110 4216 in
2139 4161 2376 4217 nomine
2411 4179 2542 4219 meo
2573 4162 2870 4218 basilicam
2913 4167 3241 4219 construas.
3271 4183 3304 4218 α
3325 4165 3482 4224 Tunc

1861 4251 2040 4306 nubes
2073 4250 2170 4305 illa
2199 4267 2328 4306 cum
2364 4250 2600 4324 prefatis
2630 4250 2804 4306 radiis
2852 4268 2968 4307 non
2997 4253 3170 4324 longe
3197 4251 3270 4308 ad
3300 4251 3479 4308 alium

1861 4339 2211 4394 transferens
2242 4356 2301 4394 se
2331 4339 2545 4406 locum,
2598 4338 2656 4393 in
2714 4356 2827 4412 quo
2878 4339 3173 4394 dulcisona
3212 4339 3325 4396 alia
3373 4358 3478 4397 vox

1785 4398 1839 4458 D
1859 4427 2010 4483 facta
2039 4431 2124 4483 est
2152 4427 2222 4483 de
2255 4427 2405 4482 nube
2438 4398 2663 4483 dicens:
2698 4398 2878 4498 «‘Ego
2911 4445 3038 4483 sum
3068 4427 3243 4484 Maria
3274 4429 3476 4486 domni

1855 4517 1986 4572 Iesu
2011 4516 2219 4572 Christi
2249 4517 2452 4585 Mater;
2482 4517 2538 4570 in
2568 4517 2814 4571 hocloco
2843 4517 3475 4577 {ecclesiaminbonore

1856 4605 1972 4660 mei
2006 4605 2254 4660 nominis
2281 4605 2408 4659 volo
2436 4606 2498 4658 ut
2524 4603 2810 4673 edifﬁces;
2834 4627 2860 4653 ››
2884 4621 3057 4678 quem
3079 4606 3256 4663 etiam
3281 4607 3472 4662 locum

1855 4693 1960 4748 sibi
1992 4695 2293 4749 denotasse
2321 4692 2531 4750 aiebat.
2559 4694 2618 4746 In
2651 4693 2827 4748 tercio
2872 4697 3066 4749 autem
3108 4711 3236 4748 cum
3269 4711 3470 4768 pene-

1856 4783 2030 4837 nisset
2059 4782 2274 4848 littore,
2304 4781 2564 4853 ejusdem
2601 4781 2810 4836 littoris
2839 4783 3213 4837 medietatem
3235 4801 3299 4837 cx
3330 4801 3472 4856 gen-

1853 4871 2006 4927 cinm
2038 4875 2095 4927 et
2115 4869 2312 4944 populi
2361 4869 2584 4925 diversa
2631 4871 3001 4926 multitudine
3046 4875 3386 4945 occupatam
3411 4892 3470 4929 se

1853 4961 2056 5018 vidisse
2084 4959 2379 5016 narrabat.
2417 4959 2588 5031 Cujus
2612 4959 2724 5014 alia
2749 4959 3027 5014 medietas
3058 4961 3235 5018 boum
3267 4979 3332 5018 ac
3365 4963 3468 5018 bu-

1469 5099 1699 5156 VARLE
1737 5097 2140 5156 LECTIONES.

228 5209 290 5248 ω
318 5205 390 5260 ita
411 5222 458 5261 c.
528 5213 596 5248 ιω
614 5204 736 5275 jam
767 5199 955 5268 deleta,
987 5213 1216 5277 quorum
1240 5198 1359 5277 loco
1383 5200 1670 5254 recentiore
1700 5214 1868 5277 manu
1883 5197 2254 5253 tribunorum
2275 5210 2581 5277 procerum
2611 5200 2672 5277 et
2695 5197 3059 5277 scriptu-mum
3094 5195 3466 5277 LALc-ctioaem

154 5280 423 5350 antiquam
454 5269 677 5350 codex}
702 5277 954 5331 servavit.
992 5269 1012 5273 ⁷
1037 5281 1104 5350 ίξί
1131 5273 1250 5350 iam
1273 5271 1478 5337 deleta;
1513 5287 1743 5345 quorum
1779 5269 1892 5326 loco
1934 5285 2102 5329 manu
2141 5269 2425 5326 recentiore
2461 5269 2706 5324 tribunis
2741 5269 3074 5340 proceribus
3113 5273 3170 5323 et
3209 5269 3462 5338 scriptum

152 5351 226 5394 εει
258 5344 301 5403 ῑ.
333 5351 636 5421 Antiquam
659 5348 927 5402 lectionem
947 5344 1145 5416 prabet
1178 5347 1231 5399 3.

1696 5481 1922 5538 ΝΟΤᾸΕ.

221 5590 358 5662 (lii)
387 5589 449 5647 ld
480 5592 568 5646 est
591 5589 960 5644 hilarescens.

215 5654 365 5737 (125)
395 5663 460 5720 ld
487 5667 575 5720 est
603 5677 812 5729 massa,
845 5660 1208 5716 armatorum
1233 5654 1433 5729 globo.

1925 5577 2079 5651 (126)
2106 5579 2416 5635 Mazzorbo.

1926 5648 2133 5726 (12748)
2161 5651 2228 5710 V.
2261 5665 2454 5725 supra,
2483 5649 2594 5708 col.
2627 5648 2880 5707 897-899.
