3998 6166
521 402 634 466 9ὶ3

1735 398 1762 460 3
1768 403 1954 461 OANN
1960 399 2020 459 IS
2059 401 2342 460 DIACONI
2376 397 2629 461 VENETI

3657 405 3749 471 si;

516 530 786 586 balorum
815 523 1184 582 densissimas
1207 523 1357 581 acies
1372 522 1696 597 vegetabat.
1726 527 1789 580 In
1819 525 2014 580 medio
2038 542 2134 579 au-
2151 530 2208 588 Α
2238 541 2475 595 parvam
2498 524 2816 579 maelesiam
2847 522 2903 579 in
2921 523 3140 580 honore
3157 523 3252 580 Dei
3271 527 3324 580 et
3341 526 3499 582 sancti
3512 529 3752 599 Johannis,

515 623 636 675 tem
666 619 859 673 littore
890 615 1070 672 nubes
1100 615 1196 671 illa
1223 614 1631 670 candidissima
1659 631 1790 670 cum
1813 615 1926 670 suis
1955 615 2134 670 radiis

512 706 690 764 stetit.
718 705 804 761 Ad
843 720 1020 779 quam
1044 721 1178 760 cum
1204 705 1547 771 accessisset,
1579 703 1883 776 splendida
1912 703 2129 759 canicie

512 812 712 851 senem
743 794 1036 868 quendam
1083 794 1144 848 in
1189 792 1605 866 speciosissima
1648 792 1781 848 sede
1826 791 2127 847 sedentem

511 885 668 941 infra
687 884 871 958 ipsam
890 884 1107 939 nubem
1128 883 1551 954 contemplatus
1573 885 1678 950 est,
1693 898 1824 937 cum
1848 899 1960 954 quo
1980 881 2132 937 vide-

510 974 645 1029 licet
665 973 892 1046 juvenis
921 972 1158 1046 quidam
1216 975 1360 1038 erat,
1406 971 1637 1026 insimul
1669 971 2126 1025 confabulanles.

508 1063 666 1118 Tunc
689 1062 882 1118 senior
902 1063 996 1118 ille
1021 1062 1100 1117 ait
1130 1060 1323 1116 eidem
1349 1061 1540 1115 Mauro
1568 1060 1903 1132 presbytero
1926 1076 1938 1112 :
1963 1059 2128 1130 «Ego

513 1169 642 1208 sum
675 1155 875 1209 Petrus
892 1151 1287 1223 apostolorum
1308 1149 1594 1220 princeps,
1619 1166 1654 1204 a
1677 1147 1982 1204 Christiani
2003 1164 2130 1218 gre-

512 1243 599 1315 gis
624 1245 855 1315 pastore
880 1239 1240 1308 constitutus,
1269 1243 1332 1294 ut
1389 1238 1564 1310 ipsius
1615 1254 1846 1309 pascam
1893 1253 2022 1292 oves
2071 1239 2130 1291 et

513 1349 714 1404 agnos.
749 1332 908 1386 Nunc
933 1329 990 1385 in
1005 1333 1373 1403 peccatorum
1390 1333 1625 1384 tuorum
1651 1326 1992 1383 remissione
2022 1324 2126 1381 tibi

512 1421 778 1494 iniungo,
807 1420 1078 1494 quatinus
1107 1420 1179 1475 ad
1210 1418 1313 1474 Dei
1343 1420 1630 1474 honorem
1680 1417 1801 1489 (fol.
1859 1417 1934 1484 2’)
1979 1420 2037 1470 et
2063 1416 2125 1470 in

514 1509 631 1565 mei
655 1509 908 1566 nominis
937 1509 1102 1565 titulo
1123 1508 1440 1564 honorifice
1459 1507 1516 1562 in
1535 1507 1643 1563 hoc
1661 1509 1786 1562 loco
1808 1506 2124 1561 mcelesiam

512 1599 760 1655 fundare
789 1598 1039 1666 studeas,
1065 1601 1126 1652 ut
1175 1597 1234 1652 in
1281 1596 1532 1652 natalicii
1559 1596 1674 1651 mei
1705 1596 1798 1651 die
1828 1595 2125 1651 universus

512 1689 878 1745 Torcellanus
908 1689 1152 1760 populus
1205 1686 1264 1741 in
1307 1703 1375 1742 ea
1423 1688 1831 1759 congregetur.
1866 1704 1898 1738 δ
1924 1685 2127 1740 Iunior

513 1795 649 1834 vero
675 1776 907 1849 ille,qui
938 1793 1070 1832 cum
1100 1792 1167 1831 e0
1199 1779 1344 1842 erat,
1377 1775 1549 1830 dixit:
1587 1776 1752 1847 «Ego
1775 1792 1902 1830 sum
1933 1792 2127 1830 servus

2236 613 2383 667 sicut
2411 613 2566 668 idem
2590 617 2817 668 sanctus
2842 613 3086 683 baptista
3113 613 3214 685 ipsi
3254 615 3430 671 Mauro
3469 620 3755 688 ostenderat,

2227 705 2394 785 juxta
2443 703 2653 756 atrium
2689 702 3542 774 episcopiimirajpulchritudine
3564 707 3758 764 edifﬁca-

2233 794 2459 846 verunt.
2491 794 2548 845 ln
2573 792 2693 863 ipsa
2710 807 2939 863 quoque
2961 791 3318 862 baptismatis
3331 792 3501 848 fontes
3517 802 3758 866 ponentes,

2237 881 2453 936 mirum
2485 880 2542 934 in
2577 881 2815 939 modum
2849 895 2953 950 per
2999 882 3246 935 occultos
3291 886 3494 937 meatus
3515 884 3565 938 in
3591 885 3760 940 eisdem

2236 969 2494 1024 fontibus
2517 987 2694 1025 mreas
2719 969 3036 1025 bestiarum
3064 969 3340 1041 imagines
3369 987 3527 1043 aquas
3552 989 3762 1028 evomere

2237 1059 2518 1114 fecerunt.
2566 1059 2658 1114 His
2709 1059 2902 1130 itaque
2950 1059 3214 1130 peractis,
3275 1059 3510 1132 prefatus
3556 1063 3763 1117 sacerdos

2235 1148 2461 1203 Maurus
2489 1165 2682 1203 secum
2712 1148 2872 1202 duxit
2900 1149 3140 1203 Aurium
3172 1147 3457 1204 tribunum
3485 1149 3550 1204 ad
3576 1151 3703 1205 littus
3721 1152 3761 1206 in

2236 1253 2349 1308 quo
2401 1241 2597 1292 sancta
2636 1237 2740 1292 sibi
2776 1240 3126 1309 apparuerat
3179 1237 3408 1293 Justina.
3447 1239 3617 1310 Ibique
3641 1240 3765 1310 juxta

2234 1327 2464 1398 quodin
2497 1327 2722 1398 prefata
2751 1327 2970 1381 visione
3001 1326 3106 1382 sibi
3139 1328 3444 1383 revelatum
3469 1327 3648 1395 fuerat,
3667 1343 3767 1398 par-

2233 1432 2362 1470 vam
2395 1416 2709 1471 mcclesiam
2742 1421 3075 1472 construere
3088 1417 3243 1472 fecit.
3269 1417 3474 1472 Deinde
3497 1418 3767 1472 venientein

2232 1504 2390 1560 littus
2413 1507 2470 1560 in
2495 1523 2607 1577 quo
2625 1505 2896 1577 gencium
2918 1522 2980 1560 ac
2999 1507 3176 1560 boum
3206 1506 3306 1561 sibi
3328 1511 3638 1578 apparuerat
3657 1508 3767 1561 mul-

2232 1595 2439 1662 titudo,
2468 1595 2782 1650 secundum
2812 1595 2968 1668 quod
3013 1596 3072 1650 in
3103 1597 3326 1668 prefata
3361 1596 3671 1652 revelatione
3692 1598 3769 1654 sibi

2225 1683 2448 1755 jussum
2480 1684 2687 1747 fuerat,
2719 1685 3038 1740 mcclesiam
3057 1684 3116 1739 in
3145 1686 3366 1741 honore
3394 1686 3560 1741 sancti
3588 1687 3708 1740 Petri
3729 1689 3768 1739 et

2232 1772 2404 1827 aliam
2435 1787 2673 1843 parvam
2707 1773 3008 1828 ecclesiam
3042 1773 3103 1829 in
3125 1774 3347 1830 honore
3369 1775 3536 1830 sancti
3553 1774 3769 1828 Antonini

514 1866 616 1923 Dei
648 1841 888 1922 nomine
907 1864 1252 1929 Antoninus,
1268 1841 1365 1936 qui
1383 1879 1488 1936 pro
1511 1841 1719 1918 Christi
1741 1863 1980 1919 nomine
2006 1881 2131 1936 pas-
2157 1841 2212 1901 Β
2234 1841 2505 1933 martyris
2535 1862 2990 1918 edifficaverunt.
3023 1862 3203 1917 Littus
3228 1865 3418 1918 autem
3436 1863 3596 1918 boum
3617 1861 3771 1917 Aurius

515 1972 610 2011 sus
637 1954 739 2011 fui.
758 1955 1006 2026 Ideoque
1035 1953 1290 2027 precipio
1323 1952 1445 2020 tibi,
1465 1956 1529 2007 ut
1544 1969 1781 2023 parvam
1813 1953 2130 2008 secclesiam

506 2045 674 2119 juxta
697 2043 961 2117 magistri
989 2043 1105 2098 mei
1125 2041 1418 2098 basilicam
1450 2041 1511 2097 in
1552 2043 1776 2098 honore
1808 2041 1908 2097 Dei
1936 2044 1994 2097 et
2027 2043 2131 2097 sub

514 2135 682 2190 titulo
714 2132 967 2190 nominis
995 2131 1111 2187 mei
1144 2131 1416 2188 edifflces.
1463 2130 1644 2185 Nichil
1706 2134 1904 2186 tamen
1960 2130 2134 2185 alieni

516 2223 706 2297 operis
731 2223 887 2278 inter
917 2225 1188 2292 utrasque
1241 2220 1430 2275 facere
1474 2235 1790 2292 presumas.
1841 2222 1902 2274 In
1949 2236 2063 2290 qua
2088 2218 2134 2274 si

519 2312 646 2387 quis
665 2311 822 2383 juste
853 2326 919 2366 ac
951 2311 1156 2365 devota
1204 2311 1402 2363 mente
1448 2308 1667 2380 aliquid
1698 2307 1958 2379 pecierit,
1992 2309 2136 2363 meis

516 2400 782 2476 precibus
829 2399 983 2470 apud
1013 2399 1195 2453 Deum
1226 2396 1488 2452 obtinere
1530 2413 1650 2450 non
1680 2396 1958 2468 ambiget.
1989 2395 2134 2452 Cave

517 2496 583 2547 ut
609 2491 752 2546 sicut
775 2489 878 2544 tibi
933 2485 1443 2560 designaverimus,
1503 2485 1680 2558 ipsius
1731 2487 2013 2541 ascclesias
2036 2505 2133 2542 ex-

517 2585 712 2636 truere
743 2577 937 2633 facias.
969 2598 998 2627 »
1020 2577 1083 2631 ln
1105 2579 1376 2648 quartum
1398 2577 1593 2630 autem
1622 2591 1752 2630 cum
1781 2576 2136 2648 pervenisset

521 2669 700 2737 littus,
731 2667 918 2723 visum
948 2665 1057 2721 fuit
1086 2665 1161 2730 ei,
1192 2665 1349 2739 quod
1379 2668 1566 2720 totum
1596 2664 1754 2720 littus
1778 2663 1956 2720 vineis
1986 2669 2136 2720 esset

522 2759 783 2832 plenum,
830 2754 1246 2812 maturissimas
1285 2771 1419 2809 uvas
1465 2753 1841 2822 habentibus;
1891 2757 1948 2809 et
2003 2770 2133 2810 ecce

519 2848 702 2904 nubes
727 2845 845 2914 illa,
871 2861 1046 2918 quam
1077 2844 1248 2916 paulo
1277 2846 1411 2898 ante
1438 2842 1707 2908 diximus,
1753 2843 2020 2917 apparuit
2057 2844 2131 2902 ei.

517 2938 606 2994 Ad
657 2954 834 3012 quam
881 2953 1014 2991 cum
1062 2934 1407 3004 accessisset,
1455 2936 1664 2991 decora
1699 2934 1843 2990 facie
1879 2937 2132 3007 puellam

519 3028 814 3102 quandam
845 3026 904 3082 in
929 3025 1063 3082 sede
1085 3024 1344 3098 preciosa
1382 3024 1681 3081 sedentem
1723 3025 1960 3098 aspexit.
2013 3024 2133 3090 Que

2234 1950 2502 2004 tribunus
2532 1950 2827 2006 constituit
2857 1951 2967 2006 hoc
3010 1951 3309 2024 appellari.
3338 1951 3541 2007 Deinde
3569 1951 3630 2006 ad
3659 1950 3774 2004 aliud

2235 2039 2393 2093 littus
2442 2039 2800 2096 transfretari
2849 2041 3164 2112 cupientes,
3227 2040 3562 2096 albissimam
3609 2039 3773 2092 nubem

2237 2145 2412 2201 supra
2442 2128 2499 2183 id
2524 2130 2598 2184 ad
2627 2129 3282 2202 quodtendebantlittus
3294 2130 3560 2185 viderunt.
3574 2130 3645 2183 Ad
3661 2127 3775 2199 quod

2240 2235 2370 2274 cum
2404 2219 2818 2290 pervenissent,
2849 2224 3225 2276 evanescente
3250 2221 3420 2287 nube,
3446 2218 3715 2273 secundum
3728 2231 3777 2269 ea

2240 2326 2354 2382 que
2386 2309 2499 2364 illic
2548 2312 2928 2381 reppererant
2972 2309 3138 2381 signa
3169 2309 3480 2365 {ecclesiam
3509 2308 3562 2362 in
3604 2308 3776 2362 honore

2240 2399 2444 2455 domni
2471 2399 3248 2455 Salvatorisedifficaverunt.
3271 2403 3345 2456 Ex
3362 2400 3568 2472 prefate
3593 2397 3774 2470 quidem

2238 2488 2367 2543 albe
2395 2488 2561 2544 nubis
2591 2487 2826 2554 visione,
2859 2489 3017 2543 littus
3045 2491 3255 2545 Album
3280 2490 3429 2544 idem
3444 2487 3624 2543 Aurius
3642 2484 3776 2539 tribu-

2239 2594 2347 2631 nus
2362 2576 2502 2632 illud
2533 2577 2829 2632 constituit
2861 2579 3176 2634 nominari.
3196 2579 3286 2634 Ad
3313 2580 3475 2651 hujus
3494 2577 3673 2634 littoris
3687 2591 3778 2628 ver-

2237 2682 2332 2720 sus
2359 2667 2651 2721 dexteram
2666 2667 2999 2738 gradientes
3010 2672 3238 2740 partem
3250 2710 3265 2737 ,
3282 2669 3420 2723 sicut
3431 2667 3484 2723 in
3499 2667 3690 2740 prefata
3699 2662 3777 2718 sibi

2238 2756 2531 2810 ostensum
2560 2755 2749 2810 fuerat
2775 2755 2994 2812 visione
3015 2766 3073 2811 et
3092 2774 3126 2812 a
3151 2758 3361 2814 sanctis
3387 2755 3684 2811 martiribus
3703 2751 3776 2805 de-

2236 2843 2870 2914 signatum,aecclesiam
2885 2846 2942 2900 in
2957 2847 3180 2904 honore
3194 2852 3517 2904 sanctorum
3531 2843 3778 2900 martirum

2236 2932 2520 2988 Hermetis
2536 2937 2593 2988 et
2610 2934 2868 2989 Herasmi
2899 2935 3336 2993 edifﬁcaverunt
3356 2947 3422 2979 ἰε
3447 2936 3592 3005 cujus
3607 2948 3781 2988 merce-

2235 3021 2319 3076 dis
2348 3023 2630 3093 promissa
2652 3024 2844 3079 locum
2865 3025 2924 3080 in
2946 3043 3058 3098 quo
3078 3027 3286 3082 altaria
3298 3027 3569 3082 fodientes
3589 3021 3783 3078 destina-

520 3118 690 3184 dixit:
733 3140 762 3168 ‹‹
806 3118 926 3190 Ego
966 3132 1097 3170 sum
1144 3115 1364 3171 Justina
1398 3114 1579 3187 virgo,
1615 3131 1726 3187 que
1775 3131 1878 3188 pro
1927 3114 2132 3170 Christi
2162 3118 2210 3178 C
2235 3114 2456 3179 verant,
2477 3111 2791 3184 plurimum
2818 3114 3326 3182 auriinvenerunt,
3351 3119 3407 3170 et
3425 3115 3496 3170 ob
3515 3109 3783 3169 hocAurius

520 3206 759 3263 nomine
790 3205 851 3261 in
872 3203 1068 3260 Patavi
1098 3203 1325 3260 civitate
1354 3219 1520 3275 passa
1543 3203 1782 3276 fui;pro
1799 3204 1920 3275 ejus
1933 3220 2133 3258 amore

517 3299 576 3351 te
601 3296 903 3367 deprecor,
934 3297 998 3347 ut
1025 3309 1262 3364 parvam
1283 3291 1600 3347 mcclesiam
1622 3291 1681 3346 in
1705 3291 1806 3347 Dei
1834 3292 2056 3346 honore
2079 3296 2137 3346 et

518 3384 636 3440 mei
661 3381 917 3439 nominis
945 3379 1504 3436 commemoratione
1529 3380 1589 3435 in
1641 3382 1748 3435 hoc
1780 3380 1974 3437 littore
2003 3398 2136 3437 con-

517 3476 742 3529 struere
755 3471 948 3526 facias.
973 3491 1001 3518 n
1022 3468 1114 3524 His
1144 3468 1415 3524 omnibus
1435 3469 1627 3524 taliter
1646 3469 1930 3537 revelatis,
1950 3470 2134 3525 visum

518 3560 628 3616 sibi
657 3560 846 3615 fuerat
874 3559 935 3613 in
965 3557 1264 3630 cujusdam
1290 3557 1620 3614 brevissime
1646 3558 1869 3626 tumhe,
1909 3559 1966 3621 [ἰ.
1991 3561 2138 3617 e.tu-

518 3649 683 3720 muli]
714 3649 839 3704 loco
871 3645 1196 3719 persistere,
1229 3643 1325 3700 ubi
1371 3648 1430 3700 et
1459 3646 1639 3701 nubes
1681 3645 1778 3701 illa
1819 3646 2008 3701 lucida
2033 3663 2134 3718 ap-

518 3737 714 3812 paruit
737 3735 810 3805 ei,
844 3752 1016 3810 supra
1058 3751 1235 3808 quam
1278 3735 1460 3790 solem
1507 3734 1924 3791 illustrantibus
1959 3735 2136 3791 radiis

520 3827 762 3902 aspexit.
792 3827 856 3882 In
888 3825 1094 3882 eadem
1125 3834 1320 3880 autem
1347 3825 1499 3880 nube
1513 3823 1844 3898 virquidam
1860 3824 2135 3881 mirabilis

522 3920 756 3990 aspectu
786 3918 932 3983 erat,
965 3914 1158 3971 dicens
1189 3915 1270 3970 ei:
1322 3933 1354 3967 «
1411 3915 1529 3986 Ego
1562 3932 1688 3970 sum
1717 3916 2009 3971 Johannes
2038 3915 2136 3970 ba-

521 4006 696 4080 ptista
707 4021 1010 4079 precursor
1022 4003 1248 4061 Domini
1259 4003 1560 4075 ;deprecor
1573 4007 1630 4059 te
1642 4021 1746 4077 per
1759 4021 1975 4060 nomen
1990 4005 2133 4076 ejus,

523 4099 588 4153 ut
607 4096 925 4154 secundum
945 4095 1094 4150 hanc
1120 4110 1298 4168 quam
1329 4093 1434 4149 tibi
1458 4094 1516 4149 in
1540 4093 1648 4150 hoc
1679 4095 1803 4150 loco
1827 4093 2135 4151 ostendero

525 4186 782 4243 formam
812 4183 1128 4240 ecclesiam
1154 4181 1330 4239 michi
1358 4181 1651 4238 edifﬁcare
1667 4182 1860 4240 facias.
1890 4204 1918 4233 »
1945 4185 2006 4238 In
2027 4200 2140 4256 qua

528 4275 622 4332 die
652 4277 941 4346 noctuque
973 4271 1328 4328 orationibus
1357 4287 1422 4326 ac
1451 4271 1659 4344 vigiliis
1681 4271 1789 4327 sibi
1820 4289 2020 4328 vacare
2049 4273 2140 4328 in-

522 4365 736 4436 junxit,
766 4379 872 4419 nec
903 4378 1020 4418 non
1060 4377 1165 4434 per
1193 4361 1432 4416 anulum
1463 4377 1528 4415 ac
1557 4361 1837 4432 scripture
1864 4362 2140 4434 paginam

532 4453 904 4510 investicione
936 4450 1187 4506 tradidit.
1238 4451 1334 4504 His
1377 4449 1646 4506 omnibus
1691 4454 1930 4523 expletis
1971 4471 2145 4525 supra

2234 3200 2500 3256 tribunus
2521 3202 2634 3270 (fol.
2669 3202 2737 3274 3’)
2771 3203 2928 3259 littus
2980 3204 3256 3260 Mercedis
3285 3202 3569 3261 constituit
3594 3203 3686 3255 hoc
3709 3212 3783 3266 ap-

2235 3291 2458 3362 pellari.

2311 3380 2557 3451 Expletis
2585 3380 2672 3438 his
2693 3383 2985 3452 omnibus,
3013 3385 3122 3440 hec
3151 3385 3354 3442 omnia
3377 3401 3484 3457 que
3514 3397 3667 3455 supra
3691 3391 3782 3433 me-

2238 3471 2591 3526 moravimus
2617 3471 2811 3527 littora
2825 3473 3079 3544 prefatus
3089 3475 3227 3529 Auri
3237 3493 3300 3530 us
3325 3491 3453 3530 cum
3468 3471 3652 3529 ceteris
3673 3467 3785 3538 ejus-

2238 3559 2373 3614 dem
2396 3561 2665 3633 episcopii
2683 3562 3114 3634 principibusin
3137 3565 3273 3635 jure
3305 3563 3530 3636 proprie
3562 3558 3782 3616 domina-

2237 3648 2414 3704 tionis
2439 3651 2541 3705 sub
2572 3652 2777 3706 eodem
2794 3652 3126 3726 episcopatu
3141 3656 3532 3728 susceperunt.
3553 3652 3609 3704 ln
3628 3646 3787 3720 quibus

2237 3738 2414 3794 etiam
2446 3741 2656 3795 multos
2686 3741 2968 3812 agricolas
2997 3759 3098 3797 seu
3126 3744 3368 3799 colonos
3395 3737 3786 3798 constituerunt:

2234 3825 2347 3882 hoc
2373 3827 2564 3900 itaque
2592 3829 2766 3885 modo
2793 3834 2856 3885 ut
2886 3832 3074 3886 nullus
3118 3832 3177 3886 in
3217 3832 3434 3887 eisdem
3465 3827 3714 3885 littoribus
3736 3820 3792 3874 vi.

2237 3931 2376 3972 neas
2416 3919 2502 3972 vel
2545 3917 2781 3989 alicujus
2829 3921 3048 3976 culture
3093 3937 3238 3993 opus
3281 3937 3454 3994 agere
3489 3914 3789 3991 presumeret

2238 4003 2363 4060 sine
2394 4006 2642 4077 episcopi
2659 4008 3029 4064 concessione
3050 4011 3139 4064 vel
3159 4009 3602 4066 venundatione.

2313 4095 2752 4150 Constituerunt
2797 4113 3025 4170 quoque
3065 4100 3223 4170 quod
3273 4101 3505 4173 singulis
3557 4095 3699 4153 annis
3742 4105 3790 4143 ex

2240 4199 2592 4256 unoquoque
2632 4186 2789 4240 sulcu
2833 4186 3278 4260 uniuscujusque
3321 4190 3499 4245 vinea;
3530 4187 3640 4259 jam
3676 4181 3790 4237 dicto

2242 4273 2593 4347 episcopatui
2619 4275 2762 4330 duos
2774 4276 3042 4347 palmites
3064 4295 3194 4333 cum
3211 4281 3480 4336 omnibus
3491 4275 3702 4334 racemis
3715 4285 3791 4341 pro

2243 4377 2416 4417 censu
2445 4364 2856 4435 persolverent,
2899 4369 2957 4420 et
3010 4384 3112 4440 pro
3155 4386 3497 4442 unaquaque
3537 4368 3690 4422 domo
3715 4373 3791 4431 pro

2247 4451 2363 4506 ﬁsci
2393 4462 2462 4495 ιω
2487 4455 2681 4526 precio
2700 4461 2827 4511 octo
2847 4473 3118 4514 nummos
3139 4459 3332 4514 eidem
3364 4453 3689 4531 episcopatui
3709 4453 3789 4504 im-

533 4541 786 4597 ecclesiae
811 4543 1025 4595 sanctas
1056 4539 1246 4594 Marias
1299 4541 1516 4593 tectum
1560 4538 1802 4596 astitisse
1833 4541 1938 4596 sibi
1961 4542 2143 4597 visum
2173 4577 2225 4636 D
2245 4541 2586 4614 penderent.
2621 4544 2835 4600 Omnes
2864 4563 2998 4602 vero
3013 4547 3580 4622 piscariasgurgitum
3599 4560 3652 4598 ac
3669 4539 3792 4612 palu-

532 4629 663 4697 fuit,
688 4629 785 4684 ubi
832 4627 1013 4684 nimio
1060 4626 1534 4682 molendinorum
1573 4629 1816 4701 strepitu
1855 4630 1952 4702 qui
1983 4631 2150 4702 juxta
2175 4626 2217 4636 ”
2248 4631 2386 4686 dum
2400 4632 2624 4703 prefato
2643 4634 3093 4706 subjugaverunt
3109 4637 3679 4710 episcopio.Preterea
3693 4641 3795 4698 que-

533 4718 836 4792 praefatam
864 4715 1180 4773 (ecclesiam
1224 4713 1420 4771 adesse
1468 4715 1830 4787 videbantur,
1871 4735 1937 4774 ex
1976 4719 2150 4791 hujus

534 4807 726 4882 quiete
749 4804 981 4862 visionis
1000 4820 1248 4876 sompno
1264 4805 1717 4878 expergefactus,
1734 4807 1929 4880 scripti
1953 4809 2070 4878 (/‘ol.
2095 4809 2146 4880 3)

533 4897 805 4952 volumen
832 4897 892 4951 et
919 4895 1157 4949 anulum
1180 4892 1251 4948 in'
1265 4893 1380 4949 suis
1407 4895 1666 4966 repperit
1687 4896 1973 4952 manibus.
2018 4897 2146 4951 Haec

534 4988 729 5041 autem
755 4983 1012 5040 seriatim
1043 4985 1352 5056 postquam
1378 4985 1578 5039 omnia
1614 4986 1896 5057 exposuit,
1941 4986 2147 5042 Aurius

532 5075 800 5130 tribunus
823 5077 881 5130 et
905 5073 1002 5130 alii
1031 5071 1255 5129 nobiles
1276 5072 1373 5146 qui
1401 5089 1530 5129 cum
1546 5091 1614 5130 eo
1638 5075 2144 5142 erant,visoanulo

530 5167 590 5220 et
609 5163 807 5237 scripti
829 5163 1145 5230 volumine,
1176 5161 1470 5235 quodipse
1501 5168 1840 5236 reppererat
1865 5165 1924 5219 in
1953 5166 2143 5221 mani-

527 5253 634 5310 bus
661 5253 797 5323 suis,
840 5252 911 5308 de
953 5252 1122 5324 hujus
1183 5251 1550 5308 revelationis
1583 5251 1800 5308 visione
1821 5253 2142 5322 certiﬁcati,

2249 4719 2383 4774 dam
2411 4721 2520 4775 alie
2551 4721 2811 4792 ejusdem
2840 4732 2908 4766 ιιι
2944 4724 3309 4798 episc0patus
3354 4729 3538 4798 partes
3583 4723 3634 4776 in
3675 4710 3794 4770 censi

2249 4807 2511 4864 debitum
2533 4827 2641 4866 ova
2669 4815 2727 4866 et
2742 4812 2984 4883 gallinas
3001 4815 3344 4874 offerebant.
3366 4813 3622 4870 Omnium
3639 4809 3794 4863 autem

2248 4899 2710 4969 supradictorum
2741 4906 2976 4957 cunctos
3005 4903 3263 4959 redditus
3298 4905 3516 4975 prefato
3557 4896 3793 4958 Mauro”

2247 4989 2585 5060 prcshitero,
2607 5007 2783 5062 usque
2806 5008 2919 5064 quo
2933 4993 3242 5064 episcopali
3257 4994 3584 5065 fungeretur
3597 4991 3792 5044 honore,

2249 5079 2626 5136 comiserunt.

2316 5167 2394 5221 Eo
2426 5185 2680 5241 namque
2720 5173 2986 5244 tempore
3025 5173 3313 5230 Frauduni
3351 5189 3481 5228 cum
3525 5156 3795 5222 Wlllarenis

2247 5257 2555 5312 mastalicis
2587 5258 2736 5332 (129)
2763 5261 3081 5316 cecclesiam
3107 5261 3166 5317 in
3197 5263 3416 5318 honore
3445 5259 3542 5316 Dei
3571 5261 3622 5313 et
3650 5244 3792 5308 sancti

1869 5351 2098 5406 VARI/E
2141 5351 2431 5409 LECTION
2437 5354 2537 5410 ES.

594 5452 663 5487 ω
686 5440 1051 5499 edimcerunt
1083 5443 1132 5498 t.
1212 5447 1278 5482 ιιι
1310 5437 1546 5511 prosisci
1578 5437 1631 5496 1.
1664 5455 1767 5512 pro
1801 5439 1961 5496 ﬁschi
1993 5443 2044 5497 3.
2124 5450 2192 5483 ιιι
2222 5441 2443 5498 eisdem
2473 5462 2520 5501 ι’.
2600 5453 2668 5488 ίη
2691 5454 2956 5504 mutatum
2989 5451 3045 5506 in
3069 5450 3308 5523 Magno;
3338 5469 3387 5506 υ.
3418 5455 3523 5507 ποί.
3555 5463 3654 5517 seq.

2100 5560 2327 5618 ΝΟΤᾸΞ.

586 5675 737 5750 (129)
762 5667 829 5728 ld
858 5671 946 5726 est
971 5665 1312 5739 massalicis,
1351 5665 1572 5728 incolis.
