3910 6174
208 391 299 448 945

1447 379 1850 440 CHRONICON
1887 379 2272 439 GBADENSE.

3412 381 3518 444 946

221 506 521 566 Laurencii
561 505 730 562 levite
759 507 817 561 et
846 503 1113 577 martyris
1140 501 1456 559 honorifice
1486 507 1815 558 construxe-
1842 507 1894 566 Α
1915 503 2170 558 cessione
2201 519 2335 559 vero
2369 501 2638 559 Obelierii
2677 503 2734 559 et
2778 501 2935 560 Beati
2974 502 3522 563 Metamaucensium

217 603 367 654 runt.
411 596 584 669 Cujus
627 613 730 668 per
767 594 957 667 girum
1010 593 1407 648 fundamentis
1453 593 1814 661 constructis,

216 688 511 742 castellum
552 683 845 758 quoddam
874 682 984 738 illic
1015 682 1140 738 ﬁeri
1165 681 1596 738 ordinaverunt.
1625 683 1672 735 A
1702 699 1814 753 quo

214 793 345 830 vera
376 775 607 829 castello
637 775 876 845 pontem
903 772 1278 839 edifﬁcantes,
1311 787 1488 844 usque
1511 771 1585 826 ad
1616 770 1814 826 Amia-

208 882 307 920 nas
339 864 607 919 facerunt
633 863 761 916 iter.
793 860 1034 916 Prefatis
1055 876 1305 932 namque
1339 859 1654 915 Fraudunis
1677 876 1814 915 con-

209 953 381 1008 cessit
411 950 618 1005 Aurius
651 950 915 1005 tribunus
945 953 1002 1004 et
1038 950 1261 1004 Maurus
1292 948 1575 1020 presbiter
1604 949 1663 1003 in
1692 948 1814 1002 vico

203 1041 584 1095 Amianarum
606 1039 810 1109 judicii
844 1039 1220 1093 tribunatum.
1239 1038 1542 1093 Maximam
1566 1054 1698 1092 vero
1717 1054 1814 1091 cu-

200 1130 439 1202 jusdam
459 1128 667 1184 littoris
684 1131 911 1201 partem
931 1145 996 1183 ex
1013 1127 1380 1183 concessione
1401 1126 1560 1181 Aurii
1574 1125 1814 1194 tribuni,

215 1235 451 1274 necnon
483 1221 542 1273 et
564 1217 740 1272 Mauri
764 1216 1086 1288 presbiteri,
1111 1220 1173 1272 ut
1189 1217 1261 1271 ad
1287 1216 1544 1287 ejusdem
1570 1215 1820 1270 aacclesie

216 1307 530 1361 utilitatem
565 1306 756 1360 vineas
781 1305 1161 1372 edifﬁcarent,
1183 1305 1289 1377 ipsi
1309 1304 1595 1360 Frauduni
1614 1319 1823 1376 appre-

202 1396 561 1451 henderunt.
597 1394 873 1449 Piscarias
901 1411 1130 1466 quoque
1161 1394 1233 1449 ad
1264 1393 1520 1466 paludes,
1550 1396 1612 1448 ut
1631 1392 1821 1447 eidem

209 1484 472 1539 aecclesic
511 1483 878 1538 molendinos
909 1483 1285 1538 constitueret
1313 1482 1466 1537 idem
1494 1482 1701 1536 Aurius
1729 1480 1825 1535 tri~

214 1575 414 1629 bunus
444 1573 553 1645 (fol
579 1575 627 1642 4)
678 1575 735 1628 et
773 1573 998 1628 Maurus
1049 1581 1117 1614 ιω
1155 1572 1438 1644 presbiter
1474 1572 1667 1644 plures
1694 1587 1827 1626 con-

216 1662 412 1717 cessit.
454 1663 518 1716 Iu
552 1662 759 1716 eodem
789 1677 924 1716 vero
954 1660 1076 1715 vico
1106 1661 1484 1716 Amianarum
1517 1657 1825 1732 supradicti

205 1751 504 1806 Frauduni
551 1749 868 1804 aacclesiam
915 1749 1095 1804 sancti
1143 1748 1310 1804 Marci
1362 1752 1824 1816 construxerunt,

1918 593 2128 648 ducum
2168 596 2227 648 et
2264 592 2692 649 collaudacione
2733 593 2891 647 Aurii
2939 593 3158 648 tribuni
3187 610 3414 651 necnon
3455 613 3523 651 ex

1917 681 2358 736 conﬁrmatione
2388 681 2561 736 Mauri
2592 680 2914 753 presbiteri,
2948 681 3046 754 qui
3076 681 3136 737 in
3165 681 3526 756 episcopatus

1917 772 2140 826 honore
2171 772 2386 842 ejectus
2411 770 2619 838 fuerat,
2645 771 2828 842 ipsam
2855 771 3173 827 mcclesiam
3213 774 3395 829 sancti
3437 776 3528 831 Jo-

1916 860 2126 916 hannis
2143 860 2384 931 apostoli
2407 862 2464 914 et
2489 858 2854 931 evangelista:
2876 860 3187 916 cenobium
3213 861 3526 920 sanctimo-

1915 950 2155 1004 nialium
2180 952 2463 1022 perpetuo
2491 965 2611 1002 esse
2639 948 3071 1006 ordinaverunt.

1989 1039 2082 1093 His
2129 1041 2323 1093 autem
2353 1041 2417 1092 ut
2444 1036 2836 1109 supradictum
2863 1040 2951 1092 est
2973 1038 3530 1105 constitutis,eodem

1917 1132 2183 1200 tempore
2211 1126 2474 1182 universa
2505 1125 2752 1180 Venetiae
2783 1127 2981 1198 populi
3025 1127 3334 1184 multitudo
3377 1145 3534 1186 com-

1923 1216 2216 1272 municato
2231 1215 2451 1270 consilii
2474 1215 2534 1268 in
2552 1214 2841 1270 Gradense
2859 1220 3246 1287 pervenerunt
3257 1219 3531 1287 castrum,

1922 1305 2116 1376 ibique
2135 1306 2298 1376 juxta
2327 1303 2596 1359 mcclesiaa
2627 1303 2807 1358 sancti
2852 1305 3129 1360 Johannis
3164 1306 3411 1379 Baptiste
3460 1307 3535 1363 de

1920 1395 2189 1450 Torcellis
2221 1392 2569 1460 formam,in
2593 1393 2818 1448 honore
2838 1396 3050 1448 sancta:
3071 1394 3258 1450 Mariae
3290 1395 3539 1467 Virginis

1924 1483 2218 1539 basilicam
2254 1485 2715 1537 construxerunt.
2742 1481 2930 1537 Aliam
2963 1499 3192 1556 quoque
3222 1485 3540 1540 ecclesiam

1924 1574 1982 1628 in
2004 1574 2226 1628 honore
2256 1575 2450 1626 sancte
2478 1572 2701 1643 Agathe
2747 1570 2984 1644 virginis
3026 1572 3404 1642 edifﬁcantes,
3431 1572 3541 1628 mi-

1926 1662 2099 1718 rabili
2123 1677 2297 1734 opere
2319 1661 2377 1716 in
2413 1660 2657 1715 eandem
2687 1659 3034 1716 ordinarunt
3053 1661 3324 1734 criptam.
3347 1664 3408 1717 In
3431 1679 3546 1736 qua

1929 1755 2109 1807 altare
2141 1750 2201 1805 in
2253 1750 2477 1804 honore
2528 1749 2708 1804 sancti
2749 1749 2943 1804 Vilalis
2977 1750 3248 1822 martyris
3287 1753 3546 1808 erectum

207 1856 466 1911 eamque
485 1838 665 1893 sancti
689 1837 986 1893 Laurencii
1012 1838 1262 1893 ecclesiae
1289 1838 1679 1909 subjugantes.
1702 1837 1828 1893 Non
1851 1832 1902 1891 B
1929 1844 2035 1908 est,

213 1931 348 1998 post
384 1929 635 1982 multum
671 1926 948 1998 temporis
985 1926 1092 1997 ipsi
1135 1926 1422 1981 Frauduni
1454 1942 1585 1980 cum
1615 1925 1831 1980 Calcia-

214 2016 389 2070 miris
417 2014 640 2086 aliquas
670 2014 938 2087 reliquias
968 2018 1300 2070 sanctorum
1331 2015 1639 2069 martirum
1671 2013 1834 2086 Sergi

216 2109 274 2161 et
309 2104 495 2160 Bachi
519 2121 552 2159 a
581 2105 834 2176 quodam
867 2103 1159 2177 Stephano
1189 2104 1515 2176 Scopacalle
1534 2104 1840 2176 suscipien-

224 2197 335 2260 tes,
376 2193 701 2248 mcclesiam
741 2192 800 2246 in
832 2193 932 2248 Dei
965 2197 1022 2248 et
1052 2209 1253 2247 eorum
1298 2193 1519 2248 honore
1557 2193 1617 2247 in
1654 2193 1839 2264 capite

211 2283 317 2337 vici
341 2281 749 2338 Constanciaci
772 2282 1223 2349 edifficaverunt,
1246 2298 1418 2354 quam
1441 2283 1663 2353 prefate
1688 2282 1842 2353 plebi

215 2370 416 2427 sancti
435 2370 737 2424 Laurencii
754 2370 1152 2426 subdiderunt.
1174 2372 1387 2425 lterum
1403 2371 1679 2442 quasdam
1703 2371 1843 2426 alias

211 2461 510 2533 reliquias
521 2463 852 2515 sanctorum
868 2459 1173 2514 martirum
1191 2459 1534 2515 Marcelliani
1548 2464 1605 2515 et
1617 2461 1843 2516 Maximi

210 2571 244 2607 a
275 2549 650 2625 quibusdam
673 2547 994 2604 castellanis
1029 2549 1471 2620 acquisiverunt,
1504 2550 1563 2604 in
1596 2567 1843 2622 quorum

204 2641 449 2697 honore
467 2638 781 2694 eecclesiam
801 2638 1177 2706 edifﬁcantes,
1196 2639 1323 2693 Jam
1342 2639 1491 2694 dicte
1510 2640 1846 2711 subjugave-

212 2733 366 2786 runt
407 2727 588 2802 plebi.
635 2729 745 2782 Has
776 2743 1029 2800 namque
1063 2732 1178 2782 tres
1208 2728 1489 2782 aecclesias
1518 2744 1624 2800 per
1648 2729 1844 2802 scripti

220 2817 670 2892 cyrographum
705 2816 927 2887 prefate
957 2815 1340 2870 subdiderunt
1369 2817 1518 2888 plebi
1546 2835 1562 2881 ;
1608 2833 1676 2872 eo
1706 2834 1841 2874 vero

211 2908 436 2964 ordine
468 2909 531 2960 ut
557 2904 795 2976 singulis
819 2904 986 2959 annis
1004 2905 1060 2958 in
1084 2921 1284 2959 earum
1305 2905 1702 2961 festivitatibus
1713 2907 1842 2978 jam

218 2997 408 3052 dictae
435 2993 688 3048 ecclesiae
714 2993 962 3064 plebano
984 2993 1293 3065 prandium
1315 3011 1625 3067 preparare
1647 3004 1715 3038 H7
1736 2995 1842 3051 ho-

223 3084 487 3140 norifice
509 3083 807 3138 deberent.
825 3082 1001 3152 Hujus
1017 3098 1150 3137 vero
1163 3083 1343 3137 vicem
1364 3083 1548 3139 isdem
1565 3086 1844 3157 plebanus
1868 3120 1914 3181 ρ

201 3173 261 3227 in
296 3171 494 3244 ipsius
523 3170 704 3242 plebis
738 3169 1045 3225 festivitate
1091 3170 1408 3226 earundem
1453 3174 1840 3230 (ecclesiarum

201 3260 446 3315 clericis
499 3259 918 3314 constituerunt
965 3258 1230 3315 reddere.
1284 3260 1362 3313 Ex
1409 3261 1840 3319 collaudacione

193 3368 346 3408 vero
404 3348 566 3404 Aurii
609 3347 846 3415 tribuni,
888 3346 1162 3421 principis
1197 3349 1537 3418 Torcellani,
1569 3355 1627 3405 et
1661 3345 1838 3410 Mauri

193 3439 549 3517 presbiteri,
593 3439 689 3510 qui
720 3438 778 3491 in
806 3437 1077 3509 episcopii
1105 3439 1327 3492 honore
1373 3440 1585 3496 electus
1624 3444 1832 3512 fuerat,

195 3550 310 3606 per
369 3527 708 3584 testamenti
747 3525 1022 3598 paginam
1067 3533 1433 3596 censuerunt,
1479 3532 1748 3602 quatinus
1788 3533 1833 3590 si

197 3621 341 3694 quis
372 3635 446 3672 ex
473 3616 705 3670 illorum
728 3613 881 3667 tribu
904 3613 1056 3667 utilis
1073 3614 1431 3672 inveniretur
1457 3620 1712 3688 clericus,
1737 3639 1829 3677 ac-

198 3712 390 3782 cepta
420 3703 798 3775 investicione
824 3718 858 3756 a
883 3702 1216 3759 Torcellano
1249 3707 1543 3776 pontiﬁce,
1583 3709 1704 3764 sine
1736 3711 1835 3765 ali-

192 3801 377 3870 cujus
428 3793 878 3861 contraditione,
922 3790 980 3843 in
1023 3795 1205 3849 sancti
1246 3797 1541 3852 Laurencii
1577 3799 1832 3854 azcclesia

2009 1933 2087 1986 Ea
2104 1948 2357 2002 namque
2372 1933 2718 2002 tempestate
2735 1929 2964 1985 cuidam
2981 1929 3320 1984 Geminiano
3337 1928 3552 2002 presbi-

1937 2026 2063 2077 tero
2093 2021 2285 2076 divina
2316 2019 2664 2074 revelatione
2711 2019 3035 2090 injunctum
3081 2021 3186 2085 est,
3239 2021 3302 2073 ut
3327 2018 3388 2074 in
3413 2019 3550 2074 Ter-

1941 2109 2166 2182 gestina
2195 2107 2423 2162 civitate
2459 2107 2770 2175 destructa,
2803 2109 2954 2162 inter
2996 2122 3194 2161 muros
3220 2105 3470 2161 ecclesiae
3495 2108 3556 2162 et

1944 2215 2140 2253 muros
2170 2199 2473 2253 destructaa
2494 2196 2759 2263 civitatis,
2787 2212 3030 2268 corpora
3056 2199 3389 2250 sanctorum
3411 2211 3554 2268 qua-

1945 2287 2216 2360 draginta
2245 2290 2302 2341 et
2332 2287 2445 2341 duo
2484 2287 2808 2357 martyrum
2839 2285 3145 2356 diligenter
3174 2285 3553 2357 perquireret.

1944 2377 2160 2441 Quibus
2189 2375 2457 2442 inventis,
2489 2390 2622 2429 cum
2661 2373 3005 2446 quibusdam
3053 2373 3167 2428 suis
3196 2372 3560 2445 comprovin-

1945 2465 2182 2520 cialibus
2210 2473 2276 2506 ιω
2293 2463 2362 2519 ad
2379 2464 2524 2535 Aqui
2535 2462 2851 2534 legensium
2867 2462 3217 2516 destructam
3231 2461 3562 2533 perveniret

1945 2556 2261 2621 civitatem,
2296 2553 2698 2625 perquirentes
2717 2551 2988 2624 reliquias
3017 2554 3373 2617 sanctorum,
3399 2549 3562 2606 inve-

1946 2646 2162 2698 nerunt
2191 2642 2268 2698 ibi
2301 2658 2547 2714 corpora
2577 2643 2911 2696 sanctorum
2930 2644 3252 2712 martyrum
3280 2639 3475 2695 Cancii
3503 2644 3563 2695 et

1947 2731 2219 2787 Canciani
2270 2735 2442 2802 atque
2485 2729 2871 2796 Cancianillie,
2930 2746 3159 2786 necnon
3207 2732 3267 2784 et
3317 2745 3563 2802 corpora

1947 2825 2278 2875 sanctarum
2308 2819 2620 2890 virginum,
2646 2817 3486 2885 Euﬂmimﬂorotheeﬂecleaz
3500 2822 3559 2876 et

1947 2912 2218 2976 Erasmaa,
2266 2925 2406 2980 quas
2445 2925 2650 2963 omnes
2698 2907 2988 2978 reliquias,
3041 2911 3103 2961 ut
3141 2907 3194 2962 ei
3236 2908 3556 2963 revelatum

1945 3000 2152 3065 fuerat,
2185 3013 2379 3053 secum
2413 2995 2779 3064 defferentes,
2805 3012 2937 3050 cum
2961 2995 3215 3051 maximo
3241 2996 3464 3051 honore
3495 2995 3553 3051 in

1945 3092 2131 3143 castro
2163 3085 2438 3142 Gradcnsi
2469 3085 2622 3140 infra
2663 3084 2947 3140 mcclesias
2989 3083 3324 3154 dignissime
3354 3082 3557 3140 condi-

1945 3178 2173 3232 derunt.

2014 3267 2245 3322 Hisdem
2273 3269 2471 3320 autem
2500 3264 2859 3335 temporibus
2883 3265 3087 3318 Beatus
3132 3272 3202 3306 15°
3242 3264 3353 3319 dux
3383 3265 3557 3320 Meta-

1943 3355 2365 3421 maucensium,
2397 3371 2529 3408 cum
2558 3353 2901 3425 quibusdam
2931 3351 3178 3407 tribunis
3237 3352 3354 3425 (fol.
3409 3353 3462 3424 5)
3501 3358 3562 3410 et

1943 3445 2240 3502 nobilibus
2272 3443 2384 3498 suis
2416 3443 2489 3498 ad
2523 3443 2904 3497 universalem
2925 3442 3186 3497 Romane
3209 3441 3357 3497 sedis
3374 3441 3564 3514 ponti-

1939 3536 2107 3590 licem
2142 3534 2403 3590 nomime
2437 3531 2810 3586 Benedictum
2837 3533 2976 3600 (130)
3000 3530 3254 3602 adgressi
3279 3531 3558 3591 suntiter.

1930 3628 2191 3696 Atquem
2206 3639 2337 3678 cum
2358 3620 2771 3693 pervenissent,
2786 3620 3121 3691 suppliciter
3140 3620 3277 3675 fusis
3297 3619 3561 3691 precibus

1933 3713 2205 3785 quatinus
2237 3709 2527 3766 Gradense
2549 3712 2801 3764 castrum
2822 3724 3031 3764 novam
3055 3707 3378 3780 Aquileiam
3403 3707 3564 3763 insti-

1940 3803 2146 3864 tueret,
2181 3803 2240 3854 et
2268 3798 2448 3853 tocius
2488 3797 2740 3852 Venetiae
2792 3801 2850 3852 et
2899 3795 3135 3868 Hystriae
3187 3796 3558 3868 metropolim

191 3886 1095 3960 plebanusconstitueretur.Sin
1109 3892 1304 3942 autem
1317 3904 1383 3940 ex
1399 3886 1654 3958 predicta
1670 3891 1832 3958 prole
1934 3889 2233 3944 ordinaret
2265 3887 2750 3959 deprecabantur.
2787 3884 3032 3940 Nomina
3063 3899 3293 3956 quoque
3323 3884 3563 3954 patriar-

193 3976 390 4032 nullis
417 3973 549 4030 talis
577 3979 898 4044 superesset
922 3975 1186 4043 clericus,
1222 3977 1480 4047 ejusdem
1513 3978 1830 4050 parrochiae
1939 3979 2181 4034 charum
2210 3975 2306 4048 qui
2336 3977 2464 4047 post
2491 3973 2948 4030 destructionem
2968 3971 3437 4044 Aquilegensium
3465 3990 3561 4029 ur-

191 4064 386 4120 vicini
419 4063 481 4117 in
511 4063 683 4118 aliam
710 4081 887 4136 quam
919 4066 1130 4120 vellent
1151 4082 1460 4137 personam
1487 4067 1725 4123 liberam
1745 4069 1829 4123 fa-
1931 4069 2018 4124 bis
2045 4068 2170 4124 sine
2207 4066 2447 4138 alicujus
2472 4064 2768 4138 apostolici
2808 4063 3176 4118 concessione
3229 4061 3289 4116 in
3335 4062 3560 4136 prefato

195 4153 409 4210 ciendi
446 4153 793 4208 electionem
838 4154 1121 4209 haberent
1157 4159 1522 4226 potestatem.
1567 4159 1832 4230 Reliquas
1932 4157 2208 4214 Gradcnsi
2259 4156 2493 4211 castello
2551 4153 2840 4220 sederant,
2890 4152 3239 4207 refferebant
3266 4151 3556 4206 dicentes:

191 4261 348 4299 vero
382 4241 674 4308 ecclesias,
699 4259 810 4313 que
843 4257 946 4312 per
974 4244 1224 4298 diversas
1236 4244 1476 4301 Torcelli
1503 4251 1695 4318 partes
1709 4248 1833 4303 fue-
1939 4271 1966 4298 ‹‹
2003 4245 2364 4302 Marcellinus
2388 4243 2737 4316 patriarcha,
2761 4242 2883 4312 ipse
2899 4241 3122 4314 primus
3138 4239 3197 4295 in
3222 4240 3428 4296 eadem
3455 4257 3559 4296 no-

193 4338 348 4388 rant
385 4331 920 4386 edifﬁcate.Aurius
952 4332 1216 4388 tribunus
1231 4334 1587 4407 etpredictus
1613 4337 1837 4392 Maurus
1941 4353 2072 4391 vam
2111 4333 2434 4407 Aquileiam
2468 4332 2618 4389 sedis
2639 4341 2706 4375 1⁸1
2741 4331 2907 4388 annis
2932 4335 3020 4397 19,
3053 4329 3151 4402 qui
3176 4330 3564 4402 priusfecerat

195 4421 514 4494 presbiter
558 4420 655 4492 qui
691 4420 879 4475 fuerat
926 4421 1139 4477 electus
1169 4439 1300 4478 cum
1346 4424 1594 4480 universi
1641 4415 1912 4499 populiD
1940 4424 2361 4481 monasterium
2424 4422 2786 4494 Beligniense
2827 4422 2886 4476 in
2945 4420 3235 4476 destructa
3281 4419 3560 4492 Aquileia,

195 4511 391 4566 laude
421 4509 848 4564 constituerunt
875 4513 932 4564 et
972 4510 1485 4581 conﬁrmaverunt,
1520 4518 1696 4587 atque
1733 4517 1838 4571 sub
1939 4515 2096 4588 quod
2127 4514 2303 4570 etiam
2337 4512 2758 4568 monasterium
2790 4511 2896 4568 sub
2926 4509 3145 4583 proprii
3167 4509 3412 4566 dominii
3429 4509 3562 4580 jure

194 4599 571 4672 potestativo
581 4599 714 4670 jure
731 4601 999 4656 aecclesiaz
1021 4606 1231 4657 sancta).
1252 4603 1438 4658 Mariae
1459 4604 1839 4661 subdiderunt
1939 4604 2220 4676 quamdiu
2250 4602 2390 4658 vixit
2419 4601 2676 4660 retinuit.
2728 4602 2866 4657 Huic
2892 4605 3092 4656 autem
3123 4598 3395 4655 successit
3417 4599 3562 4655 Mar-

196 4691 345 4757 (fol.
379 4687 474 4754 4’),
503 4691 560 4742 et
581 4689 846 4744 omnium
876 4691 1336 4762 supradictarum
1357 4700 1426 4734 ηδ
1446 4693 1835 4749 (ecclesiarum

189 4779 573 4834 censuerunt
595 4777 948 4850 episcopium
968 4779 1153 4851 ipsam
1175 4780 1472 4835 ecclesiam
1496 4785 1707 4837 sanctae
1724 4783 1836 4837 Ma.

198 4868 338 4922 riae.
373 4867 540 4920 Juxta
567 4867 714 4920 hanc
735 4867 946 4940 quippe
968 4869 1286 4924 mcclesiam
1311 4887 1428 4924 non
1450 4871 1622 4942 longe
1650 4871 1708 4925 in
1729 4871 1834 4926 ho-

195 4971 370 5011 nore
395 4955 494 5010 Dei
523 4959 580 5010 et
609 4957 787 5010 sancti
814 4957 1092 5012 Johannis
1113 4959 1353 5030 apostoli
1383 4963 1441 5014 et
1470 4961 1836 5033 evangelistm

193 5043 436 5120 prefeti
469 5044 753 5100 Frauduni
785 5045 1218 5102 edifﬂcaverunt
1241 5049 1560 5104 basilicam.
1595 5045 1837 5106 Ex'con-

1938 4695 2201 4759 cellinus,
2247 4693 2344 4765 qui
2395 4691 2562 4747 annis
2596 4695 2659 4746 l5
2693 4707 2857 4746 nova:
2881 4689 3180 4763 Aquilegae
3206 4688 3354 4744 rexit
3383 4690 3563 4744 eccle-

1938 4784 2108 4838 siam.
2138 4785 2271 4838 Post
2301 4798 2473 4853 quem
2501 4780 2830 4851 Stephanus
2862 4779 2920 4832 in
2949 4778 3211 4848 eiusdem
3253 4775 3426 4832 castri
3453 4793 3561 4832 aec-

1937 4873 2168 4927 clesiam
2195 4871 2342 4925 sedit
2373 4871 2540 4924 annis
2575 4873 2639 4924 1'2
2675 4872 2733 4924 et
2768 4868 3064 4923 mensibus
3093 4870 3124 4921 3
3157 4870 3215 4921 et
3244 4865 3445 4922 diebus
3473 4870 3562 4921 15.

1942 4962 2114 5033 Hujus
2160 4961 2375 5034 quippe
2421 4976 2714 5015 successor
2747 4957 2934 5014 extitit
2976 4958 3222 5026 Maurus,
3253 4957 3437 5030 quiin
3467 4973 3566 5012 ea-

1941 5051 2076 5105 dem
2127 5049 2382 5104 aacclesia
2429 5047 2642 5120 prefuit
2690 5046 2856 5103 annis
2906 5049 2960 5115 4,
3018 5046 3390 5104 mensibus
3435 5047 3567 5100 Post

1561 5157 1794 5212 VARUS
1834 5156 2236 5212 LECTIONES.

295 5261 376 5294 ιη
405 5254 481 5308 sic
497 5252 739 5327 primum
767 5251 1192 5327 scriptmnerat,
1215 5260 1338 5324 post
1368 5271 1405 5308 u
1435 5255 1490 5308 in
1511 5271 1550 5327 g
1575 5262 1623 5310 et
1655 5273 1692 5310 n
1719 5272 1777 5312 ιη
1823 5273 1854 5311 r
1877 5263 2084 5310 mutata
2114 5262 2338 5324 sunt,ut
2362 5272 2502 5309 nunc
2531 5254 2766 5327 Magnus
2795 5255 2857 5310 in
2882 5253 3061 5327 codice
3083 5249 3316 5321 legatur.
3348 5245 3565 5327 Indicia

203 5337 408 5381 tamen
429 5322 623 5394 prima
648 5322 890 5397 lectionis
915 5324 1080 5393 facile
1109 5322 1352 5394 cognosci
1369 5322 1612 5396 possu'nt.
1645 5328 2031 5382 Giesebercht.
2113 5335 2181 5369 υτ
2211 5322 2456 5397 prepare
2493 5343 2540 5384 c.
2619 5322 2689 5368 ῖιθ
2727 5328 2804 5379 ita
2835 5328 2886 5380 3.
2919 5323 3290 5378 tribunorum
3321 5322 3393 5397 et
3427 5333 3562 5397 pro-

202 5389 444 5522 cerunlf
462 5400 518 5448 et
549 5397 607 5449 in
623 5396 749 5519 [loco
779 5411 906 5520 res?1
913 5389 1132 5521 postera
1160 5389 1327 5452 ἱηαηα
1365 5389 1419 5453 l.
1497 5407 1568 5440 μθ
1607 5415 1740 5454 cum
1769 5399 2120 5471 supplendum
2164 5389 2269 5454 esse
2296 5389 2522 5454 videtur.
2555 5397 2621 5454 G.
2700 5405 2770 5439 "0
2792 5399 2866 5449 ita
2898 5398 2949 5450 3.
2985 5407 3254 5465 proreres
3281 5395 3341 5447 et
3367 5391 3430 5446 in
3454 5389 3564 5443 loco

204 5484 364 5524 naso
430 5507 444 5522 .
524 5474 591 5509 1⁵1
641 5483 774 5536 ege:
807 5483 864 5521 se
909 5483 972 5521 1.

328 5645 471 5720 (130)
505 5644 838 5704 Benedictus
876 5647 1069 5704 nullus
1101 5645 1269 5704 initio
1309 5647 1500 5704 seculi
1532 5647 1672 5706 noni
1697 5559 1996 5706 seding.
