3910 6174
444 362 552 425 ill-'7
1659 363 1946 427 JOANNIS
1980 364 2271 428 omnem
2305 366 2552 430 vnum
3590 393 3677 457 κε

449 504 627 565 quem
655 487 1142 564 macedonius'per
1161 505 1348 549 annos
1374 491 1443 548 16
1461 493 1525 547 et
1548 508 1778 549 menses
1808 498 1838 551 5
1871 498 1930 551 et
1953 493 2074 552 dies
2097 492 2152 552 Α
2173 491 2453 592 innotuit,
2473 495 2730 592 qualiter
2746 497 2896 557 cives
2911 499 3183 574 Aquileiae
3197 503 3508 568 serissimam
3521 514 3698 592 Longo.

449 583 481 636 6
513 581 728 638 ibidem
761 580 949 637 extitit
993 581 1342 654 patriarcha,
1384 583 1480 656 qui
1526 584 1842 640 aecclesiam
1892 586 2072 641 sancti
2173 581 2493 675 bardorum
2529 586 2754 644 rabiem
2785 589 2843 644 in
2879 591 3170 648 Gradense
3198 599 3424 652 castrum
3451 580 3698 675 fugientes,

447 669 727 726 Johannis
754 669 999 743 apostoli
1027 673 1091 727 'et
1119 672 1486 744 evangelista:
1514 672 1573 727 in
1604 673 1813 729 eodem
1839 677 2068 731 castello
2174 671 2490 729 beatissimi
2515 691 2760 747 corpora
2787 681 3123 736 sanctorum
3157 683 3382 754 Quirini,
3416 669 3544 744 lllari
3564 697 3610 747 et
3622 669 3701 751 Ta;

449 759 732 816 fundavit.

521 863 551 892 ‹‹
592 835 708 896 llos
723 843 921 896 autem
945 840 1006 898 in
1031 859 1278 899 numero
1301 844 1723 917 episcoporum,
1749 848 1844 919 qui
1871 864 1904 902 a
1921 851 2067 903 tem—

447 946 591 1003 pore
619 929 774 986 beati
806 930 976 988 Marci
1004 947 1181 1004 usque
1231 933 1305 988 ad
1336 933 1613 1003 Nicetam,
1665 936 1762 1008 qui
1805 939 2068 1009 tempore

450 1019 856 1075 destructionis
885 1021 1258 1095 Aquilegensi
1288 1024 1502 1095 prefuit
1538 1025 1826 1091 mcclesiae,
1857 1043 2071 1083 connu-

448 1109 666 1164 merari
691 1109 1002 1180 credimus,
1038 1129 1267 1170 necnon
1289 1115 1360 1169 ab
1377 1115 1687 1186 apostolico
1712 1116 1862 1172 sedis
1884 1117 2072 1187 ponti-

449 1196 652 1254 ﬁcibus
679 1215 813 1256 cum
847 1202 1006 1273 pallii
1036 1203 1442 1262 benedictione
1475 1205 1533 1260 in
1556 1207 1707 1262 hanc
1726 1223 1901 1279 quam
1924 1207 2071 1279 peti-

447 1300 579 1344 mus
607 1302 818 1346 novam
847 1292 973 1348 fieri
1004 1294 1328 1366 Aquileiam
1356 1295 1622 1351 destinati
1657 1299 1806 1352 sunt.
1841 1317 1873 1350 »

517 1370 678 1434 Tunc
708 1379 864 1436 idem
888 1381 1295 1439 Sanctissimus
1321 1385 2073 1452 Benedictus,summusRo-

447 1482 641 1523 manus
659 1468 806 1524 sedis
829 1471 1496 1545 pontifex,benigni‘tatis
1517 1475 1832 1531 clemencia
1857 1480 2068 1545 motus,

444 1555 641 1627 dignis
657 1571 861 1614 eorum
886 1560 1298 1617 condescendit
1312 1563 1598 1634 precibus,
1621 1565 2074 1621 communicato~

449 1659 562 1717 que
594 1646 714 1716 (fol.
749 1645 818 1718 5’)
853 1651 921 1704 39
952 1648 1356 1722 episcoporum
1395 1653 1662 1721 concilio,
1718 1655 2071 1711 Gradensem

440 1733 740 1792 civitatem
771 1749 982 1794 novam
1007 1740 1329 1812 Aquileiam
1354 1743 1737 1812 constituens,
1771 1761 1836 1800 ex
1867 1747 2075 1801 collau-

449 1821 684 1880 datione
722 1827 1188 1898 supradictorum
1249 1831 1656 1903 episcoporum
1707 1837 1765 1888 et
1797 1834 2071 1890 omnium

2171 760 2322 815 ciani
2345 765 2402 816 et
2421 767 2748 821 ceterorum
2767 783 2961 823 secum
2983 775 3427 844 asportaverunt;
3451 777 3704 856 hacitaque

2169 851 2541 921 revelatione,
2562 870 2680 910 non
2697 872 2906 928 parum
2919 857 3323 928 illarescens,et
3335 851 3702 929 translationem

2169 953 2371 994 eorum
2395 941 2636 1013 scripsit,
2659 947 2719 998 et
2735 945 2988 1002 natalicii
3007 948 3161 1004 diem
3177 951 3454 1009 constituit
3467 957 3704 1016 celebrari-

2169 1029 2230 1081 ln
2249 1032 2450 1084 octavo
2471 1030 2562 1086 die
2582 1035 2956 1104 pentecosten
2978 1038 3170 1092 natale
3192 1039 3544 1110 quadraginta
3560 1050 3607 1100 et
3622 1049 3705 1105 duo

2167 1116 2473 1173 martirum
2495 1120 2771 1188 instituit;
2795 1124 3064 1180 natalicia
3085 1131 3407 1184 sanctorum
3427 1133 3559 1188 lllari
3570 1138 3618 1189 et
3628 1136 3708 1194 Ta-

2171 1203 2318 1261 ciani
2346 1211 2507 1264 sexto
2541 1210 2766 1267 decimo
2799 1213 3087 1270 Kalendas
3116 1216 3324 1285 Marcii,
3351 1219 3551 1283 Quirini
3573 1241 3711 1282 sacer-

2172 1293 2321 1349 dotis
2349 1302 2552 1369 quarto
2579 1301 2872 1357 Kalendas
2895 1304 3072 1372 Junii,
3102 1308 3425 1363 sanctorum
3458 1310 3711 1370 Canciano-

2167 1397 2300 1438 rum
2321 1385 2515 1456 pridie
2530 1389 2817 1445 Kalendas
2833 1391 3020 1459 Medii,
3045 1396 3239 1449 natale
3265 1399 3563 1454 sanctarum
3580 1401 3710 1473 vii-gi

2174 1485 2316 1527 num
2350 1476 2530 1532 tercio
2558 1478 2753 1535 Nonas
2785 1479 3156 1553 Septembris.

2253 1599 2417 1658 Rexit
2459 1604 2654 1658 autem
2695 1605 2923 1673 Paulus,
2969 1605 3416 1678 benignissimus
3455 1611 3714 1682 patriarcha

2172 1692 2397 1766 primus
2415 1709 2520 1765 per
2541 1692 2913 1764 apostolicam
2940 1696 3391 1767 concessionem,
3415 1715 3560 1755 novre
3581 1701 3714 1773 Aqui-

2171 1782 2297 1838 leiae
2333 1781 2649 1837 aecclesiam
2675 1781 2841 1836 annis
2874 1785 2958 1839 l2.

448 1915 661 1968 sanctae
684 1915 964 1972 Romanae
985 1917 1252 1974 Ecclesiae
1273 1889 1678 1988 cardinalium,
1692 1922 1874 1978 tocius
1895 1924 2074 1978 Vene-
2096 1906 2148 1966 Β
2173 1980 2186 1988 _
2231 1889 2386 1988 ,Hmc
2400 1890 2668 1988 iuccesfit
2684 1889 3104 1988 Pmbmusiqm
3133 1908 3193 1988 in
3217 1891 3418 1988 ﬁdem
3439 1910 3568 1988 “9'?
3583 1895 3716 1967 Aqui-

447 1998 544 2054 tite
574 2003 633 2056 et
657 1997 883 2059 Histriae
915 2007 1293 2078 metropolim
1323 2009 1634 2067 ordinavit.
1667 2011 2072 2084 Accersitoque

447 2086 592 2144 duce
619 2093 679 2145 et
707 2090 806 2164 qui
831 2109 965 2149 cum
993 2110 1062 2150 eo
1089 2099 1284 2152 erant:
1324 2116 1349 2150 ι
1383 2100 1494 2154 Per
1523 2098 1829 2171 privilegii,
1863 2100 2070 2172 inquit,

445 2183 785 2252 preceptum
822 2187 1036 2238 sancta:
1061 2185 1341 2241 Romanm
1371 2188 1634 2242 Ecclesia
1660 2193 1718 2244 et
1748 2196 1818 2232 1⁸1
1855 2190 2070 2244 collau-

444 2264 681 2324 datione
695 2285 759 2324 ac
780 2270 1022 2328 confirm
1033 2272 1230 2329 ation—e
1252 2274 1518 2331 omnium
1539 2276 1778 2332 istorum
1797 2276 2066 2345 fratrum,

443 2357 568 2411 tam
590 2357 1020 2430 episcoporum,
1047 2378 1224 2434 quam
1249 2364 1654 2433 cardinalium,
1675 2364 1856 2421 tocius
1883 2367 2066 2421 Vene-

443 2444 567 2513 tiae,
604 2459 831 2503 necnon
859 2452 918 2505 et
938 2450 1190 2523 'l‘lystriaa
1209 2453 1579 2510 Gradensem
1607 2455 1920 2511 cecclesiam
1943 2473 2065 2512 me-

439 2534 725 2608 'tr0polim
755 2536 916 2592 vobis
941 2538 1304 2597 ordinamus.
1346 2541 1617 2614 Ejusdem
1662 2561 1795 2600 vero
1827 2545 2067 2617 presulis

441 2623 796 2681 electionem
823 2627 976 2682 clero
1009 2631 1068 2684 ‘et
1085 2631 1298 2702 populo
1319 2631 1566 2688 liberam
1586 2633 1838 2690 faciendi
1865 2633 2066 2689 tribui-

450 2726 581 2768 mus
609 2713 966 2772 facultatem.
987 2717 1214 2774 Prefate
1232 2723 1497 2792 preterea
1513 2722 1768 2795 regionis
1788 2723 1918 2778 duci
1936 2725 2067 2794 post

443 2803 662 2858 factam
674 2804 1022 2876 electionem
1037 2805 1423 2865 investicionis
1434 2813 1781 2882 potestatem
1803 2812 2067 2866 commit-

443 2891 644 2962 timus,
675 2909 793 2966 qua
819 2895 894 2950 ab
921 2894 1046 2968 ipso
1099 2897 1244 2953 duce
1287 2903 1541 2972 accepta,
1571 2901 1830 2972 ejusdem
1861 2900 2064 2957 suifra-

445 2980 648 3054 ganeis
691 2983 1065 3040 consecrandi
1095 2984 1399 3043 licenciam
1429 2989 1821 3045 concedimus.
1849 2989 2066 3055 Quibus

446 3070 705 3142 expietis,
727 3072 812 3127 ad
829 3072 1004 3144 hujus
1032 3077 1246 3131 sanctae
1270 3077 1534 3132 Romane
1570 3077 1841 3134 mcclesiae
1867 3078 2065 3135 sedem

447 3159 523 3214 ad
547 3159 704 3232 pallii
725 3160 1192 3219 benedictionem
1211 3163 1632 3236 suscipiendam
1654 3181 1968 3240 properare
1983 3166 2069 3223 in-

443 3246 748 3320 jungi‘nu-‘s.
805 3268 839 3302 »
884 3251 1001 3306 Hec
1049 3251 1252 3308 omnia
1295 3269 1400 3325 per
1453 3253 1738 3326 privilegii
1790 3254 2065 3328 paginam

453 3338 585 3394 duci
615 3347 686 3383 ηδ
715 3342 774 3396 et
795 3339 1015 3396 cunctis
1065 3340 1190 3412 ejus
1215 3348 1284 3384 ιιι
1316 3343 1734 3399 successoribus
1762 3344 2061 3400 concessit.

449 3424 547 3483 Ad
561 3427 736 3498 hujus
749 3427 834 3483 rei
855 3427 1388 3496 confirmationem,
1403 3431 1562 3485 recto
1586 3433 1649 3486 u‘t
1672 3431 2066 3506 supradictum

448 3518 542 3570 est
563 3515 792 3583 ordine,
823 3516 1132 3589 quemdam
1169 3519 1416 3574 Paulum
1462 3519 1817 3577 cardinalem
1854 3526 2066 3579 sanctas

444 3604 733 3660 Romanae
757 3605 1046 3674 Ecclesiae,
1071 3605 1223 3663 facta
1249 3606 1538 3664 electione
1563 3608 1636 3664 ab
1656 3607 1792 3680 ipsis
1819 3610 2067 3668 tribunis

452 3691 740 3749 nobilibus
764 3693 1013 3767 quicum
1031 3695 1204 3752 Beato
1221 3704 1291 3740 ιιι
1311 3697 1456 3753 duce
1482 3697 1747 3762 aderant,
1779 3715 1813 3754 a
1839 3700 2065 3772 prefato

453 3791 685 3856 queque
705 3782 850 3839 duce
871 3783 1513 3858 acceptainvesti‘cione,
1527 3787 1918 3860 patriarcham
1937 3805 2070 3846 con-

449 3870 711 3941 secrevit,
733 3874 907 3945 atque
945 3887 1079 3930 cum
1122 3873 1280 3946 pallii
1319 3875 1724 3933 benedictione
1750 3878 1810 3934 in
1857 3895 2066 3936 novam

448 3959 774 4033 Aquﬂeiam
804 3975 935 4017 cum
961 3961 1044 4017 eis
1087 3961 1333 4018 remisit.
1383 3964 1491 4028 Qui
1532 3966 1925 4022 sanctissimus
1972 3985 2069 4040 pa-

448 4047 704 4105 triarcha
719 4060 964 4122 corpora
975 4054 1308 4107 sanctorum
1325 4051 1384 4107 in
1403 4053 1621 4109 eisdem
1643 4071 1788 4111 nove
1808 4055 2066 4127 Aquileie

446 4139 697 4195 mcclesi‘s
756 4140 1074 4197 honorifice
1125 4141 1398 4198 condivit.
1447 4145 1511 4198 ln
1579 4144 1836 4200 aecclesia
1883 4139 2066 4202 sancti

445 4228 645 4285 Vitalis
697 4229 1084 4302 Quadraginta
1157 4232 1216 4286 et
1270 4229 1385 4286 duo
1443 4235 1765 4306 martyrum
1819 4249 2066 4306 corpora

450 4315 792 4390 dignissime
835 4317 1169 4388 tumulavit;
1215 4319 1281 4374 in
1329 4320 1586 4376 mcclesia
1628 4325 1838 4377 sanctae.
1873 4323 2063 4380 Marias

2172 1977 2285 2034 leia
2317 1977 2826 2050 metropolitanam
2864 1978 3010 2033 rexit
3026 1981 3351 2037 mcclesiam
3364 1981 3572 2051 annis2,
3593 1995 3714 2038 men'

2171 2067 2330 2124 sibus
2362 2069 2416 2123 8.

2241 2174 2458 2230 Dehinc
2480 2173 2667 2230 Helias
2692 2181 2762 2217 ηδ
2784 2174 3048 2247 egregius
3075 2177 3721 2248 patriarcbaGradensem-

2167 2264 2488 2336 regendam
2510 2262 2756 2335 suscepit
2772 2265 3109 2320 ecclesiam.
3135 2268 3156 2320 l
3159 2284 3270 2339 pse
3292 2268 3348 2324 in
3371 2269 3558 2325 eadem
3577 2271 3722 2326 eccle-

2167 2351 2316 2408 siam
2339 2355 2559 2408 sanctie
2591 2352 2856 2407 Euﬂmun
2880 2353 3047 2422 juxta
3076 2355 3343 2412 nominis
3375 2356 3720 2430 proprietatem

2166 2440 2450 2497 fabricare
2471 2440 2748 2512 precepit.
2771 2441 2918 2496 Nam
2939 2443 3095 2514 quod
3114 2460 3295 2515 greco
3326 2445 3566 2513 euﬂmia,
3588 2444 3721 2502 latine

2165 2529 2325 2586 bona
2355 2529 2550 2585 forma
2575 2537 2646 2573 1⁵⁷
2674 2532 2860 2585 sonat.
2889 2532 2952 2585 In
2982 2531 3189 2588 eadem
3229 2551 3455 2607 quoque
3485 2543 3546 2579 ηδ
3571 2536 3722 2590 aeccle-

2163 2617 2248 2674 sia
2275 2623 2632 2690 congr-egata
2659 2619 3034 2675 multitudine
3063 2619 3470 2696 episcOporum
3495 2640 3531 2679 a
3548 2623 3724 2679 Verona

2163 2724 2342 2780 usque
2365 2706 2754 2776 Pannoniam,
2787 2710 3105 2781 cunctaque
3132 2710 3214 2766 Ve
3225 2711 3378 2767 netie
3405 2714 3595 2786 populo
3620 2727 3724 2766 con.

2163 2799 2391 2860 vocato,
2404 2797 2740 2868 generalem
2753 2795 3022 2852 sinodum
3041 2798 3375 2856 celebravit.
3394 2802 3511 2874 Ipso
3521 2815 3724 2872 namque

2163 2887 2429 2958 tempore
2463 2895 2709 2958 corpora
2733 2886 3081 2941 sanctarum
3122 2886 3427 2961 virginum
3461 2889 3720 2944 secundum

2163 2973 2321 3045 quod
2346 2990 2382 3030 ο,
2409 2973 2730 3030 reverando
2750 2974 2924 3030 Paulo
2946 2973 3293 3034 Patriarcha
3308 2977 3724 3050 scriplum-luerat

2160 3061 2528 3134 perquirens,
2559 3060 2834 3118 omnibus
2857 3062 3151 3119 revelavit.
3190 3065 3415 3130 Quibus
3442 3065 3635 3122 cunctis
3653 3063 3724 3137 qui

2158 3155 2336 3208 erant
2353 3151 2414 3206 in
2434 3149 2658 3222 profata
2681 3150 2922 3207 concilio
2943 3150 3089 3220 visis,
3110 3153 3493 3211 celeberrime
3512 3155 3620 3227 ipsa
3634 3168 3724 3208 cor-

2166 3247 2310 3314 pora
2337 3241 2596 3297 venerati
2617 3243 2775 3296 sunt.
2807 3241 2963 3296 Tunc
3002 3240 3191 3299 Helias
3239 3244 3502 3317 egregius
3526 3241 3724 3316 patriar-

2166 3329 2274 3385 cha
2292 3344 2426 3384 cum
2437 3328 2606 3386 omni
2619 3329 2724 3384 illa
2747 3328 3118 3387 multitudine
3140 3333 3267 3403 (fol.
3285 3334 3362 3406 ϐ’)
3385 3333 3724 3406 episcoporum

2167 3431 2235 3473 ac
2257 3417 2395 3474 cieri
2417 3421 2481 3474 et
2509 3417 2708 3490 populi
2733 3419 3162 3477 collaudatione
3197 3422 3488 3479 ordinavit
3518 3418 3721 3478 sedecim

2161 3507 2524 3580 episcopatus
2537 3507 2692 3563 inter
2702 3507 3202 3581 Foroguliensium
3225 3529 3454 3569 necnon
3469 3514 3524 3568 et
3534 3507 3724 3582 Hystria

2167 3596 2300 3653 sive:
2319 3595 2620 3653 Dalmatia:
2640 3599 2854 3670 partes,
2875 3598 3224 3658 videlicetin
3248 3601 3440 3676 Vegla,
3458 3601 3513 3658 in
3529 3603 3724 3675 Apsum.

2167 3686 2227 3742 in
2253 3687 2532 3743 Pathena.
2560 3687 2624 3741 In
2654 3685 2892 3743 Venetia
2921 3691 3115 3744 autem
3136 3705 3241 3746 sex
3271 3690 3612 3764 episcopatus
3630 3683 3723 3742 ﬁeri

2168 3773 2482 3832 constituit.
2500 3773 2758 3840 Quorum
2775 3775 3084 3832 electiones
3107 3776 3552 3853 uniuscujusque
3567 3789 3725 3851 parro-

2167 3863 2310 3920 chiae
2334 3865 2490 3920 clero
2512 3866 2569 3920 et
2588 3865 2804 3937 populo
2828 3864 3154 3934 comittens,
3177 3867 3331 3924 sicut
3358 3885 3396 3924 a
3414 3869 3572 3924 beato
3587 3867 3725 3922 Bene-

2166 3953 2319 4010 dicto
2342 3956 2556 4010 sancta:
2589 3954 2866 4010 Romanae
2887 3954 3040 4010 sedis
3067 3955 3332 4014 antistite
3349 3958 3536 4014 fuerat
3551 3949 3725 4012 sancci-

2165 4047 2292 4100 tum
2312 4059 2543 4100 necnon
2570 4045 2629 4099 et
2646 4042 2931 4116 privilegii
2951 4043 3163 4116 scripto
3191 4048 3616 4116 conﬁrmatum,
3627 4039 3725 4097 duci

2166 4131 2598 4190 investicionem
2631 4130 2929 4187 concessit.
2964 4131 3183 4188 Horum
3222 4131 3606 4208 episcopatum
3637 4126 3726 4202 pri-

2165 4238 2330 4278 mum
2343 4219 3072 4288 eonstituit'i‘orcellanum,
3087 4219 3236 4278 sicut
3253 4221 3480 4294 primus
3488 4221 3650 4277 fuerat
3661 4231 3728 4269 ve-

2162 4312 2376 4366 tustate
2390 4308 2848 4365 in-Altinensium
2866 4308 3114 4379 civitate;
3129 4312 3453 4368 secundum
3475 4311 3727 4367 Maternae-

449 4417 698 4478 corpora
727 4408 1057 4462 sanctarum
1081 4406 1374 4480 virginum
1423 4407 1704 4475 Eufimiae,
1737 4411 2062 4476 Dorotheaa,
2083 4401 2138 4469 D
2163 4414 2395 4456 οθῐιεθῐη
2417 4415 2432 4463 ς
2457 4396 2699 4454 terei“!!!
2725 4396 3133 4465 OliVOIOMOm.
3161 4399 3253 4455 οιιί
3277 4399 3411 4456 ideo
3436 4401 3539 4456 hoc
3556 4407 3727 4480 “om”?

445 4493 630 4549 Tecla
668 4495 738 4550 et
783 4494 1033 4550 Erasmus
1077 4494 1388 4568 diligenter
1432 4497 1756 4566 collocavit;
1821 4516 2066 4571 corpora

446 4582 645 4637 autem
663 4584 1000 4638 sanctorum
1013 4583 1229 4652 Cancii,
1248 4583 1521 4640 Canciani
1552 4589 1610 4642 et
1625 4587 1987 4643 Cancianillae
2003 4589 2063 4644 in

447 4669 708 4725 Ecclesia
745 4667 929 4724 sancti
967 4669 1248 4726 Johannis
1298 4671 1646 4746 evangeliste
1688 4674 2063 4733 celeberrime

447 4756 793 4829 composuit.

520 4839 640 4910 (fol.
674 4839 723 4909 ϐ)
753 4838 1016 4912 Cumque
1045 4839 1204 4896 idem
1248 4841 1593 4898 venerabilis
1629 4843 1959 4914 patriarcha
1987 4846 2061 4902 ad

447 4927 800 4984 destructum
846 4927 1298 5002 Aquileiensium
1338 4929 1629 4987 civi-tatem
1681 4949 1812 4988 cum
1863 4935 2062 5006 populi

409 5088 416 5094 ν
446 5015 820 5074 multitudine
836 5015 921 5074 ire
940 5016 1295 5092 disponeret,
1319 5017 1516 5076 divina
1552 5021 1901 5078 revelatione
1950 5023 2058 5079 sibi

2165 4487 2502 4560 impositum
2515 4488 2622 4553 est,
2637 4485 2864 4558 quiaibi
2881 4489 3015 4542 ante
3025 4487 3280 4558 januam
3308 4488 3570 4546 ecclesiae
3588 4478 3728 4542 sancti

2163 4576 2319 4634 Serzi
2357 4584 2426 4620 ιω
2455 4575 2664 4632 imanis
2695 4579 2838 4647 (l3l)
2878 4580 3005 4633 erat
3040 4577 3333 4635 olivarum
3373 4580 3562 4635 arbor.
3596 4572 3727 4642 Cujus

2159 4663 2481 4739 parrochiae
2506 4665 2836 4721 convocatis
2867 4665 3114 4739 populis,
3145 4684 3433 4740 magnam
3461 4661 3728 4723 accolesiam

2162 4754 2223 4810 in
2234 4755 2457 4810 honore
2470 4753 2570 4810 Dei
2583 4756 2642 4809 et
2652 4769 2754 4810 san
2763 4754 2996 4811 ctiPetri
3012 4754 3169 4812 idem
3180 4756 3524 4813 venerabilis
3535 4748 3732 4827 patriar-

2159 4845 2269 4901 cha
2279 4843 2570 4900 edifﬁcare
2591 4843 3068 4917 precepit,ibique
3085 4844 3444 4917 episcopium
3461 4835 3728 4900 constituit.

2160 4933 2462 5005 ubiscripti
2476 4931 2920 4989 conﬁrmatione
2933 4935 2994 4988 et
3011 4934 3228 4989 anathe
3244 4934 3416 4989 natis
3431 4931 3636 4988 vinculo
3644 4939 3727 4980 con

2159 5019 2354 5078 venire
2375 5021 2435 5077 in
2467 5034 2819 5094 unoquoque
2840 5021 3080 5078 sabbato
3102 5037 3163 5078 se
3183 5020 3627 5084 contrinxerunt,
3645 5011 3729 5068 ibi-

1781 5135 2011 5193 VARIIE
2043 5137 2421 5195 LECTIONES
2432 5179 2446 5192 .

515 5239 600 5305 ιη⁸
638 5232 715 5286 ita
753 5232 999 5305 primum
1049 5233 1307 5305 scriptum
1367 5240 1509 5305 erat,
1551 5233 1693 5304 quod
1738 5241 1858 5305 post
1907 5236 2081 5292 altera
2118 5254 2287 5293 manu
2339 5242 2610 5291 mutatum
2653 5241 2728 5291 est
2775 5237 2832 5290 in
2891 5251 2982 5291 ex.
3011 5235 3079 5294 G.

3155 5244 3225 5279 1³³
3263 5235 3375 5292 alia
3409 5250 3564 5288 mauu
3601 5225 3725 5284 duci-

443 5303 549 5358 bus
579 5301 632 5359 l.
711 5301 780 5346 υἱ
810 5303 921 5358 alia
950 5317 1118 5361 "tanta
1144 5301 1349 5361 eorum
1385 5303 1438 5365 1.
1515 5301 1585 5346 ίεῖ
1612 5307 1688 5358 ita
1711 5301 1762 5360 3'.
1836 5307 2020 5364 refato
2049 5309 2113 5365 is
2157 5309 2266 5364 loco
2310 5324 2446 5364 roso.
2527 5316 2596 5351 ιισ
2635 5307 2720 5362 hic
2756 5306 2945 5378 incipit
2981 5306 3142 5362 codex
3187 5309 3238 5362 3.
3322 5315 3391 5349 ιιτ
3430 5307 3534 5387 lege
3577 5303 3726 5356 fama.

445 5381 515 5416 1⁵⁸
541 5387 892 5434 munireque
920 5374 971 5431 1.
1052 5384 1121 5420 ιεο
1159 5379 1237 5431 ita
1269 5375 1328 5434 1:
1365 5375 1420 5431 id
1448 5381 1525 5434 est
1553 5375 1740 5434 Sergi.
1772 5321 1979 5434 ἀτενῆ.
2020 5379 2221 5434 Veneta
2261 5378 2473 5434 linque.
2517 5397 2626 5434 oua
2662 5397 2712 5434 ε.
2752 5397 2804 5434 a.
2836 5379 2951 5434 San
2982 5377 3210 5434 Giorgio
3239 5381 3609 5434 nronontmtur
3632 5371 3723 5425 San

444 5381 515 5500 Isin
541 5387 892 5448 quoquoque
920 5374 971 5431 1.
1052 5384 1121 5420 ιεο
1159 5379 1237 5431 ita
1269 5375 1328 5445 1;
1365 5375 1420 5431 id
1448 5381 1525 5434 est
1553 5375 1740 5448 Sergi,

444 5480 456 5496 ι
484 5460 640 5500 orso.

444 5460 640 5501 DOI'SO.

1813 5373 1979 5452 ergii,
2020 5379 2221 5436 Veneta
2261 5378 2473 5452 lingua,
2517 5397 2626 5453 qua
2662 5397 2712 5437 ε.
2749 5397 2804 5451 g.
2836 5371 2951 5435 San
2982 5377 3210 5452 Giorgio
3232 5371 3609 5451 pronontiatur
3632 5371 3723 5425 San

2000 5567 2223 5630 NOTAE.

512 5655 656 5729 (131)
688 5655 985 5714 Immanis.
