3910 6174
232 340 346 403 ’διο

1486 328 1889 392 CH’RONICON
1921 332 2309 395 GRADENSE.

3458 340 3567 397 950

245 484 354 542 que
382 464 665 539 plurimas
690 457 1073 519 me‘rcationes
1102 457 1410 516 faciebant.
1434 456 1714 523 Quartum
1731 458 1851 530 epi-
1870 464 1927 524 Α
1952 463 2297 533 acceperunt
2319 477 2354 516 a
2384 460 2715 518 beatissimo
2727 477 2880 534 papa
2903 460 3179 534 Pellagio,
3198 463 3564 521 consentien-

244 556 504 627 scopium
529 554 590 609 in
616 551 1009 625 Equilensem
1059 547 1348 603 civitatem
1388 546 1512 602 ﬁeri
1537 546 1848 603 constituit.

245 645 522 709 Quintum
563 644 623 697 in
680 637 923 696 civitate'
957 637 1256 693 Eracliana
1320 636 1516 691 adesse
1573 636 1849 708 precepit.

242 734 460 788 Eodem
473 746 704 804 quoque
718 732 984 801 tempore
996 727 1153 782 idem
1171 722 1512 781 venerabilis
1528 724 1855 796 patriarcha

238 821 561 879 ecclesiam
585 820 645 874 in
674 819 897 875 honore
922 815 1025 872 Dei
1050 819 1107 870 et
1135 814 1317 870 sancti
1335 812 1490 868 Petri
1518 812 1851 877 edifﬁcavit,

237 926 418 984 quam
451 907 852 982 Opiterginam
878 904 1203 977 appellavit.
1246 902 1487 957 Sextum
1526 904 1720 957 autem
1738 901 1855 973 epi-

236 998 584 1072 scopiumin
616 995 874 1069 Caprulis
897 993 1023 1049 ﬁeri
1038 991 1227 1064 jussit,
1259 991 1358 1046 ubi
1387 991 1684 1046 castellum
1715 1007 1853 1046 con-

236 1087 446 1154 stituit,
477 1086 541 1141 in
570 1102 683 1158 quo
707 1082 1027 1140 ecclesiam
1046 1081 1105 1136 in
1129 1081 1351 1136 honore
1372 1079 1554 1135 sancti
1577 1079 1856 1152 Stephani

234 1174 694 1249 protomartyris
729 1172 1013 1239 fundavit,
1039 1171 1205 1242 juxta
1243 1185 1420 1241 quam
1468 1168 1855 1241 episcopalem

231 1266 486 1322 domum
516 1262 835 1320 secundum
874 1260 984 1318 loci
1033 1259 1391 1335 posicionem
1413 1260 1503 1314 sat
1538 1257 1856 1313 honorifice

231 1354 538 1410 edifﬂcare
568 1352 845 1426 precepit.

312 1442 862 1499 Metamaucensium
881 1444 1075 1496 autem
1098 1440 1457 1512 episcopatus
1475 1456 1543 1494 ex
1560 1436 1858 1494 Patavium

231 1532 474 1587 civitate
493 1529 678 1586 extitit
704 1529 1000 1597 oriundus,
1025 1533 1083 1583 et
1096 1529 1269 1583 veluti
1288 1528 1584 1583 universus
1616 1527 1859 1599 populus

228 1619 419 1676 exivit
444 1635 581 1675 cum
611 1634 712 1674 suo
745 1617 1032 1691 episcopo,
1055 1617 1134 1672 sic
1168 1617 1229 1671 iu
1245 1617 1451 1672 eadem
1470 1616 1719 1671 insulam
1735 1614 1854 1685 (fol.

225 1706 281 1780 τ)
326 1706 774 1763 Metamaucensi
802 1705 1065 1761 habitare
1104 1704 1399 1776 disposuit.

1951 550 2104 604 tibus
2151 548 2425 604 universis
2481 550 2763 623 episcopis
2803 552 2928 623 jam
2987 551 3271 608 dictarum
3329 553 3562 625 provin-

1952 638 2193 694 ciarum.
2228 640 2434 694 Paulus
2461 639 2765 712 siquidem,
2788 656 3084 712 precessor
3101 649 3169 684 ιω
3192 641 3243 712 ej
3254 659 3336 708 us,
3358 643 3565 698 hostile

1952 727 2269 799 periculum
2301 744 2419 783 non
2449 728 2661 795 ferens,
2696 729 3091 801 Longobardis
3126 730 3567 787 advenientibus

1954 833 2086 870 cum
2119 816 2281 871 omni
2309 816 2577 871 thesauro
2605 816 2857 872 ecclesia:
2886 817 3104 874 Gradus
3132 836 3193 874 se
3221 820 3563 888 contulerat,

1955 904 2202 960 efferens
2230 921 2423 959 secum
2468 922 2711 977 corpora
2750 910 3084 962 sanctorum
3133 908 3441 963 martirum
3472 909 3564 964 El-

1954 995 2058 1049 lari
2102 1002 2172 1036 m
2215 997 2274 1049 et
2315 994 2547 1049 Taciani
2570 999 2628 1049 et
2669 995 3048 1067 reliquorum.
3105 997 3385 1053 Defuncto
3428 1014 3564 1053 vero

1959 1083 2132 1138 Paulo
2156 1083 2292 1138 etin
2323 1084 2577 1139 {ecclesia
2606 1084 2895 1139 Gradense
2927 1089 3147 1152 umato,
3180 1087 3339 1158 cujus
3367 1089 3568 1159 sepub-

1958 1174 2158 1227 chrum
2188 1189 2367 1244 usque
2395 1173 2565 1228 hodie
2585 1181 2654 1215 ιω
2667 1172 2745 1228 ibi
2760 1178 2981 1243 manet,
3006 1175 3569 1232 ProbimusGraden-

1958 1278 2101 1329 sem,
2131 1261 2193 1316 id
2214 1264 2299 1316 est
2319 1261 2755 1335 noveAquileie,
2773 1263 2919 1319 rexit
2943 1264 3278 1321 cecclesiam.
3309 1265 3411 1321 Cui
3442 1282 3565 1321 suc-

1958 1350 2167 1405 cedens
2189 1354 2545 1407 memoratus
2558 1351 2745 1407 Helias
2762 1353 3104 1424 patriarcha,
3120 1354 3226 1408 hec
3239 1371 3352 1426 que
3372 1371 3568 1426 supra-

1959 1439 2167 1511 scripta
2197 1444 2331 1495 sunt
2353 1442 2423 1503 (v.
2456 1458 2616 1511 supra
2628 1441 2730 1496 col.
2745 1441 3194 1514 881)ordinavit,
3211 1443 3402 1514 etjam
3417 1444 3570 1499 dicta

1958 1545 2206 1601 corpora
2218 1533 2550 1584 sanctorum
2562 1530 2641 1585 ibi
2655 1531 2804 1586 miro
2817 1531 2993 1587 modo
3006 1532 3574 1604 locavitdomumque

1959 1617 2066 1671 sibi
2100 1635 2134 1672 a
2164 1617 2560 1672 fundamentis
2602 1619 2884 1675 fabricare
2922 1620 3201 1692 prccepit,
3234 1637 3494 1676 asserens
3512 1614 3572 1676 in

1960 1706 2178 1778 synodo
2209 1722 2383 1779 supra
2414 1709 2658 1761 statuto:
2683 1706 2977 1762 Karissimi
2985 1710 3204 1779 fratres,
3224 1711 3577 1765 intervenien-

314 1798 692 1870 Episcopatus
718 1811 853 1851 vero
883 1794 1127 1850 civitatis
1169 1811 1352 1863 novre,
1388 1811 1516 1867 quas
1560 1780 1931 1849 EraclianaB
1961 1796 2099 1851 tibus
2130 1794 2282 1849 malis
2313 1797 2505 1849 nostris
2545 1795 2758 1852 cottidie
2797 1798 2982 1851 hostile
3008 1800 3341 1868 perpetimur
3382 1798 3572 1867 ﬂagel-

225 1885 535 1958 appellata
576 1888 683 1953 est,
727 1885 797 1939 de
839 1884 1191 1939 Overdecina
1236 1882 1465 1938 civitate
1510 1887 1652 1954 (132)
1686 1882 1855 1938 adve-

226 1975 390 2030 nisse
424 1976 687 2029 testatur.
723 1973 885 2028 Unde
916 1973 1030 2027 dux
1059 1975 1119 2027 et
1167 1988 1384 2043 magna
1414 1988 1546 2043 pars
1572 1970 1854 2027 nobilium

224 2063 505 2135 ejusdem
539 2061 780 2117 civitatis
825 2060 1130 2133 fugientes,
1180 2060 1239 2115 in
1286 2060 1511 2132 prefata
1555 2058 1855 2114 Eracliana

224 2152 469 2208 civitate
494 2149 846 2223 prelibatum
876 2150 1269 2222 episcopatum
1301 2148 1742 2204 constituerunt.

298 2238 757 2314 Caprulensium
787 2238 1023 2311 quidem
1054 2238 1412 2311 episcopatus
1437 2238 1507 2293 de
1539 2237 1857 2293 Concordia

225 2349 259 2386 a
286 2329 555 2403 fugienti
578 2329 733 2383 clero
758 2335 819 2383 et
841 2328 1077 2401 populo,
1101 2326 1265 2382 sicuti
1294 2326 1513 2383 ibidem
1537 2326 1745 2396 fuerat,
1764 2326 1857 2382 hic

225 2421 309 2475 ita
347 2416 700 2474 constitutus
722 2418 828 2472 est.

295 2509 481 2564 Idem
517 2522 747 2579 quoque
776 2504 1173 2561 sanctissimus
1222 2504 1408 2559 Helias
1444 2503 1771 2577 patriarcha
1797 2504 1857 2559 in

219 2596 536 2655 littoribus
564 2611 692 2668 quae
722 2610 759 2649 a
794 2593 1071 2649 Gradensi
1101 2593 1326 2650 civitate
1376 2609 1552 2664 usque
1585 2593 1861 2666 Caprula-

212 2703 379 2743 num
402 2683 763 2758 episcopium
777 2681 1411 2754 discurrunt,quasdam
1425 2681 1715 2737 edifﬁcare
1724 2672 1862 2737 fecit

220 2775 532 2833 ecclesias.
556 2773 622 2828 vln
652 2771 845 2844 primo
878 2770 1092 2842 littore,
1126 2770 1282 2842 quod
1322 2769 1485 2841 juxta
1507 2770 1858 2827 Gradensem

220 2865 441 2921 adesse
455 2861 810 2918 dinnoscitur
824 2857 1436 2927 civitatem,basilicam
1450 2858 1509 2914 in
1520 2860 1743 2915 honore
1756 2860 1858 2917 Dei

218 2957 280 3010 et
312 2949 677 3009 sanctissimi
700 2948 858 3005 Petri
884 2949 1284 3021 apostolorum
1300 2955 1370 2990 ιϐο
1389 2947 1663 3020 principis
1679 2948 1861 3005 ediffi-

220 3058 369 3100 care
402 3039 682 3114 precepit,
710 3037 807 3095 ubi
830 3040 893 3094 et
941 3036 1247 3093 cenobium
1290 3037 1616 3109 puellarum
1661 3038 1859 3095 adesse

218 3128 555 3189 ordinavit.

291 3222 372 3276 In
392 3219 649 3276 secundo
668 3233 897 3291 quoque
912 3217 1131 3285 littore,
1145 3216 1306 3288 cujus
1323 3215 1624 3288 longitudo
1642 3232 1750 3289 per
1762 3233 1859 3272 sex

215 3309 577 3367 extenditur
604 3307 873 3375 miliaria,
894 3306 953 3362 in
976 3305 1231 3379 quodam
1247 3304 1506 3378 ejusdem
1527 3304 1736 3361 littoris
1753 3305 1856 3362 he-

213 3397 387 3456 remi
419 3399 575 3465 loco,
600 3396 712 3452 duo
731 3395 836 3452 viri
871 3395 1091 3452 ibidem
1122 3398 1428 3450 manentes
1455 3393 1675 3449 inventi
1700 3396 1854 3461 sunt,

213 3502 495 3562 quorum
521 3486 665 3542 alter
693 3484 1004 3540 vocabatur
1046 3483 1359 3550 Barbanus,
1390 3484 1534 3537 alter
1560 3498 1691 3538 vero
1719 3483 1854 3538 Tar-

207 3578 432 3633 dessus
464 3574 783 3632 dicebatur.
806 3573 967 3629 Idem
998 3588 1251 3644 namque
1279 3569 1386 3625 viri
1416 3586 1745 3642 pagnorum
1772 3570 1856 3627 fu-

208 3666 458 3737 gientes
493 3661 738 3729 rabiem,
772 3661 843 3717 de
861 3660 1111 3716 Tarvisio
1126 3676 1260 3714 cum
1287 3659 1449 3714 omni
1477 3675 1579 3714 sua
1614 3659 1854 3730 supelle-

205 3754 358 3809 ctile
371 3750 495 3807 illic
511 3750 836 3806 latitabant.
857 3749 1073 3814 Quibus
1088 3747 1387 3804 ecclesiam
1403 3747 1464 3802 in
1480 3748 1703 3802 honore
1724 3764 1851 3803 san-

205 3845 324 3898 ctua
393 3839 503 3897 Dei
545 3837 843 3912 genitricis
889 3838 1101 3907 Mariae,
1156 3840 1220 3892 ut
1272 3838 1461 3892 fuerat
1509 3837 1846 3905 revelatum,

207 3928 677 4004 prenominatus
699 3927 1028 4000 patriarcha
1051 3926 1242 3982 facere
1262 3924 1541 3999 precepit.
1566 3925 1651 3979 Ad
1673 3942 1847 3997 quem

208 4037 359 4077 cum
392 4016 581 4074 isdem
611 4017 941 4090 patriarcha
958 4015 1307 4089 pervenisset
1325 4016 1540 4081 locum,
1564 4014 1735 4069 veluti
1765 4014 1845 4070 ibi

202 4109 578 4184 repererunt
601 4105 762 4178 signa
773 4147 788 4174 ,
801 4105 1063 4177 ejusdem
1075 4104 1343 4160 (ecclesiae
1355 4103 1738 4158 fundamenta
1752 4104 1842 4158 in-

1958 1886 2089 1952 lum,
2123 1892 2171 1939 et
2208 1885 2332 1956 jam
2372 1884 2579 1955 pridem
2630 1885 2697 1939 ab
2733 1885 2912 1942 Attila
2967 1886 3307 1957 Ungarorum
3338 1896 3405 1929 1N
3456 1904 3576 1957 rege

1957 1974 2234 2046 Aquileia,
2278 1975 2467 2029 civitas
2522 1981 2724 2041 nostra,
2763 1974 3009 2044 funditus
3060 1975 3331 2032 destructa
3378 1983 3472 2042 est,
3524 1984 3574 2032 et

1957 2063 2255 2119 Gothorum
2291 2063 2499 2116 incessu
2543 2069 2591 2115 et
2620 2068 2910 2116 ceterorum
2949 2063 3299 2118 barbarorum
3345 2072 3574 2121 cassatat

1955 2154 2048 2206 vix
2074 2152 2276 2221 (ιςρίναί
2291 2178 2309 2218 ,-
2340 2150 2432 2205 sed
2458 2167 2599 2205 nunc
2627 2150 3099 2220 Langobardorum
3129 2152 3352 2221 infande
3396 2156 3574 2223 gentis

1956 2240 2171 2310 ﬂagella
2200 2241 2456 2294 sustinere
2480 2255 2588 2293 non
2599 2244 2790 2310 potest.
2822 2237 3155 2310 Quapropter
3182 2240 3406 2309 dignum
3423 2241 3571 2311 duci,

1959 2328 2313 2384 mansuetudo
2345 2332 2548 2391 nostra,
2578 2329 2626 2381 si
2652 2334 2840 2383 vestrae
2862 2329 3041 2399 placet
3069 2331 3364 2397 sanctitati,
3392 2332 3449 2384 in
3477 2331 3574 2387 hoc

1960 2424 2130 2471 castra
2190 2416 2461 2472 Gradense
2542 2423 2778 2471 nostram
2852 2419 3167 2486 conﬁrmare
3221 2420 3574 2490 metropolim.

1962 2505 2127 2569 Quod
2157 2505 2374 2560 dictum
2402 2505 2673 2560 omnibus
2700 2506 2914 2577 placuit
2956 2506 3263 2580 episcopis;
3310 2509 3368 2562 et
3420 2508 3572 2564 facto

1962 2592 2156 2648 libello
2183 2587 2409 2649 statutae
2439 2611 2576 2661 suae,
2608 2593 2669 2649 id
2714 2597 2800 2650 est
2837 2594 2910 2649 de
2941 2599 3272 2652 memorata
3301 2595 3573 2653 Calcedo-

1962 2684 2126 2739 nensi
2158 2684 2375 2755 synodo
2399 2684 2520 2755 (fol.
2548 2687 2594 2756 8)
2626 2688 2684 2740 et
2709 2685 2779 2739 de
2798 2686 2907 2740 hac
2926 2686 3051 2757 ipsa
3071 2687 3207 2742 sede
3229 2690 3288 2742 et
3307 2687 3573 2743 omnium

1961 2772 2442 2844 supradictorum,
2474 2789 2646 2845 super
2674 2774 2941 2828 manibus
2957 2774 3070 2829 suis
3088 2774 3569 2847 conscripserunt.

1960 2860 2022 2914 Id
2051 2864 2135 2915 est
2152 2861 2373 2932 primus
2396 2861 2582 2916 Helias
2596 2862 2952 2934 patriarcha;
2972 2863 3183 2918 deinde
3195 2863 3489 2919 Marcellus
3501 2874 3571 2909 ηδ

1961 2947 2261 3020 episcopus
2299 2950 2511 3003 sanctae
2557 2950 2825 3005 aecclesite
2867 2948 3221 3023 Opitergine,
3249 2949 3572 3006 Leonianus

1960 3037 2263 3110 episcopus
2289 3037 2929 3110 Tyborniensis,Petrus
2954 3037 3255 3110 episc0pus
3282 3037 3568 3109 Altinatis,

1960 3125 2294 3183 Vindemius
2312 3127 2609 3200 episcopus
2630 3126 2935 3195 Cessensis,
2954 3128 3249 3200 Bergullus
3270 3128 3572 3201 episcopus

1961 3215 2248 3271 Patavina:
2280 3215 2569 3283 mcclesiae,
2601 3216 2891 3271 Iohannes
2920 3215 3221 3289 episcopus
3262 3217 3566 3288 Celejante,

1959 3304 2315 3359 Clarissimus
2345 3304 2645 3377 episcopus
2670 3304 3127 3372 Concordiensis,
3160 3304 3434 3361 Patricius
3446 3306 3567 3379 epi-

1958 3408 2160 3465 scopus
2208 3393 2567 3462 Emonensis,
2616 3393 2903 3448 Adrianus
2949 3392 3248 3466 episcopus
3287 3394 3565 3464 Polensis,

1954 3481 2274 3537 Maxencius
2316 3482 2614 3554 cpiscopus
2652 3482 2942 3551 Juliensis,
2988 3482 3229 3538 Severus
3270 3482 3569 3558 episcOpus

1951 3568 2304 3642 Tergestinae
2326 3571 2615 3640 aecclesioe,
2649 3572 2904 3629 Solacius
2933 3573 3233 3644 episcopus
3270 3572 3565 3629 Veronen-

1953 3657 2046 3726 sis,
2078 3660 2368 3715 Johannes
2396 3660 2695 3733 episcopus
2722 3661 3033 3716 Parentine
3061 3661 3353 3730 aacclesite,
3371 3662 3564 3718 Aaron

1951 3747 2251 3818 episcopus
2266 3748 2654 3816 Avonciensis,
2676 3750 2966 3821 Ingenuus
2986 3752 3284 3821 episcopus
3313 3750 3564 3806 secunde

1950 3835 2157 3904 Reciaa,
2175 3837 2446 3907 Agnellus
2468 3836 2767 3909 episcopus
2789 3837 3126 3893 Tridentine
3146 3838 3435 3905 aacclesiae,
3468 3838 3561 3892 Vi-

1949 3923 2118 3995 gilius
2149 3925 2445 3997 episcopus
2471 3924 2942 3995 Scaravaciensis,
2970 3926 3241 3983 Fonteius
3262 3927 3563 4001 episcopus

1949 4012 2272 4084 Feltrensis,
2293 4016 2609 4071 Marcianus
2645 4016 2943 4088 episcopus
2962 4016 3280 4085 Petenatis;
3313 4017 3562 4072 Lauren-

1946 4105 2065 4160 cius
2096 4105 2399 4179 presbiter,
2420 4108 2478 4161 et
2495 4105 2741 4161 Marinus
2763 4104 3069 4178 presbiter,
3098 4108 3273 4178 atque
3298 4105 3560 4162 Emerius

199 4197 384 4270 jecit,
413 4194 515 4251 ubi
542 4196 601 4250 et
623 4194 1045 4250 monachorum
1068 4193 1377 4248 cenobium
1400 4193 1597 4248 adesse
1614 4208 1841 4249 necnon
1942 4194 2246 4267 presbiter,
2267 4193 2661 4266 provinciales,
2684 4198 2742 4249 et
2758 4194 2933 4249 ceteri
2951 4193 3274 4267 presbiteri,
3291 4197 3410 4249 tam
3433 4211 3558 4251 me-

205 4284 629 4342 etBarbanum
648 4283 919 4338 abbatem
931 4281 1056 4336 fieri
1075 4281 1380 4337 ordinavit.
1400 4280 1576 4353 Hujus
1588 4297 1842 4355 namque
1944 4282 2281 4354 tropolitani
2311 4300 2600 4356 quamque
2627 4294 2683 4339 et
2703 4283 2963 4340 Plebani.
2998 4283 3210 4337 Omnes
3235 4281 3327 4338 isti
3358 4300 3560 4356 supra-

206 4374 413 4431 socius
444 4371 519 4428 ad
550 4371 787 4446 propria
814 4372 1112 4427 remeavit.

1868 4384 1922 4444 D
1941 4373 2135 4445 scripti
2167 4373 2630 4443 consencierunt,
2679 4377 2737 4428 et
2779 4373 2979 4429 omnia
3009 4373 3067 4427 in
3095 4371 3303 4428 eodem
3331 4381 3400 4416 ίσσ
3430 4374 3556 4430 loco

283 4461 415 4534 (fol.
438 4460 514 4532 7')
546 4462 609 4515 ιιι
643 4460 849 4516 eadem
883 4476 1016 4516 vero
1044 4459 1248 4515 sinodo
1277 4458 1430 4532 (133)
1459 4475 1635 4531 quam
1667 4475 1842 4533 supra
1942 4462 2455 4519 conﬁrmaverunt.

206 4548 701 4617 memoravimus,
730 4548 1002 4622 quicquid
1024 4548 1096 4603 de
1117 4547 1529 4604 Calcedonensi
1544 4548 1841 4604 dubitaba-

207 4646 313 4696 tur
343 4638 617 4703 concilio,
646 4640 809 4711 pulsa
852 4638 1231 4711 ambiguitate
1273 4638 1684 4694 confirmatum
1729 4642 1834 4695 est.

202 4730 423 4801 Ibique
444 4727 644 4784 statuit
659 4728 975 4784 secclesiam
997 4728 1349 4784 Gradensem
1364 4731 1604 4802 caputet
1619 4730 1836 4784 metro-

204 4818 407 4891 polim
420 4816 601 4872 tocius
613 4833 717 4890 pro
725 4816 904 4872 vincie
921 4816 1337 4889 Hystriensium
1357 4820 1415 4872 et
1429 4817 1800 4873 Venetiarum
1816 4835 1834 4883 ;

2014 4551 2145 4605 Post
2173 4568 2358 4606 annos
2402 4551 2659 4624 quinque
2682 4552 2788 4607 hec
2838 4560 2907 4594 ιθτ
2940 4552 3140 4606 omnia
3169 4552 3558 4625 suprascripta

1940 4642 2173 4710 pcracta
2196 4639 2255 4694 in
2284 4639 2409 4712 ipsa
2440 4640 2576 4695 sede
2607 4640 3058 4715 metropolitana
3110 4640 3423 4710 Gradense,
3455 4641 3555 4696 de-

1937 4729 2165 4784 functus
2196 4736 2266 4771 ιδθ
2288 4732 2825 4801 supramemoratus
2851 4730 3035 4785 Helias
3080 4729 3429 4803 patriarcha,
3460 4731 3555 4803 qui

1939 4816 2105 4871 annis
2135 4817 2540 4890 pontiﬁcatum
2571 4818 2717 4872 rexit
2742 4820 2806 4872 14
2831 4822 2891 4873 et
2920 4819 3215 4875 mensibus
3244 4819 3330 4888 10,
3356 4819 3555 4875 diebus

202 4905 647 4979 cujusVenetise
662 4905 1357 4961 terminusaPannoniam
1372 4922 1550 4979 usque
1564 4905 1836 4961 adAdam
1938 4909 2028 4973 21,
2062 4909 2119 4961 et
2148 4907 2401 4977 sepultus
2431 4910 2517 4961 est
2544 4906 2604 4961 in
2632 4906 2888 4962 aacclesia
2916 4906 3100 4962 beatm
3133 4907 3404 4966 Eulimie.

205 4995 462 5052 ﬂuvium
490 4995 830 5067 protelatur.
863 4993 1293 5066 Epistolamque
1335 5009 1441 5065 pro
1483 4993 1575 5049 his
1612 4994 1838 5049 statutis

2010 4995 2147 5049 Huic
2178 4994 2442 5051 successit
2475 4995 2713 5051 Severus
2753 4996 3080 5067 patriarcha
3129 4997 3202 5052 ad
3232 4998 3550 5070 regendam

1533 5112 1771 5169 VARIxE
1823 5114 2116 5169 LECTION
2128 5113 2230 5171 ES.

288 5220 366 5285 ξω
385 5212 781 5285 apostolorum
820 5209 870 5270 1.
949 5219 1016 5285 ιμοί
1046 5227 1346 5284 processor
1368 5226 1415 5266 c.
1495 5219 1569 5285 ίθξ
1593 5212 1778 5285 ὴγιγειινί
1805 5215 1859 5268 5.
1936 5220 2006 5254 ιω
2038 5213 2212 5285 modo
2234 5216 2298 5285 5‘5.
2380 5221 2447 5255 ιοί
2478 5230 2728 5269 unorum
2760 5216 2815 5270 5.
2849 5220 2898 5268 et
2943 5231 3103 5284 supra
3137 5212 3323 5285 chron.
3359 5211 3549 5285 Venet.

203 5283 321 5339 col.
352 5283 612 5341 881-883.
694 5291 764 5326 ωδ
782 5283 1124 5357 marcianus
1151 5287 1270 5343 5.et
1296 5299 1463 5357 supra
1486 5283 1585 5341 col.
1603 5283 1867 5341 881-883.

207 5357 447 5426 carrigit
471 5360 526 5412 5.
605 5362 676 5398 ιιι
701 5358 787 5411 est
815 5354 972 5411 addit
1012 5359 1064 5410 5.

1947 5292 2016 5327 ωδ
2039 5284 2209 5339 edem
2232 5283 2284 5341 l.
2364 5293 2433 5327 1⁸⁷
2465 5286 2554 5341 his
2583 5285 2853 5341 omnibus
2881 5281 3278 5357 soprascriptis
3308 5283 3554 5356 peractis

1779 5444 2002 5501 NOTAE.

305 5533 353 5607 (!
366 5534 451 5607 32)
486 5533 730 5607 (idem-

306 5601 447 5673 (133)
473 5606 558 5663 Cf.
591 5605 663 5663 de
694 5604 901 5662 Rubeis
926 5605 1299 5662 Monumenta
1334 5602 1596 5662 Ecclesiae
1622 5601 2000 5678 Aquleiensis,
2034 5617 2166 5677 pag.
2202 5606 2304 5661 235
2335 5621 2461 5679 sqq.
