3910 6174
462 373 566 435 931
1673 377 1846 437 JOAN
1854 377 1965 437 NIS
2004 379 2288 438 DIACONI
2320 379 2568 439 VENETI
3603 396 3693 454 952

465 496 821 555 Gradensem
845 493 1094 587 eandem
1109 495 1450 587 ascclesiam,
1472 496 1569 571 qui
1591 515 1796 556 omnes
1818 517 1946 556 suas
1962 518 2075 570 res,
2098 509 2154 568 Α
2182 502 2468 560 ordinavit
2485 503 2810 561 Iohannem
2854 503 3144 560 abbatem.
3166 502 3228 560 In
3253 520 3357 578 qua
3380 508 3482 562 tres
3495 507 3694 587 episcopi

467 605 579 661 que
610 587 680 643 de
704 589 1012 660 parentum
1027 586 1159 657 jure
1183 586 1407 654 habuit,
1437 587 1492 641 in
1507 589 1634 659 jam
1655 589 1808 644 dicta
1827 591 2082 646 aecclesia
2179 597 2596 650 consenserunt
2624 595 2744 650 Deo
2775 593 2880 648 sibi
2904 594 3212 662 contrario,
3243 597 3296 649 et
3313 612 3432 652 eum
3459 586 3697 659 consecra-

466 679 660 732 sancte
686 675 928 731 Eufimie
952 675 1218 748 reliquid,
1237 693 1342 749 per
1357 678 1856 733 testamentarium
1876 696 2078 735 vocem
2182 687 2407 739 verunt.
3089 693 3095 698 '

465 765 818 822 comendans
835 765 1414 836 sacerdotibusipsins
1429 767 1766 839 metropolis
1777 767 2079 823 Gradensis
2248 775 2467 829 Tamen
2501 781 2568 816 171
2600 777 2801 844 postea
2824 790 2928 845 per
2956 774 3254 846 epistolam
3277 775 3460 831 domui
3482 778 3701 836 Bonifacii

463 858 526 910 ut
549 855 657 928 ipsi
683 855 1014 928 superstites
1044 871 1143 910 seu
1170 854 1383 926 posteri
1415 871 1616 910 eorum
1646 872 1751 927 pro
1792 856 1880 910 his
1910 858 2081 912 rebus
2179 881 2346 936 papae
2379 862 2742 919 urbisRomaa
2759 866 2862 919 sub
2892 864 3138 918 eandem
3155 865 3704 936 metropolimGraden.

460 943 959 1016 specialiteromni
982 943 1073 999 die
1090 944 1315 1000 sabbati
1337 960 1441 1016 pro
1461 943 1582 1015 ipso
1605 945 1809 999 missas
1831 946 2082 1000 celebra-
2180 971 2300 1009 sem
2330 969 2388 1008 se
2421 953 2891 1024 subjugaverunt.
2939 953 3215 1008 Defuncto
3257 969 3382 1008 vero
3416 955 3702 1015 Candidiano

460 1035 792 1106 rent,atque
805 1032 1129 1088 oblationes
1145 1033 1489 1088 offerrerent
1508 1052 1522 1098 ;
1542 1049 1923 1105 mensamque
1937 1050 2078 1106 pau-
2181 1043 2507 1113 patriarcha
2538 1042 2688 1115 apud
2717 1043 3001 1098 Gradense
3023 1046 3291 1110 castrum,
3313 1045 3402 1116 qui
3432 1046 3574 1100 annis
3597 1050 3706 1103 τειίι

460 1137 668 1195 perum
684 1123 932 1179 instituit
952 1123 1072 1194 (/01.
1096 1122 1193 1194 δ’).
1230 1123 1398 1195 Cujus
1427 1125 1484 1178 et
1506 1123 1837 1178 testamenti
1860 1125 2080 1178 cartula
2180 1133 2499 1188 (ecclesiam
2533 1148 2777 1187 numero
2811 1133 3085 1205 quinque,
3137 1133 3392 1188 successit
3426 1134 3707 1205 Epiphanius

463 1213 618 1284 apud
639 1212 957 1268 ecclesiam
985 1211 1340 1267 Gradensem
1370 1214 1590 1277 manet,
1618 1215 1675 1266 et
1699 1228 1788 1266 res
1810 1229 1950 1284 quas
1970 1210 2076 1266 sibi
2181 1221 2278 1294 qui
2342 1224 2600 1277 sanctam
2659 1221 2976 1276 acclesiam
3040 1222 3384 1278 Gradensem
3429 1240 3562 1278 anno
3604 1242 3706 1291 uno,

460 1301 707 1374 reliquid
735 1301 858 1374 ipsa
889 1300 1143 1372 possidet
1166 1301 1442 1356 azcclesia.
1481 1301 1756 1356 Defuncto
1788 1317 1922 1355 vero
1954 1301 2076 1373 ipso
2181 1310 2477 1366 mensibus
2504 1312 2704 1377 tribus,
2738 1309 2940 1364 diebus
2971 1310 3240 1366 undecim
3275 1311 3603 1382 gubernavit;
3639 1313 3710 1384 qui

457 1390 791 1447 beatissimo
849 1390 993 1452 viro,
1053 1390 1206 1462 apud
1285 1390 1636 1445 Gradensem
1703 1389 2078 1462 melI‘OPOIim
2179 1404 2442 1455 mortuus
2483 1401 2541 1454 et
2584 1399 2836 1470 sepultus
2875 1402 2960 1454 est
3006 1399 3064 1454 in
3109 1399 3358 1455 aecclesia
3399 1401 3560 1455 beata:
3597 1402 3712 1456 Euﬁ-

459 1479 779 1535 {ecclesiam
810 1480 1064 1550 sepultus
1091 1482 1178 1533 est
1206 1478 1263 1534 in
1295 1477 1526 1534 basilica
1571 1479 1754 1533 beata:
1797 1478 2074 1533 Eufimiae.
2179 1488 2332 1544 mina,

461 1567 569 1632 Οιιὶ
617 1568 1024 1642 pontiﬁcatum
1068 1567 1214 1623 rex“
1256 1568 1422 1623 annis
1482 1584 1726 1623 numero
1772 1567 1971 1639 Viginti
2023 1570 2080 1622 et
2251 1577 2390 1634 Huic
2411 1578 2678 1634 successit
2695 1578 2997 1651 Ciprianus
3025 1578 3350 1650 patriarcha
3369 1579 3440 1633 ad
3459 1579 3713 1650 regendam

459 1658 590 1712 octo
623 1665 714 1724 ίθο,
747 1660 807 1712 et
837 1656 1038 1712 diebus
1067 1655 1311 1728 triginta
1340 1659 1397 1711 et
1429 1673 1568 1714 uno.

2180 1667 2498 1724 mcclesiam
2534 1667 2908 1735 Gradensem,
2963 1667 3060 1739 qui
3103 1684 3232 1722 eam
3280 1667 3420 1722 rexit
3455 1666 3598 1722 annis
3636 1682 3712 1720 uu-

530 1745 667 1801 Huic
697 1744 962 1801 successit
989 1745 1312 1801 Marcianus
1341 1745 1686 1818 patriarcha,
1745 1745 1844 1816 qui
1898 1746 2076 1801 eccle-
2109 1827 2145 1830 _
2180 1774 2342 1813 mero
2371 1758 2723 1830 quindecim,
2774 1758 3068 1813 mensibus
3107 1758 3311 1824 tribus,
3359 1755 3543 1812 diebus
3579 1755 3715 1825 γίείη.

459 1832 604 1890 siam
632 1833 982 1888 Gradensem
1012 1833 1159 1888 rexit
1189 1833 1358 1889 annis
1398 1849 1642 1888 numero
1659 1832 1860 1901 tribus,
1879 1849 2076 1888 mense
2108 1827 2243 1900 Βιί,
2279 1849 2347 1902 Et
2387 1827 2502 1903 Ῐιοο
2543 1850 2796 1914 mortuo,
2853 1847 3108 1918 sepultus
3163 1850 3248 1901 est
3295 1845 3351 1900 in
3389 1845 3571 1900 eadem
3607 1841 3720 1897 basi-

457 1938 598 1988 uno,
617 1921 820 1978 diebus
833 1922 1113 1995 quinque.
1129 1923 1351 1978 Mortuo
1366 1939 1499 1978 vero
1524 1922 1646 1994 ipso
1667 1923 1820 1994 apud
1836 1921 2001 1977 Gradl

2180 1935 2289 1991 lica
2349 1935 2445 1990 ubi
2497 1935 2866 2007 suprascripti
2910 1935 3346 2007 predecessores
3391 1933 3504 2004 ejus
3549 1929 3718 1986 humati

454 2009 514 2065 id
546 2019 617 2054 170
643 2013 728 2066 est
759 2027 970 2067 novam
991 2011 1336 2084 Aquileiam,
1361 2013 1615 2083 sepultus
1646 2011 1805 2066 estin
1825 2009 2080 2066 aecclesia
2179 2025 2331 2080 sunt,

458 2099 648 2156 heat-88
675 2099 956 2156 Ellﬁmitﬁ-
2251 2113 2438 2169 isdem
2465 2129 2600 2168 vero
2627 2128 2777 2185 papa
2805 2111 3113 2184 providens
3165 2109 3390 2166 utilitati
3434 2110 3617 2164 sancta:
3648 2104 3723 2162 Dei

526 2189 666 2244 Ηυίο
709 2189 977 2245 success“
1028 2188 1419 2245 Candidianus
1465 2189 1793 2260 ΡείίνίθιιέῙὶίπι
1841 2189 1899 2244 in
1958 2187 2082 2260 ipsa
2181 2201 2473 2268 aecclesiaa,
2501 2202 2831 2256 interventu
2862 2200 3331 2272 supradictorum
3361 2196 3724 2268 Primogenium

457 2277 850 2351 suprascripta
879 2278 1193 2350 metropoli
1223 2277 1521 2335 Gradensi.
1565 2278 1682 2334 Sub
1731 2278 1892 2349 cujus
1931 2281 2001 2332 te:

2181 2290 2620 2357 subdiaconum,
2675 2289 3070 2362 regionarium
3129 2289 3283 2344 sedis
3329 2286 3636 2360 apostolicae,
3672 2283 3725 2338 ad

450 2381 594 2438 pore
611 2383 714 2438 per
729 2382 1076 2422 consensum
1093 2366 1345 2438 Agilulfi,
1367 2365 1519 2438 regis
1537 2365 2076 2438 Longabardorum,
2180 2380 2428 2435 eandem
2456 2378 2832 2450 ωθιιιοροιίω
2860 2377 3189 2451 regendam
3215 2376 3435 2434 direxit.

452 2452 702 2510 Gisulfus
747 2454 859 2510 dux
889 2470 995 2526 per
1034 2454 1276 2510 forciam
1329 2454 1662 2526 episcopum
1697 2455 1757 2509 in
1808 2453 2080 2524 Forojulli

628 2583 1318 2690 CHRONICI
1388 2582 2184 2689 GRADENSIS
2257 2579 3446 2688 SUPPLEMENTUM
3505 2566 3606 2678 “1.

527 2769 872 2826 Fortunatus
907 2768 1146 2842 quidam
1178 2769 1466 2826 hereticus
1495 2770 1897 2843 pontificatum
1931 2769 2073 2825 arri-
2178 2769 2393 2824 simum
2422 2768 2809 2824 Iustinianum
2831 2769 2983 2842 (134)
3006 2771 3317 2840 augustum
3339 2767 3498 2838 huius
3516 2763 3587 2819 rei
3604 2760 3730 2816 inda-

452 2857 605 2932 puit;
641 2859 738 2931 qui
796 2858 1063 2931 quintam
1108 2857 1379 2914 sinodum
1429 2859 1672 2914 minime
1704 2859 1965 2926 credens,
1999 2860 2073 2914 ob
2177 2858 2385 2929 gaudes
2441 2874 2633 2925 causa,
2677 2857 2923 2928 qualiter
2961 2856 3083 2928 ipse
3135 2856 3501 2929 baptismales
3536 2847 3731 2907 ecclesiae

453 2947 539 3003 sui
579 2947 791 3004 erroris
811 2948 1104 3020 piaculum
1134 2964 1370 3020 pavens,
1396 2951 1580 3003 totam
1598 2948 1913 3003 {ecclesiam
1936 2949 2072 3003 Gra-
2176 2946 2483 3001 denudataa
2513 2946 2774 3013 fuissent,
2829 2945 2983 3018 quod
3025 2947 3084 2999 et
3114 2942 3477 3016 Longobardi
3507 2957 3617 2995 suos
3641 2936 3730 3006 epi-

453 3035 694 3092 densem
709 3037 1226 3108 metropolitanam
1252 3036 1632 3091 denudansin
1654 3053 1793 3091 auro
1828 3041 1885 3091 et
1903 3036 2074 3091 vesti—
2097 3084 2144 3144 C
2175 3051 2376 3107 scopos
2407 3051 2442 3089 a
2468 3033 2680 3089 diocesi
2722 3034 2843 3106 ejus
2896 3033 3239 3089 subtrahere
3269 3032 3580 3095 voluissent,
3602 3029 3648 3081 et
3667 3024 3730 3096 ip-

453 3124 661 3144 L____A_I
691 3128 1022 3144 Δγ,κ.ῌ..ηικ
1085 3124 1342 3144 ,!,,,2I81-,_
1381 3132 1448 3144 nu.
1495 3128 1537 3144 Αι
1594 3142 1642 3144 Α-
1686 3127 1725 3144 I,
1773 3126 1809 3144 ',
1885 3127 1898 3144 Ἰ
1936 3143 1945 3144 κ
1977 3125 2038 3144 γι·
2349 3127 2384 3144 ιι
2424 3142 2673 3144 γκκηηη--
2739 3142 2753 3144 ,
2785 3126 2880 3144 κη]
2943 3143 2986 3144 κγ
3056 3124 3160 3144 3-,3
3215 3122 3562 3144 _-_12___2__-..L
3612 3117 3729 3144 ’νη-η

450 3124 557 3182 bus
577 3125 665 3179 vel
683 3128 1054 3192 ornamento,
1077 3124 1344 3180 similiter
1380 3132 1450 3167 17³
1487 3128 1544 3180 et
1585 3126 1851 3181 ecclesias
1885 3125 2071 3198 bapti-
2097 3117 2144 3144 υ
2175 3143 2301 3182 sum
2347 3127 2681 3181 thesaurum
2733 3126 2885 3198 apud
2937 3143 2995 3180 se
3055 3124 3165 3196 ipsi
3215 3122 3580 3179 retinuissent.
3612 3117 3729 3171 Tunc

453 3214 668 3269 smales
694 3213 1004 3286 provincia:
1035 3213 1276 3285 Hystriae
1311 3221 1379 3256 17‘
1403 3217 1463 3268 at
1497 3214 1831 3287 sinochagia
1852 3223 1920 3258 ίτδ
1945 3232 2072 3287 quae
2177 3216 2413 3270 demum
2440 3214 2560 3286 ipse
2591 3214 2879 3288 piissimus
2907 3213 3232 3286 imperator
3261 3227 3460 3268 aurum
3489 3211 3539 3264 et
3567 3220 3731 3278 argen-

457 3303 532 3358 ad
554 3302 804 3358 eandem
835 3302 1154 3358 aacclesiam
1179 3301 1528 3357 Gradensem
1577 3304 1872 3374 pertinere
1912 3303 2071 3358 vide-
2174 3307 2300 3358 tum
2324 3305 2452 3375 plus
2477 3303 2702 3358 remisit
2733 3318 2909 3374 quam
2942 3310 3012 3344 178
3042 3302 3442 3372 perdiderant,
3474 3301 3526 3352 et
3550 3297 3732 3364 insuper

450 3391 688 3456 bantur,
709 3390 909 3462 fugam
941 3389 1000 3444 in
1033 3390 1502 3461 Lougobardiam
1553 3391 1737 3462 petiit,
1781 3392 1934 3462 apud
1985 3408 2074 3447 ca-
2175 3391 2371 3447 sedem
2397 3390 2714 3446 beatissimi
2745 3389 2916 3445 Marci
2943 3391 3298 3460 evangelista
3325 3388 3582 3458 dirigens,
3600 3394 3732 3454 quam

450 3481 635 3533 strum
667 3477 987 3533 Cormones
1008 3494 1179 3550 super
1204 3477 1495 3533 civitatem
1531 3479 1856 3551 Aquileiam
1881 3479 2069 3536 milia-
2175 3481 2248 3536 ab
2276 3481 2623 3536 Alexandria
2653 3480 2940 3536 Heraclius
2966 3483 3244 3551 angustus
3266 3479 3325 3535 in
3354 3478 3560 3549 regiam
3577 3473 3732 3528 urbem

451 3566 540 3622 rio
566 3570 650 3620 15.
671 3565 886 3621 Contra
905 3567 1068 3636 cujus
1090 3566 1408 3638 nequitiam
1443 3571 1499 3621 et
1531 3567 1779 3622 heresim
1818 3567 2069 3641 epiSCOpi
2175 3569 2510 3626 adduxerat.
2544 3569 2762 3624 Mortuo
2796 3585 2930 3623 vero
2960 3567 3299 3624 beatissimo
3345 3565 3463 3622 viro
3493 3562 3730 3629 Primoge-

452 3653 825 3709 Venetiarum
842 3657 899 3709 et
919 3653 1340 3725 Hystriensium
1363 3657 1422 3709 et
1439 3654 1630 3710 clerici
1651 3654 2066 3727 Aquileienses,
2171 3657 2268 3713 nio
2292 3657 2406 3730 (an.
2438 3659 2584 3727 649),
2627 3657 2724 3730 qui
2767 3657 2935 3712 annis
2982 3673 3231 3711 numero
3287 3659 3378 3719 20,
3420 3650 3674 3710 mensibus
3695 3648 3731 3706 3.

454 3742 745 3816 quietiam
766 3743 1072 3798 Gradensis
1089 3743 1378 3806 (ecclesias,
1406 3743 1620 3815 scripta
1644 3761 1746 3799 sua
1777 3745 1850 3800 ad
1878 3746 2069 3800 Hono—
2170 3747 2373 3803 diebus
2398 3748 2589 3804 7rexit
2602 3747 3031 3821 pontificatum,
3049 3748 3310 3819 sepultus
3323 3749 3408 3802 est
3417 3745 3732 3816 juxtacorpus

452 3831 604 3888 rium
632 3849 847 3904 papam
876 3832 1229 3887 direxerunt.
1263 3831 1422 3887 Idem
1451 3840 1521 3874 ίτο
1547 3849 1682 3888 vero
1705 3849 1855 3907 papa
1877 3835 2066 3904 provi-
2169 3837 2546 3893 antecessoris
2595 3837 2678 3893 sui
2728 3835 3048 3892 beatissimi
3100 3835 3398 3908 Cypriani,
3450 3834 3504 3888 in
3552 3823 3732 3885 basilica

450 3921 593 3976 dens
621 3920 852 3976 utilitati
897 3923 1108 3975 sanctas
1141 3919 1243 3975 Dei
1290 3920 1580 3988 ecclesiae,
1629 3921 2066 3993 Primogenium
2169 3925 2354 3981 beatae
2386 3926 2682 3982 Eufemiaz.
2707 3925 2847 3980 Huic
2868 3924 3136 3981 successit
3155 3925 3434 3980 Maximus
3450 3913 3728 3995 prasul(an:

450 4010 762 4066 diaconum
790 4013 848 4065 et
892 4009 1288 4082 regionarium
1329 4018 1398 4052 177
1443 4011 1592 4066 sedis
1637 4012 1964 4084 apostolicze
1994 4013 2069 4068 ad
2171 4014 2314 4082 670),
2347 4014 2445 4086 qui
2469 4014 2635 4070 annis
2677 4029 2924 4069 numero
2965 4015 3034 4069 20
3076 4013 3223 4068 rexit
3270 4012 3658 4085 pontificatum,
3689 3983 3730 4055 εί

449 4100 699 4155 eandem
713 4098 1086 4169 metrepolim
1105 4099 1428 4171 regendam
1447 4099 1674 4166 direxit,
1709 4100 1853 4154 dans
1877 4104 1934 4155 et
1955 4101 2070 4171 cpi-
2171 4103 2424 4171 sepultus
2455 4105 2540 4157 est
2569 4103 2627 4157 in
2660 4102 2866 4158 eadem
2899 4101 3153 4157 basilica.
3185 4101 3406 4157 Deinde
3440 4088 3727 4154 successitad

448 4189 656 4242 stolam
671 4185 1031 4242 auctoritatis
1044 4186 1769 4258 apostolicasinnodantem
1785 4205 2072 4243 memora-
2169 4191 2492 4262 regendam
2523 4191 2841 4246 (ecclesiam
2871 4190 3204 4262 Stephanus
3230 4190 3458 4261 praesul,
3491 4185 3574 4260 qui
3603 4177 3727 4238 annis

447 4273 490 4329 ti
517 4274 814 4330 Fortunati
844 4276 1116 4330 heresim.
1146 4275 1304 4330 Idem
1333 4278 1524 4331 autem
1550 4277 1952 4348 Primogenius
1967 4295 2072 4350 per
2170 4295 2415 4334 numero
2445 4284 2476 4335 5
2508 4280 2768 4351 pontifex
2806 4279 2933 4334 fuit.
2967 4280 3044 4333 E0
3075 4296 3213 4334 vero
3250 4281 3477 4333 mortuo
3514 4278 3608 4346 (an.
3632 4266 3723 4324 675i

444 4362 724 4418 visionem
758 4363 1126 4430 ammonitus,
1147 4380 1394 4435 corpora
1409 4364 1564 4421 beati
1588 4366 1992 4421 llennachorze
2012 4369 2070 4420 et
2095 4408 2147 4467 D
2169 4369 2342 4439 atque
2371 4369 2594 4440 sepulto
2621 4367 2681 4422 in
2701 4367 3289 4437 eodem‘castrojuxta
3311 4367 3585 4422 basilicam
3610 4354 3724 4467 bealli

445 4451 702 4506 martiris
726 4456 899 4522 atque
921 4453 1213 4523 pontiﬁcis
1248 4455 1307 4508 et
1337 4453 1517 4508 sancti
1551 4453 1748 4508 Felicis
1780 4457 1836 4506 et
1865 4455 2066 4510 Fortu-
2095 4442 2444 4510 "Johannis
2495 4456 2883 4528 euvangeliste
2929 4454 3097 4524 (135),
3151 4454 3529 4510 Christoforus
3551 4442 3722 4520 έριδωευι

444 4538 589 4608 nati,
617 4539 726 4595 sita
758 4539 1009 4595 miliario
1059 4541 1261 4608 tercio,
1289 4543 1349 4596 in
1395 4543 1747 4598 Gradensem
1778 4543 2066 4598 civitatem
2167 4545 2413 4615 suscepit
2457 4544 2758 4599 ecclesiam
2798 4544 3150 4599 Gradensem
3196 4542 3532 4614 regendam,
3578 4533 3656 4608 qui
3682 4532 3722 4584 in

443 4627 702 4696 adduxit,
730 4628 924 4700 ibique
966 4628 1227 4700 diligenti
1273 4646 1411 4685 cura
1450 4632 1740 4704 deposuit;
1786 4636 1843 4686 et
1887 4649 2065 4705 usque
2164 4633 2557 4705 patriarcgatu
2580 4633 2717 4688 vixit
2733 4633 2899 4688 annis
2931 4649 3175 4688 numero
3210 4635 3299 4700 32,
3333 4636 3390 4686 et
3416 4631 3646 4684 mortuus
3661 4621 3722 4674 est

440 4717 614 4772 hodie
659 4716 918 4789 pontifex
952 4715 1196 4773 civitatis
1237 4719 1539 4774 Gradensis
1584 4721 1752 4793 pallei
1797 4721 2064 4776 benedic-
2163 4724 2336 4794 atque
2385 4723 2641 4793 sepultus
2683 4723 2742 4777 in
2779 4723 2984 4777 eadem
3021 4721 3257 4776 basilica
3301 4721 3416 4792 (an.
3458 4719 3588 4784 685).
3619 4707 3722 4766 Huic

438 4805 659 4861 tionem
681 4824 715 4860 a
743 4823 973 4862 summa
991 4807 1125 4862 sede
1149 4809 1816 4880 apostolicapromeruit.
1834 4813 1907 4864 At
1923 4827 2057 4867 vero
2162 4811 2429 4866 successit
2451 4813 2708 4867 Donatus
2733 4812 2972 4866 antistes
3006 4811 3115 4877 (an.
3150 4811 3302 4882 717),
3335 4809 3489 4879 cujus
3508 4810 3722 4873 tempore

439 4899 972 4966 supramemoratus
985 4895 1313 4968 patriarcha
1327 4897 1730 4970 Primogenius
1745 4900 2054 4972 apocrisia-
2160 4901 2524 4973 Langobardi
2547 4917 2653 4972 per
2671 4901 2904 4957 fortiam
2926 4899 3144 4955 Sereno
3164 4900 3330 4970 Foroj
3342 4899 3542 4953 ulensis
3567 4888 3711 4947 ωείτιε-

436 4981 590 5038 rium
620 5000 788 5039 suum
805 4983 1064 5057 dirigens
1086 4985 1144 5041 in
1161 4985 1386 5058 regiam
1405 4987 1605 5043 urbem
1628 4988 1702 5044 ad
1720 4988 1904 5044 virum
1923 4987 2055 5061 piis-
2158 4989 2254 5045 sias
2286 4989 2716 5062 archiepiscopo
2760 5007 2794 5044 a
2843 5005 3074 5044 summa
3100 4989 3236 5043 sede
3277 4989 3520 5059 palleum
3549 4977 3721 5035 detule'

1758 5107 1994 5163 VARUE
2045 5107 2337 5164 LECTlON
2342 5108 2445 5164 ES.

507 5211 585 5281 ηεξ
605 5201 756 5259 XXXI
783 5208 836 5261 5.
916 5203 1054 5281 170_i.
1088 5222 1140 5260 e.
1175 5223 1234 5261 n.
1333 5245 1346 5260 .
1373 5206 1564 5281 (Iesyut
1587 5209 1645 5281 Δἒξ.
1699 5214 1793 5281 “171
1829 5205 1893 5260 In
1921 5208 2166 5281 margine
2195 5207 2590 5281 eademptanu,
2621 5226 2728 5281 qua
2760 5214 2935 5281 textas
2965 5213 3212 5281 erarat-us
3239 5212 3319 5281 est
3341 5205 3645 5281 adnotatur}
3670 5195 3715 5281 ξξι

431 5276 698 5355 hoc_loco
725 5275 1046 5355 necessaria
1075 5281 1162 5333 est
1189 5277 1431 5355 cpistola
1457 5277 1736 5355 Bonifacii
1764 5294 1912 5355 pape
1947 5279 1998 5338 1.
2040 5269 2147 5355 '17?
2189 5296 2253 5355 at
2295 5279 2447 5355 codd.
2501 5269 2659 5355 5.
2735 5287 2805 5355 1778
2845 5279 3103 5355 simul_6.
3183 5286 3252 5320 ιτα
3307 5274 3559 5355 hystoria:
3592 5269 3714 5355 5.15-

431 5355 502 5459 :7=
533 5349 580 5460 i.1
587 5364 652 5460 τε.
685 5348 1067 5476 xenonoclgia.
1148 5348 1409 5404 "ﬁdem
1437 5379 1511 5390 —
1540 5348 1746 5405 direxit
1766 5348 1887 5421 idin
1916 5368 2079 5422 supra
2110 5352 2166 5405 in
2191 5353 2299 5421 ﬁne
2327 5351 2572 5408 codicum
2603 5350 2652 5407 1.
2683 5355 2736 5407 2.
2772 5354 2825 5408 3.
2855 5353 2909 5408 4.
2949 5351 3185 5405 hobetur.
3269 5357 3338 5391 I77
3368 5348 3711 5418 ragionarium

447 5424 484 5478 ί.
663 5421 940 5490 quoniam
1013 5461 1026 5475 .

1991 5538 2221 5595 NOT/E.

499 5635 646 5709 (134)
675 5637 820 5695 Cum
857 5636 1120 5695 Dandulo
1151 5637 1281 5708 lege
1310 5635 1650 5693 Heracliam.
2222 5638 2371 5706 (135)
2397 5639 2767 5711 Agathonem
2796 5637 2888 5695 hic
2919 5636 3121 5695 inserit
3144 5635 3446 5708 Ughellius.
