3960 6174
285 388 377 448 983

1546 394 1945 454 CHRONICON
1984 396 2372 455 GRADENSE.

3514 409 3621 469 955

293 522 425 578 ωηι
455 526 531 565 m
563 514 882 593 apostolica
912 514 1233 589 primitus;
1264 517 1356 576 cui
1373 519 1737 579 beatissimus
1762 540 1912 597 papa
1933 525 1990 585 Α
2026 525 2101 580 ad
2134 525 2483 583 munitatem
2512 528 2830 601 respitiant,
2858 530 2917 585 et
2944 526 3043 586 illa
3062 536 3132 575 1⁸⁸
3164 531 3448 605 satagere,
3472 536 3628 592 unde

293 610 600 684 Gregorius
624 608 929 681 epistolam
965 606 1207 672 direxit,
1240 608 1691 667 interdicentem
1720 622 1791 655 180
1825 613 1918 668 in-

291 704 371 757 ter
399 704 652 759 ceteras.
687 714 757 753 ne
787 713 1077 768 umquam
1106 697 1305 753 aliena
1328 700 1462 770 jura
1488 700 1917 764 invaderet,aut

292 801 344 835 ιιι
378 787 726 846 temeritatis
754 803 892 842 ausu
929 794 1003 828 182
1030 790 1345 857 usurparet
1363 789 1512 859 juris
1527 789 1803 845 ditionem
1823 808 1915 846 cu-

281 882 578 953 jusquam,
603 881 686 934 set
704 878 762 932 in
792 877 880 932 bis
902 878 1066 931 esset
1094 879 1473 948 contemptus
1500 887 1568 921 18³
1590 896 1717 950 quae.
1735 896 1913 951 usque

285 974 417 1025 tunc
442 968 798 1041 possedisset.
832 967 903 1020 Et
943 981 1016 1020 ex
1052 963 1408 1021 auctoritate
1437 968 1751 1038 apostolica
1774 984 1915 1039 prae-

282 1058 428 1130 cepit
458 1057 582 1131 ipse
611 1055 971 1112 beatissimus
1028 1069 1209 1124 papa,
1271 1071 1385 1109 nec
1442 1057 1556 1111 ullo
1597 1056 1769 1111 modo
1795 1060 1911 1111 ter-

287 1147 477 1203 minos
503 1146 813 1213 excederet,
841 1161 876 1198 a
904 1144 1149 1198 Donato
1183 1145 1440 1213 praesule
1470 1145 1758 1199 Gradense
1780 1161 1911 1216 pos-

283 1252 483 1303 sessos,
515 1237 604 1291 set
638 1234 737 1289 sibi
766 1233 1068 1288 sufﬁceret
1118 1229 1177 1285 in
1236 1231 1329 1285 his
1396 1250 1525 1304 qum
1563 1232 1910 1304 possidebat,

286 1342 383 1382 nec
410 1323 662 1395 amplius
688 1339 857 1394 quam
910 1320 973 1375 in
1029 1320 1245 1374 finibus
1273 1322 1488 1391 procul
1520 1321 1694 1376 dubio
1726 1319 1913 1391 gentis

288 1412 802 1486 Langobardorum
876 1425 1146 1482 gressum
1199 1408 1458 1463 tendere
1514 1411 1910 1479 praesumeret.

289 1502 452 1567 Quod
481 1500 527 1555 si
561 1499 886 1555 inobediens
942 1497 1171 1565 fuisset,
1221 1495 1541 1568 apostolici
1571 1496 1782 1567 vigoris
1831 1495 1915 1549 in-

291 1591 503 1663 dignus
555 1587 918 1660 judicaretur.
952 1587 1181 1642 Mortuo
1220 1600 1370 1639 vero
1411 1585 1638 1639 Donato
1669 1583 1912 1655 patriar-

290 1680 414 1745 cha,
447 1677 548 1749 qui
580 1675 738 1732 annis
784 1691 1037 1730 numero
1095 1679 1125 1728 7
1176 1671 1331 1727 rexit
1365 1671 1798 1743 pontiﬁcatum,
1830 1689 1917 1726 se-

295 1769 491 1841 pultus
521 1768 607 1820 est
630 1764 687 1819 in
718 1763 949 1819 basilica
976 1764 1193 1817 sanctas
1220 1759 1532 1815 Eufemias.

2017 629 2137 667 non
2169 623 2238 656 18°
2265 632 2332 669 ex
2363 618 2646 687 potestate
2674 618 2944 673 divinitus
2958 634 3226 675 concessa
3239 622 3626 693 suppliciased

2014 702 2258 771 praemia
2289 708 2609 775 sperentur.
2648 705 2926 762 Convenit
2956 709 3134 776 enim,
3169 712 3232 765 ut
3270 726 3403 765 cum
3453 712 3623 768 unius

2014 789 2158 843 votis
2181 807 2473 861 paremus,
2508 794 2738 849 alterius
2760 797 2895 867 jura
2936 814 3053 852 non
3084 798 3444 855 fraudentur.
3475 801 3622 865 Quia

2016 892 2156 947 ergo
2189 878 2363 934 missa
2391 881 2689 949 relatione,
2723 901 2828 939 nos
2855 902 2888 938 a
2918 886 3034 941 Deo
3064 888 3276 941 salvata
3300 890 3621 943 communi-

2014 967 2103 1019 tas
2125 974 2196 1008 ίοο
2224 972 2412 1023 vestra
2431 970 2616 1039 petiit,
2648 974 2851 1026 contra
2882 974 3028 1027 Foro
3052 974 3344 1043 julensem
3392 976 3618 1031 antisti-

2013 1056 2135 1108 tem
2155 1060 2579 1129 agentes,quod
2593 1060 2784 1131 cupiat
2802 1061 3073 1116 invadere
3092 1062 3371 1119 ditionem
3392 1073 3458 1107 191
3479 1066 3619 1121 Gra-

2014 1142 2205 1197 densis
2232 1146 2571 1217 patriarchas
2599 1152 2657 1203 et
2686 1153 2748 1204 ut
2778 1166 3097 1222 numquam
3132 1153 3406 1208 excedere
3423 1154 3620 1209 termi-

2014 1248 2155 1286 num
2191 1234 2274 1287 vcl
2297 1233 2430 1304 jura
2453 1235 2721 1292 invadere
2753 1237 2978 1307 aliena;
3015 1240 3115 1294 sed
3147 1257 3252 1295 nec
3282 1242 3425 1297 velle
3462 1241 3522 1297 in
3548 1259 3619 1297 ea

2014 1336 2142 1389 quae
2156 1321 2434 1377 hactenus
2449 1326 2791 1395 possedisset
2813 1344 2933 1381 esse
2954 1331 3316 1397 contentum;
3337 1331 3425 1385 cui
3438 1332 3617 1386 etiam

2013 1406 2072 1461 in
2092 1425 2209 1479 prw
2220 1409 2364 1464 senti
2389 1428 2461 1466 ne
2489 1428 2557 1467 ea
2575 1416 2821 1485 temptet
2850 1431 2916 1468 ex
2936 1416 3277 1471 auctoritate
3303 1419 3620 1489 apostolica

2015 1495 2433 1565 interdiximus,
2451 1500 2615 1572 eique
2640 1518 2975 1557 concessum
3001 1503 3240 1573 pallium
3253 1506 3357 1560 sub
3376 1506 3485 1561 hac
3497 1524 3619 1563 esse

2015 1584 2370 1652 conditione,
2431 1587 2803 1655 dilectissimi,
2857 1590 3067 1646 sciatis.
3122 1592 3224 1647 Cui
3283 1593 3495 1662 denuo,
3549 1612 3622 1649 ne

2014 1676 2331 1743 praesumat
2355 1675 2651 1738 excedere,
2686 1677 3073 1749 praecipimus.
3127 1680 3207 1734 Ne
3238 1698 3377 1753 ergo
3400 1682 3647 1743 incuria_

2017 1760 2269 1829 quadam
2302 1764 2401 1815 aut
2426 1761 2639 1817 incidio
2670 1765 2860 1818 locum
2878 1782 3019 1836 gens
3040 1782 3244 1821 eorum
3270 1767 3626 1834 insidiando,

362 1853 577 1926 Incipit
600 1852 832 1924 epistola
853 1850 1013 1907 beati
1035 1847 1296 1920 Gregorii
1324 1863 1497 1921 papae
1513 1847 1686 1903 missa
1698 1848 1913 1903 Sereno
1938 1839 1990 1898 B
2018 1850 2081 1900 ut
2112 1848 2339 1915 assolet,
2371 1848 2625 1913 invadat,
2658 1852 2965 1923 pervigiles
2994 1857 3208 1917 cavete,
3247 1856 3436 1927 potius
3464 1857 3632 1915 solli-

299 1943 567 2017 episcopo
580 1941 738 2012 Foroj
748 1940 925 1996 ulensi
936 1939 1021 2006 ,in
1034 1938 1124 1993 his
1141 1936 1333 1992 verbis
1349 1935 1723 1992 interdicens:
1733 1939 1913 1992 «Tau-

298 2038 350 2089 to
374 2047 623 2088 munere
639 2030 874 2103 quisque
895 2028 1139 2094 ditatur,
1162 2029 1456 2098 quantum
1480 2025 1538 2079 in
1562 2025 1915 2081 sublimitate

294 2121 512 2194 positus
531 2119 601 2174 de
622 2136 679 2173 se
700 2134 766 2172 ex
796 2116 1082 2172 mandato
1119 2112 1347 2169 domini
1374 2113 1779 2185 Redemptoris
1807 2114 1914 2167 hu-

296 2209 509 2265 militer
543 2205 733 2262 sentit.
759 2204 987 2261 Etenim
1005 2202 1315 2276 pastoralis
1338 2201 1591 2273 dignitas
1606 2201 1912 2274 singulari-

296 2302 380 2353 ter
394 2314 462 2351 ex
490 2294 815 2350 humilitate
832 2289 1524 2362 ornatur.Spernendum
1543 2289 1754 2361 quippe
1775 2305 1912 2360 apo-

296 2386 494 2442 stolica
514 2383 683 2439 lectio
709 2383 904 2454 arguit
928 2382 1141 2448 elatos;
1177 2383 1235 2434 et
1263 2379 1308 2433 si
1339 2378 1771 2450 accepisti,quid
1787 2380 1912 2450 glo-

294 2474 458 2529 riaris
473 2472 632 2545 quasi
657 2487 774 2526 non
799 2468 1087 2541 acceperis
1105 2468 1134 2523 ?
1167 2468 1316 2521 Nam
1348 2466 1486 2520 dum
1519 2466 1593 2520 ad
1617 2468 1913 2521 cumulum

295 2563 371 2617 tui
407 2561 649 2617 honoris
681 2558 965 2632 praecibus
996 2556 1194 2611 eximii
1238 2552 1342 2609 ﬁlii
1370 2553 1549 2609 nostri
1581 2554 1733 2626 regis
1757 2555 1910 2623 ﬂexi,

290 2650 611 2723 plurimum
641 2650 699 2702 et
728 2664 831 2719 pro
863 2644 1221 2700 rectitudine
1256 2642 1415 2707 ﬁdei,
1437 2658 1611 2713 quam
1645 2646 1700 2697 te
1722 2647 1911 2699 tuam-

294 2755 404 2811 que
430 2734 753 2792 aacclesiam
785 2736 986 2789 tenere
1006 2736 1065 2787 et
1084 2729 1363 2803 amplecti
1382 2730 1913 2803 cognovimus,pro-

290 2823 765 2897 vocati,palleum
782 2821 887 2877 tibi
907 2821 1246 2886 direximus,
1264 2817 1672 2873 interdicentes
1691 2823 1747 2873 et
1761 2820 1913 2875 inter

290 2917 480 2970 cetera
498 2921 592 2979 ιει,
614 2927 687 2965 ne
709 2926 985 2981 umquam
1006 2909 1199 2963 aliena
1209 2906 1347 2978 jura
1362 2906 1680 2973 invaderes,
1709 2911 1807 2962 aut
1833 2910 1913 2963 te-

288 3000 580 3058 meritatis
593 3016 734 3055 ausu
746 3007 815 3041 185
830 3016 929 3053 usu
940 2996 1162 3070 rparesj
1175 2994 1294 3050 uris
1307 2994 1539 3050 ditionis
1551 2996 1910 3068 cujusquam;

289 3090 387 3145 sed
415 3088 480 3144 in
515 3087 610 3142 his
638 3102 786 3141 esses
800 3086 1108 3141 contentus
1124 3099 1258 3155 quae
1281 3098 1457 3153 usque
1483 3082 1760 3138 hactenus
1780 3100 1909 3155 pos-

290 3176 510 3233 sedisti.
544 3175 709 3229 Nunc
732 3190 888 3241 vero,
920 3177 984 3228 ut
1012 3171 1414 3244 cognovimus,
1446 3171 1747 3226 Gradensis
1772 3189 1913 3243 prae-

288 3267 423 3322 sulis
483 3263 693 3319 niteris
749 3262 1061 3334 pervadere
1086 3264 1245 3332 jura,
1279 3264 1452 3331 atque
1496 3277 1561 3315 ex
1592 3259 1680 3315 his
1708 3260 1912 3332 quibus

287 3353 551 3428 possedit
612 3367 765 3407 nunc
822 3368 1000 3422 usque
1030 3364 1332 3420 usurpare.
1383 3348 1462 3402 Ne
1494 3364 1632 3420 ergo
1668 3348 1726 3403 in
1767 3365 1911 3421 quo-

288 3460 466 3516 quam
502 3439 715 3496 existas
739 3442 1077 3506 temerator,
1127 3455 1195 3492 ex
1231 3436 1543 3508 apostolica
1572 3438 1911 3492 auctoritate

285 3530 690 3604 praecipimus,
749 3545 822 3583 ne
855 3528 969 3583 ullo
1003 3527 1183 3583 modo
1234 3524 1519 3581 terminos
1569 3525 1809 3581 excedas
1840 3526 1911 3580 ab

286 3637 357 3676 eo
384 3632 715 3692 possessos,
767 3617 868 3685 sed
909 3618 1098 3671 solum
1131 3613 1374 3669 sufﬁtias
1400 3613 1460 3668 in
1491 3613 1693 3686 hisque
1722 3617 1778 3669 te
1808 3616 1911 3670 ha-

287 3710 448 3777 beto,
489 3722 612 3780 quo
644 3705 820 3761 modo
872 3721 1053 3777 usque
1112 3701 1435 3774 possedisti,
1494 3719 1603 3757 nec
1664 3703 1915 3774 amplius

287 3813 470 3870 quam
504 3794 570 3851 in
600 3793 817 3850 ﬁnibus
848 3795 1047 3866 procul
1078 3792 1254 3848 dubio
1285 3791 1476 3861 gentis
1500 3791 1916 3862 Langobardo-

286 3903 421 3942 rum
462 3882 842 3941 existentibus
891 3897 1150 3953 gressum
1192 3879 1434 3936 tendere
1471 3896 1805 3952 prazsumas,
1853 3883 1917 3936 ut

288 3994 409 4033 non
437 3975 661 4046 injuste
681 3975 737 4027 te
766 3972 1075 4044 suscepisse
1106 3970 1356 4040 gratiam
1403 3969 1593 4025 collati
1637 3969 1810 4040 pallei
1847 3988 1915 4025 ex

284 4064 761 4140 praesumptione
791 4062 1079 4117 ostendas.
1114 4060 1183 4114 Et
1226 4059 1358 4113 inde
1391 4058 1691 4130 apostolici
1718 4058 1916 4131 vigore

285 4156 557 4223 concilii,
586 4153 633 4209 si
662 4151 1002 4208 inobediens
1048 4148 1248 4205 fuisses
1277 4149 1687 4220 conprobatus,
1721 4148 1913 4218 indig-

287 4264 403 4302 nus
419 4242 727 4317 judiceris.
754 4243 899 4296 Data
935 4240 1061 4295 Kal.
1095 4237 1446 4305 Decembris,
1479 4235 1915 4292 indictionis7.»

286 4336 461 4391 Idem
491 4329 806 4403 Gregorius
833 4345 938 4401 pro
968 4328 1077 4382 hac
1105 4342 1169 4380 re
1193 4326 1371 4380 talem
1402 4325 1476 4380 ad
1507 4325 1923 4398 episcoposVe-

2016 1934 2113 1989 citi
2146 1936 2217 1991 de
2246 1939 2433 1991 vestra
2461 1941 2592 2008 post
2628 1939 2886 1995 divinum
2910 1942 3242 2013 praesidium
3269 1947 3637 2019 percogitate

2017 2032 2087 2065 ιω
2118 2025 2317 2079 salute.
2363 2026 2508 2090 Quia
2544 2027 2686 2082 illud
2734 2045 2852 2083 non
2907 2031 3203 2086 occasione
3254 2032 3468 2103 agitur,
3538 2036 3643 2093 sed

2014 2112 2109 2166 ubi
2133 2117 2373 2183 possunt
2393 2116 2511 2169 Deo
2536 2115 2583 2185 ej
2594 2133 2656 2169 us
2687 2124 2757 2158 193
2774 2117 3079 2173 resistente
3097 2119 3305 2175 virtute
3320 2127 3640 2195 perpetra-

2015 2215 2077 2253 re
2107 2207 2175 2240 19‘
2208 2199 2488 2256 nituntur.
2521 2202 2796 2273 Optantes
2820 2221 2919 2260 vos
2960 2206 3031 2261 de
3057 2206 3279 2278 reliquo
3312 2207 3372 2262 in
3424 2226 3642 2272 amore

2014 2286 2237 2341 domini
2273 2288 2452 2343 nostri
2486 2290 2617 2345 Jesu
2648 2290 2856 2347 Christi
2877 2294 3113 2363 pollere,
3147 2297 3204 2349 et
3234 2294 3308 2350 ab
3339 2298 3513 2353 omni
3545 2301 3634 2358 in—

2012 2391 2218 2431 munes
2249 2378 2551 2433 aversitate
2577 2396 2833 2437 manere.
2867 2382 3019 2437 Bene
3044 2384 3245 2439 valete.
3282 2405 3309 2432 ››
3385 2384 3389 2393 ’

2086 2465 2320 2520 Interim
2355 2468 2551 2522 autem
2606 2468 2699 2523 hic
2756 2470 2958 2525 beatus
2985 2471 3292 2543 Gregorius
3324 2472 3632 2535 defunctus

2013 2557 2100 2609 est
2131 2555 2349 2621 Romae,
2380 2555 2468 2609 cui
2493 2557 2759 2612 successit
2780 2557 3462 2632 beatissimusGregorius
3476 2582 3630 2637 papa

2012 2643 2251 2710 tercius;
2279 2643 2375 2714 qui
2396 2647 2524 2714 post
2555 2645 2779 2700 obitum
2811 2646 3021 2701 Donati
3047 2647 3350 2704 Gradensis
3374 2653 3624 2722 patriar-

2011 2734 2116 2788 che
2156 2733 2459 2804 epistolam
2503 2752 2667 2790 suam
2698 2737 2906 2793 direxit
2945 2739 3223 2796 universis
3273 2742 3628 2800 Venetiensis

2013 2839 2113 2877 seu
2143 2821 2365 2877 Histriae
2415 2827 2473 2877 et
2520 2829 2726 2880 cuncto
2775 2829 3012 2898 populo,
3067 2831 3131 2883 ut
3171 2829 3517 2887 electionem
3564 2834 3625 2889 in

2012 2910 2365 2964 Gradensem
2398 2910 2788 2981 patriarcham
2841 2913 3120 2970 facerent.
3174 2917 3281 2981 Qui
3331 2922 3621 2991 praecepto

2012 2997 2272 3070 ejusdem
2312 3013 2477 3069 papas
2525 2999 2782 3071 Gregorii
2832 3003 3134 3074 elegerunt
3159 3006 3524 3062 Antoninum
3547 3009 3628 3063 vi-

2011 3104 2144 3141 rum
2176 3086 2648 3158 probatissimum
2671 3088 2731 3144 in
2765 3106 2914 3145 nova
2942 3094 3139 3148 sancta
3159 3094 3623 3169 Aquileiensipa-

2010 3175 2325 3230 triarcham
2356 3176 2654 3232 ecclesiam
2687 3179 2795 3248 (an.
2828 3179 2973 3251 725).
3009 3180 3115 3245 Qui
3147 3200 3181 3238 a
3212 3183 3382 3239 beato
3413 3184 3627 3259 Grego-

2012 3263 2097 3318 rio
2120 3280 2272 3335 papa
2292 3264 2470 3319 tercio
2493 3265 2658 3336 juxta
2679 3267 3043 3323 decessorum
3073 3286 3309 3326 suorum
3327 3277 3626 3346 exemplar

2013 3350 2383 3423 privilegium
2450 3370 2582 3408 cum
2626 3354 3030 3412 benedictione
3060 3358 3232 3430 pallei
3284 3364 3623 3419 consecutus

2016 3441 2120 3494 est.
2146 3439 2244 3493 Hic
2272 3440 2599 3497 Antoninus
2630 3450 2701 3485 19⁸
2720 3443 3051 3515 patriarcha
3075 3448 3431 3505 ammonitus
3464 3454 3551 3506 est
3594 3470 3629 3508 a

2012 3527 2290 3599 praedicto
2320 3529 2594 3602 Gregorio
2645 3547 2796 3603 papa
2825 3534 3071 3590 Romam
3102 3535 3177 3590 ad
3204 3537 3492 3609 synodum
3534 3556 3626 3595 oc-

2014 3631 2278 3685 currere;
2310 3619 2384 3674 ad
2413 3636 2589 3691 quam
2620 3622 2909 3693 synodum
2937 3622 3229 3680 Iohannes
3245 3626 3626 3699 archiepisco-

2014 3722 2121 3778 pus
2153 3707 2413 3761 Ravenas
2442 3711 2677 3763 vocatus
2706 3713 2795 3764 ost
2820 3714 3059 3783 propter
3090 3711 3377 3783 imagines
3407 3727 3537 3783 qua:
3568 3711 3628 3766 in

2015 3793 2177 3867 regia
2204 3796 2344 3850 urbe
2371 3796 2967 3868 deponerejubebant
2996 3799 3108 3854 Leo
3142 3802 3314 3872 atque
3345 3798 3627 3855 Constan-

2018 3883 2171 3937 tinus
2217 3883 2463 3955 augusti,
2490 3888 2549 3939 et
2568 3884 2788 3941 inlicite
2810 3886 3081 3958 conjugia
3108 3904 3238 3959 quae
3263 3903 3368 3960 per
3402 3885 3628 3943 diversa

2016 3972 2143 4026 loca
2172 3971 2408 4027 ﬁebant.
2442 3974 2575 4028 Post
2604 3974 2755 4029 hanc
2792 3974 3155 4030 vocationem
3183 3974 3508 4030 Antoninus
3524 3992 3627 4048 pa-

2019 4059 2270 4115 triarcha
2300 4077 2431 4115 cum
2488 4061 2602 4116 suis
2657 4062 3035 4134 suffraganeis
3066 4064 3314 4118 Romam
3353 4063 3428 4118 ad
3456 4080 3629 4134 syno-

2021 4148 2159 4202 dum
2193 4150 2479 4220 perrexit;
2512 4150 2571 4204 in
2603 4168 2718 4223 qua
2742 4152 2962 4223 synodo
2986 4150 3277 4207 definitiva
3304 4151 3500 4206 divisio
3542 4153 3631 4207 fa-

2021 4238 2114 4292 cta
2141 4241 2225 4292 est
2253 4238 2407 4293 inter
2446 4238 2809 4295 Antoninum
2856 4240 3208 4295 Gradensem
3238 4238 3630 4311 patriarcham

2023 4328 2081 4381 et
2111 4325 2395 4383 Serenum
2454 4327 2887 4399 Forojulensem
2946 4327 3289 4398 antistitem,
3315 4329 3481 4400 juxta
3508 4328 3629 4384 edi-

290 4423 472 4479 netia:
506 4423 570 4476 et
596 4417 834 4490 Hystrise
896 4414 1103 4470 direxit
1153 4414 1452 4486 epistolam
1484 4432 1501 4467 :
1535 4435 1563 4464 ‹‹
1594 4414 1920 4496 (ἔνθεοι-ἰαῦ,
1946 4423 2000 4483 D
2025 4419 2180 4472 ctum
2210 4417 2365 4472 beati
2390 4417 2648 4488 Gregorii
2670 4417 2925 4484 secundi,
2957 4416 3341 4473 conﬁrmante
3387 4419 3510 4473 tota
3540 4435 3629 4491 sy-

275 4526 489 4567 servus
515 4522 816 4564 servorum
847 4505 970 4573 Dei,
1005 4502 1327 4575 episcopus,
1345 4501 1622 4557 universis
1642 4501 1926 4573 episcopis
2026 4506 2179 4562 nodo
2213 4510 2270 4562 et
2301 4507 2650 4563 sententiam
2684 4506 3069 4563 anathematis
3111 4507 3173 4563 in
3229 4507 3400 4580 hujus
3428 4508 3613 4564 conﬁr

278 4599 554 4655 Venetiae
596 4612 698 4651 seu
737 4594 974 4666 Hystriee
1017 4591 1104 4646 vel
1160 4591 1317 4661 plebi
1365 4590 1647 4662 ejusdem.
1706 4590 1926 4654 Quam—
2025 4595 2299 4651 mationis
2328 4596 2635 4651 violatores
2664 4597 2935 4653 dictante.

277 4705 468 4762 quam
498 4704 569 4741 ex
596 4683 922 4740 ministerio
955 4680 1114 4754 quod
1139 4679 1513 4735 miseratione
1544 4695 1799 4752 superna
1828 4697 1923 4735 re-

275 4772 788 4851 gimus,quicquid
815 4771 1053 4845 provide
1078 4768 1453 4825 deliberando
1483 4785 1768 4842 peragere
1797 4769 1923 4825 abs-

282 4884 407 4939 que
441 4863 745 4921 ohstaculo
779 4861 1108 4928 conveniat,
1149 4861 1407 4915 attamen
1438 4875 1509 4913 ne
1540 4858 1752 4913 frustra
1765 4858 1921 4929 judi-

288 4957 457 5011 cium
484 4952 677 5025 egisse
703 4950 1000 5006 videamur
1048 4957 1138 5011 18°,
1191 4948 1287 5002 illa
1334 4948 1598 5020 cupimus
1623 4947 1915 5019 persequi,

276 5061 421 5117 qum
445 5058 567 5098 non
596 5047 664 5084 1³⁷
687 5039 761 5095 ad
780 5039 1065 5095 lesioncm
1095 5037 1462 5110 cujusquam,
1490 5052 1692 5092 verum
1724 5036 1916 5109 potius

2094 4685 2312 4741 Mortuo
2338 4702 2472 4741 vero
2504 4686 2630 4757 ipso
2648 4686 2943 4742 Antonino
2963 4686 3314 4758 patriarcha,
3339 4685 3437 4758 qui
3451 4703 3634 4743 annos

2020 4771 2585 4844 rexitpontiﬁcatum
2608 4777 2697 4844 22,
2730 4791 2958 4830 menses
2994 4778 3078 4842 lO,
3102 4774 3223 4829 dies
3255 4775 3346 4842 20,
3380 4775 3636 4847 sepultus

2021 4863 2107 4913 est
2139 4862 2195 4915 in
2223 4862 2432 4916 eodem
2464 4865 2653 4917 castro
2687 4862 2744 4916 in
2776 4862 3031 4917 aecclesia
3050 4865 3263 4918 sanctae
3304 4862 3627 4921 IEufemiaz.

2019 4948 2158 5003 Huic
2190 4949 2459 5005 successit
2477 4949 2820 5007 [Emilianus
2845 4951 3176 5023 patriarcha
3208 4956 3318 5019 (an.
3352 4951 3502 5024 749),
3534 4952 3633 5024 qui

2020 5037 2165 5091 rexit
2194 5037 2598 5110 pontificatum
2654 5056 2838 5095 annos
2895 5043 2948 5109 8,
3009 5040 3131 5095 dies
3160 5043 3211 5098 6.
3245 5041 3465 5097 Mortuo
3494 5056 3628 5096 vero

1612 5209 1849 5265 VARl/E
1905 5209 2309 5269 LECTIONES.

356 5368 435 5401 1⁷⁸
462 5359 604 5413 deest
633 5359 685 5410 ii.
762 5361 831 5397 ιθο
873 5352 1014 5409 deest
1049 5354 1102 5407 6;
1182 5358 1247 5392 ιει
1290 5366 1363 5405 au
1522 5351 1553 5404 6
1658 5356 1726 5433 1f!
1782 5348 1900 5403 ausi
1956 5353 2009 5404 5.
2057 5350 2109 5403 6.
2143 5357 2260 5433 ,ης
2327 5352 2365 5405 2'.
2418 5368 2464 5405 e.
2511 5353 2873 5433 contentusx
2918 5360 2987 5395 ίοι
3044 5348 3426 5433 prohibentes
3474 5348 3627 5433 addit

272 5430 580 5485 Dandulus
610 5429 664 5481 in
690 5426 931 5481 chronica
962 5442 1092 5495 pag.
1131 5421 1251 5477 132.
1334 5429 1401 5503 if”
1448 5438 1551 5503 usu
1582 5424 1633 5503 ὅτ
1668 5423 1721 5475 6.
1774 5429 1871 5503 ,ιδ-ξ
1913 5438 1987 5503 aL
2010 5420 2178 5503 nemf.
2331 5438 2382 5503 e.
2413 5439 2483 5503 _v.
2521 5422 2709 5503 desunt
2755 5428 2805 5480 5.
2846 5418 3118 5503 6._reeép_i_
3162 5437 3236 5503 eq
3271 5418 3626 5503 emeandulo

262 5520 339 5574 Ρ.
409 5502 538 5557 133.
617 5506 684 5574 ’ξιτ
740 5497 877 5574 deest
935 5492 989 5551 δ’.
1185 5495 1393 5574 18tum:
1446 5492 1561 5574 illa,
1597 5492 1784 5574 desunt
1843 5492 2009 5574 5.“6.
2043 5499 2159 5574 .1‘89
2216 5492 2390 5574 deesz
2412 5496 2463 5549 5.
2503 5495 2567 5574 r6.
2631 5503 2720 5574 _190
2772 5512 2822 5552 c.
2867 5498 2939 5574 _et
2988 5492 3257 5574 γςὸκιϐ.
3337 5498 3405 5534 191
3463 5492 3622 5574 inva-

275 5543 438 5629 5221-;
447 5543 909 5643 Euam/53%
937 5543 1250 5621 Esaiam:
1363 5543 1421 5618 ὃ.
1446 5543 1569 5603 Ψιῖη
1603 5543 1864 5635 cogitare
1884 5543 2179 5619 VDandulus
2194 5580 2256 5635 Ρ.
2294 5564 2418 5623 133.
2498 5573 2567 5607 ηδ
2593 5565 2674 5622 eis
2704 5583 2822 5623 non
2852 5566 2927 5621 D.
3006 5572 3073 5605 ίοι
3107 5563 3512 5637 obtemperare
3542 5564 3618 5619 Ι).

276 5654 357 5687 1³⁵
388 5642 662 5699 antonius
693 5645 745 5696 5.
779 5642 831 5695 6.
