3960 6174
476 381 585 440 963

1047 369 1372 431 BERIGERI
1409 369 1494 426 ET
1529 361 1826 455 ANSELMI
1865 366 2086 424 GESTA
2125 357 2352 434 EPISC.
2388 359 2642 421 TUNGR.
2671 359 2870 417 TRAJ.
2899 357 2983 416 ΕΤ
3021 359 3213 417 LEOD.

3611 375 3699 430 964

482 509 607 572 ante
634 504 802 564 altare
825 501 998 556 sancti
1028 499 1245 553 Thoma
1273 496 1500 568 apostoli
1525 497 1578 548 in
1609 495 1821 549 ecclesia
1848 493 1915 552 S.
1956 493 2088 548 Urs-
2110 495 2168 556 Α
2189 491 2536 560 Hcrigeru-m,
2602 487 2799 542 Verum
2846 486 2958 548 Deo
2989 493 3112 542 teste
3155 503 3263 542 non.
3293 491 3541 546 secundum
3563 510 3708 565 suam,

483 594 642 660 mari,
669 588 814 664 quod
841 586 1054 661 quidem
1081 584 1277 653 altare,
1310 581 1453 657 quod
1494 584 1550 635 in
1585 581 1668 636 die
1696 580 1928 652 ejusdem
1967 596 2092 653 apo-

479 681 604 736 stoli
627 679 904 736 ordinatus
946 681 1073 731 esset
1110 674 1299 741 abbas,
1331 671 1498 727 eidem
1528 669 1760 742 apostolo
1791 677 2096 725 construxe-

480 775 582 824 rat.
605 767 675 822 In
697 768 892 821 honore
921 766 1082 819 etiam
1105 763 1219 832 eius
1245 762 1380 816 duas
1407 760 1726 830 antiphonas
1755 774 1768 811 :
1802 757 1846 813 Ο
1873 759 2096 814 Thema

480 855 708 914 Didime
735 861 785 909 et
817 853 862 909 Ο
886 853 1106 908 Thema
1144 850 1402 922 apostole
1431 849 1777 918 composuisse
1805 845 2005 902 dicitur
2047 853 2096 902 et

479 945 739 1017 hymnum
768 942 833 996 de
857 948 1041 998 sancta
1069 938 1260 995 Maria
1293 937 1515 1006 Virgine
1547 952 1567 992 :
1593 937 1731 1002 Ave,
1761 951 1867 1007 per
1892 951 2090 1008 quam,

481 1039 532 1088 et
558 1031 805 1105 quaedam
831 1029 964 1086 alia.
994 1027 1274 1100 Fuerequi
1286 1025 1520 1081 dixerint
1543 1023 1876 1094 frigoreticos
1894 1022 1965 1077 ad
1983 1023 2096 1094 ejus

485 1121 751 1178 tumul-um
778 1125 992 1174 sanatos
1021 1134 1035 1172 :
1083 1133 1178 1171 nos
1205 1117 1341 1170 sicut
1381 1113 1448 1168 de
1483 1115 1608 1169 vita
1651 1117 1794 1172 illius
1817 1114 2098 1168 sanctitate

483 1227 590 1265 non
623 1207 986 1274 discredimus,
1026 1207 1103 1260 ita
1146 1210 1198 1260 et
1235 1202 1300 1258 de
1329 1206 1633 1260 sanctitatis
1669 1203 2096 1258 remuneratione

484 1313 663 1351 coram
707 1295 906 1352 Sancto
960 1300 1268 1349 sanctorum
1316 1291 1468 1346 illum
1509 1292 1739 1362 gaudere
1782 1308 1886 1346 non
1931 1288 2098 1343 ambi-

483 1385 677 1438 gamus.

554 1454 979 1510 Adumbratam
1010 1451 1247 1526 quidem
1295 1451 1551 1523 Herigeri
1597 1451 1915 1524 imaginem
1967 1448 2100 1504 satis

487 1543 638 1599 bene
664 1546 860 1597 tamen
877 1556 1203 1611 expressam
1221 1544 1517 1596 auctorem
1539 1542 1612 1597 ob
1637 1542 1830 1596 oculos
1848 1539 2100 1611 posuisse

489 1647 665 1686 nemo
697 1634 890 1702 neget.
933 1628 1127 1683 Virum
1159 1628 1314 1683 vides
1353 1631 1412 1683 et
1449 1630 1657 1684 virtute
1688 1632 1747 1684 at
1775 1627 2102 1682 litterarum

491 1718 755 1774 doctrina
802 1719 1095 1782 ornatum,
1127 1716 1279 1770 inter
1320 1716 1555 1787 Notgeri
1596 1715 1847 1788 episcopi
1887 1714 2104 1768 amicos

490 1809 812 1878 receptum,
842 1821 960 1860 non
982 1804 1114 1859 solis
1132 1804 1521 1859 ecclesiasticis
1537 1805 1706 1859 rebus
1729 1803 1988 1859 deditum
2007 1804 2107 1856 aut

489 1895 552 1951 in
600 1893 939 1950 monasterii
980 1893 1188 1947 umbra
1230 1892 1692 1960 delitescentem,
1724 1891 1826 1947 sed
1869 1891 1928 1945 in
1975 1891 2103 1945 luce

495 1983 721 2056 publca,
745 1982 804 2036 in
828 1981 986 2036 curia
1011 1982 1370 2046 versantem;
1394 1981 1570 2036 etiam
1598 1985 1912 2052 antequam
1935 1979 2108 2033 abba-

492 2073 570 2126 tis
595 2087 806 2126 munus
845 2071 1067 2140 aleptus
1117 2068 1177 2122 in
1219 2069 1565 2140 ampliorem
1605 2072 1664 2124 et
1712 2070 2001 2123 honorum
2049 2071 2106 2121 et

494 2175 692 2215 rerum
724 2157 1114 2230 gerendarum
1147 2159 1332 2212 locum
1373 2158 1727 2212 ascenderet.
1765 2157 1940 2211 Paulo
1972 2157 2104 2210 ante

494 2263 630 2303 eum
660 2247 858 2301 Romae
887 2249 1316 2299 commoratum
1350 2245 1614 2314 essejam
1646 2245 1785 2300 alias
1817 2244 1919 2298 viri
1951 2242 2104 2297 docti

495 2335 871 2406 conjecerunt
896 2333 1031 2404 (H).
1062 2333 1212 2386 Num
1255 2349 1388 2387 vero
1419 2334 1529 2388 hoc
1557 2333 1655 2388 illo
1688 2332 1810 2403 ipso
1843 2335 2106 2402 tempore

495 2439 612 2496 quo
637 2423 813 2478 abbas
833 2421 1145 2492 eligeretur
1176 2420 1391 2475 factum
1420 2421 1512 2487 sit,
1545 2420 1633 2474 vix
1665 2420 1855 2474 dicere
1887 2420 2103 2487 ausim;

491 2511 593 2566 sed
636 2527 754 2567 non
781 2509 974 2565 minus
1009 2508 1377 2563 Lobiensium
1401 2501 1736 2563 Annalium
1769 2509 2105 2564 auctoritate

497 2599 733 2672 probari
775 2597 1006 2653 videtur
1053 2597 1394 2668 Herigerum
1441 2613 1594 2652 anno
1655 2601 1789 2651 ante
1850 2597 2105 2651 Fulcuini

499 2689 723 2744 obitum
744 2689 848 2743 989
868 2687 1118 2757 Notgero
1141 2686 1199 2740 in
1217 2686 1441 2740 Italiam
1461 2686 1569 2740 iter
1584 2687 1804 2741 facturo
1831 2687 2105 2741 comitem

497 2777 670 2832 fuisse
693 2778 828 2846 (15).
858 2776 923 2830 ln
960 2775 1182 2829 abbatis
1211 2791 1453 2829 munere
1486 2774 1946 2829 administrando
1975 2791 2106 2828 eru-

501 2865 654 2922 ditus
699 2863 988 2920 eruditum
1043 2862 1228 2917 virum
1283 2863 1592 2935 excipiens,
1635 2863 1726 2918 die
1783 2867 1841 2918 21
1893 2863 2108 2918 mensis

499 2954 772 3012 Decemb.
813 2954 917 3007 990
955 2951 1073 3024 (16)
1119 2957 1486 3008 consecratus
1526 2969 1705 3024 usque
1735 2951 1809 3007 ad
1853 2952 2006 3006 diem
2039 2955 2096 3006 31

498 3042 717 3104 mensis
755 3040 1016 3098 Octobris
1053 3056 1107 3096 a.
1143 3043 1277 3098 1007
1318 3042 1448 3111 (17).
1495 3041 1718 3097 Ottonis
1748 3042 1818 3094 Ill
1848 3044 1906 3096 et
1936 3040 2107 3095 Hein-

494 3132 601 3190 rici
629 3133 678 3187 ll
704 3132 1125 3202 imperatorum
1157 3129 1514 3199 temporibus
1541 3129 1817 3183 naviculae
1850 3145 1964 3184 suae
1993 3129 2105 3183 cla-
2129 3122 2178 3188 C

493 3236 631 3276 vum
651 3223 887 3274 strenua
902 3232 1080 3270 manu
1101 3217 1304 3270 tenuit.
1328 3215 1439 3270 Sed
1460 3215 1716 3286 ipsorum
1745 3215 2108 3270 Lobiensium

492 3309 918 3366 monachorum
932 3308 1154 3359 servata
1169 3307 1253 3358 est
1265 3304 1332 3358 ad
1349 3305 1663 3374 Notgerum
1683 3308 1739 3358 et
1753 3305 2109 3359 Rothardum

497 3397 976 3454 Cameracensem
1002 3393 1337 3464 episcopum
1364 3393 1625 3462 epistola,
1659 3409 1773 3464 qua
1799 3416 1825 3442 «
1852 3397 1979 3463 jam
2011 3393 2110 3448 du-

498 3486 641 3542 dum
683 3487 912 3555 pastore
961 3481 1176 3535 viduati
1212 3483 1316 3549 (18)
1358 3501 1388 3532 ι»
1423 3481 1784 3552 Herigerum,
1834 3497 1966 3534 cum
2010 3480 2107 3536 illo

493 3572 787 3644 aptiorem
808 3569 1067 3624 invenire
1088 3585 1206 3623 non
1237 3571 1488 3644 possent,
1511 3569 1783 3624 abbatem
1805 3568 1909 3623 sibi
1925 3569 2105 3639 petie-

496 3663 656 3718 runt.
688 3659 919 3732 Legitur
943 3657 1185 3730 epistola
1208 3657 1305 3712 illa
1329 3657 1390 3712 in
1422 3657 1702 3712 Chronico
1725 3658 2104 3713 Cameracen-

496 3749 651 3806 sium
688 3752 748 3804 et
773 3747 1277 3803 Atrebentensium
1321 3747 1762 3818 episcoporum;
1815 3747 1904 3801 hic
1935 3747 2108 3802 verba

494 3842 726 3896 tantum
757 3853 886 3909 quin
916 3836 1270 3908 praecipuum
1303 3835 1374 3889 de
1405 3835 1678 3906 ﬂerigero
1704 3835 1989 3907 judicium
2019 3836 2107 3890 fa-

498 3927 679 3995 ciunt,
704 3940 1030 3998 proponam
1058 3940 1072 3980 :

568 4015 666 4071 Ad
712 4031 831 4088 quae
875 4014 988 4086 (10)
1036 4021 1304 4085 utcunque
1359 4011 1663 4084 a/fectanda
1739 4010 1949 4067 nullum
2009 4013 2106 4069 lioc

499 4111 728 4180 tempore
783 4105 1043 4175 aptiorem
1087 4104 1323 4159 invenire
1363 4107 1634 4173 potuimus
1681 4116 1846 4172 quam
1891 4102 2106 4157 domum

569 4248 684 4320 (14)
714 4245 958 4320 Histoire
983 4243 1365 4320 litterairede
1396 4217 1751 4320 France__Vll,
1778 4245 1900 4302 196.

569 4315 684 4392 (l5)
725 4321 889 4392 Ann.
931 4316 1392 4392 Lobiens._M9n.
1438 4316 1538 4370 SS.
1589 4315 1684 4392 IY,
1730 4321 1792 4370 18
1841 4317 1916 4371 ad
1964 4320 2103 4392 989:

497 4385 771 4471 Not/serus
801 4389 1068 4471 episcopus
1095 4386 1501 4471 vaditpllomam
1543 4393 1592 4440 et
1730 4403 1851 4471 eum
1880 4405 1957 4442 eo.
1992 4390 2106 4471 ιλιι-
2131 4412 2183 4471 D

503 4467 647 4516 tera.
683 4459 765 4512 Η.
800 4458 1078 4530 Herigeri,
1112 4463 1176 4512 ut
1211 4458 1458 4530 videtur,
1489 4458 1744 4512 nominis
1772 4460 1898 4513 loco
1923 4461 2109 4530 posita

500 4531 930 4595 nouinuiterer,
950 4529 1058 4582 nisi
1075 4529 1492 4583 continuatoris
1511 4530 1804 4583 Lobiensis
1830 4529 2106 4599 narratio,

500 4617 645 4679 num
672 4601 975 4679 Herigerus
1001 4599 1172 4679 Italia:
1200 4600 1343 4652 lines
1373 4599 1648 4672 attigerit,
1683 4616 1922 4656 omnem
1952 4602 2111 4657 dubi-

501 4673 786 4729 tationem
817 4673 1113 4725 eximeret.

571 4748 688 4869 (16)
740 4747 893 4825 Anii.
939 4741 1200 4823 Lobiens.
1245 4741 1363 4823 990.
1401 4741 1441 4796 Ι.
1499 4743 1545 4824 Ιἶ
1587 4741 1730 4825 Obiit
1777 4741 2107 4811 Fulcuinus,

602 4821 846 4869 stituttur
873 4811 1169 4869 Heriqerus
1190 4811 1359 4866 natali
1378 4812 1623 4868 Domini.

501 4811 846 4872 substituitur
873 4811 1169 4882 Herigerus
1190 4811 1363 4866 natali
1378 4812 1623 4868 Domini.

574 4887 690 4956 (l7)
715 4888 866 4956 Ann.
891 4884 1154 4938 Lobiens.
1195 4885 1235 4938 ι.
1268 4884 1311 4940 l.

573 4955 693 5027 (18)
724 4955 889 5020 Quod
918 4956 1319 5027 interregnum
1357 4955 1523 5011 annis
1549 4957 1652 5011 990
1683 4955 1962 5012 terminos
1992 4974 2109 5014 non

505 5026 929 5098 transgressum
976 5026 1358 5098 resse,lidem
1393 5027 1626 5098 faciunt
1673 5029 1884 5083 diserta
1939 5030 2113 5084 verba

505 5097 852 5178 scriptorum
891 5097 1257 5181 Lobiensium
1285 5116 1298 5163 ;
1327 5097 1575 5179 aliorum
1607 5101 1908 5180 sententiae
1935 5100 2114 5156 Gallia

504 5171 812 5225 Christian.
843 5171 934 5226 lll.
965 5172 1033 5225 84
1061 5172 1324 5224 retutatai
1349 5174 1482 5224 sunt
1510 5186 1572 5224 in
1599 5170 1732 5224 hist.
1765 5171 1874 5226 litt.
1909 5171 2110 5226 Franc.

797 5209 812 5225 .
843 5186 934 5237 ιιι,
965 5186 1033 5225 δί’
1061 5186 1324 5224 reiuiaue
1349 5186 1482 5224 sunt
1510 5186 1572 5224 In
1599 5186 1732 5224 ωει.
1765 5186 1874 5229 ιιιι.
1909 5186 2110 5228 1⁸1⁵8116.

579 5312 758 5385 (19)],
793 5315 912 5368 ios.

579 5380 700 5457 (20],
729 5385 873 5440 Eum
922 5380 1166 5457 Merbeci
1213 5383 1421 5457 natum
1455 5397 1600 5452 esse,
1644 5381 1800 5439 haud
1837 5386 2039 5457 procul
2082 5401 2116 5440 a

505 5454 766 5523 Ninevia,
799 5455 1235 5527 satisambiguo
1265 5454 1363 5510 illo
1393 5454 1519 5509 loco
1548 5472 1724 5527 quem
1757 5472 1788 5510 e
1825 5454 2116 5512 miraculis

507 5528 567 5584 S.
591 5528 882 5582 Berlendis
907 5525 1604 5600 sibipetieruntauctorés
1619 5527 1750 5581 hist.
1776 5527 1885 5583 litt.
1910 5529 2114 5584 Franc.

507 5601 622 5672 Vll,
657 5601 758 5656 194
798 5597 1285 5674 ριόδαινὶἰιθςιιὶῑ.
1317 5597 1513 5672 Neque
1556 5601 1783 5656 constat
1813 5616 1956 5656 num
1991 5601 2116 5674 ipsa

2190 579 2279 634 sed
2335 577 2622 633 secundum
2672 583 2911 631 nostram
2956 577 3382 649 aestimationem,
3435 587 3540 636 ante
3586 601 3716 646 annos

2193 667 2387 720 multos
2434 673 2484 719 et
2527 665 2804 720 nobiscum
2845 663 3109 718 socialiter
3151 671 3204 717 ut
3251 665 3460 730 fratrem
3503 685 3716 731 conversa-

2197 764 2334 822 tum,
2356 754 2644 826 multisque
2667 753 3029 809 emolumentis
3059 752 3200 807 nobis
3219 755 3510 823 proﬁcuum,
3524 757 3719 827 pluribus

2196 859 2322 896 vero
2354 848 2654 896 nostrorum
2683 841 2932 911 magistri
2961 847 3010 894 et
3054 840 3344 896 educatoris
3379 849 3561 898 strenue
3584 845 3718 908 adun-

2188 932 2426 1003 plentem
2449 930 2710 999 ofﬁcium.
2737 959 2810 970 -—
2836 928 2907 983 In
2925 929 3079 1000 cujus
3109 929 3396 985 electionem
3413 934 3625 990 noveritis
3642 952 3722 992 non

2198 1020 2367 1074 deesse
2397 1027 2630 1074 nostram
2650 1021 3081 1084 unanimitatem,
3112 1023 3224 1074 etc.

2274 1143 2418 1197 Cum
2449 1144 2560 1198 tale
2589 1159 2800 1197 munus
2812 1141 3053 1214 regendi
3077 1142 3133 1196 in
3158 1159 3216 1198 se
3243 1143 3531 1215 susciperet
3546 1145 3729 1216 Herige-

2202 1246 2318 1298 rus,
2343 1232 2468 1301 jam
2515 1246 2812 1302 superasse
2851 1247 2986 1286 eum
3037 1231 3287 1286 mediam
3326 1236 3536 1288 aetatem
3570 1251 3624 1288 ex
3648 1236 3729 1290 hoc

2203 1323 2445 1391 apparet
2475 1320 2630 1391 quod
2661 1336 2713 1374 a.
2758 1321 2893 1374 1007
2925 1336 3057 1374 eum
3099 1339 3130 1370 «
3168 1321 3226 1374 in
3264 1320 3410 1376 bona
3436 1326 3682 1378 senectute
3713 1343 3736 1376 ι

2205 1409 2409 1464 abiisse
2441 1407 2724 1474 audimus,
2757 1423 3028 1479 annoque
3067 1410 3174 1462 990
3208 1408 3497 1464 Lobienses
3523 1412 3738 1466 monachi

2205 1513 2341 1552 eum
2369 1517 2402 1550 ‹‹
2438 1501 2573 1552 ante
2603 1513 2786 1551 annos
2819 1497 3033 1550 multos
3062 1514 3094 1548 θ
3127 1512 3260 1550 cum
3289 1496 3418 1567 ipsis
3443 1497 3614 1552 vixisse
3637 1499 3742 1552 scri-

2203 1587 2368 1641 bunt.
2420 1585 2582 1640 Unde
2625 1585 2961 1653 Herigerum
3009 1586 3144 1640 ante
3196 1601 3412 1640 annum
3460 1588 3555 1640 950
3588 1590 3740 1641 natum

2206 1676 2452 1739 esse(lO)
2481 1675 2606 1728 sine
2636 1673 2750 1727 ulla
2777 1672 3168 1727 controversia
3199 1675 3441 1726 statuere
3469 1689 3612 1745 posse
3637 1674 3746 1728 milii

2206 1763 2421 1818 videor.
2457 1764 2520 1816 ln
2541 1761 2628 1815 his
2650 1759 2994 1815 testimoniis
3011 1760 3080 1815 de
3108 1763 3366 1832 tempore
3388 1778 3493 1832 quo
3514 1766 3748 1816 monaste-

2133 1840 2183 1900 B
2206 1850 2292 1904 rio
2319 1849 2614 1922 prazfuerit
2636 1848 2812 1902 abbas
2833 1848 3259 1904 subsistendum
3284 1853 3386 1915 est,
3410 1867 3644 1921 nequeex
3656 1850 3748 1904 aliis

2207 1954 2324 2009 qua
2341 1938 2568 1992 ratione
2590 1953 2830 1991 munere
2858 1937 3086 1990 functus
3105 1935 3181 1990 sit
3202 1937 3512 1993 describere
3528 1938 3653 1993 licet.
3668 1937 3753 1992 Sed

2207 2027 2367 2081 aliud
2395 2029 2482 2080 est
2511 2025 2666 2098 quod
2697 2025 2932 2080 addam.

2283 2141 2419 2206 Quae
2447 2141 2742 2211 hucusque
2764 2139 3058 2196 attulimus
3087 2157 3378 2197 summam
3399 2141 3596 2197 faciunt
3614 2140 3748 2196 ﬁdem

2207 2230 2366 2285 haud
2402 2229 2651 2300 vulgaris
2680 2228 2970 2283 societatis
2998 2230 3226 2284 vinculo
3259 2231 3558 2301 Notgerum
3586 2229 3752 2302 episco-

2210 2334 2352 2389 pum
2382 2334 2515 2372 cum
2545 2317 2807 2372 Lobiensi
2837 2318 3045 2372 abbate
3084 2319 3455 2389 cunjunetum
3485 2318 3653 2380 fuisse,
3683 2315 3757 2371 sed

2212 2408 2497 2478 majorem
2510 2406 2824 2477 quamdam
2847 2406 3331 2462 necessitudinem
3345 2409 3490 2462 inter
3505 2412 3755 2475 utrumque

2212 2494 2593 2549 intercessisse
2624 2495 2710 2546 vel
2754 2510 2820 2546 ex
2861 2510 2928 2547 eo
2969 2499 3210 2566 apparet
3251 2495 3404 2567 quod
3434 2493 3626 2566 posteri
3653 2491 3760 2564 quid

2212 2600 2358 2637 unus
2370 2582 2506 2654 quid
2521 2571 2740 2636 alteriri
2753 2581 2958 2636 litteris
2977 2582 3291 2637 elaborarit
3304 2600 3417 2638 non
3433 2582 3759 2637 discernentes

2210 2671 2373 2726 alteri
2417 2669 2649 2724 alterius
2692 2669 2868 2724 libros
2912 2669 3260 2738 tribuerunt,
3296 2675 3354 2725 et
3400 2687 3532 2725 num
3559 2686 3682 2724 unus
3707 2684 3762 2722 an

2211 2763 2449 2830 uterque
2471 2757 2769 2812 communi
2790 2758 3027 2812 consilio
3050 2759 3258 2813 iisdem
3275 2759 3433 2813 libris
3454 2757 3762 2814 conscriben-

2211 2847 2296 2902 dis
2330 2863 2568 2918 operam
2599 2863 2762 2900 suam
2795 2847 3020 2901 navarit
3048 2847 3410 2902 dubitarunt.

2282 2962 2381 3017 Cui
2421 2961 2722 3032 quaestioni
2765 2963 2956 3016 lucem
2989 2962 3180 3018 afferri
3225 2965 3398 3019 credo
3436 2965 3561 3019 satis
3589 2963 3760 3018 claram

2209 3051 2442 3121 Notgeri
2474 3049 2724 3122 episcopi
2754 3050 2979 3116 litteris,
3015 3069 3142 3123 quae
3173 3053 3268 3107 alii
3299 3053 3524 3109 cuidam
3553 3049 3762 3122 llerigeri

2211 3140 2504 3212 Opusculo,
2547 3137 2605 3194 S.
2648 3138 3143 3208 LandoaldiVitai,
3188 3143 3437 3212 prteﬁxae
3475 3145 3613 3196 sunt.
3651 3139 3761 3194 Cum

2209 3229 2365 3284 enim
2396 3245 2450 3282 a.
2482 3229 2585 3282 954
2609 3227 2763 3298 apud
2781 3227 3113 3283 Gandenses
3131 3231 3429 3302 antiquior
3446 3230 3564 3285 Vita
3587 3228 3637 3283 S.
3654 3227 3768 3281 Lana

2211 3315 2404 3372 doaldi
2433 3319 2492 3370 et
2519 3315 2803 3369 sociorum
2841 3315 2983 3386 ejus,
3018 3317 3306 3388 Hungaris
3350 3316 3766 3389 irrumpentibus,

2209 3421 2341 3460 cum
2369 3404 2493 3458 aliis
2527 3403 2696 3458 rebus
2729 3404 2982 3459 ﬂammis
3012 3405 3374 3478 deperiisset,
3401 3409 3506 3462 hoc
3535 3407 3766 3460 damnum

2210 3491 2401 3564 quoad
2430 3495 2664 3564 possent
2693 3493 3015 3564 reparaturi
3047 3497 3343 3563 monachi,
3373 3513 3497 3568 qua:
3522 3495 3586 3550 de
3611 3491 3769 3566 priori-

2208 3581 2314 3636 bus
2344 3585 2675 3635 sanctorum
2715 3581 2947 3636 illorum
2987 3585 3465 3640 translationibus
3506 3579 3766 3643 Saraberti,

2208 3670 2358 3724 senis
2387 3669 2799 3740 presbyteri,et
2823 3671 3069 3724 aliorum
3098 3674 3391 3728 memoria
3411 3671 3767 3746 suppeditaret,

2207 3757 2566 3828 collegerunt
2577 3761 2806 3827 postero
2823 3760 2938 3811 tem
2946 3774 3107 3829 pore,
3124 3765 3232 3833 et.a
3247 3762 3497 3832 Notgero
3512 3765 3568 3814 ut
3580 3757 3771 3814 collecta

2206 3844 2264 3900 in
2297 3845 2561 3900 ordinem
2593 3845 2753 3917 quasi
2787 3846 3078 3918 redigeret
3107 3853 3165 3903 et
3190 3866 3296 3904 sua
3322 3849 3647 3905 auctoritate
3671 3860 3772 3900 con-

2206 3933 2649 4004 ﬁrmaretpetiei
2666 3938 2786 3987 unt.
2809 3933 2914 3997 Qui
2933 3937 3230 4006 quomodo
3256 3939 3584 4009 rogantibus
3596 3933 3771 3989 satisfe-

2205 4022 2301 4090 rit,
2334 4023 2544 4076 docent
2567 4022 2772 4077 litterae
2799 4023 2908 4077 illae
2933 4041 3026 4078 xiii
3059 4026 3182 4080 Kal.
3212 4028 3304 4081 Jul
3351 4030 3453 4082 980
3480 4027 3638 4089 datae,
3664 4035 3773 4094 quas

2205 4111 2266 4166 in
2297 4110 2670 4166 adnotatione
2693 4113 3063 4183 apposuimus
3084 4119 3208 4181 (21).
3244 4117 3513 4171 Extrema
3543 4116 3659 4169 sunt
3682 4124 3772 4182 pra:

2207 4253 2332 4307 Vita
2470 4253 2867 4329 Berlendis‘ab
2915 4255 3191 4326 Herigero
3238 4257 3559 4329 conscripta
3595 4254 3686 4319 sit;
3720 4249 3772 4302 de

2207 4341 2322 4397 qua
2346 4324 2478 4397 vide
2499 4325 2668 4394 paulo
2695 4325 2868 4380 infra.
3056 4324 3073 4326 “
3467 4324 3484 4329 ’
3637 4395 3645 4397 _

2281 4399 2388 4472 (21)
2425 4388 2664 4472 Litteras
2695 4397 3077 4472 qua;_prn_logi_
3101 4399 3227 4454 loco
3254 4401 3396 4455 Vita!
3421 4400 3481 4456 8.
3511 4388 3774 4472 Landoaldi

2209 4467 2456 4539 pretist}:
2479 4470 2690 4520 suntex
2717 4467 3421 4539 codiceGaiideiisi,edidit
3444 4467 3773 4539 lleuschenius

2207 4535 2331 4614 Act.
2482 4539 2643 4614 Mart.
2673 4539 2890 4614 ll_l,_35_;
2910 4540 3016 4614 cfr.
3034 4535 3371 4614 etiam'quce
3393 4543 3462 4596 de
3474 4541 3658 4614 eadem
3679 4535 3773 4614 Vita

2211 4609 2518 4662 Bollandus
2545 4611 2669 4661 Act.
2703 4608 2800 4662 SS.
2831 4611 2995 4664 Febr.
3030 4612 3072 4671 Ι,
3107 4615 3210 4665 369
3243 4606 3406 4678 dixit,
3429 4617 3485 4668 et
3515 4609 3648 4667 Surii
3674 4606 3773 4678 Act.

2211 4678 2309 4734 SS.
2348 4681 2414 4745 ll,
2455 4682 2581 4734 281.
2611 4679 2847 4760 Νρὶεεῄ
2880 4696 3012 4736 vero
3044 4683 3256 4739 littera:
3286 4676 3423 4760 sunt
3448 4686 3534 4760 lite
3566 4699 3578 4736 :
3608 4676 3774 4760 Notgéj

2211 4767 2302 4822 nus
2348 4767 2522 4822 quem,
2571 4753 2670 4804 etsi
2721 4749 3000 4821 indignum
3053 4761 3251 4808 sanctae
3302 4755 3504 4810 Mariae
3550 4749 3773 4818 sanctique

2210 4821 2487 4914 ξεινίων·ίί
2536 4824 2862 4914 mancipium
2902 4824 3212 4914 praedicant
3271 4834 3449 4914 tamen
3495 4827 3772 4914 episcopum,

2222 4891 2479 4968 Womaro
2508 4889 2802 4968 venerabili
2825 4895 2880 4947 in
2899 4889 3116 4968 Citristo
3133 4900 3292 4966 patri
3308 4905 3357 4951 et
3380 4889 3628 4968 fratr-ibus
3646 4889 3771 4944 Gan-

2210 4963 2461 5040 densious
2503 4965 2844 5040 omnibusque
2909 4963 3161 5040 ﬁdelibus
3221 4963 3529 5040 quocunque
3583 4966 3773 5040 locorum

2203 5038 2411 5110 positis,
2439 5036 2726 5110 liaecoculo
2755 5053 2865 5110 non
2896 5039 3104 5110 obliquo
3141 5036 3375 5103 lecturis,
3406 5036 3772 5110 perpetuitatem

2213 5101 2338 5161 citae
2379 5101 2608 5180 ccclestis.
2640 5106 2945 5180 rPostulare
2981 5101 3084 5164 imo
3123 5101 3772 5180 erliortari'fa'cultatulaul

2212 5185 2406 5233 nostra:
2453 5177 2788 5245 modicitatis,
2866 5187 3003 5234 atres
3050 5172 3482 5249 reverendissim'i,
3513 5197 3608 5234 non
3647 5172 3774 5228 dubi-

2217 5252 2384 5302 tastis.
2415 5256 2472 5301 ut
2518 5266 2582 5302 ex
2623 5198 2954 5302 mirabigbus
2991 5253 3192 5302 seculis
3231 5254 3475 5302 omnibus
3502 5259 3549 5302 et
3574 5243 3772 5302 gentibus

2217 5252 2384 5316 tastis,
2415 5256 2472 5301 ut
2510 5266 2582 5320 ex
2623 5243 2954 5305 mirabilibus
2991 5253 3192 5306 sarculis
3231 5243 3478 5308 omnibus
3502 5259 3549 5305 et
3573 5243 3772 5320 gentm}

2205 5319 2564 5393 praedicandis
2611 5323 2908 5393 nostrisque
2957 5322 3158 5387 diebus,
3201 5325 3327 5378 licet
3373 5328 3531 5377 simus
3575 5317 3769 5393 indigni,

2213 5387 2362 5466 nobis
2403 5391 2614 5466 quidem
2647 5387 3027 5466 irwniiestatis,
3057 5397 3200 5466 uobis
3238 5399 3448 5466 insuper
3476 5387 3774 5466 praerogqlisg

2215 5465 2272 5517 in
2326 5460 2670 5517 translatione
2707 5460 2904 5519 scilicet
2935 5460 3021 5523 δ’.
3050 5460 3368 5521 ιαηίίοαίᾰί
3397 5460 3769 5535 ανεἸιφνεξὸᾷρνι

2217 5542 2266 5590 et
2302 5537 2568 5610 sociorum
2597 5551 2710 5606 ejus
2747 5536 3006 5610 reuelatis,
3046 5541 3172 5610 quia
3211 5556 3277 5592 ex
3319 5546 3494 5592 nostra
3529 5527 3646 5610 ctuti
3667 5527 3768 5610 ditt-

2223 5607 2342 5678 cesi,
2387 5614 2574 5677 vestro,
2613 5598 3018 5682 praeordinante
3043 5598 3177 5684 Deo,
3215 5616 3479 5668 cesserunt
3510 5607 3629 5684 juri
3643 5617 3662 5670 ἱ
3700 5598 3771 5656 αθ·
