3960 6174
262 355 360 418 009

1758 353 2069 420 MONITUM

3474 356 3581 422 970

264 476 479 535 cultiori
528 478 674 553 stylo
713 476 927 537 librum
956 495 1125 537 suum
1164 480 1512 555 composuit.
1546 481 1643 540 Est
1676 468 1938 556 potiusA
1974 499 2192 557 quasso,
2242 481 2549 538 Anselmus
2599 480 3001 557 episcoporum
3042 478 3196 559 Vitas
3234 479 3308 540 ad
3347 480 3585 557 Notgeri

261 568 530 640 loquendi
574 586 761 641 genus
803 570 1103 627 horridum
1135 575 1195 629 et
1224 572 1466 643 durum;
1499 578 1585 629 est
1622 574 1863 629 transla-

261 656 507 714 tionibus
537 658 752 728 audax,
785 663 865 725 et,
896 676 1228 734 quanquam
1259 663 1408 719 liber
1436 666 1696 719 veterum
1724 661 1864 718 locis

262 747 502 803 refertus
532 751 638 817 est,
667 748 827 804 haud
864 766 995 806 raro
1022 749 1103 805 ita
1134 751 1447 808 obscurum
1477 756 1540 808 ut
1567 751 1864 807 interdum

257 838 443 894 nescio
473 855 604 911 quae
637 840 872 895 oracula
900 845 956 896 te
986 840 1184 897 audire
1214 844 1382 913 putes
1407 841 1543 917 (38).
1587 843 1748 898 Idem
1779 846 1867 898 est

255 927 481 984 dicendi
507 945 695 1001 genus
726 929 787 985 in
810 928 1076 1002 epistola,
1096 928 1256 985 idem
1288 930 1349 987 in
1368 931 1499 986 Vita
1521 928 1863 994 S.Remacli,

256 1014 406 1071 idem
462 1016 526 1072 in
576 1017 819 1091 reliquis
857 1018 1017 1074 Vitis.
1046 1020 1115 1074 Et
1164 1018 1211 1074 si
1262 1037 1412 1075 unus
1463 1019 1736 1091 idemque
1778 1021 1867 1074 est

256 1105 426 1161 trium
455 1105 695 1162 illorum
738 1111 959 1175 auctor,
987 1108 1113 1181 quis
1160 1108 1388 1182 scripsit
1435 1108 1577 1165 alius
1614 1106 1724 1163 nisi
1764 1107 1864 1162 ille

256 1210 427 1267 quem
451 1197 784 1264 Anselmus,
802 1197 1170 1252 continuator
1198 1197 1516 1265 Lobiensis,
1531 1196 1866 1269 Sigebertus

254 1299 365 1339 uno
407 1300 509 1340 ore
549 1285 861 1356 proferunt
907 1285 1252 1358 Herigerus?
1286 1288 1370 1342 De
1410 1285 1660 1358 Netgero
1710 1285 1865 1358 apud

255 1372 375 1428 illos
400 1390 473 1428 ne
502 1376 752 1431 verbum
776 1374 1032 1448 quidem.
1066 1377 1139 1430 At
1169 1375 1327 1431 unde
1358 1375 1603 1430 tandem
1634 1373 1867 1447 irrepsit

256 1461 309 1515 in
338 1462 488 1516 hunc
517 1462 738 1518 librum
764 1464 997 1536 Notgeri
1026 1464 1296 1520 nomen‘?
1324 1464 1450 1519 Una
1479 1466 1711 1519 tantum
1750 1464 1861 1532 via,

257 1549 312 1604 ni
339 1549 529 1619 fallor,
561 1551 813 1608 inveniri
837 1555 1045 1624 potest,
1067 1569 1181 1624 qua
1212 1552 1503 1608 enodetur
1527 1552 1860 1622 difﬁcultas;

255 1641 332 1693 est
358 1639 476 1706 illa,
505 1657 687 1712 quam
718 1645 1045 1713 persecutus
1073 1645 1158 1696 est
1189 1641 1556 1713 Chapeaville
1586 1640 1861 1713 (39).Epi-

257 1728 402 1801 βοορὶ
441 1729 685 1784 nomine
726 1732 786 1783 et
805 1730 964 1800 jussu
992 1729 1303 1803 Herigerus
1333 1729 1497 1803 quasi
1525 1729 1713 1785 scriba
1741 1730 1861 1802 epi-

1969 589 2151 645 usque
2172 575 2441 644 tempora
2465 571 2573 627 sibi
2603 571 2935 627 scribendas
2960 572 3288 645 sumpserit,
3310 571 3354 627 si
3387 589 3481 627 eas
3510 572 3582 627 ab

1968 661 2246 733 Herigero
2272 659 2509 732 scriptas
2531 677 2652 716 esse
2683 663 3046 732 compertum
3075 660 3415 716 habuisset?
3444 660 3586 733 quid

1966 749 2029 805 in
2060 749 2406 823 praefatione
2437 749 2510 803 ab
2535 749 2633 805 illo
2661 765 2755 804 res
2781 749 3186 822 episcoporum
3213 749 3285 804 ad
3307 749 3364 805 S.
3382 750 3587 804 Rema-

1967 838 2121 894 clum
2157 854 2338 910 usque
2372 836 2575 893 litteris
2614 837 2922 893 mandatas
2959 854 3079 893 esse
3123 837 3302 910 probe
3345 840 3584 892 testatus

1967 927 2191 983 fuerit?
2220 924 2338 982 Nisi
2371 926 2573 994 mavis,
2601 927 2969 999 septuaginta
2998 926 3165 982 annis
3189 929 3318 998 post
3347 925 3581 997 Herige-

1967 1033 2101 1072 rum
2133 1018 2351 1072 librum
2385 1016 2546 1071 illum
2578 1016 2807 1089 penitus
2827 1015 3062 1090 periisse
3094 1020 3151 1071 et
3178 1032 3245 1071 ex
3274 1014 3582 1071 hominum

1967 1106 2256 1160 memoria
2298 1105 2590 1173 excidisse,
2624 1105 2748 1160 haec
2787 1122 2904 1160 una
2948 1106 3176 1160 tantum
3219 1107 3305 1160 est
3330 1103 3422 1158 via
3466 1118 3583 1175 qua

1968 1194 2225 1266 expediri
2266 1210 2431 1265 posse
2460 1193 2688 1249 videtur
2732 1193 3057 1251 difﬁcultas.
3088 1193 3324 1249 Librum
3367 1191 3441 1247 ad
3477 1206 3583 1244 sua

1966 1285 2236 1355 tempora
2274 1282 2595 1338 deducendi
2634 1282 2938 1338 consilium
2974 1285 3095 1336 tam
3124 1282 3292 1336 ﬁrmo
3332 1280 3391 1335 in
3424 1278 3582 1334 Heri-

1966 1372 2090 1445 geri
2122 1370 2319 1426 animo
2360 1370 2591 1440 insedit,
2625 1374 2687 1425 ut
2711 1388 2804 1427 res
2832 1375 3114 1443 tanquam
3144 1372 3378 1442 peracta
3406 1368 3478 1422 ab
3509 1383 3579 1422 oo

1964 1464 2413 1535 proponeretur,
2427 1460 2527 1516 sed
2540 1460 2855 1533 quominus
2865 1476 3067 1515 revera
3079 1459 3152 1514 ad
3184 1458 3361 1512 ﬁnem
3373 1456 3581 1529 perdu-

1966 1554 2119 1606 ceret
2157 1554 2359 1606 auctor
2404 1550 2596 1605 nescio
2629 1566 2745 1623 qua
2773 1553 3107 1622 temporum
3138 1545 3442 1619 iniquitate
3466 1544 3578 1599 im-

1962 1640 2191 1713 peditus
2211 1644 2314 1696 est.

2035 1739 2148 1795 Sed
2164 1739 2291 1811 jam
2321 1739 2616 1795 videamus
2642 1737 2938 1810 quomodo
2976 1736 3101 1810 ipso
3142 1732 3433 1790 scribendi
3458 1749 3583 1789 mu-

254 1818 450 1873 διοιθω
470 1816 635 1874 illam
662 1819 739 1874 ad
753 1818 1159 1875 Werinfl‘idum
1191 1819 1540 1892 composuit:
1558 1822 1617 1875 θῑ
1646 1820 1720 1875 ad
1741 1817 1865 1893 epi‘
1890 1815 1940 1875 Β
1965 1854 2104 1894 nere
2151 1838 2382 1892 functus
2421 1836 2489 1892 sit
2535 1835 2862 1906 Herigerus,
2895 1833 3222 1907 quibusque
3251 1829 3453 1887 auxilis
3488 1830 3580 1885 in-

253 1921 550 1978 scaporum
572 1907 744 1963 Gesta
772 1910 1176 1981 componenda
1194 1910 1520 1982 Notgerum
1553 1909 1864 1964 materiam

252 2008 439 2049 rerum
465 2012 533 2050 ex
555 1994 843 2052 tabulario
872 1996 1105 2069 aliisque
1127 1998 1391 2054 fontibus
1418 1997 1695 2069 Herigero
1726 2014 1861 2070 sup-

249 2080 526 2153 peditasse
566 2082 812 2154 epistola
838 2083 958 2157 ipsa
983 2084 1170 2141 docet.
1202 2086 1404 2157 Neque
1447 2084 1687 2157 ingenio
1732 2086 1862 2157 plus

240 2168 389 2240 justo
420 2170 728 2228 indulsisse
740 2172 889 2235 mihi
910 2173 1124 2243 videor,
1143 2174 1189 2229 si
1207 2174 1552 2246 Herigerum
1583 2174 1858 2230 eamdem

248 2258 546 2331 epistolam
578 2262 688 2317 toti
719 2262 879 2334 operi
907 2263 1215 2335 praaﬁxisse
1243 2263 1576 2335 conjiciam,
1608 2266 1673 2317 ut
1706 2262 1858 2319 ami-

246 2363 374 2403 cum
402 2350 500 2422 qui
526 2350 636 2407 sibi
661 2352 947 2408 scribendi
977 2356 1178 2408 auctor
1207 2356 1384 2425 atque
1406 2353 1636 2424 adiutor
1664 2353 1858 2409 fuerat

246 2443 493 2507 ornaret,
525 2440 795 2513 gratique
819 2441 997 2496 animi
1026 2458 1196 2497 causa
1225 2458 1395 2497 suum
1422 2458 1640 2497 nomen
1670 2442 1855 2497 latere

246 2526 507 2583 maluisse
537 2529 795 2584 credam.
818 2531 1013 2603 Itaque
1030 2531 1303 2586 eamdem
1334 2530 1456 2585 fere
1482 2530 1769 2603 originem
1788 2547 1853 2586 ac

244 2612 365 2669 Vita
394 2614 881 2673 S.Landoaldihic
902 2635 1131 2691 quoque
1160 2619 1315 2674 liber
1344 2618 1643 2675 duxit.Sed
1669 2636 1852 2675 unum

245 2703 423 2760 adhuc
470 2710 653 2761 restat
705 2708 859 2779 quod
903 2724 1198 2763 moneam.
1239 2708 1408 2763 Gesta
1447 2708 1852 2780 episcoporum

245 2806 419 2865 usque
448 2796 522 2850 ad
555 2795 795 2867 Notgeri
820 2799 1085 2868 tempora
1097 2813 1219 2852 esse
1241 2796 1507 2864 deducta,
1538 2796 1746 2853 litterae
1777 2797 1852 2853 ad

241 2880 653 2940 Werinfridum
705 2884 929 2941 disertis
973 2886 1163 2941 verbis
1205 2885 1458 2958 probant
1505 2887 1646 2956 (40);
1673 2903 1850 2960 quam

238 2969 369 3025 libri
393 2976 620 3043 partem
645 2973 967 3045 gravissimi
990 2974 1277 3029 momenti
1299 2976 1398 3029 aut
1413 2976 1849 3044 temporumin-

237 3058 390 3113 vidia
412 3060 579 3116 nobis
603 3064 954 3134 praereptam
971 3065 1070 3117 aut
1087 3062 1374 3118 oblivione
1387 3063 1515 3134 jam
1535 3079 1655 3119 esse
1673 3064 1847 3120 obru-

234 3149 355 3202 tam
385 3149 764 3205 vehementer
808 3150 1090 3218 dolerem,
1125 3150 1234 3206 nisi
1282 3167 1413 3206 eam
1454 3168 1527 3206 ne
1570 3152 1846 3224 scriptam

237 3236 470 3307 quidem
500 3255 758 3311 unquam
795 3255 915 3294 esse
960 3239 1103 3294 mihi
1145 3241 1576 3313 persuaderem.
1615 3241 1847 3313 Opinati

233 3329 361 3379 sunt
391 3326 494 3380 alii
526 3327 634 3398 (41)
666 3327 724 3382 S.
757 3328 1013 3382 Remacli
1039 3344 1431 3384 successorum
1472 3328 1627 3385 Vitas
1672 3330 1845 3386 fuisse

232 3409 377 3467 inter
406 3431 482 3468 ea
512 3431 660 3487 qua,
684 3419 747 3471 ut
770 3416 910 3472 dicit
934 3416 1305 3473 continuator
1330 3418 1651 3488 Lohiensis,
1683 3436 1845 3475 com-

231 3502 491 3571 posuerit
510 3504 838 3576 Herigerus,
875 3505 975 3561 sed
1004 3521 1123 3561 non
1148 3507 1491 3579 exposuerit.
1527 3508 1641 3564 Sed
1680 3510 1840 3583 quid,

296 3673 413 3746 (38)
446 3675 758 3751 Eleganter
781 3674 1066 3731 scribendi
1089 3676 1360 3751 artem_in
1390 3676 1563 3751 docta
1587 3678 1841 3751 quadam

228 3744 582 3820 obscuritate
603 3746 850 3818 positam
879 3763 1003 3820 esse
1032 3747 1243 3820 probat
1274 3744 1689 3820 Herigerusfin
1715 3752 1837 3820 epi-

228 3766 582 3801 onscuritate
603 3766 850 3818 posuam
881 3766 1003 3801 esse
1032 3766 1243 3820 pl‘ODaL
1274 3766 1598 3819 nerigerus,
1633 3767 1689 3805 in
1715 3767 1745 3804 e
1792 3768 1837 3804 i-

225 3816 363 3889 stola
389 3816 808 3889 adrHugonem
839 3817 935 3883 (de
962 3834 1076 3889 qua
1098 3818 1276 3889 paulo
1322 3818 1491 3889 infra)
1523 3820 1659 3874 satis
1690 3766 1839 3877 difu-

225 3834 363 3871 swia
389 3834 475 3872 aa
508 3834 808 3888 nugonem
839 3834 935 3883 (ue
962 3834 1076 3889 qua
1148 3834 1276 3873 auio
1322 3834 1491 3889 inira)
1523 3834 1659 3874 satis
1690 3834 1832 3877 diiu-

221 3884 340 3959 cide
381 3888 627 3959 scripta,
656 3904 749 3959 ap.
778 3889 1030 3944 Martene
1065 3834 1335 3944 Tﬁesaur.
1369 3889 1574 3944 anecd.
1608 3892 1651 3944 Ι.
1688 3895 1786 3947 117
1819 3909 1832 3947 :

219 3955 400 4012 Minus
457 3955 537 4035 dé_
572 3955 756 4035 leporis
803 3959 1115 4035 urbanitate
1164 3962 1371 4028 curavi,
1402 3962 1591 4035 sciens
1620 3979 1703 4016 eos
1745 3964 1841 4035 qui

219 4035 336 4103 ante
363 4045 475 4083 nos
498 4028 564 4082 de
596 4030 803 4103 artibus
829 4032 1078 4101 scripsere
1099 4036 1159 4086 ut
1187 4036 1394 4084 tantum
1419 4028 1837 4103 intelligereniur

218 4098 540 4171 elaborasse,
578 4098 1079 4171 eloquentiam—vero
1103 4104 1317 4156 omnino
1353 4098 1835 4170 neglexiséeEam-

219 4167 347 4245 dem
374 4167 778 4245 urbanitatem
808 4171 1059 4245 reliquos
1081 4189 1307 4245 quoque
1325 4167 1632 4245 scriptores
1656 4180 1833 4231 secta-

219 4240 1129 4316 tos_esse,_qui_ex_Leodiehsjum
1160 4240 1459 4316 disciplina
1488 4246 1829 4316 prodierint,

218 4324 279 4388 ex
303 4310 654 4388 ipsisdibris
690 4312 964 4388 Fulcuini,
998 4314 1273 4388 Ratherii,
1306 4310 1558 4388 Everacli
1604 4317 1664 4371 in
1710 4318 1830 4388 epi-

217 4372 358 4457 stola
392 4382 488 4457 ad
509 4382 870 4457 _Not‘gerum,
903 4372 1157 4456 Notgeri,
1188 4372 1517 4454 Adelboldi,
1548 4372 1827 4457 Anselmi,
1852 4372 1904 4431 Ῐ)

218 4448 528 4525 Goaechini
548 4448 685 4525 satis
710 4448 886 4525 patet.

218 4588 229 4599 .
276 4520 395 4600 (39)
426 4525 496 4600 In
545 4520 1161 4600 praefationelaudata.
1200 4525 1478 4581 Eamdem
1527 4528 1648 4584 fere
1675 4529 1829 4584 viam

214 4595 802 4677 inieruntnandr'eas,
831 4596 1318 4677 Mirmusﬁetﬂpost
1353 4613 1468 4677 _eo_s
1525 4600 1823 4677 Foppeiis;

217 4665 382 4731 paulo
442 4665 621 4747 aliter
674 4666 999 4734 Bollandus,
1043 4665 1315 4735 Oudiiius,
1353 4665 1826 4752 Lelongfliiblioé

217 4731 427 4797 theque
472 4736 609 4791 hist.
659 4736 728 4790 de
772 4738 1004 4797 France.
1038 4740 1078 4797 Ι,
1113 4741 1245 4797 584:
1281 4740 1551 4797 Lagmlle.
1582 4742 1826 4797 Histmre

218 4751 427 4805 ineque
472 4751 609 4791 hist.
659 4751 728 4790 ue
773 4751 1004 4805 r‘rance,
1040 4751 1078 4804 ι,
1113 4751 1245 4806 δδ4;
1282 4751 1551 4810 Laguille,
1583 4751 1823 4797 Histoire

216 4801 494 4878 d'Alsace,
544 4824 599 4876 p.
643 4809 740 4874 47;
785 4812 1041 4863 auctores
1088 4809 1223 4863 Hist.
1258 4809 1369 4863 litt.
1416 4811 1642 4878 Franc.,
1678 4813 1823 4867 Ceil-

215 4872 335 4960 tier,
368 4877 408 4929 l.
445 4878 489 4929 l.
534 4872 663 4931 rem
692 4872 956 4960 explicaij
987 4880 1403 4960 posse_.0pinati
1435 4886 1586 4950 sunt,
1619 4872 1824 4960 verum

216 4941 870 5029 Gestorumnauctorem
920 4941 1089 5029 fuisse
1140 4941 1478 5029 No'tgerum,
1526 4941 1665 5029 ,q'ui_
1693 4971 1822 5029 qua:

215 5018 509 5140 scripserit
541 5018 806 5090 Herigero
830 5020 1102 5087 limanda,
1129 5018 1496 5103 emendanda
1521 5018 1578 5077 et
1597 5018 1826 5080 edenda

216 5087 301 5139 tra
347 5087 546 5142 iderit.
580 5088 734 5143 Idem
766 5091 885 5145 fere
916 5092 1070 5150 quod
1103 5092 1171 5146 de
1204 5093 1477 5150 Herigero
1512 5096 1785 5150 nronosui
1809 5138 1822 5150 .

219 5109 546 5142 trauluerll.
580 5109 734 5143 iucm
766 5109 885 5145 iere
916 5109 1070 5161 quoa
1103 5109 1171 5146 ae
1204 5109 1477 5164 uerigero
1512 5111 1822 5168 pr0posu1,

217 5157 410 5233 statuit
442 5158 724 5233 Hirschv,
753 5162 920 5233 clade
951 5162 1248 5233 Sigeberto
1282 5182 1336 5233 p.
1374 5166 1462 5218 85.

285 5226 395 5307 (40)
416 5228 511 5307 ΔΕἰ
546 5245 612 5307 ne
651 5231 733 5284 hic
767 5231 939 5307 ΔΖιιιζον,
970 5226 1065 5304 qui
1117 5240 1164 5307 te
1200 5226 1515 5307 adhortante
1556 5244 1823 5307 susceptus

218 5304 306 5377 est,
340 5300 947 5378 iii/erucisopcris'ﬁat,
970 5300 1085 5378 :non
1115 5305 1227 5378 ejus
1257 5305 1410 5360 modo
1440 5308 1602 5378 cujus
1630 5300 1816 5362 memi-

220 5373 388 5423 nimus
460 5373 638 5443 sancti
702 5373 894 5427 scilicet
954 5373 1214 5443 Remacli,
1269 5394 1451 5431 verum
1499 5373 1819 5434 ceterorum

222 5448 408 5494 nostrae
430 5442 573 5521 sedis
601 5447 915 5521 ponti/iouia
941 5453 1174 5521 tengpora
1204 5442 1263 5501 et
1293 5457 1460 5518 gesta,
1500 5467 1619 5521 qua:
1648 5451 1816 5505 unde-

223 5525 426 5627 cimoque
444 5519 668 5582 potuere
693 5516 932 5584 conradi,
967 5517 1036 5571 ad
1061 5526 1239 5573 nostra
1271 5516 1432 5591 usque
1457 5516 1690 5592 tempora
1709 5522 1815 5577 col-

243 5597 340 5649 ιῃι.

293 5654 398 5722 (ﬁt)
429 5652 756 5719 Bollandus,
792 5657 912 5713 Act.
952 5657 1049 5714 SS.
1089 5660 1249 5715 Febr.
1284 5662 1321 5718 l.
1356 5664 1396 5719 Ι.
1425 5662 1564 5718 Hist.
1597 5662 1710 5722 litt.
1743 5664 1816 5721 de

229 5718 458 5792 πτερω,
493 5725 638 5782 tom.
659 5718 771 5794 VII,
803 5728 911 5787 1.1.

718 5825 948 5891 Persen.
980 5827 1227 5889 CXXXIX.

1963 1939 2210 1991 structus
2249 1934 2410 2008 operi
2449 1951 2550 1990 suo
2590 1948 2833 1988 manum
2876 1930 3224 1987 admoverit.
3259 1930 3450 1985 Unum
3496 1932 3584 1984 est

1963 2034 2119 2107 quod
2147 2034 2207 2088 in
2234 2049 2302 2089 eo
2330 2032 2487 2088 haud
2516 2030 2768 2087 libenter
2796 2029 3158 2085 desiderabis
3190 2046 3205 2084 :
3240 2044 3369 2100 quas
3398 2027 3456 2083 in
3488 2043 3581 2083 re-

1960 2133 2066 2189 bus
2087 2131 2358 2204 gerendis
2370 2130 2635 2185 minister
2651 2129 2751 2183 aut
2771 2127 2961 2200 egerit
2976 2130 3077 2183 aut
3092 2125 3322 2194 viderit,
3338 2126 3580 2183 omnino

1959 2246 2080 2284 non
2112 2227 2358 2301 scripsit,
2379 2242 2507 2300 qum
2529 2226 2599 2281 ab
2626 2224 2749 2280 aliis
2774 2224 3030 2281 audierit
3059 2222 3583 2299 paucissima.Qua-

1955 2330 2072 2386 lem
2099 2326 2275 2400 igitur
2303 2326 2376 2380 ad
2399 2323 2702 2380 historiam
2731 2321 3105 2378 scribendam
3136 2322 3399 2379 indolem
3429 2327 3580 2381 attu-

1956 2424 2114 2491 lerit,
2133 2425 2275 2480 libro
2306 2440 2408 2479 suo
2439 2423 2573 2478 satis
2598 2419 2847 2494 probare
2873 2437 2997 2475 non
3017 2420 3231 2494 potuit,
3249 2421 3360 2477 alia
3388 2422 3582 2498 itaque

1956 2539 2024 2579 ex
2055 2524 2306 2579 aliorum
2336 2520 2495 2576 libris
2524 2522 2584 2574 et
2614 2516 2822 2574 litteris
2852 2518 3127 2591 praesidia
3171 2518 3282 2575 sibi
3322 2523 3578 2594 paravit;

1954 2622 2106 2678 inter
2131 2636 2261 2693 qum
2292 2621 2625 2674 sanctorum
2654 2605 2830 2683 Vitas,
2865 2618 2935 2670 ut
2958 2615 3135 2672 libelli
3168 2624 3580 2690 argumentum

1953 2705 2568 2782 postulabat,primum
2590 2704 2779 2758 locum
2808 2702 3079 2759 obtinere
3097 2704 3427 2764 vides.Sunt
3443 2726 3580 2768 vero

1953 2798 2167 2854 auxilia
2207 2796 2331 2868 ejus
2387 2794 2511 2848 haec
2541 2809 2554 2847 :
2585 2790 2861 2846 Eusebius
2912 2791 2973 2847 in
3024 2793 3311 2851 Chronico
3346 2798 3459 2871 (42)
3506 2817 3580 2858 ex

1951 2887 2215 2943 versione
2266 2881 2620 2953 Hieronymi,
2676 2879 2936 2935 historiae
2990 2882 3408 2953 ecclesiasticae,
3460 2906 3576 2960 quo

1951 2976 2193 3031 nomine
2226 2970 2452 3029 Eusebii
2478 2970 2689 3025 librum
2721 2983 2755 3022 a
2783 2967 2998 3024 Ruﬁno
3027 2969 3229 3026 Latine
3258 2990 3487 3031 versum
3517 2984 3581 3036 et

1949 3065 2009 3120 ni
2042 3066 2214 3120 fallor
2243 3058 2481 3133 Sulpicii
2510 3055 2706 3114 Severi
2733 3054 3039 3111 historiam
3071 3057 3264 3114 innuit
3286 3062 3424 3136 (43),
3453 3065 3578 3121 lor.

1948 3154 2114 3209 danis
2157 3153 2289 3225 (44),
2336 3146 2661 3221 Geographi
2709 3145 3061 3200 Ravennatis
3102 3146 3270 3217 liber,
3316 3155 3379 3206 ut
3416 3153 3576 3211 vide-

1946 3246 2041 3297 tur
2066 3244 2208 3313 (45),
2240 3242 2411 3296 Gesta
2440 3237 2795 3293 Francorum
2821 3234 2956 3304 (46),
3000 3234 3278 3292 Einhardi
3309 3240 3432 3296 Vita
3465 3244 3573 3300 Ca-

1944 3333 2053 3387 roli
2109 3329 2299 3404 Magni
2345 3325 2482 3400 (47),
2532 3324 2699 3381 Bedes
2745 3321 2896 3377 liber
2934 3321 3006 3376 de
3054 3324 3415 3395 temporibus
3457 3334 3572 3406 (48)

1946 3424 2005 3477 et
2046 3416 2524 3493 Martyrologium
2562 3412 2692 3487 (49).
2735 3410 2924 3482 passio
2971 3409 3069 3465 SS.
3107 3413 3259 3469 Petri
3302 3421 3359 3471 et
3406 3421 3568 3478 Pauli

1944 3509 2343 3582 apostolorum
2427 3506 2561 3576 (50).
2637 3499 2766 3555 Vita
2861 3501 3195 3556 sanctorum
3269 3504 3562 3576 Eucharii,

2015 3678 2124 3749 (42)
2158 3678 2343 3752 Quem
2369 3689 2500 3752 cum
2532 3672 2649 3752 ipss
2680 3668 2740 3751 is
2760 3666 3019 3752 ,θρίειριει
3034 3666 3109 3722 δά
3128 3669 3434 3752 “saeuam
3461 3696 3560 3751 ap.

1938 3742 2192 3804 Martene
2224 3750 2262 3803 l.
2294 3749 2336 3801 l.
2370 3742 2576 3799 testem
2607 3742 2799 3805 faciat,
2834 3742 2974 3809 quin
3003 3753 3137 3795 eum
3169 3742 3559 3807 in’Gestoruin

1940 3836 2108 3899 capp.
2144 3822 2174 3874 3
2204 3822 2262 3873 et
2291 3820 2345 3885 4,
2390 3815 2494 3870 etsi
2525 3812 3017 3868 liberius-secutus
3045 3810 3136 3879 sit,
3170 3813 3419 3872 dubitari
3450 3838 3556 3876 ne-

1939 3894 2085 3963 quit-

2010 3959 2126 4033 (43)
2167 3962 2208 4027 I,
2243 3961 2295 4024 3,
2327 3958 2381 4023 4,
2411 3955 2496 4011 16.

2011 4033 2129 4096 (44)
2170 4034 2213 4095 l,
2244 4033 2423 4086 17-19.

2007 4099 2119 4174 (45)
2158 4105 2201 4169 1,
2231 4099 2319 4174 2e.

2006 4171 2113 4243 (to)
2155 4176 2196 4241 I,
2231 4171 2437 4238 26,41,
2468 4172 2557 4225 57.

2028 4245 2123 4315 47)
2161 4247 2203 4312 1,
2237 4243 2323 4299 26.

2027 4313 2116 4389 48)
2155 4317 2197 4382 Ι,
2235 4319 2321 4379 17;
2353 4313 2620 4369 laudatur
2650 4313 2721 4368 ab
2752 4330 2820 4370 eo
2854 4315 2913 4371 in
2958 4315 3199 4388 epistola
3237 4315 3311 4371 ad
3352 4318 3544 4392 Hugo-

1930 4403 2088 4441 nem.

2000 4459 2115 4527 (49)
2146 4458 2222 4511 Ex
2248 4457 2362 4534 hoc
2386 4455 2808 4534 enim_,_no_i_i_ex
2827 4457 2950 4534 ipso
2972 4460 3043 4515 de
3061 4459 3120 4534 _S_.
3139 4460 3296 4531 Lupo
3324 4461 3542 4534 hymno

1932 4528 2074 4600 duos
2095 4546 2286 4584 versus
2307 4529 2432 4600 illos
2462 4529 2503 4594 ι,
2529 4530 2588 4600 21
2629 4528 2736 4600 sibi
2760 4528 2992 4600 petiisse
3022 4528 3291 4587 videtur”

2001 4599 2111 4671 (50)
2146 4602 2187 4666 l,
2213 4604 2265 4675 3,
2297 4602 2351 4654 4.
2382 4598 2520 4675 Quae
2542 4598 2614 4652 sit
2635 4598 2777 4675 haec
2789 4602 3039 4675 fetriiet
3059 4603 3220 4675 Pauli
3246 4606 3543 4675 apostolo-

1927 4669 2270 4750 rum‘passio
2302 4669 2520 4750 ambigi
2551 4672 2759 4740 potest.
2789 4672 2866 4726 Ex
2896 4674 3067 4728 rebus
3104 4674 3242 4745 ipsis
3270 4669 3414 4750 quas
3457 4677 3538 4733 illi

1926 4741 2121 4796 libello
2149 4742 2321 4797 debet
2362 4741 2665 4817 Herigerus
2697 4759 2815 4817 non
2857 4761 2976 4817 esse
3022 4741 3157 4817 eam,
3208 4741 3532 4817 passionem

1926 4756 2121 4796 llDeIIO
2149 4756 2321 4797 debet
2362 4756 2665 4866 iieriigerus
2697 4759 2815 4797 non
2857 4761 2976 4799 esse
3022 4761 3151 4800 eam
3208 4756 3532 4817 passionem

1925 4816 2085 4889 patet
2115 4830 2242 4884 quas
2265 4813 2465 4889 _sancti_
2520 4812 2620 4889 gini
2654 4815 2891 4869 nomine
2919 4816 3342 4885 circumfertur,
3377 4820 3537 4889 cujus

1926 4883 2053 4938 dum
2108 4883 2224 4958 non
2265 4885 2424 4958 bene
2452 4883 2603 4958 inter
2642 4900 2700 4937 se
2745 4891 3133 4958 congruentes
3169 4883 3535 4946 recensiones

1925 4958 2155 5009 exstant
2199 4956 2256 5009 in
2290 4954 2638 5010 bibliotheca
2667 4954 2919 5011 maxima
2949 4960 3184 5013 Patrum
3217 4961 3257 5026 l,
3291 4960 3360 5016 67
3388 4963 3532 5016 etin

1922 5028 2025 5080 Act
2057 5026 2155 5082 SS.
2189 5028 2319 5081 Jun.
2366 5026 2428 5093 V,
2468 5025 2594 5079 424.
2634 5026 3044 5084 Desiderantur
3069 5025 3532 5087 enimrnonnulla

1923 5113 2075 5173 quae
2104 5098 2256 5173 apud
2312 5098 2652 5173 Herigcrum
2708 5099 2997 5169 leguntur.
3046 5105 3243 5173 Itaque
3287 5104 3530 5157 alteram

1923 5169 2312 5240 apostolorum
2369 5168 2695 5240 passionem
2745 5168 3041 5226 auctorem
3090 5168 3349 5227 secutum
3406 5189 3527 5227 esse

1921 5238 2248 5312 cenjiciam,
2282 5238 2443 5311 cujus
2480 5240 2829 5312 Marcellos.
2864 5243 3015 5297 Petri
3055 5242 3331 5312 discipulo
3380 5242 3525 5298 falso

1921 5310 2226 5393 suppositas
2260 5310 2624 5393 mensionem
2653 5311 2789 5366 facit
2819 5310 3421 5393 Sigebertuslibro
3442 5315 3525 5393 D‘e

1919 5383 2205 5453 scriptor.,
2229 5383 2409 5436 eccles
2462 5399 2510 5436 c.
2550 5385 2599 5449 l,
2633 5399 2921 5454 quamque
2960 5400 3027 5436 ex
3053 5383 3342 5437 codicibus
3362 5384 3527 5439 Glad-

1918 5451 2145 5536 bacensi
2175 5457 2231 5507 et
2252 5452 2665 5536 :l‘revir‘ensinin
2694 5455 2914 5536 schedis
2938 5453 3051 5536 suis
3075 5454 3370 5536 habebant
3396 5456 3521 5509 Bol-

1918 5523 2200 5582 landistas.
2252 5524 2410 5579 Hunc
2452 5525 2707 5580 libellum
2754 5525 2840 5579 bis
2882 5524 2942 5578 in
2983 5525 3170 5579 lucein
3224 5525 3442 5580 editum
3489 5544 3524 5581 a

1917 5594 2137 5650 Nausea
2162 5599 2218 5651 et
2251 5596 2600 5652 Florentinio
2634 5612 2752 5651 non
2784 5595 2919 5651 vidi.
2952 5595 3080 5656 Vid.
3112 5597 3234 5652 Act.
3272 5598 3370 5652 SS.
3402 5598 3440 5651 l.
3477 5599 3518 5653 Ι.

1916 5681 1975 5738 p.
2007 5669 2133 5724 399.

3240 5839 3300 5896 31
