  <div class='ocr_page' id='page_1' title='image "/cluster/home/n/w/nwhite01/storage/ocr_20150623/139/hvd.32044054759998/492.png"; bbox 0 0 3910 6174; ppageno 0'>
   <div class='ocr_carea' id='block_1_1' title="bbox 226 430 1771 502">
    <p class='ocr_par' dir='ltr' id='par_1_1' title="bbox 226 430 1771 502">
     <span class='ocr_line' id='line_1_1' title="bbox 226 430 1771 502; baseline -0.006 0"><span class='ocrx_word' id='word_1_1' title='bbox 226 441 309 502; x_wconf 70' lang='grc'>973</span> <span class='ocrx_word' id='word_1_2' title='bbox 1652 430 1771 493; x_wconf 78' lang='lat' dir='ltr'>MOI</span> 
     </span>
    </p>
   </div>
   <div class='ocr_carea' id='block_1_2' title="bbox 1887 430 1987 502">
    <p class='ocr_par' dir='ltr' id='par_1_2' title="bbox 1887 433 1987 496">
     <span class='ocr_line' id='line_1_2' title="bbox 1887 433 1987 496; baseline -0.01 0"><span class='ocrx_word' id='word_1_3' title='bbox 1887 433 1987 496; x_wconf 68' lang='lat' dir='ltr'>3M.</span> 
     </span>
    </p>
   </div>
   <div class='ocr_carea' id='block_1_3' title="bbox 3379 437 3483 503">
    <p class='ocr_par' dir='ltr' id='par_1_3' title="bbox 3379 437 3483 503">
     <span class='ocr_line' id='line_1_3' title="bbox 3379 437 3483 503; baseline 0.01 -1"><span class='ocrx_word' id='word_1_4' title='bbox 3379 437 3483 503; x_wconf 62' lang='grc'>974</span> 
     </span>
    </p>
   </div>
   <div class='ocr_carea' id='block_1_4' title="bbox 228 549 3484 638">
    <p class='ocr_par' dir='ltr' id='par_1_4' title="bbox 228 549 3484 638">
     <span class='ocr_line' id='line_1_4' title="bbox 228 549 3484 638; baseline 0.001 -17"><span class='ocrx_word' id='word_1_5' title='bbox 228 565 339 622; x_wconf 82' lang='lat' dir='ltr'>nato</span> <span class='ocrx_word' id='word_1_6' title='bbox 358 556 475 636; x_wconf 80' lang='grc'>(57),</span> <span class='ocrx_word' id='word_1_7' title='bbox 508 554 563 615; x_wconf 91' lang='lat' dir='ltr'>S.</span> <span class='ocrx_word' id='word_1_8' title='bbox 593 550 845 614; x_wconf 82' lang='lat' dir='ltr'>Remacli</span> <span class='ocrx_word' id='word_1_9' title='bbox 895 549 1187 632; x_wconf 77' lang='lat' dir='ltr'>antiquior</span> <span class='ocrx_word' id='word_1_10' title='bbox 1216 551 1348 630; x_wconf 73' lang='lat'>[58),</span> <span class='ocrx_word' id='word_1_11' title='bbox 1404 551 1463 613; x_wconf 90' lang='lat' dir='ltr'>S.</span> <span class='ocrx_word' id='word_1_12' title='bbox 1518 551 1769 631; x_wconf 83' lang='lat' dir='ltr'>Remigii</span> <span class='ocrx_word' id='word_1_13' title='bbox 1787 556 1845 620; x_wconf 78' lang='grc' dir='ltr'>Α</span> <span class='ocrx_word' id='word_1_14' title='bbox 1873 554 2124 615; x_wconf 82' lang='lat' dir='ltr'>curatius</span> <span class='ocrx_word' id='word_1_15' title='bbox 2155 554 2592 629; x_wconf 86' lang='lat' dir='ltr'>examinaveris,</span> <span class='ocrx_word' id='word_1_16' title='bbox 2612 556 2967 635; x_wconf 85' lang='lat' dir='ltr'>Herigerum</span> <span class='ocrx_word' id='word_1_17' title='bbox 2986 559 3161 637; x_wconf 89' lang='lat' dir='ltr'>longe</span> <span class='ocrx_word' id='word_1_18' title='bbox 3174 578 3293 638; x_wconf 70' lang='lat' dir='ltr'>pra:</span> <span class='ocrx_word' id='word_1_19' title='bbox 3314 568 3484 624; x_wconf 82' lang='lat' dir='ltr'>caete-</span> 
     </span>
    </p>
   </div>
   <div class='ocr_carea' id='block_1_5' title="bbox 228 646 1770 720">
    <p class='ocr_par' dir='ltr' id='par_1_5' title="bbox 228 646 1770 720">
     <span class='ocr_line' id='line_1_5' title="bbox 228 646 1770 720; baseline -0.005 -11"><span class='ocrx_word' id='word_1_20' title='bbox 228 657 420 710; x_wconf 87' lang='lat' dir='ltr'>auctore</span> <span class='ocrx_word' id='word_1_21' title='bbox 450 648 753 704; x_wconf 80' lang='lat' dir='ltr'>Hincmaro</span> <span class='ocrx_word' id='word_1_22' title='bbox 785 646 920 720; x_wconf 76' lang='grc'>(59),</span> <span class='ocrx_word' id='word_1_23' title='bbox 951 647 1008 703; x_wconf 92' lang='lat' dir='ltr'>S.</span> <span class='ocrx_word' id='word_1_24' title='bbox 1057 646 1350 703; x_wconf 88' lang='lat' dir='ltr'>Lamberti</span> <span class='ocrx_word' id='word_1_25' title='bbox 1381 649 1614 703; x_wconf 90' lang='lat' dir='ltr'>auctore</span> <span class='ocrx_word' id='word_1_26' title='bbox 1645 646 1770 703; x_wconf 89' lang='lat' dir='ltr'>Ste-</span> 
     </span>
    </p>
   </div>
   <div class='ocr_carea' id='block_1_6' title="bbox 219 735 1772 817">
    <p class='ocr_par' dir='ltr' id='par_1_6' title="bbox 219 735 1772 817">
     <span class='ocr_line' id='line_1_6' title="bbox 219 735 1772 817; baseline -0.005 -19"><span class='ocrx_word' id='word_1_27' title='bbox 219 744 380 817; x_wconf 85' lang='lat' dir='ltr'>phano</span> <span class='ocrx_word' id='word_1_28' title='bbox 405 738 519 810; x_wconf 82' lang='grc'>(60).</span> <span class='ocrx_word' id='word_1_29' title='bbox 546 737 783 792; x_wconf 81' lang='lat' dir='ltr'>Textum</span> <span class='ocrx_word' id='word_1_30' title='bbox 808 739 980 809; x_wconf 84' lang='lat' dir='ltr'>prout</span> <span class='ocrx_word' id='word_1_31' title='bbox 1010 753 1103 791; x_wconf 90' lang='lat' dir='ltr'>res</span> <span class='ocrx_word' id='word_1_32' title='bbox 1142 737 1432 808; x_wconf 89' lang='lat' dir='ltr'>postulare</span> <span class='ocrx_word' id='word_1_33' title='bbox 1464 735 1772 792; x_wconf 77' lang='lat' dir='ltr'>videbatur</span> 
     </span>
    </p>
   </div>
   <div class='ocr_carea' id='block_1_7' title="bbox 218 825 1765 895">
    <p class='ocr_par' dir='ltr' id='par_1_7' title="bbox 218 825 1765 895">
     <span class='ocr_line' id='line_1_7' title="bbox 218 825 1765 895; baseline -0.004 -7"><span class='ocrx_word' id='word_1_34' title='bbox 218 831 363 888; x_wconf 90' lang='lat' dir='ltr'>modo</span> <span class='ocrx_word' id='word_1_35' title='bbox 384 827 607 885; x_wconf 80' lang='lat' dir='ltr'>servavit</span> <span class='ocrx_word' id='word_1_36' title='bbox 635 827 708 883; x_wconf 88' lang='lat' dir='ltr'>ad</span> <span class='ocrx_word' id='word_1_37' title='bbox 738 827 997 895; x_wconf 86' lang='lat' dir='ltr'>verbum,</span> <span class='ocrx_word' id='word_1_38' title='bbox 1065 830 1128 882; x_wconf 90' lang='lat' dir='ltr'>ut</span> <span class='ocrx_word' id='word_1_39' title='bbox 1174 825 1314 882; x_wconf 86' lang='lat' dir='ltr'>Vitae</span> <span class='ocrx_word' id='word_1_40' title='bbox 1345 826 1446 883; x_wconf 90' lang='lat' dir='ltr'>SS.</span> <span class='ocrx_word' id='word_1_41' title='bbox 1475 827 1765 895; x_wconf 87' lang='lat' dir='ltr'>Eucharii,</span> 
     </span>
    </p>
   </div>
   <div class='ocr_carea' id='block_1_8' title="bbox 217 915 1768 986">
    <p class='ocr_par' dir='ltr' id='par_1_8' title="bbox 217 915 1768 986">
     <span class='ocr_line' id='line_1_8' title="bbox 217 915 1768 986; baseline -0.003 -11"><span class='ocrx_word' id='word_1_42' title='bbox 217 919 406 986; x_wconf 85' lang='lat' dir='ltr'>Valerii,</span> <span class='ocrx_word' id='word_1_43' title='bbox 443 915 651 984; x_wconf 74' lang='lat' dir='ltr'>Meteri,</span> <span class='ocrx_word' id='word_1_44' title='bbox 706 915 991 982; x_wconf 73' lang='lat' dir='ltr'>Iordanis,</span> <span class='ocrx_word' id='word_1_45' title='bbox 1039 916 1458 983; x_wconf 89' lang='lat' dir='ltr'>Baudemundi,</span> <span class='ocrx_word' id='word_1_46' title='bbox 1500 915 1676 971; x_wconf 91' lang='lat' dir='ltr'>modo</span> <span class='ocrx_word' id='word_1_47' title='bbox 1702 915 1768 971; x_wconf 85' lang='lat' dir='ltr'>li-</span> 
     </span>
    </p>
   </div>
   <div class='ocr_carea' id='block_1_9' title="bbox 212 1005 1765 1086">
    <p class='ocr_par' dir='ltr' id='par_1_9' title="bbox 212 1005 1765 1086">
     <span class='ocr_line' id='line_1_9' title="bbox 212 1005 1765 1086; baseline -0.002 -22"><span class='ocrx_word' id='word_1_48' title='bbox 212 1008 372 1065; x_wconf 80' lang='lat' dir='ltr'>borius</span> <span class='ocrx_word' id='word_1_49' title='bbox 403 1007 807 1079; x_wconf 78' lang='lat' dir='ltr'>argumentum</span> <span class='ocrx_word' id='word_1_50' title='bbox 852 1022 919 1086; x_wconf 56' lang='grc' dir='ltr'>εξ</span> <span class='ocrx_word' id='word_1_51' title='bbox 944 1005 1052 1059; x_wconf 88' lang='lat' dir='ltr'>illis</span> <span class='ocrx_word' id='word_1_52' title='bbox 1081 1005 1450 1077; x_wconf 88' lang='lat' dir='ltr'>desumptum</span> <span class='ocrx_word' id='word_1_53' title='bbox 1482 1021 1585 1060; x_wconf 91' lang='lat' dir='ltr'>suo</span> <span class='ocrx_word' id='word_1_54' title='bbox 1619 1005 1765 1077; x_wconf 89' lang='lat' dir='ltr'>stylo</span> 
     </span>
    </p>
   </div>
   <div class='ocr_carea' id='block_1_10' title="bbox 207 1093 1772 1168">
    <p class='ocr_par' dir='ltr' id='par_1_10' title="bbox 207 1093 1772 1168">
     <span class='ocr_line' id='line_1_10' title="bbox 207 1093 1772 1168; baseline -0.002 -18"><span class='ocrx_word' id='word_1_55' title='bbox 207 1099 502 1168; x_wconf 89' lang='lat' dir='ltr'>prosecutus</span> <span class='ocrx_word' id='word_1_56' title='bbox 530 1098 631 1149; x_wconf 86' lang='lat' dir='ltr'>est.</span> <span class='ocrx_word' id='word_1_57' title='bbox 655 1094 767 1152; x_wconf 88' lang='lat' dir='ltr'>Sed</span> <span class='ocrx_word' id='word_1_58' title='bbox 792 1093 1039 1149; x_wconf 90' lang='lat' dir='ltr'>aliorum</span> <span class='ocrx_word' id='word_1_59' title='bbox 1053 1110 1280 1167; x_wconf 90' lang='lat' dir='ltr'>quoque</span> <span class='ocrx_word' id='word_1_60' title='bbox 1298 1093 1579 1149; x_wconf 90' lang='lat' dir='ltr'>librorum</span> <span class='ocrx_word' id='word_1_61' title='bbox 1606 1110 1772 1148; x_wconf 90' lang='lat' dir='ltr'>men-</span> 
     </span>
    </p>
   </div>
   <div class='ocr_carea' id='block_1_11' title="bbox 210 1181 1771 1255">
    <p class='ocr_par' dir='ltr' id='par_1_11' title="bbox 210 1181 1771 1255">
     <span class='ocr_line' id='line_1_11' title="bbox 210 1181 1771 1255; baseline -0.003 -15"><span class='ocrx_word' id='word_1_62' title='bbox 210 1185 272 1240; x_wconf 90' lang='lat' dir='ltr'>tio</span> <span class='ocrx_word' id='word_1_63' title='bbox 312 1184 451 1255; x_wconf 89' lang='lat' dir='ltr'>apud</span> <span class='ocrx_word' id='word_1_64' title='bbox 481 1183 825 1255; x_wconf 84' lang='lat' dir='ltr'>Herigerum</span> <span class='ocrx_word' id='word_1_65' title='bbox 853 1182 1120 1249; x_wconf 88' lang='lat' dir='ltr'>occurrit,</span> <span class='ocrx_word' id='word_1_66' title='bbox 1179 1199 1321 1254; x_wconf 88' lang='lat' dir='ltr'>quos</span> <span class='ocrx_word' id='word_1_67' title='bbox 1365 1199 1482 1236; x_wconf 91' lang='lat' dir='ltr'>non</span> <span class='ocrx_word' id='word_1_68' title='bbox 1514 1181 1572 1236; x_wconf 87' lang='lat' dir='ltr'>in</span> <span class='ocrx_word' id='word_1_69' title='bbox 1604 1198 1771 1237; x_wconf 90' lang='lat' dir='ltr'>usum</span> 
     </span>
    </p>
   </div>
   <div class='ocr_carea' id='block_1_12' title="bbox 206 1270 1771 1347">
    <p class='ocr_par' dir='ltr' id='par_1_12' title="bbox 206 1270 1771 1347">
     <span class='ocr_line' id='line_1_12' title="bbox 206 1270 1771 1347; baseline -0.002 -20"><span class='ocrx_word' id='word_1_70' title='bbox 206 1290 345 1327; x_wconf 89' lang='lat' dir='ltr'>suum</span> <span class='ocrx_word' id='word_1_71' title='bbox 373 1273 551 1338; x_wconf 79' lang='lat' dir='ltr'>vertit,</span> <span class='ocrx_word' id='word_1_72' title='bbox 576 1271 676 1326; x_wconf 90' lang='lat' dir='ltr'>sed</span> <span class='ocrx_word' id='word_1_73' title='bbox 706 1270 958 1347; x_wconf 77' lang='lat' dir='ltr'>laudavit</span> <span class='ocrx_word' id='word_1_74' title='bbox 988 1274 1236 1326; x_wconf 89' lang='lat' dir='ltr'>tantum.</span> <span class='ocrx_word' id='word_1_75' title='bbox 1271 1271 1473 1325; x_wconf 85' lang='lat' dir='ltr'>Multos</span> <span class='ocrx_word' id='word_1_76' title='bbox 1497 1270 1771 1325; x_wconf 82' lang='lat' dir='ltr'>historio-</span> 
     </span>
    </p>
   </div>
   <div class='ocr_carea' id='block_1_13' title="bbox 201 1360 1768 1435">
    <p class='ocr_par' dir='ltr' id='par_1_13' title="bbox 201 1360 1768 1435">
     <span class='ocr_line' id='line_1_13' title="bbox 201 1360 1768 1435; baseline -0.002 -18"><span class='ocrx_word' id='word_1_77' title='bbox 201 1363 437 1435; x_wconf 88' lang='lat' dir='ltr'>graphos,</span> <span class='ocrx_word' id='word_1_78' title='bbox 462 1361 557 1435; x_wconf 90' lang='lat' dir='ltr'>qui</span> <span class='ocrx_word' id='word_1_79' title='bbox 591 1362 662 1417; x_wconf 92' lang='lat' dir='ltr'>de</span> <span class='ocrx_word' id='word_1_80' title='bbox 692 1360 923 1416; x_wconf 82' lang='lat' dir='ltr'>Hunnis</span> <span class='ocrx_word' id='word_1_81' title='bbox 949 1360 1300 1428; x_wconf 88' lang='lat' dir='ltr'>referebant,</span> <span class='ocrx_word' id='word_1_82' title='bbox 1336 1364 1548 1433; x_wconf 62' lang='lat' dir='ltr'>praeter</span> <span class='ocrx_word' id='word_1_83' title='bbox 1566 1361 1768 1416; x_wconf 77' lang='lat' dir='ltr'>Iorda-</span> 
     </span>
    </p>
   </div>
   <div class='ocr_carea' id='block_1_14' title="bbox 202 1447 1775 1522">
    <p class='ocr_par' dir='ltr' id='par_1_14' title="bbox 202 1447 1775 1522">
     <span class='ocr_line' id='line_1_14' title="bbox 202 1447 1775 1522; baseline -0.002 -16"><span class='ocrx_word' id='word_1_84' title='bbox 202 1469 315 1506; x_wconf 89' lang='lat' dir='ltr'>nem</span> <span class='ocrx_word' id='word_1_85' title='bbox 340 1451 587 1505; x_wconf 86' lang='lat' dir='ltr'>habebat</span> <span class='ocrx_word' id='word_1_86' title='bbox 612 1451 744 1522; x_wconf 87' lang='grc'>(61),</span> <span class='ocrx_word' id='word_1_87' title='bbox 786 1447 1045 1505; x_wconf 86' lang='lat' dir='ltr'>Hilduini</span> <span class='ocrx_word' id='word_1_88' title='bbox 1070 1448 1392 1522; x_wconf 83' lang='lat' dir='ltr'>passionem</span> <span class='ocrx_word' id='word_1_89' title='bbox 1424 1448 1481 1505; x_wconf 92' lang='lat' dir='ltr'>S.</span> <span class='ocrx_word' id='word_1_90' title='bbox 1515 1448 1775 1521; x_wconf 82' lang='lat' dir='ltr'>Dionysii</span> 
     </span>
    </p>
   </div>
   <div class='ocr_carea' id='block_1_15' title="bbox 194 1537 1767 1610">
    <p class='ocr_par' dir='ltr' id='par_1_15' title="bbox 194 1537 1767 1610">
     <span class='ocr_line' id='line_1_15' title="bbox 194 1537 1767 1610; baseline 0 -16"><span class='ocrx_word' id='word_1_91' title='bbox 194 1541 354 1596; x_wconf 77' lang='lat' dir='ltr'>laudat</span> <span class='ocrx_word' id='word_1_92' title='bbox 394 1539 450 1594; x_wconf 91' lang='lat' dir='ltr'>in</span> <span class='ocrx_word' id='word_1_93' title='bbox 482 1539 725 1610; x_wconf 87' lang='lat' dir='ltr'>epistola</span> <span class='ocrx_word' id='word_1_94' title='bbox 754 1540 830 1594; x_wconf 88' lang='lat' dir='ltr'>ad</span> <span class='ocrx_word' id='word_1_95' title='bbox 859 1537 1279 1605; x_wconf 85' lang='lat' dir='ltr'>Herinfridum,</span> <span class='ocrx_word' id='word_1_96' title='bbox 1326 1542 1385 1593; x_wconf 93' lang='lat' dir='ltr'>et</span> <span class='ocrx_word' id='word_1_97' title='bbox 1426 1537 1650 1594; x_wconf 89' lang='lat' dir='ltr'>ibidem</span> <span class='ocrx_word' id='word_1_98' title='bbox 1706 1556 1767 1595; x_wconf 91' lang='lat' dir='ltr'>se</span> 
     </span>
    </p>
   </div>
   <div class='ocr_carea' id='block_1_16' title="bbox 197 1626 1776 1701">
    <p class='ocr_par' dir='ltr' id='par_1_16' title="bbox 197 1626 1776 1701">
     <span class='ocr_line' id='line_1_16' title="bbox 197 1626 1776 1701; baseline 0.002 -19"><span class='ocrx_word' id='word_1_99' title='bbox 197 1628 622 1701; x_wconf 82' lang='lat' dir='ltr'>quamplurimas</span> <span class='ocrx_word' id='word_1_100' title='bbox 648 1631 980 1683; x_wconf 91' lang='lat' dir='ltr'>sanctorum</span> <span class='ocrx_word' id='word_1_101' title='bbox 1008 1627 1161 1681; x_wconf 85' lang='lat' dir='ltr'>Vitas</span> <span class='ocrx_word' id='word_1_102' title='bbox 1180 1627 1251 1682; x_wconf 91' lang='lat' dir='ltr'>ab</span> <span class='ocrx_word' id='word_1_103' title='bbox 1273 1626 1397 1682; x_wconf 89' lang='lat' dir='ltr'>aliis</span> <span class='ocrx_word' id='word_1_104' title='bbox 1423 1627 1776 1700; x_wconf 87' lang='lat' dir='ltr'>conscriptas</span> 
     </span>
    </p>
   </div>
   <div class='ocr_carea' id='block_1_17' title="bbox 191 1716 1771 1789">
    <p class='ocr_par' dir='ltr' id='par_1_17' title="bbox 191 1716 1771 1789">
     <span class='ocr_line' id='line_1_17' title="bbox 191 1716 1771 1789; baseline 0.003 -19"><span class='ocrx_word' id='word_1_105' title='bbox 191 1717 367 1789; x_wconf 82' lang='lat' dir='ltr'>legisse</span> <span class='ocrx_word' id='word_1_106' title='bbox 399 1720 455 1772; x_wconf 89' lang='lat' dir='ltr'>et</span> <span class='ocrx_word' id='word_1_107' title='bbox 484 1716 778 1772; x_wconf 85' lang='lat' dir='ltr'>scribendi</span> <span class='ocrx_word' id='word_1_108' title='bbox 809 1716 1098 1772; x_wconf 90' lang='lat' dir='ltr'>rationem</span> <span class='ocrx_word' id='word_1_109' title='bbox 1151 1733 1345 1771; x_wconf 87' lang='lat' dir='ltr'>secum</span> <span class='ocrx_word' id='word_1_110' title='bbox 1378 1717 1771 1775; x_wconf 83' lang='lat' dir='ltr'>considerasse</span> 
     </span>
    </p>
   </div>
   <div class='ocr_carea' id='block_1_18' title="bbox 192 1804 1779 1878">
    <p class='ocr_par' dir='ltr' id='par_1_18' title="bbox 192 1804 1779 1878">
     <span class='ocr_line' id='line_1_18' title="bbox 192 1804 1779 1878; baseline 0.003 -19"><span class='ocrx_word' id='word_1_111' title='bbox 192 1805 387 1877; x_wconf 82' lang='lat' dir='ltr'>probat.</span> <span class='ocrx_word' id='word_1_112' title='bbox 411 1805 591 1861; x_wconf 88' lang='lat' dir='ltr'>Hisce</span> <span class='ocrx_word' id='word_1_113' title='bbox 621 1804 1020 1860; x_wconf 86' lang='lat' dir='ltr'>librislitteras</span> <span class='ocrx_word' id='word_1_114' title='bbox 1043 1804 1378 1878; x_wconf 85' lang='lat' dir='ltr'>tabulasque</span> <span class='ocrx_word' id='word_1_115' title='bbox 1399 1806 1654 1875; x_wconf 88' lang='lat' dir='ltr'>publicas</span> <span class='ocrx_word' id='word_1_116' title='bbox 1678 1808 1779 1863; x_wconf 89' lang='lat' dir='ltr'>ad-</span> 
     </span>
    </p>
   </div>
   <div class='ocr_carea' id='block_1_19' title="bbox 1874 647 3485 726">
    <p class='ocr_par' dir='ltr' id='par_1_19' title="bbox 1874 647 3485 726">
     <span class='ocr_line' id='line_1_19' title="bbox 1874 647 3485 726; baseline 0.007 -24"><span class='ocrx_word' id='word_1_117' title='bbox 1874 647 1952 703; x_wconf 92' lang='lat' dir='ltr'>ris</span> <span class='ocrx_word' id='word_1_118' title='bbox 1973 647 2301 703; x_wconf 83' lang='lat' dir='ltr'>excelluisse</span> <span class='ocrx_word' id='word_1_119' title='bbox 2334 665 2451 703; x_wconf 85' lang='lat' dir='ltr'>non</span> <span class='ocrx_word' id='word_1_120' title='bbox 2477 649 2743 721; x_wconf 86' lang='lat' dir='ltr'>negabis;</span> <span class='ocrx_word' id='word_1_121' title='bbox 2765 669 2961 707; x_wconf 90' lang='lat' dir='ltr'>raram</span> <span class='ocrx_word' id='word_1_122' title='bbox 2993 652 3103 708; x_wconf 91' lang='lat' dir='ltr'>illis</span> <span class='ocrx_word' id='word_1_123' title='bbox 3126 656 3485 726; x_wconf 87' lang='lat' dir='ltr'>temporibus</span> 
     </span>
    </p>
   </div>
   <div class='ocr_carea' id='block_1_20' title="bbox 1873 738 3485 815">
    <p class='ocr_par' dir='ltr' id='par_1_20' title="bbox 1873 738 3485 815">
     <span class='ocr_line' id='line_1_20' title="bbox 1873 738 3485 815; baseline 0.006 -24"><span class='ocrx_word' id='word_1_124' title='bbox 1873 753 1939 791; x_wconf 83' lang='lat' dir='ltr'>ex</span> <span class='ocrx_word' id='word_1_125' title='bbox 1968 740 2228 791; x_wconf 90' lang='lat' dir='ltr'>veterum</span> <span class='ocrx_word' id='word_1_126' title='bbox 2258 738 2571 793; x_wconf 88' lang='lat' dir='ltr'>etPatrum</span> <span class='ocrx_word' id='word_1_127' title='bbox 2602 740 3124 797; x_wconf 81' lang='lat' dir='ltr'>ecclesiasticarum</span> <span class='ocrx_word' id='word_1_128' title='bbox 3139 742 3363 815; x_wconf 91' lang='lat' dir='ltr'>scriptis</span> <span class='ocrx_word' id='word_1_129' title='bbox 3378 745 3485 801; x_wconf 87' lang='lat' dir='ltr'>sibi</span> 
     </span>
    </p>
   </div>
   <div class='ocr_carea' id='block_1_21' title="bbox 1872 825 3486 902">
    <p class='ocr_par' dir='ltr' id='par_1_21' title="bbox 1872 825 3486 902">
     <span class='ocr_line' id='line_1_21' title="bbox 1872 825 3486 902; baseline 0.006 -23"><span class='ocrx_word' id='word_1_130' title='bbox 1872 825 2225 896; x_wconf 88' lang='lat' dir='ltr'>comparavit</span> <span class='ocrx_word' id='word_1_131' title='bbox 2251 826 2639 882; x_wconf 87' lang='lat' dir='ltr'>eruditionem</span> <span class='ocrx_word' id='word_1_132' title='bbox 2665 845 2678 896; x_wconf 93' lang='lat'>;</span> <span class='ocrx_word' id='word_1_133' title='bbox 2710 830 2895 884; x_wconf 70' lang='lat' dir='ltr'>multa</span> <span class='ocrx_word' id='word_1_134' title='bbox 2914 830 3057 902; x_wconf 83' lang='lat' dir='ltr'>legit</span> <span class='ocrx_word' id='word_1_135' title='bbox 3084 834 3141 886; x_wconf 90' lang='lat' dir='ltr'>et</span> <span class='ocrx_word' id='word_1_136' title='bbox 3167 849 3359 887; x_wconf 90' lang='lat' dir='ltr'>secum</span> <span class='ocrx_word' id='word_1_137' title='bbox 3386 850 3486 889; x_wconf 81' lang='lat' dir='ltr'>co-</span> 
     </span>
    </p>
   </div>
   <div class='ocr_carea' id='block_1_22' title="bbox 1871 913 3482 985">
    <p class='ocr_par' dir='ltr' id='par_1_22' title="bbox 1871 913 3482 985">
     <span class='ocr_line' id='line_1_22' title="bbox 1871 913 3482 985; baseline 0.007 -19"><span class='ocrx_word' id='word_1_138' title='bbox 1871 913 2089 985; x_wconf 88' lang='lat' dir='ltr'>gitavit.</span> <span class='ocrx_word' id='word_1_139' title='bbox 2120 914 2265 968; x_wconf 85' lang='lat' dir='ltr'>Nam</span> <span class='ocrx_word' id='word_1_140' title='bbox 2294 930 2410 968; x_wconf 89' lang='lat' dir='ltr'>non</span> <span class='ocrx_word' id='word_1_141' title='bbox 2434 914 2636 985; x_wconf 84' lang='lat' dir='ltr'>primis</span> <span class='ocrx_word' id='word_1_142' title='bbox 2661 920 2886 972; x_wconf 85' lang='lat' dir='ltr'>tantum</span> <span class='ocrx_word' id='word_1_143' title='bbox 2914 919 3088 974; x_wconf 72' lang='lat' dir='ltr'>labris</span> <span class='ocrx_word' id='word_1_144' title='bbox 3107 923 3325 976; x_wconf 84' lang='lat' dir='ltr'>veteres</span> <span class='ocrx_word' id='word_1_145' title='bbox 3351 923 3482 978; x_wconf 86' lang='lat' dir='ltr'>atti-</span> 
     </span>
    </p>
   </div>
   <div class='ocr_carea' id='block_1_23' title="bbox 1872 1002 3482 1079">
    <p class='ocr_par' dir='ltr' id='par_1_23' title="bbox 1872 1002 3482 1079">
     <span class='ocr_line' id='line_1_23' title="bbox 1872 1002 3482 1079; baseline 0.008 -25"><span class='ocrx_word' id='word_1_146' title='bbox 1872 1002 2206 1073; x_wconf 87' lang='lat' dir='ltr'>git,sedita,</span> <span class='ocrx_word' id='word_1_147' title='bbox 2246 1005 2306 1057; x_wconf 88' lang='lat' dir='ltr'>ut</span> <span class='ocrx_word' id='word_1_148' title='bbox 2326 1003 2435 1057; x_wconf 90' lang='lat' dir='ltr'>hoc</span> <span class='ocrx_word' id='word_1_149' title='bbox 2463 1004 2636 1059; x_wconf 81' lang='lat' dir='ltr'>verbo</span> <span class='ocrx_word' id='word_1_150' title='bbox 2669 1007 2817 1074; x_wconf 88' lang='lat' dir='ltr'>utar,</span> <span class='ocrx_word' id='word_1_151' title='bbox 2851 1006 2908 1061; x_wconf 90' lang='lat' dir='ltr'>in</span> <span class='ocrx_word' id='word_1_152' title='bbox 2934 1024 3171 1064; x_wconf 91' lang='lat' dir='ltr'>succum</span> <span class='ocrx_word' id='word_1_153' title='bbox 3204 1011 3394 1079; x_wconf 84' lang='lat' dir='ltr'>vertit,</span> <span class='ocrx_word' id='word_1_154' title='bbox 3420 1017 3482 1067; x_wconf 93' lang='lat' dir='ltr'>ut</span> 
     </span>
    </p>
   </div>
   <div class='ocr_carea' id='block_1_24' title="bbox 1875 1090 3483 1167">
    <p class='ocr_par' dir='ltr' id='par_1_24' title="bbox 1875 1090 3483 1167">
     <span class='ocr_line' id='line_1_24' title="bbox 1875 1090 3483 1167; baseline 0.007 -23"><span class='ocrx_word' id='word_1_155' title='bbox 1875 1090 2144 1145; x_wconf 81' lang='lat' dir='ltr'>scribenti</span> <span class='ocrx_word' id='word_1_156' title='bbox 2167 1095 2422 1146; x_wconf 89' lang='lat' dir='ltr'>veterum</span> <span class='ocrx_word' id='word_1_157' title='bbox 2445 1093 2760 1149; x_wconf 86' lang='lat' dir='ltr'>sententias</span> <span class='ocrx_word' id='word_1_158' title='bbox 2777 1096 2863 1150; x_wconf 91' lang='lat' dir='ltr'>vel</span> <span class='ocrx_word' id='word_1_159' title='bbox 2889 1112 2991 1150; x_wconf 90' lang='lat' dir='ltr'>sua</span> <span class='ocrx_word' id='word_1_160' title='bbox 3020 1100 3226 1167; x_wconf 84' lang='lat' dir='ltr'>sponte</span> <span class='ocrx_word' id='word_1_161' title='bbox 3257 1116 3483 1155; x_wconf 83' lang='lat' dir='ltr'>memo-</span> 
     </span>
    </p>
   </div>
   <div class='ocr_carea' id='block_1_25' title="bbox 1875 1178 3483 1252">
    <p class='ocr_par' dir='ltr' id='par_1_25' title="bbox 1875 1178 3483 1252">
     <span class='ocr_line' id='line_1_25' title="bbox 1875 1178 3483 1252; baseline 0.009 -20"><span class='ocrx_word' id='word_1_162' title='bbox 1875 1178 1961 1233; x_wconf 86' lang='lat' dir='ltr'>ria</span> <span class='ocrx_word' id='word_1_163' title='bbox 1990 1180 2423 1252; x_wconf 87' lang='lat' dir='ltr'>suppeditaret;</span> <span class='ocrx_word' id='word_1_164' title='bbox 2458 1198 2575 1235; x_wconf 88' lang='lat' dir='ltr'>non</span> <span class='ocrx_word' id='word_1_165' title='bbox 2607 1198 2747 1237; x_wconf 90' lang='lat' dir='ltr'>sane</span> <span class='ocrx_word' id='word_1_166' title='bbox 2777 1184 2954 1239; x_wconf 89' lang='lat' dir='ltr'>medii</span> <span class='ocrx_word' id='word_1_167' title='bbox 3002 1187 3108 1241; x_wconf 74' lang='lat' dir='ltr'>aevi</span> <span class='ocrx_word' id='word_1_168' title='bbox 3152 1180 3483 1248; x_wconf 81' lang='lat' dir='ltr'>Chronicon</span> 
     </span>
    </p>
   </div>
   <div class='ocr_carea' id='block_1_26' title="bbox 1877 1268 3482 1346">
    <p class='ocr_par' dir='ltr' id='par_1_26' title="bbox 1877 1268 3482 1346">
     <span class='ocr_line' id='line_1_26' title="bbox 1877 1268 3482 1346; baseline 0.008 -24"><span class='ocrx_word' id='word_1_169' title='bbox 1877 1268 1976 1322; x_wconf 89' lang='lat' dir='ltr'>sed</span> <span class='ocrx_word' id='word_1_170' title='bbox 2004 1271 2312 1323; x_wconf 84' lang='lat' dir='ltr'>centonem</span> <span class='ocrx_word' id='word_1_171' title='bbox 2346 1270 2659 1341; x_wconf 84' lang='lat' dir='ltr'>quemdam</span> <span class='ocrx_word' id='word_1_172' title='bbox 2685 1271 2976 1327; x_wconf 83' lang='lat' dir='ltr'>interdum</span> <span class='ocrx_word' id='word_1_173' title='bbox 2996 1275 3189 1346; x_wconf 89' lang='lat' dir='ltr'>legere</span> <span class='ocrx_word' id='word_1_174' title='bbox 3204 1278 3308 1333; x_wconf 88' lang='lat' dir='ltr'>tibi</span> <span class='ocrx_word' id='word_1_175' title='bbox 3326 1279 3482 1335; x_wconf 88' lang='lat' dir='ltr'>vide-</span> 
     </span>
    </p>
   </div>
   <div class='ocr_carea' id='block_1_27' title="bbox 1876 1358 3483 1438">
    <p class='ocr_par' dir='ltr' id='par_1_27' title="bbox 1876 1358 3483 1438">
     <span class='ocr_line' id='line_1_27' title="bbox 1876 1358 3483 1438; baseline 0.008 -26"><span class='ocrx_word' id='word_1_176' title='bbox 1876 1358 1953 1412; x_wconf 81' lang='lat' dir='ltr'>ris</span> <span class='ocrx_word' id='word_1_177' title='bbox 2002 1360 2131 1428; x_wconf 58' lang='lat'>,68).</span> <span class='ocrx_word' id='word_1_178' title='bbox 2184 1358 2513 1430; x_wconf 88' lang='lat' dir='ltr'>Eorumque</span> <span class='ocrx_word' id='word_1_179' title='bbox 2558 1361 2782 1415; x_wconf 82' lang='lat' dir='ltr'>excellit</span> <span class='ocrx_word' id='word_1_180' title='bbox 2840 1362 3193 1433; x_wconf 86' lang='lat' dir='ltr'>scriptorum</span> <span class='ocrx_word' id='word_1_181' title='bbox 3253 1369 3483 1438; x_wconf 88' lang='lat' dir='ltr'>notitia,</span> 
     </span>
    </p>
   </div>
   <div class='ocr_carea' id='block_1_28' title="bbox 1877 1446 3484 1524">
    <p class='ocr_par' dir='ltr' id='par_1_28' title="bbox 1877 1446 3484 1524">
     <span class='ocr_line' id='line_1_28' title="bbox 1877 1446 3484 1524; baseline 0.01 -26"><span class='ocrx_word' id='word_1_182' title='bbox 1877 1462 2125 1517; x_wconf 89' lang='lat' dir='ltr'>quorum</span> <span class='ocrx_word' id='word_1_183' title='bbox 2145 1446 2363 1501; x_wconf 90' lang='lat' dir='ltr'>mentio</span> <span class='ocrx_word' id='word_1_184' title='bbox 2386 1446 2570 1502; x_wconf 91' lang='lat' dir='ltr'>rarius</span> <span class='ocrx_word' id='word_1_185' title='bbox 2587 1447 2683 1503; x_wconf 93' lang='lat' dir='ltr'>illo</span> <span class='ocrx_word' id='word_1_186' title='bbox 2708 1452 2973 1522; x_wconf 88' lang='lat' dir='ltr'>tempore</span> <span class='ocrx_word' id='word_1_187' title='bbox 3007 1452 3484 1524; x_wconf 85' lang='lat' dir='ltr'>deprehenditur.</span> 
     </span>
    </p>
   </div>
   <div class='ocr_carea' id='block_1_29' title="bbox 1879 1533 3485 1615">
    <p class='ocr_par' dir='ltr' id='par_1_29' title="bbox 1879 1533 3485 1615">
     <span class='ocr_line' id='line_1_29' title="bbox 1879 1533 3485 1615; baseline 0.009 -29"><span class='ocrx_word' id='word_1_188' title='bbox 1879 1534 1920 1587; x_wconf 88' lang='lat' dir='ltr'><strong>E</strong></span> <span class='ocrx_word' id='word_1_189' title='bbox 1951 1533 2238 1589; x_wconf 86' lang='lat' dir='ltr'>veteribus</span> <span class='ocrx_word' id='word_1_190' title='bbox 2267 1539 2578 1590; x_wconf 90' lang='lat' dir='ltr'>occurrunt</span> <span class='ocrx_word' id='word_1_191' title='bbox 2605 1536 2801 1594; x_wconf 84' lang='lat' dir='ltr'>Cicero</span> <span class='ocrx_word' id='word_1_192' title='bbox 2838 1539 2965 1609; x_wconf 86' lang='lat'>(69),</span> <span class='ocrx_word' id='word_1_193' title='bbox 3008 1541 3309 1599; x_wconf 89' lang='lat' dir='ltr'>Sallustius</span> <span class='ocrx_word' id='word_1_194' title='bbox 3342 1549 3485 1615; x_wconf 89' lang='lat'>(70),</span> 
     </span>
    </p>
   </div>
   <div class='ocr_carea' id='block_1_30' title="bbox 1882 1621 3481 1708">
    <p class='ocr_par' dir='ltr' id='par_1_30' title="bbox 1882 1621 3481 1708">
     <span class='ocr_line' id='line_1_30' title="bbox 1882 1621 3481 1708; baseline 0.009 -33"><span class='ocrx_word' id='word_1_195' title='bbox 1882 1621 2095 1677; x_wconf 87' lang='lat' dir='ltr'>Plinius</span> <span class='ocrx_word' id='word_1_196' title='bbox 2121 1627 2259 1692; x_wconf 84' lang='grc'>(71),</span> <span class='ocrx_word' id='word_1_197' title='bbox 2303 1623 2602 1679; x_wconf 87' lang='lat' dir='ltr'>Terentius</span> <span class='ocrx_word' id='word_1_198' title='bbox 2640 1624 2774 1697; x_wconf 82' lang='lat'><strong>(72),</strong></span> <span class='ocrx_word' id='word_1_199' title='bbox 2810 1628 3086 1685; x_wconf 87' lang='lat' dir='ltr'>Horatius</span> <span class='ocrx_word' id='word_1_200' title='bbox 3119 1632 3254 1704; x_wconf 86' lang='lat'>(73),</span> <span class='ocrx_word' id='word_1_201' title='bbox 3288 1632 3481 1708; x_wconf 83' lang='lat' dir='ltr'>Virgi-</span> 
     </span>
    </p>
   </div>
   <div class='ocr_carea' id='block_1_31' title="bbox 1878 1711 3483 1795">
    <p class='ocr_par' dir='ltr' id='par_1_31' title="bbox 1878 1711 3483 1795">
     <span class='ocr_line' id='line_1_31' title="bbox 1878 1711 3483 1795; baseline 0.01 -30"><span class='ocrx_word' id='word_1_202' title='bbox 1878 1711 1986 1765; x_wconf 90' lang='lat' dir='ltr'>lius</span> <span class='ocrx_word' id='word_1_203' title='bbox 2012 1711 2149 1784; x_wconf 66' lang='grc'>(74),</span> <span class='ocrx_word' id='word_1_204' title='bbox 2180 1712 2433 1768; x_wconf 90' lang='lat' dir='ltr'>Tibullus</span> <span class='ocrx_word' id='word_1_205' title='bbox 2461 1714 2591 1785; x_wconf 87' lang='grc'>(75),</span> <span class='ocrx_word' id='word_1_206' title='bbox 2618 1715 2843 1772; x_wconf 92' lang='lat' dir='ltr'>Persius</span> <span class='ocrx_word' id='word_1_207' title='bbox 2873 1715 3006 1789; x_wconf 64' lang='lat'>(76},</span> <span class='ocrx_word' id='word_1_208' title='bbox 3037 1720 3307 1777; x_wconf 83' lang='lat' dir='ltr'>Martialis</span> <span class='ocrx_word' id='word_1_209' title='bbox 3325 1723 3435 1795; x_wconf 85' lang='grc'>(77)</span> <span class='ocrx_word' id='word_1_210' title='bbox 3468 1742 3483 1794; x_wconf 89' lang='grc'><strong>;</strong></span> 
     </span>
    </p>
   </div>
   <div class='ocr_carea' id='block_1_32' title="bbox 1880 1799 3485 1886">
    <p class='ocr_par' dir='ltr' id='par_1_32' title="bbox 1880 1799 3485 1886">
     <span class='ocr_line' id='line_1_32' title="bbox 1880 1799 3485 1886; baseline 0.011 -34"><span class='ocrx_word' id='word_1_211' title='bbox 1880 1799 2085 1871; x_wconf 86' lang='lat' dir='ltr'>quibus</span> <span class='ocrx_word' id='word_1_212' title='bbox 2116 1800 2262 1855; x_wconf 90' lang='lat' dir='ltr'>adde</span> <span class='ocrx_word' id='word_1_213' title='bbox 2295 1800 2720 1873; x_wconf 86' lang='lat' dir='ltr'>Hieronymum</span> <span class='ocrx_word' id='word_1_214' title='bbox 2773 1803 2902 1876; x_wconf 88' lang='grc'>(78),</span> <span class='ocrx_word' id='word_1_215' title='bbox 2949 1807 3343 1878; x_wconf 86' lang='lat' dir='ltr'>Augustinum</span> <span class='ocrx_word' id='word_1_216' title='bbox 3370 1813 3485 1886; x_wconf 80' lang='lat'>(79)</span> 
     </span>
    </p>
   </div>
   <div class='ocr_carea' id='block_1_33' title="bbox 181 1878 3485 1968">
    <p class='ocr_par' dir='ltr' id='par_1_33' title="bbox 181 1878 3485 1968">
     <span class='ocr_line' id='line_1_33' title="bbox 181 1878 3485 1968; baseline 0.005 -20"><span class='ocrx_word' id='word_1_217' title='bbox 181 1893 297 1964; x_wconf 85' lang='lat' dir='ltr'>jecit</span> <span class='ocrx_word' id='word_1_218' title='bbox 339 1893 629 1967; x_wconf 87' lang='lat' dir='ltr'>Sigeberti</span> <span class='ocrx_word' id='word_1_219' title='bbox 672 1897 729 1949; x_wconf 92' lang='lat' dir='ltr'>et</span> <span class='ocrx_word' id='word_1_220' title='bbox 757 1893 1058 1949; x_wconf 86' lang='lat' dir='ltr'>Childerici</span> <span class='ocrx_word' id='word_1_221' title='bbox 1106 1911 1335 1967; x_wconf 88' lang='lat' dir='ltr'>regum,</span> <span class='ocrx_word' id='word_1_222' title='bbox 1366 1894 1772 1968; x_wconf 83' lang='lat' dir='ltr'>episcoporum</span> <span class='ocrx_word' id='word_1_223' title='bbox 1808 1878 1859 1938; x_wconf 83' lang='grc' dir='ltr'>Β</span> <span class='ocrx_word' id='word_1_224' title='bbox 1879 1891 1935 1942; x_wconf 69' lang='grc' dir='ltr'>ει</span> <span class='ocrx_word' id='word_1_225' title='bbox 1962 1905 2029 1942; x_wconf 67' lang='lat' dir='ltr'>ex</span> <span class='ocrx_word' id='word_1_226' title='bbox 2063 1887 2397 1944; x_wconf 56' lang='lat' dir='ltr'>Christianis</span> <span class='ocrx_word' id='word_1_227' title='bbox 2426 1889 2610 1962; x_wconf 55' lang='lat' dir='ltr'>Poetis</span> <span class='ocrx_word' id='word_1_228' title='bbox 2636 1891 2947 1949; x_wconf 61' lang='grc' dir='ltr'>Ατθιιοΐθῐη</span> <span class='ocrx_word' id='word_1_229' title='bbox 2981 1895 3097 1968; x_wconf 80' lang='grc'>(80)</span> <span class='ocrx_word' id='word_1_230' title='bbox 3128 1902 3185 1953; x_wconf 74' lang='grc' dir='ltr'>οι</span> <span class='ocrx_word' id='word_1_231' title='bbox 3223 1878 3485 1957; x_wconf 55' lang='lat' dir='ltr'>Prnden;</span> 
     </span>
    </p>
   </div>
   <div class='ocr_carea' id='block_1_34' title="bbox 186 1981 1771 2057">
    <p class='ocr_par' dir='ltr' id='par_1_34' title="bbox 186 1981 1771 2057">
     <span class='ocr_line' id='line_1_34' title="bbox 186 1981 1771 2057; baseline 0.003 -21"><span class='ocrx_word' id='word_1_232' title='bbox 186 1981 377 2037; x_wconf 87' lang='lat' dir='ltr'>litteras</span> <span class='ocrx_word' id='word_1_233' title='bbox 397 1982 530 2054; x_wconf 86' lang='grc'>(62),</span> <span class='ocrx_word' id='word_1_234' title='bbox 564 1982 948 2038; x_wconf 89' lang='lat' dir='ltr'>conciliorum</span> <span class='ocrx_word' id='word_1_235' title='bbox 981 1999 1231 2037; x_wconf 89' lang='lat' dir='ltr'>canones</span> <span class='ocrx_word' id='word_1_236' title='bbox 1275 1981 1424 2054; x_wconf 60' lang='lat'>(&#39;53);</span> <span class='ocrx_word' id='word_1_237' title='bbox 1460 1986 1518 2038; x_wconf 92' lang='lat' dir='ltr'>et</span> <span class='ocrx_word' id='word_1_238' title='bbox 1543 2001 1611 2039; x_wconf 89' lang='lat' dir='ltr'>ea</span> <span class='ocrx_word' id='word_1_239' title='bbox 1642 2002 1771 2057; x_wconf 73' lang='lat' dir='ltr'>quae</span> 
     </span>
    </p>
   </div>
   <div class='ocr_carea' id='block_1_35' title="bbox 183 2070 1767 2144">
    <p class='ocr_par' dir='ltr' id='par_1_35' title="bbox 183 2070 1767 2144">
     <span class='ocr_line' id='line_1_35' title="bbox 183 2070 1767 2144; baseline 0.003 -20"><span class='ocrx_word' id='word_1_240' title='bbox 183 2070 362 2126; x_wconf 83' lang='lat' dir='ltr'>dixerit</span> <span class='ocrx_word' id='word_1_241' title='bbox 386 2071 593 2127; x_wconf 86' lang='lat' dir='ltr'>multis</span> <span class='ocrx_word' id='word_1_242' title='bbox 623 2070 845 2144; x_wconf 86' lang='lat' dir='ltr'>scriptis</span> <span class='ocrx_word' id='word_1_243' title='bbox 875 2070 933 2124; x_wconf 89' lang='lat' dir='ltr'>in</span> <span class='ocrx_word' id='word_1_244' title='bbox 968 2070 1268 2126; x_wconf 84' lang='lat' dir='ltr'>Leodiensi</span> <span class='ocrx_word' id='word_1_245' title='bbox 1328 2076 1386 2126; x_wconf 90' lang='lat' dir='ltr'>et</span> <span class='ocrx_word' id='word_1_246' title='bbox 1439 2072 1767 2129; x_wconf 90' lang='lat' dir='ltr'>Stabulensi</span> 
     </span>
    </p>
   </div>
   <div class='ocr_carea' id='block_1_36' title="bbox 180 2158 1770 2230">
    <p class='ocr_par' dir='ltr' id='par_1_36' title="bbox 180 2158 1770 2230">
     <span class='ocr_line' id='line_1_36' title="bbox 180 2158 1770 2230; baseline 0.003 -17"><span class='ocrx_word' id='word_1_247' title='bbox 180 2158 434 2215; x_wconf 81' lang='lat' dir='ltr'>tabulario</span> <span class='ocrx_word' id='word_1_248' title='bbox 460 2159 773 2215; x_wconf 85' lang='lat' dir='ltr'>asservatis</span> <span class='ocrx_word' id='word_1_249' title='bbox 795 2159 1014 2214; x_wconf 82' lang='lat' dir='ltr'>firmari</span> <span class='ocrx_word' id='word_1_250' title='bbox 1046 2175 1211 2230; x_wconf 89' lang='lat' dir='ltr'>posse</span> <span class='ocrx_word' id='word_1_251' title='bbox 1245 2160 1356 2214; x_wconf 91' lang='lat' dir='ltr'>alio</span> <span class='ocrx_word' id='word_1_252' title='bbox 1380 2160 1503 2215; x_wconf 93' lang='lat' dir='ltr'>loco</span> <span class='ocrx_word' id='word_1_253' title='bbox 1528 2164 1770 2218; x_wconf 89' lang='lat' dir='ltr'>testatus</span> 
     </span>
    </p>
   </div>
   <div class='ocr_carea' id='block_1_37' title="bbox 178 2247 1770 2323">
    <p class='ocr_par' dir='ltr' id='par_1_37' title="bbox 178 2247 1770 2323">
     <span class='ocr_line' id='line_1_37' title="bbox 178 2247 1770 2323; baseline 0.004 -23"><span class='ocrx_word' id='word_1_254' title='bbox 178 2248 381 2319; x_wconf 68' lang='lat' dir='ltr'>est(b&#39;4).</span> <span class='ocrx_word' id='word_1_255' title='bbox 403 2248 515 2304; x_wconf 89' lang='lat' dir='ltr'>Sed</span> <span class='ocrx_word' id='word_1_256' title='bbox 538 2265 738 2320; x_wconf 85' lang='lat' dir='ltr'>neque</span> <span class='ocrx_word' id='word_1_257' title='bbox 764 2248 925 2302; x_wconf 91' lang='lat' dir='ltr'>illum</span> <span class='ocrx_word' id='word_1_258' title='bbox 943 2247 1169 2301; x_wconf 86' lang='lat' dir='ltr'>fontem</span> <span class='ocrx_word' id='word_1_259' title='bbox 1183 2249 1551 2322; x_wconf 89' lang='lat' dir='ltr'>contempsit,</span> <span class='ocrx_word' id='word_1_260' title='bbox 1586 2251 1683 2323; x_wconf 88' lang='lat' dir='ltr'>qui</span> <span class='ocrx_word' id='word_1_261' title='bbox 1703 2267 1770 2306; x_wconf 81' lang='lat' dir='ltr'><strong>ex</strong></span> 
     </span>
    </p>
   </div>
   <div class='ocr_carea' id='block_1_38' title="bbox 176 2334 1768 2411">
    <p class='ocr_par' dir='ltr' id='par_1_38' title="bbox 176 2334 1768 2411">
     <span class='ocr_line' id='line_1_38' title="bbox 176 2334 1768 2411; baseline 0.003 -21"><span class='ocrx_word' id='word_1_262' title='bbox 176 2335 349 2408; x_wconf 89' lang='lat' dir='ltr'>populi</span> <span class='ocrx_word' id='word_1_263' title='bbox 400 2337 600 2393; x_wconf 76' lang='lat' dir='ltr'>vivido</span> <span class='ocrx_word' id='word_1_264' title='bbox 635 2334 868 2408; x_wconf 89' lang='lat' dir='ltr'>ingenio</span> <span class='ocrx_word' id='word_1_265' title='bbox 909 2334 1217 2403; x_wconf 87' lang='lat' dir='ltr'>redundat,</span> <span class='ocrx_word' id='word_1_266' title='bbox 1253 2337 1546 2409; x_wconf 87' lang='lat' dir='ltr'>vulgarem</span> <span class='ocrx_word' id='word_1_267' title='bbox 1582 2340 1678 2411; x_wconf 89' lang='lat' dir='ltr'>qui</span> <span class='ocrx_word' id='word_1_268' title='bbox 1709 2339 1768 2395; x_wconf 91' lang='lat' dir='ltr'>in</span> 
     </span>
    </p>
   </div>
   <div class='ocr_carea' id='block_1_39' title="bbox 172 2422 1772 2498">
    <p class='ocr_par' dir='ltr' id='par_1_39' title="bbox 172 2422 1772 2498">
     <span class='ocr_line' id='line_1_39' title="bbox 172 2422 1772 2498; baseline 0.004 -20"><span class='ocrx_word' id='word_1_269' title='bbox 172 2422 452 2481; x_wconf 84' lang='lat' dir='ltr'>hominum</span> <span class='ocrx_word' id='word_1_270' title='bbox 514 2442 627 2482; x_wconf 83' lang='lat' dir='ltr'>ore</span> <span class='ocrx_word' id='word_1_271' title='bbox 665 2428 924 2479; x_wconf 85' lang='lat' dir='ltr'>versatur</span> <span class='ocrx_word' id='word_1_272' title='bbox 952 2441 1274 2492; x_wconf 89' lang='lat' dir='ltr'>rumorem,</span> <span class='ocrx_word' id='word_1_273' title='bbox 1308 2442 1482 2498; x_wconf 88' lang='lat' dir='ltr'>quem</span> <span class='ocrx_word' id='word_1_274' title='bbox 1538 2426 1597 2483; x_wconf 92' lang='lat' dir='ltr'>in</span> <span class='ocrx_word' id='word_1_275' title='bbox 1646 2429 1772 2484; x_wconf 87' lang='lat' dir='ltr'>Vita</span> 
     </span>
    </p>
   </div>
   <div class='ocr_carea' id='block_1_40' title="bbox 171 2512 1767 2586">
    <p class='ocr_par' dir='ltr' id='par_1_40' title="bbox 171 2512 1767 2586">
     <span class='ocr_line' id='line_1_40' title="bbox 171 2512 1767 2586; baseline 0.003 -20"><span class='ocrx_word' id='word_1_276' title='bbox 171 2512 221 2567; x_wconf 87' lang='lat' dir='ltr'>S.</span> <span class='ocrx_word' id='word_1_277' title='bbox 244 2514 470 2570; x_wconf 81' lang='lat' dir='ltr'>Joannis</span> <span class='ocrx_word' id='word_1_278' title='bbox 498 2515 591 2570; x_wconf 78' lang='lat' dir='ltr'>ita</span> <span class='ocrx_word' id='word_1_279' title='bbox 616 2513 910 2586; x_wconf 87' lang='lat' dir='ltr'>descripsit</span> <span class='ocrx_word' id='word_1_280' title='bbox 944 2529 957 2568; x_wconf 89' lang='lat'><strong>:</strong></span> <span class='ocrx_word' id='word_1_281' title='bbox 995 2513 1209 2567; x_wconf 75' lang='lat' dir='ltr'>Audita</span> <span class='ocrx_word' id='word_1_282' title='bbox 1239 2521 1451 2568; x_wconf 83' lang='lat' dir='ltr'>tantum</span> <span class='ocrx_word' id='word_1_283' title='bbox 1481 2521 1530 2569; x_wconf 83' lang='lat' dir='ltr'>et</span> <span class='ocrx_word' id='word_1_284' title='bbox 1551 2516 1767 2572; x_wconf 84' lang='lat' dir='ltr'>relatio-</span> 
     </span>
    </p>
   </div>
   <div class='ocr_carea' id='block_1_41' title="bbox 168 2603 1767 2677">
    <p class='ocr_par' dir='ltr' id='par_1_41' title="bbox 168 2603 1767 2677">
     <span class='ocr_line' id='line_1_41' title="bbox 168 2603 1767 2677; baseline 0.004 -23"><span class='ocrx_word' id='word_1_285' title='bbox 168 2617 223 2654; x_wconf 85' lang='lat' dir='ltr'>ne</span> <span class='ocrx_word' id='word_1_286' title='bbox 243 2621 273 2656; x_wconf 90' lang='lat' dir='ltr'>a</span> <span class='ocrx_word' id='word_1_287' title='bbox 300 2604 606 2676; x_wconf 80' lang='lat' dir='ltr'>majoribus</span> <span class='ocrx_word' id='word_1_288' title='bbox 630 2609 679 2657; x_wconf 81' lang='lat' dir='ltr'>et</span> <span class='ocrx_word' id='word_1_289' title='bbox 708 2609 862 2657; x_wconf 70' lang='lat' dir='ltr'>aetate</span> <span class='ocrx_word' id='word_1_290' title='bbox 872 2603 1295 2674; x_wconf 75' lang='lat' dir='ltr'>provectioriwa</span> <span class='ocrx_word' id='word_1_291' title='bbox 1307 2604 1610 2675; x_wconf 70' lang='lat' dir='ltr'>accepimus</span> <span class='ocrx_word' id='word_1_292' title='bbox 1631 2604 1767 2677; x_wconf 87' lang='grc'>(65),</span> 
     </span>
    </p>
   </div>
   <div class='ocr_carea' id='block_1_42' title="bbox 169 2689 1772 2765">
    <p class='ocr_par' dir='ltr' id='par_1_42' title="bbox 169 2689 1772 2765">
     <span class='ocr_line' id='line_1_42' title="bbox 169 2689 1772 2765; baseline 0.003 -21"><span class='ocrx_word' id='word_1_293' title='bbox 169 2704 434 2765; x_wconf 85' lang='lat' dir='ltr'>quemque</span> <span class='ocrx_word' id='word_1_294' title='bbox 466 2692 595 2748; x_wconf 88' lang='lat' dir='ltr'>alio</span> <span class='ocrx_word' id='word_1_295' title='bbox 622 2692 744 2746; x_wconf 91' lang='lat' dir='ltr'>loco</span> <span class='ocrx_word' id='word_1_296' title='bbox 784 2690 856 2745; x_wconf 89' lang='lat' dir='ltr'>ab</span> <span class='ocrx_word' id='word_1_297' title='bbox 886 2689 1085 2745; x_wconf 88' lang='lat' dir='ltr'>incolis</span> <span class='ocrx_word' id='word_1_298' title='bbox 1114 2691 1501 2747; x_wconf 85' lang='lat' dir='ltr'>referentibus</span> <span class='ocrx_word' id='word_1_299' title='bbox 1527 2710 1586 2747; x_wconf 92' lang='lat' dir='ltr'>se</span> <span class='ocrx_word' id='word_1_300' title='bbox 1615 2711 1772 2749; x_wconf 83' lang='lat' dir='ltr'>exce-</span> 
     </span>
    </p>
   </div>
   <div class='ocr_carea' id='block_1_43' title="bbox 163 2778 1772 2856">
    <p class='ocr_par' dir='ltr' id='par_1_43' title="bbox 163 2778 1772 2856">
     <span class='ocr_line' id='line_1_43' title="bbox 163 2778 1772 2856; baseline 0.004 -24"><span class='ocrx_word' id='word_1_301' title='bbox 163 2778 293 2847; x_wconf 87' lang='lat' dir='ltr'>pisse</span> <span class='ocrx_word' id='word_1_302' title='bbox 321 2783 650 2836; x_wconf 82' lang='lat' dir='ltr'>conﬁrmat</span> <span class='ocrx_word' id='word_1_303' title='bbox 683 2784 742 2836; x_wconf 89' lang='lat' dir='ltr'>et</span> <span class='ocrx_word' id='word_1_304' title='bbox 769 2780 1065 2835; x_wconf 87' lang='lat' dir='ltr'>relationis</span> <span class='ocrx_word' id='word_1_305' title='bbox 1090 2781 1310 2836; x_wconf 88' lang='lat' dir='ltr'>famam</span> <span class='ocrx_word' id='word_1_306' title='bbox 1343 2783 1431 2837; x_wconf 90' lang='lat' dir='ltr'>vel</span> <span class='ocrx_word' id='word_1_307' title='bbox 1464 2783 1772 2856; x_wconf 84' lang='lat' dir='ltr'>antiquita-</span> 
     </span>
    </p>
   </div>
   <div class='ocr_carea' id='block_1_44' title="bbox 164 2868 1772 2944">
    <p class='ocr_par' dir='ltr' id='par_1_44' title="bbox 164 2868 1772 2944">
     <span class='ocr_line' id='line_1_44' title="bbox 164 2868 1772 2944; baseline 0.005 -23"><span class='ocrx_word' id='word_1_308' title='bbox 164 2870 265 2923; x_wconf 88' lang='lat' dir='ltr'>tem</span> <span class='ocrx_word' id='word_1_309' title='bbox 287 2875 452 2926; x_wconf 90' lang='lat' dir='ltr'>vocat</span> <span class='ocrx_word' id='word_1_310' title='bbox 482 2870 639 2944; x_wconf 84' lang='lat'><strong>(66).</strong></span> <span class='ocrx_word' id='word_1_311' title='bbox 665 2871 820 2941; x_wconf 89' lang='lat' dir='ltr'>Ipsas</span> <span class='ocrx_word' id='word_1_312' title='bbox 850 2868 1098 2937; x_wconf 87' lang='lat' dir='ltr'>denique</span> <span class='ocrx_word' id='word_1_313' title='bbox 1123 2886 1213 2924; x_wconf 90' lang='lat' dir='ltr'>res</span> <span class='ocrx_word' id='word_1_314' title='bbox 1244 2872 1540 2943; x_wconf 90' lang='lat' dir='ltr'>quomodo</span> <span class='ocrx_word' id='word_1_315' title='bbox 1573 2889 1631 2928; x_wconf 91' lang='lat' dir='ltr'>se</span> <span class='ocrx_word' id='word_1_316' title='bbox 1655 2873 1772 2929; x_wconf 89' lang='lat' dir='ltr'>suis</span> 
     </span>
    </p>
   </div>
   <div class='ocr_carea' id='block_1_45' title="bbox 164 2956 1384 3030">
    <p class='ocr_par' dir='ltr' id='par_1_45' title="bbox 164 2956 1384 3030">
     <span class='ocr_line' id='line_1_45' title="bbox 164 2956 1384 3030; baseline 0.004 -20"><span class='ocrx_word' id='word_1_317' title='bbox 164 2956 503 3030; x_wconf 85' lang='lat' dir='ltr'>temporibus</span> <span class='ocrx_word' id='word_1_318' title='bbox 532 2958 860 3015; x_wconf 83' lang='lat' dir='ltr'>habuerint</span> <span class='ocrx_word' id='word_1_319' title='bbox 887 2961 1061 3012; x_wconf 88' lang='lat' dir='ltr'>testes</span> <span class='ocrx_word' id='word_1_320' title='bbox 1088 2958 1224 3013; x_wconf 85' lang='lat' dir='ltr'>fecit</span> <span class='ocrx_word' id='word_1_321' title='bbox 1254 2961 1384 3026; x_wconf 80' lang='lat'><strong>(67).</strong></span> 
     </span>
    </p>
   </div>
   <div class='ocr_carea' id='block_1_46' title="bbox 218 3045 1775 3123">
    <p class='ocr_par' dir='ltr' id='par_1_46' title="bbox 218 3045 1775 3123">
     <span class='ocr_line' id='line_1_46' title="bbox 218 3045 1775 3123; baseline 0.004 -22"><span class='ocrx_word' id='word_1_322' title='bbox 218 3045 315 3102; x_wconf 85' lang='lat' dir='ltr'>His</span> <span class='ocrx_word' id='word_1_323' title='bbox 338 3048 618 3122; x_wconf 85' lang='lat' dir='ltr'>denique</span> <span class='ocrx_word' id='word_1_324' title='bbox 649 3046 804 3103; x_wconf 89' lang='lat' dir='ltr'>aliud</span> <span class='ocrx_word' id='word_1_325' title='bbox 821 3046 1041 3102; x_wconf 88' lang='lat' dir='ltr'>accedit</span> <span class='ocrx_word' id='word_1_326' title='bbox 1059 3046 1416 3119; x_wconf 66' lang='lat' dir='ltr'>praesidium,</span> <span class='ocrx_word' id='word_1_327' title='bbox 1448 3066 1583 3123; x_wconf 89' lang='lat' dir='ltr'>quo,</span> <span class='ocrx_word' id='word_1_328' title='bbox 1615 3050 1664 3106; x_wconf 92' lang='lat' dir='ltr'>si</span> <span class='ocrx_word' id='word_1_329' title='bbox 1687 3068 1775 3107; x_wconf 86' lang='lat' dir='ltr'>ac-</span> 
     </span>
    </p>
   </div>
   <div class='ocr_carea' id='block_1_47' title="bbox 154 3222 1775 3300">
    <p class='ocr_par' dir='ltr' id='par_1_47' title="bbox 154 3222 1775 3300">
     <span class='ocr_line' id='line_1_47' title="bbox 154 3222 1775 3300; baseline 0.006 -23"><span class='ocrx_word' id='word_1_330' title='bbox 154 3222 228 3278; x_wconf 87' lang='lat' dir='ltr'>ria</span> <span class='ocrx_word' id='word_1_331' title='bbox 246 3225 671 3300; x_wconf 61' lang='lat' dir='ltr'>confessionum</span> <span class='ocrx_word' id='word_1_332' title='bbox 696 3240 745 3280; x_wconf 92' lang='lat' dir='ltr'>c.</span> <span class='ocrx_word' id='word_1_333' title='bbox 765 3222 859 3291; x_wconf 83' lang='lat'>&#39;72,</span> <span class='ocrx_word' id='word_1_334' title='bbox 877 3222 964 3300; x_wconf 67' lang='lat' dir='ltr'>iis</span> <span class='ocrx_word' id='word_1_335' title='bbox 986 3240 1123 3300; x_wconf 79' lang='lat' dir='ltr'>usus</span> <span class='ocrx_word' id='word_1_336' title='bbox 1143 3227 1248 3300; x_wconf 76' lang='lat' dir='ltr'>est,</span> <span class='ocrx_word' id='word_1_337' title='bbox 1274 3225 1428 3300; x_wconf 90' lang='lat' dir='ltr'>et_ita</span> <span class='ocrx_word' id='word_1_338' title='bbox 1451 3227 1685 3300; x_wconf 90' lang='lat' dir='ltr'>quidem</span> <span class='ocrx_word' id='word_1_339' title='bbox 1713 3234 1775 3286; x_wconf 92' lang='lat' dir='ltr'>ut</span> 
     </span>
    </p>
   </div>
   <div class='ocr_carea' id='block_1_48' title="bbox 152 3295 1773 3367">
    <p class='ocr_par' dir='ltr' id='par_1_48' title="bbox 152 3295 1773 3367">
     <span class='ocr_line' id='line_1_48' title="bbox 152 3295 1773 3367; baseline 0.006 -20"><span class='ocrx_word' id='word_1_340' title='bbox 152 3311 252 3367; x_wconf 79' lang='lat' dir='ltr'>uno</span> <span class='ocrx_word' id='word_1_341' title='bbox 272 3297 534 3353; x_wconf 88' lang='lat' dir='ltr'>alterove</span> <span class='ocrx_word' id='word_1_342' title='bbox 551 3299 693 3352; x_wconf 88' lang='lat' dir='ltr'>loco</span> <span class='ocrx_word' id='word_1_343' title='bbox 721 3312 851 3367; x_wconf 86' lang='lat' dir='ltr'>eum</span> <span class='ocrx_word' id='word_1_344' title='bbox 876 3295 1127 3367; x_wconf 86' lang='lat' dir='ltr'>Herigeri</span> <span class='ocrx_word' id='word_1_345' title='bbox 1146 3296 1219 3350; x_wconf 92' lang='lat' dir='ltr'>ad</span> <span class='ocrx_word' id='word_1_346' title='bbox 1240 3295 1485 3353; x_wconf 74' lang='lat' dir='ltr'>verbum</span> <span class='ocrx_word' id='word_1_347' title='bbox 1492 3305 1773 3357; x_wconf 90' lang='lat' dir='ltr'>consonet</span> 
     </span>
    </p>
   </div>
   <div class='ocr_carea' id='block_1_49' title="bbox 149 3365 1771 3439">
    <p class='ocr_par' dir='ltr' id='par_1_49' title="bbox 149 3365 1771 3439">
     <span class='ocr_line' id='line_1_49' title="bbox 149 3365 1771 3439; baseline 0.006 -20"><span class='ocrx_word' id='word_1_348' title='bbox 149 3365 391 3438; x_wconf 83' lang='lat' dir='ltr'>Gregorii</span> <span class='ocrx_word' id='word_1_349' title='bbox 441 3373 674 3424; x_wconf 83' lang='lat' dir='ltr'>textus.</span> <span class='ocrx_word' id='word_1_350' title='bbox 709 3366 873 3439; x_wconf 85' lang='lat' dir='ltr'>Quod</span> <span class='ocrx_word' id='word_1_351' title='bbox 902 3365 1203 3439; x_wconf 76' lang='lat' dir='ltr'>jam_vidit</span> <span class='ocrx_word' id='word_1_352' title='bbox 1231 3367 1525 3424; x_wconf 86' lang='lat' dir='ltr'>Henschen</span> <span class='ocrx_word' id='word_1_353' title='bbox 1557 3372 1595 3427; x_wconf 93' lang='lat' dir='ltr'>l.</span> <span class='ocrx_word' id='word_1_354' title='bbox 1622 3372 1687 3439; x_wconf 88' lang='lat' dir='ltr'>l.,</span> <span class='ocrx_word' id='word_1_355' title='bbox 1713 3378 1771 3429; x_wconf 94' lang='lat' dir='ltr'>et</span> 
     </span>
    </p>
   </div>
   <div class='ocr_carea' id='block_1_50' title="bbox 147 3437 1767 3508">
    <p class='ocr_par' dir='ltr' id='par_1_50' title="bbox 147 3437 1767 3508">
     <span class='ocr_line' id='line_1_50' title="bbox 147 3437 1767 3508; baseline 0.006 -18"><span class='ocrx_word' id='word_1_356' title='bbox 147 3437 342 3508; x_wconf 77' lang='lat' dir='ltr'>nostris</span> <span class='ocrx_word' id='word_1_357' title='bbox 367 3439 597 3495; x_wconf 84' lang='lat' dir='ltr'>diebus</span> <span class='ocrx_word' id='word_1_358' title='bbox 638 3438 1003 3493; x_wconf 83' lang='lat' dir='ltr'>confirmavit</span> <span class='ocrx_word' id='word_1_359' title='bbox 1036 3437 1235 3508; x_wconf 89' lang='lat' dir='ltr'>llaupt.</span> <span class='ocrx_word' id='word_1_360' title='bbox 1271 3455 1329 3496; x_wconf 86' lang='grc' dir='ltr'>ν.</span> <span class='ocrx_word' id='word_1_361' title='bbox 1385 3441 1454 3496; x_wconf 90' lang='lat' dir='ltr'>cl.</span> <span class='ocrx_word' id='word_1_362' title='bbox 1516 3441 1575 3496; x_wconf 90' lang='lat' dir='ltr'>in</span> <span class='ocrx_word' id='word_1_363' title='bbox 1621 3437 1767 3500; x_wconf 89' lang='lat' dir='ltr'>libro</span> 
     </span>
    </p>
   </div>
   <div class='ocr_carea' id='block_1_51' title="bbox 146 3506 1768 3585">
    <p class='ocr_par' dir='ltr' id='par_1_51' title="bbox 146 3506 1768 3585">
     <span class='ocr_line' id='line_1_51' title="bbox 146 3506 1768 3585; baseline 0.006 -25"><span class='ocrx_word' id='word_1_364' title='bbox 146 3506 459 3585; x_wconf 76' lang='lat' dir='ltr'>Zeitschrift</span> <span class='ocrx_word' id='word_1_365' title='bbox 490 3507 932 3585; x_wconf 75' lang='lat' dir='ltr'>fur_deut_sches</span> <span class='ocrx_word' id='word_1_366' title='bbox 958 3506 1297 3585; x_wconf 58' lang='lat' dir='ltr'>Alterthuni</span> <span class='ocrx_word' id='word_1_367' title='bbox 1312 3511 1376 3565; x_wconf 89' lang='lat' dir='ltr'>V.</span> <span class='ocrx_word' id='word_1_368' title='bbox 1397 3510 1469 3566; x_wconf 82' lang='lat'>&#39;73</span> <span class='ocrx_word' id='word_1_369' title='bbox 1487 3514 1768 3585; x_wconf 87' lang='lat' dir='ltr'>squum</span> 
     </span>
    </p>
   </div>
   <div class='ocr_carea' id='block_1_52' title="bbox 141 3579 1770 3664">
    <p class='ocr_par' dir='ltr' id='par_1_52' title="bbox 141 3579 1770 3664">
     <span class='ocr_line' id='line_1_52' title="bbox 141 3579 1770 3664; baseline 0.004 -32"><span class='ocrx_word' id='word_1_370' title='bbox 141 3579 547 3664; x_wconf 60' lang='lat' dir='ltr'>antiquissima</span> <span class='ocrx_word' id='word_1_371' title='bbox 613 3579 710 3635; x_wconf 89' lang='lat' dir='ltr'>illa</span> <span class='ocrx_word' id='word_1_372' title='bbox 753 3579 1069 3664; x_wconf 78' lang='lat' dir='ltr'>V_ita_inter</span> <span class='ocrx_word' id='word_1_373' title='bbox 1109 3596 1205 3664; x_wconf 66' lang='lat' dir='ltr'>eas</span> <span class='ocrx_word' id='word_1_374' title='bbox 1235 3579 1307 3634; x_wconf 89' lang='lat' dir='ltr'>sit</span> <span class='ocrx_word' id='word_1_375' title='bbox 1332 3579 1770 3664; x_wconf 40' lang='lat' dir='ltr'>quar&#39;um;hau_d</span> 
     </span>
    </p>
   </div>
   <div class='ocr_carea' id='block_1_53' title="bbox 139 3651 1770 3791">
    <p class='ocr_par' dir='ltr' id='par_1_53' title="bbox 139 3651 1770 3791">
     <span class='ocr_line' id='line_1_53' title="bbox 141 3651 1770 3718; baseline 0.005 -15"><span class='ocrx_word' id='word_1_376' title='bbox 141 3651 289 3718; x_wconf 85' lang='lat' dir='ltr'>pauci</span> <span class='ocrx_word' id='word_1_377' title='bbox 343 3652 593 3707; x_wconf 87' lang='lat' dir='ltr'>codices</span> <span class='ocrx_word' id='word_1_378' title='bbox 634 3653 988 3705; x_wconf 89' lang='lat' dir='ltr'>annotautur</span> <span class='ocrx_word' id='word_1_379' title='bbox 1036 3651 1095 3704; x_wconf 89' lang='lat' dir='ltr'>in</span> <span class='ocrx_word' id='word_1_380' title='bbox 1122 3651 1270 3705; x_wconf 92' lang='lat' dir='ltr'>libro</span> <span class='ocrx_word' id='word_1_381' title='bbox 1319 3651 1541 3708; x_wconf 63' lang='lat' dir='ltr'>Krchiv.</span> <span class='ocrx_word' id='word_1_382' title='bbox 1575 3655 1638 3711; x_wconf 88' lang='lat' dir='ltr'>T.</span> <span class='ocrx_word' id='word_1_383' title='bbox 1670 3656 1770 3711; x_wconf 86' lang='lat' dir='ltr'>VII</span> 
     </span>
     <span class='ocr_line' id='line_1_54' title="bbox 139 3721 1770 3791; baseline 0.006 -18"><span class='ocrx_word' id='word_1_384' title='bbox 139 3724 191 3774; x_wconf 89' lang='lat' dir='ltr'>et</span> <span class='ocrx_word' id='word_1_385' title='bbox 216 3721 336 3778; x_wconf 83' lang='lat' dir='ltr'>VIII</span> <span class='ocrx_word' id='word_1_386' title='bbox 364 3723 534 3791; x_wconf 82' lang='lat' dir='ltr'>(vide</span> <span class='ocrx_word' id='word_1_387' title='bbox 563 3721 848 3785; x_wconf 85' lang='lat' dir='ltr'>invicem)</span> <span class='ocrx_word' id='word_1_388' title='bbox 876 3722 965 3776; x_wconf 85' lang='lat' dir='ltr'>vix</span> <span class='ocrx_word' id='word_1_389' title='bbox 992 3721 1181 3776; x_wconf 90' lang='lat' dir='ltr'>dicere</span> <span class='ocrx_word' id='word_1_390' title='bbox 1206 3722 1419 3791; x_wconf 89' lang='lat' dir='ltr'>ausim;</span> <span class='ocrx_word' id='word_1_391' title='bbox 1444 3724 1503 3780; x_wconf 90' lang='lat' dir='ltr'>in</span> <span class='ocrx_word' id='word_1_392' title='bbox 1530 3742 1648 3782; x_wconf 89' lang='lat' dir='ltr'>uno</span> <span class='ocrx_word' id='word_1_393' title='bbox 1674 3726 1770 3783; x_wconf 91' lang='lat' dir='ltr'>illo</span> 
     </span>
    </p>
   </div>
   <div class='ocr_carea' id='block_1_54' title="bbox 136 3792 1774 3868">
    <p class='ocr_par' dir='ltr' id='par_1_54' title="bbox 136 3792 1774 3868">
     <span class='ocr_line' id='line_1_55' title="bbox 136 3792 1774 3868; baseline 0.005 -23"><span class='ocrx_word' id='word_1_394' title='bbox 136 3793 318 3849; x_wconf 86' lang='lat' dir='ltr'>codice</span> <span class='ocrx_word' id='word_1_395' title='bbox 372 3792 712 3868; x_wconf 80' lang='lat' dir='ltr'>Parisiensi</span> <span class='ocrx_word' id='word_1_396' title='bbox 744 3808 874 3868; x_wconf 63' lang='lat' dir='ltr'>saec.</span> <span class='ocrx_word' id='word_1_397' title='bbox 909 3810 1028 3868; x_wconf 57' lang='lat' dir='ltr'>sm,</span> <span class='ocrx_word' id='word_1_398' title='bbox 1060 3792 1202 3848; x_wconf 85' lang='grc'>5320</span> <span class='ocrx_word' id='word_1_399' title='bbox 1233 3796 1477 3868; x_wconf 52' lang='lat' dir='ltr'>(Archiv.</span> <span class='ocrx_word' id='word_1_400' title='bbox 1512 3796 1639 3863; x_wconf 86' lang='lat' dir='ltr'>VII,</span> <span class='ocrx_word' id='word_1_401' title='bbox 1679 3802 1774 3868; x_wconf 84' lang='lat'>59)</span> 
     </span>
    </p>
   </div>
   <div class='ocr_carea' id='block_1_55' title="bbox 137 3863 1771 3938">
    <p class='ocr_par' dir='ltr' id='par_1_55' title="bbox 137 3863 1771 3938">
     <span class='ocr_line' id='line_1_56' title="bbox 137 3863 1771 3938; baseline 0.005 -22"><span class='ocrx_word' id='word_1_402' title='bbox 137 3878 255 3917; x_wconf 86' lang='lat' dir='ltr'>eam</span> <span class='ocrx_word' id='word_1_403' title='bbox 295 3881 420 3919; x_wconf 89' lang='lat' dir='ltr'>non</span> <span class='ocrx_word' id='word_1_404' title='bbox 456 3863 718 3938; x_wconf 77' lang='lat' dir='ltr'>servari,</span> <span class='ocrx_word' id='word_1_405' title='bbox 751 3863 1135 3938; x_wconf 84' lang='lat' dir='ltr'>descriptione</span> <span class='ocrx_word' id='word_1_406' title='bbox 1166 3864 1377 3938; x_wconf 83' lang='lat' dir='ltr'>codicis</span> <span class='ocrx_word' id='word_1_407' title='bbox 1403 3883 1578 3938; x_wconf 89' lang='lat' dir='ltr'>quam</span> <span class='ocrx_word' id='word_1_408' title='bbox 1602 3863 1771 3924; x_wconf 58' lang='lat' dir='ltr'>Bethl</span> 
     </span>
    </p>
   </div>
   <div class='ocr_carea' id='block_1_56' title="bbox 135 3935 1775 4009">
    <p class='ocr_par' dir='ltr' id='par_1_56' title="bbox 135 3935 1775 4009">
     <span class='ocr_line' id='line_1_57' title="bbox 135 3935 1775 4009; baseline 0.005 -22"><span class='ocrx_word' id='word_1_409' title='bbox 135 3948 344 4009; x_wconf 77' lang='lat' dir='ltr'>manna</span> <span class='ocrx_word' id='word_1_410' title='bbox 383 3953 438 3994; x_wconf 81' lang='grc' dir='ltr'>ν.</span> <span class='ocrx_word' id='word_1_411' title='bbox 476 3938 560 3992; x_wconf 89' lang='lat' dir='ltr'>cl.</span> <span class='ocrx_word' id='word_1_412' title='bbox 596 3935 904 4009; x_wconf 72' lang='lat' dir='ltr'>debemus,</span> <span class='ocrx_word' id='word_1_413' title='bbox 927 3935 1231 4009; x_wconf 83' lang='lat' dir='ltr'>probatur;</span> <span class='ocrx_word' id='word_1_414' title='bbox 1254 3935 1495 4009; x_wconf 67' lang='lat' dir='ltr'>reliqua:</span> <span class='ocrx_word' id='word_1_415' title='bbox 1511 3938 1658 3995; x_wconf 67' lang='lat' dir='ltr'>Vitae</span> <span class='ocrx_word' id='word_1_416' title='bbox 1676 3944 1775 3995; x_wconf 87' lang='lat' dir='ltr'>aut</span> 
     </span>
    </p>
   </div>
   <div class='ocr_carea' id='block_1_57' title="bbox 133 4006 1770 4081">
    <p class='ocr_par' dir='ltr' id='par_1_57' title="bbox 133 4006 1770 4081">
     <span class='ocr_line' id='line_1_58' title="bbox 133 4006 1770 4081; baseline 0.002 -19"><span class='ocrx_word' id='word_1_417' title='bbox 133 4020 194 4081; x_wconf 50' lang='lat' dir='ltr'>es</span> <span class='ocrx_word' id='word_1_418' title='bbox 238 4007 532 4081; x_wconf 79' lang='lat' dir='ltr'>Herigeri</span> <span class='ocrx_word' id='word_1_419' title='bbox 580 4006 738 4081; x_wconf 76' lang='lat' dir='ltr'>libro</span> <span class='ocrx_word' id='word_1_420' title='bbox 794 4010 1108 4081; x_wconf 69' lang='lat' dir='ltr'>manarunt</span> <span class='ocrx_word' id='word_1_421' title='bbox 1152 4006 1293 4081; x_wconf 80' lang='lat' dir='ltr'>(vid.</span> <span class='ocrx_word' id='word_1_422' title='bbox 1342 4006 1567 4065; x_wconf 69' lang='lat' dir='ltr'>Archiv.</span> <span class='ocrx_word' id='word_1_423' title='bbox 1628 4011 1770 4079; x_wconf 86' lang='lat' dir='ltr'>VllI,</span> 
     </span>
    </p>
   </div>
   <div class='ocr_carea' id='block_1_58' title="bbox 135 4075 1774 4153">
    <p class='ocr_par' dir='ltr' id='par_1_58' title="bbox 135 4075 1774 4153">
     <span class='ocr_line' id='line_1_59' title="bbox 135 4075 1774 4153; baseline 0.004 -21"><span class='ocrx_word' id='word_1_424' title='bbox 135 4075 261 4153; x_wconf 51' lang='grc'>451)</span> <span class='ocrx_word' id='word_1_425' title='bbox 281 4075 573 4153; x_wconf 54' lang='lat' dir='ltr'>aut&#39;curn</span> <span class='ocrx_word' id='word_1_426' title='bbox 611 4077 909 4153; x_wconf 78' lang='lat' dir='ltr'>miraculis</span> <span class='ocrx_word' id='word_1_427' title='bbox 939 4076 997 4132; x_wconf 93' lang='lat' dir='ltr'>S.</span> <span class='ocrx_word' id='word_1_428' title='bbox 1032 4076 1273 4153; x_wconf 88' lang='lat' dir='ltr'>Se_rvat_ii</span> <span class='ocrx_word' id='word_1_429' title='bbox 1306 4095 1433 4150; x_wconf 63' lang='lat' dir='ltr'>quas</span> <span class='ocrx_word' id='word_1_430' title='bbox 1475 4081 1699 4153; x_wconf 86' lang='lat' dir='ltr'>scripsit</span> <span class='ocrx_word' id='word_1_431' title='bbox 1739 4075 1774 4138; x_wconf 65' lang='grc' dir='ltr'>εἰ</span> 
     </span>
    </p>
   </div>
   <div class='ocr_carea' id='block_1_59' title="bbox 136 4146 1770 4220">
    <p class='ocr_par' dir='ltr' id='par_1_59' title="bbox 136 4146 1770 4220">
     <span class='ocr_line' id='line_1_60' title="bbox 136 4146 1770 4220; baseline 0.006 -20"><span class='ocrx_word' id='word_1_432' title='bbox 136 4146 263 4203; x_wconf 83' lang='grc'>1088</span> <span class='ocrx_word' id='word_1_433' title='bbox 288 4151 621 4206; x_wconf 73' lang='lat' dir='ltr'>locandus</span> <span class='ocrx_word' id='word_1_434' title='bbox 651 4148 952 4220; x_wconf 83' lang='lat' dir='ltr'>presbyter</span> <span class='ocrx_word' id='word_1_435' title='bbox 972 4150 1294 4219; x_wconf 69' lang='lat' dir='ltr'>conjunctae</span> <span class='ocrx_word' id='word_1_436' title='bbox 1310 4146 1461 4207; x_wconf 72' lang='lat' dir='ltr'>sunt.</span> <span class='ocrx_word' id='word_1_437' title='bbox 1490 4153 1571 4207; x_wconf 91' lang='lat' dir='ltr'>De</span> <span class='ocrx_word' id='word_1_438' title='bbox 1589 4146 1770 4209; x_wconf 68' lang='lat' dir='ltr'>inira-</span> 
     </span>
    </p>
   </div>
   <div class='ocr_carea' id='block_1_60' title="bbox 132 4218 1770 4294">
    <p class='ocr_par' dir='ltr' id='par_1_60' title="bbox 132 4218 1770 4294">
     <span class='ocr_line' id='line_1_61' title="bbox 132 4218 1770 4294; baseline 0.005 -22"><span class='ocrx_word' id='word_1_439' title='bbox 132 4220 262 4294; x_wconf 76' lang='lat' dir='ltr'>culis</span> <span class='ocrx_word' id='word_1_440' title='bbox 320 4222 467 4287; x_wconf 85' lang='lat' dir='ltr'>illis,</span> <span class='ocrx_word' id='word_1_441' title='bbox 504 4222 573 4294; x_wconf 66' lang='lat' dir='ltr'>in</span> <span class='ocrx_word' id='word_1_442' title='bbox 613 4218 1192 4294; x_wconf 67' lang='lat' dir='ltr'>quibusfabulatoms</span> <span class='ocrx_word' id='word_1_443' title='bbox 1241 4223 1472 4294; x_wconf 79' lang='lat' dir='ltr'>somnia</span> <span class='ocrx_word' id='word_1_444' title='bbox 1522 4224 1770 4294; x_wconf 89' lang='lat' dir='ltr'>proferri</span> 
     </span>
    </p>
   </div>
   <div class='ocr_carea' id='block_1_61' title="bbox 130 4288 1770 4375">
    <p class='ocr_par' dir='ltr' id='par_1_61' title="bbox 130 4288 1770 4375">
     <span class='ocr_line' id='line_1_62' title="bbox 130 4288 1770 4375; baseline 0.006 -34"><span class='ocrx_word' id='word_1_445' title='bbox 130 4288 317 4375; x_wconf 66' lang='lat' dir='ltr'>dicere</span> <span class='ocrx_word' id='word_1_446' title='bbox 354 4309 493 4375; x_wconf 53' lang='lat' dir='ltr'>agn</span> <span class='ocrx_word' id='word_1_447' title='bbox 523 4288 830 4375; x_wconf 64' lang='lat' dir='ltr'>dubitavit</span> <span class='ocrx_word' id='word_1_448' title='bbox 859 4290 1193 4375; x_wconf 40' lang='lat' dir='ltr'>H‘en‘sch‘en,</span> <span class='ocrx_word' id='word_1_449' title='bbox 1233 4290 1328 4375; x_wconf 57' lang='lat' dir='ltr'>vid</span> <span class='ocrx_word' id='word_1_450' title='bbox 1369 4288 1770 4375; x_wconf 37' lang='lat' dir='ltr'>.ej&#39;us;pra2_fat.</span> 
     </span>
    </p>
   </div>
   <div class='ocr_carea' id='block_1_62' title="bbox 1880 1976 3485 2060">
    <p class='ocr_par' dir='ltr' id='par_1_62' title="bbox 1880 1976 3485 2060">
     <span class='ocr_line' id='line_1_63' title="bbox 1880 1976 3485 2060; baseline 0.01 -30"><span class='ocrx_word' id='word_1_451' title='bbox 1880 1976 2021 2032; x_wconf 89' lang='lat' dir='ltr'>tium</span> <span class='ocrx_word' id='word_1_452' title='bbox 2046 1976 2179 2051; x_wconf 89' lang='grc'>(81).</span> <span class='ocrx_word' id='word_1_453' title='bbox 2204 1979 2284 2033; x_wconf 87' lang='lat' dir='ltr'>At</span> <span class='ocrx_word' id='word_1_454' title='bbox 2300 1978 2411 2033; x_wconf 90' lang='lat' dir='ltr'>alia</span> <span class='ocrx_word' id='word_1_455' title='bbox 2427 1996 2656 2052; x_wconf 86' lang='lat' dir='ltr'>quoque</span> <span class='ocrx_word' id='word_1_456' title='bbox 2679 1997 2795 2036; x_wconf 90' lang='lat' dir='ltr'>non</span> <span class='ocrx_word' id='word_1_457' title='bbox 2829 1982 3025 2039; x_wconf 91' lang='lat' dir='ltr'>deesse</span> <span class='ocrx_word' id='word_1_458' title='bbox 3055 2002 3184 2056; x_wconf 71' lang='lat' dir='ltr'>quas</span> <span class='ocrx_word' id='word_1_459' title='bbox 3208 1990 3485 2060; x_wconf 87' lang='lat' dir='ltr'>supersti-</span> 
     </span>
    </p>
   </div>
   <div class='ocr_carea' id='block_1_63' title="bbox 1877 2065 3484 2139">
    <p class='ocr_par' dir='ltr' id='par_1_63' title="bbox 1877 2065 3484 2139">
     <span class='ocr_line' id='line_1_64' title="bbox 1877 2065 3484 2139; baseline 0.01 -20"><span class='ocrx_word' id='word_1_460' title='bbox 1877 2065 2085 2121; x_wconf 90' lang='lat' dir='ltr'>tiosam</span> <span class='ocrx_word' id='word_1_461' title='bbox 2112 2066 2272 2122; x_wconf 88' lang='lat' dir='ltr'>illam</span> <span class='ocrx_word' id='word_1_462' title='bbox 2305 2084 2431 2139; x_wconf 70' lang='lat' dir='ltr'>qua:</span> <span class='ocrx_word' id='word_1_463' title='bbox 2471 2068 2530 2122; x_wconf 90' lang='lat' dir='ltr'>in</span> <span class='ocrx_word' id='word_1_464' title='bbox 2574 2070 2941 2127; x_wconf 87' lang='lat' dir='ltr'>monasteriis</span> <span class='ocrx_word' id='word_1_465' title='bbox 2986 2072 3234 2131; x_wconf 85' lang='lat' dir='ltr'>ﬂorebat</span> <span class='ocrx_word' id='word_1_466' title='bbox 3264 2077 3484 2134; x_wconf 87' lang='lat' dir='ltr'>doctri-</span> 
     </span>
    </p>
   </div>
   <div class='ocr_carea' id='block_1_64' title="bbox 1877 2155 3489 2234">
    <p class='ocr_par' dir='ltr' id='par_1_64' title="bbox 1877 2155 3489 2234">
     <span class='ocr_line' id='line_1_65' title="bbox 1877 2155 3489 2234; baseline 0.009 -25"><span class='ocrx_word' id='word_1_467' title='bbox 1877 2171 2015 2209; x_wconf 86' lang='lat' dir='ltr'>nam</span> <span class='ocrx_word' id='word_1_468' title='bbox 2036 2155 2359 2223; x_wconf 89' lang='lat' dir='ltr'>redoleant,</span> <span class='ocrx_word' id='word_1_469' title='bbox 2380 2172 2465 2211; x_wconf 84' lang='lat' dir='ltr'>v1x</span> <span class='ocrx_word' id='word_1_470' title='bbox 2484 2158 2572 2211; x_wconf 88' lang='lat' dir='ltr'>est</span> <span class='ocrx_word' id='word_1_471' title='bbox 2591 2157 2747 2230; x_wconf 90' lang='lat' dir='ltr'>quod</span> <span class='ocrx_word' id='word_1_472' title='bbox 2767 2159 2995 2215; x_wconf 88' lang='lat' dir='ltr'>mireris</span> <span class='ocrx_word' id='word_1_473' title='bbox 3025 2161 3159 2234; x_wconf 79' lang='lat'>(8&#39;21.</span> <span class='ocrx_word' id='word_1_474' title='bbox 3191 2164 3306 2220; x_wconf 92' lang='lat' dir='ltr'>Sed</span> <span class='ocrx_word' id='word_1_475' title='bbox 3340 2167 3489 2223; x_wconf 87' lang='lat' dir='ltr'>nihi-</span> 
     </span>
    </p>
   </div>
   <div class='ocr_carea' id='block_1_65' title="bbox 1883 2244 3486 2331">
    <p class='ocr_par' dir='ltr' id='par_1_65' title="bbox 1883 2244 3486 2331">
     <span class='ocr_line' id='line_1_66' title="bbox 1883 2244 3486 2331; baseline 0.009 -34"><span class='ocrx_word' id='word_1_476' title='bbox 1883 2244 2138 2298; x_wconf 90' lang='lat' dir='ltr'>lominus</span> <span class='ocrx_word' id='word_1_477' title='bbox 2167 2260 2201 2298; x_wconf 88' lang='lat' dir='ltr'>a</span> <span class='ocrx_word' id='word_1_478' title='bbox 2229 2244 2450 2299; x_wconf 87' lang='lat' dir='ltr'>critices</span> <span class='ocrx_word' id='word_1_479' title='bbox 2475 2246 2809 2301; x_wconf 66' lang='lat' dir='ltr'>exercendae</span> <span class='ocrx_word' id='word_1_480' title='bbox 2840 2249 3100 2320; x_wconf 83' lang='lat' dir='ltr'>periculo</span> <span class='ocrx_word' id='word_1_481' title='bbox 3134 2251 3197 2307; x_wconf 89' lang='lat' dir='ltr'>in</span> <span class='ocrx_word' id='word_1_482' title='bbox 3232 2254 3404 2310; x_wconf 90' lang='lat' dir='ltr'>rebus</span> <span class='ocrx_word' id='word_1_483' title='bbox 3430 2257 3486 2331; x_wconf 90' lang='lat' dir='ltr'>ip</span> 
     </span>
    </p>
   </div>
   <div class='ocr_carea' id='block_1_66' title="bbox 1873 2331 3491 2400">
    <p class='ocr_par' dir='ltr' id='par_1_66' title="bbox 1873 2331 3491 2400">
     <span class='ocr_line' id='line_1_67' title="bbox 1873 2331 3491 2400; baseline 0.009 -15"><span class='ocrx_word' id='word_1_484' title='bbox 1873 2332 1950 2385; x_wconf 89' lang='lat' dir='ltr'>sis</span> <span class='ocrx_word' id='word_1_485' title='bbox 1974 2331 2289 2387; x_wconf 89' lang='lat' dir='ltr'>scribendis</span> <span class='ocrx_word' id='word_1_486' title='bbox 2320 2332 2561 2388; x_wconf 88' lang='lat' dir='ltr'>minime</span> <span class='ocrx_word' id='word_1_487' title='bbox 2605 2340 2805 2390; x_wconf 85' lang='lat' dir='ltr'>auctor</span> <span class='ocrx_word' id='word_1_488' title='bbox 2840 2337 3162 2395; x_wconf 89' lang='lat' dir='ltr'>abhorruit.</span> <span class='ocrx_word' id='word_1_489' title='bbox 3207 2342 3491 2400; x_wconf 87' lang='lat' dir='ltr'>Miraculis</span> 
     </span>
    </p>
   </div>
   <div class='ocr_carea' id='block_1_67' title="bbox 1872 2422 3488 2504">
    <p class='ocr_par' dir='ltr' id='par_1_67' title="bbox 1872 2422 3488 2504">
     <span class='ocr_line' id='line_1_68' title="bbox 1872 2422 3488 2504; baseline 0.008 -29"><span class='ocrx_word' id='word_1_490' title='bbox 1872 2422 2048 2476; x_wconf 86' lang='lat' dir='ltr'>fidem</span> <span class='ocrx_word' id='word_1_491' title='bbox 2079 2422 2198 2493; x_wconf 90' lang='lat' dir='ltr'>ipse</span> <span class='ocrx_word' id='word_1_492' title='bbox 2229 2438 2347 2476; x_wconf 90' lang='lat' dir='ltr'>non</span> <span class='ocrx_word' id='word_1_493' title='bbox 2375 2422 2698 2494; x_wconf 85' lang='lat' dir='ltr'>denegavit,</span> <span class='ocrx_word' id='word_1_494' title='bbox 2732 2427 2928 2480; x_wconf 89' lang='lat' dir='ltr'>tamen</span> <span class='ocrx_word' id='word_1_495' title='bbox 2980 2444 3077 2483; x_wconf 90' lang='lat' dir='ltr'>eos</span> <span class='ocrx_word' id='word_1_496' title='bbox 3136 2447 3201 2484; x_wconf 87' lang='lat' dir='ltr'>ex</span> <span class='ocrx_word' id='word_1_497' title='bbox 3254 2434 3488 2504; x_wconf 65' lang='lat' dir='ltr'>arquati-</span> 
     </span>
    </p>
   </div>
   <div class='ocr_carea' id='block_1_68' title="bbox 1872 2512 3488 2595">
    <p class='ocr_par' dir='ltr' id='par_1_68' title="bbox 1872 2512 3488 2595">
     <span class='ocr_line' id='line_1_69' title="bbox 1872 2512 3488 2595; baseline 0.007 -29"><span class='ocrx_word' id='word_1_498' title='bbox 1872 2512 1979 2566; x_wconf 89' lang='lat' dir='ltr'>bus</span> <span class='ocrx_word' id='word_1_499' title='bbox 1995 2512 2108 2565; x_wconf 90' lang='lat' dir='ltr'>suis</span> <span class='ocrx_word' id='word_1_500' title='bbox 2124 2528 2263 2566; x_wconf 90' lang='lat' dir='ltr'>sana</span> <span class='ocrx_word' id='word_1_501' title='bbox 2282 2528 2384 2566; x_wconf 88' lang='lat' dir='ltr'>sua</span> <span class='ocrx_word' id='word_1_502' title='bbox 2398 2516 2592 2567; x_wconf 89' lang='lat' dir='ltr'>mente</span> <span class='ocrx_word' id='word_1_503' title='bbox 2606 2513 2839 2580; x_wconf 87' lang='lat' dir='ltr'>refutat,</span> <span class='ocrx_word' id='word_1_504' title='bbox 2861 2515 2957 2587; x_wconf 89' lang='lat' dir='ltr'>qui</span> <span class='ocrx_word' id='word_1_505' title='bbox 2971 2518 3086 2573; x_wconf 89' lang='lat' dir='ltr'>suis</span> <span class='ocrx_word' id='word_1_506' title='bbox 3104 2519 3242 2590; x_wconf 91' lang='lat' dir='ltr'>ipsis</span> <span class='ocrx_word' id='word_1_507' title='bbox 3262 2525 3488 2595; x_wconf 85' lang='lat' dir='ltr'>tempo-</span> 
     </span>
    </p>
   </div>
   <div class='ocr_carea' id='block_1_69' title="bbox 1871 2598 3489 2679">
    <p class='ocr_par' dir='ltr' id='par_1_69' title="bbox 1871 2598 3489 2679">
     <span class='ocr_line' id='line_1_70' title="bbox 1871 2598 3489 2679; baseline 0.008 -25"><span class='ocrx_word' id='word_1_508' title='bbox 1871 2598 2028 2655; x_wconf 91' lang='lat' dir='ltr'>ribus</span> <span class='ocrx_word' id='word_1_509' title='bbox 2061 2600 2339 2655; x_wconf 86' lang='lat' dir='ltr'>miracula</span> <span class='ocrx_word' id='word_1_510' title='bbox 2369 2618 2487 2656; x_wconf 88' lang='lat' dir='ltr'>non</span> <span class='ocrx_word' id='word_1_511' title='bbox 2518 2601 2642 2656; x_wconf 78' lang='lat' dir='ltr'>fieri</span> <span class='ocrx_word' id='word_1_512' title='bbox 2674 2604 3068 2674; x_wconf 87' lang='lat' dir='ltr'>querebantur</span> <span class='ocrx_word' id='word_1_513' title='bbox 3089 2608 3221 2679; x_wconf 87' lang='lat'>(83).</span> <span class='ocrx_word' id='word_1_514' title='bbox 3256 2610 3489 2668; x_wconf 83' lang='lat' dir='ltr'>Minime</span> 
     </span>
    </p>
   </div>
   <div class='ocr_carea' id='block_1_70' title="bbox 1872 2687 3484 2771">
    <p class='ocr_par' dir='ltr' id='par_1_70' title="bbox 1872 2687 3484 2771">
     <span class='ocr_line' id='line_1_71' title="bbox 1872 2687 3484 2771; baseline 0.008 -28"><span class='ocrx_word' id='word_1_515' title='bbox 1872 2688 2094 2743; x_wconf 88' lang='lat' dir='ltr'>dubitat</span> <span class='ocrx_word' id='word_1_516' title='bbox 2114 2688 2172 2753; x_wconf 82' lang='lat' dir='ltr'>S.</span> <span class='ocrx_word' id='word_1_517' title='bbox 2205 2687 2447 2745; x_wconf 91' lang='lat' dir='ltr'>Servatii</span> <span class='ocrx_word' id='word_1_518' title='bbox 2479 2706 2545 2743; x_wconf 84' lang='lat' dir='ltr'>ex</span> <span class='ocrx_word' id='word_1_519' title='bbox 2575 2689 2887 2746; x_wconf 86' lang='lat' dir='ltr'>Salvatoris</span> <span class='ocrx_word' id='word_1_520' title='bbox 2918 2693 3138 2751; x_wconf 87' lang='lat' dir='ltr'>familia</span> <span class='ocrx_word' id='word_1_521' title='bbox 3168 2698 3484 2771; x_wconf 89' lang='lat' dir='ltr'>originem,</span> 
     </span>
    </p>
   </div>
   <div class='ocr_carea' id='block_1_71' title="bbox 1872 2777 3483 2858">
    <p class='ocr_par' dir='ltr' id='par_1_71' title="bbox 1872 2777 3483 2858">
     <span class='ocr_line' id='line_1_72' title="bbox 1872 2777 3483 2858; baseline 0.007 -27"><span class='ocrx_word' id='word_1_522' title='bbox 1872 2794 1998 2849; x_wconf 64' lang='lat' dir='ltr'>quae</span> <span class='ocrx_word' id='word_1_523' title='bbox 2031 2777 2244 2850; x_wconf 89' lang='lat' dir='ltr'>pietate</span> <span class='ocrx_word' id='word_1_524' title='bbox 2274 2778 2516 2833; x_wconf 89' lang='lat' dir='ltr'>fortasse</span> <span class='ocrx_word' id='word_1_525' title='bbox 2541 2778 2689 2833; x_wconf 71' lang='lat' dir='ltr'>Vita:</span> <span class='ocrx_word' id='word_1_526' title='bbox 2723 2779 2845 2850; x_wconf 88' lang='lat' dir='ltr'>ejus</span> <span class='ocrx_word' id='word_1_527' title='bbox 2885 2780 3112 2854; x_wconf 61' lang='lat' dir='ltr'>ingesta</span> <span class='ocrx_word' id='word_1_528' title='bbox 3142 2785 3234 2853; x_wconf 88' lang='lat' dir='ltr'>sit,</span> <span class='ocrx_word' id='word_1_529' title='bbox 3280 2788 3483 2858; x_wconf 85' lang='lat' dir='ltr'>rejice-</span> 
     </span>
    </p>
   </div>
   <div class='ocr_carea' id='block_1_72' title="bbox 1870 2864 3490 2946">
    <p class='ocr_par' dir='ltr' id='par_1_72' title="bbox 1870 2864 3490 2946">
     <span class='ocr_line' id='line_1_73' title="bbox 1870 2864 3490 2946; baseline 0.007 -27"><span class='ocrx_word' id='word_1_530' title='bbox 1870 2882 1963 2933; x_wconf 91' lang='lat' dir='ltr'>re;</span> <span class='ocrx_word' id='word_1_531' title='bbox 1997 2869 2055 2919; x_wconf 90' lang='lat' dir='ltr'>et</span> <span class='ocrx_word' id='word_1_532' title='bbox 2083 2864 2320 2937; x_wconf 90' lang='lat' dir='ltr'>ingenui</span> <span class='ocrx_word' id='word_1_533' title='bbox 2346 2883 2484 2921; x_wconf 90' lang='lat' dir='ltr'>sane</span> <span class='ocrx_word' id='word_1_534' title='bbox 2533 2868 2617 2921; x_wconf 89' lang='lat' dir='ltr'>est</span> <span class='ocrx_word' id='word_1_535' title='bbox 2669 2867 2847 2922; x_wconf 89' lang='lat' dir='ltr'>animi</span> <span class='ocrx_word' id='word_1_536' title='bbox 2886 2869 2984 2924; x_wconf 91' lang='lat' dir='ltr'>illa</span> <span class='ocrx_word' id='word_1_537' title='bbox 3017 2888 3193 2943; x_wconf 85' lang='lat' dir='ltr'>quam</span> <span class='ocrx_word' id='word_1_538' title='bbox 3236 2875 3490 2946; x_wconf 87' lang='lat' dir='ltr'>profert-</span> 
     </span>
    </p>
   </div>
   <div class='ocr_carea' id='block_1_73' title="bbox 1873 2953 3485 3026">
    <p class='ocr_par' dir='ltr' id='par_1_73' title="bbox 1873 2953 3485 3026">
     <span class='ocr_line' id='line_1_74' title="bbox 1873 2953 3485 3026; baseline 0.007 -18"><span class='ocrx_word' id='word_1_539' title='bbox 1873 2953 2173 3021; x_wconf 88' lang='lat' dir='ltr'>confessio,</span> <span class='ocrx_word' id='word_1_540' title='bbox 2248 2954 2454 3008; x_wconf 91' lang='lat' dir='ltr'>melius</span> <span class='ocrx_word' id='word_1_541' title='bbox 2537 2971 2660 3009; x_wconf 87' lang='lat' dir='ltr'>esse</span> <span class='ocrx_word' id='word_1_542' title='bbox 2739 2958 3098 3026; x_wconf 72' lang='lat' dir='ltr'>ignorantiam</span> <span class='ocrx_word' id='word_1_543' title='bbox 3181 2964 3485 3020; x_wconf 84' lang='lat' dir='ltr'>verecunde.</span> 
     </span>
    </p>
   </div>
   <div class='ocr_carea' id='block_1_74' title="bbox 1884 3042 3497 3125">
    <p class='ocr_par' dir='ltr' id='par_1_74' title="bbox 1884 3042 3497 3125">
     <span class='ocr_line' id='line_1_75' title="bbox 1884 3042 3497 3125; baseline 0.009 -29"><span class='ocrx_word' id='word_1_544' title='bbox 1884 3042 2077 3113; x_wconf 80' lang='lat' dir='ltr'>fateri,</span> <span class='ocrx_word' id='word_1_545' title='bbox 2110 3058 2273 3116; x_wconf 85' lang='lat' dir='ltr'>quam</span> <span class='ocrx_word' id='word_1_546' title='bbox 2325 3044 2670 3098; x_wconf 79' lang='lat' dir='ltr'>irreverenter</span> <span class='ocrx_word' id='word_1_547' title='bbox 2708 3061 2807 3116; x_wconf 81' lang='lat' dir='ltr'>pro</span> <span class='ocrx_word' id='word_1_548' title='bbox 2844 3048 3053 3118; x_wconf 78' lang='lat' dir='ltr'>pietate</span> <span class='ocrx_word' id='word_1_549' title='bbox 3120 3052 3359 3108; x_wconf 77' lang='lat' dir='ltr'>mentiri</span> <span class='ocrx_word' id='word_1_550' title='bbox 3387 3051 3497 3125; x_wconf 76' lang='grc'>(84)</span> 
     </span>
    </p>
   </div>
   <div class='ocr_carea' id='block_1_75' title="bbox 1872 3221 3492 3304">
    <p class='ocr_par' dir='ltr' id='par_1_75' title="bbox 1872 3221 3492 3304">
     <span class='ocr_line' id='line_1_76' title="bbox 1872 3221 3492 3304; baseline 0.007 -26"><span class='ocrx_word' id='word_1_551' title='bbox 1872 3238 2128 3304; x_wconf 75' lang='lat' dir='ltr'>possessa,</span> <span class='ocrx_word' id='word_1_552' title='bbox 2161 3222 2209 3290; x_wconf 94' lang='grc' dir='ltr'>Ι,</span> <span class='ocrx_word' id='word_1_553' title='bbox 2344 3222 2552 3278; x_wconf 74' lang='lat' dir='ltr'>:Exta!</span> <span class='ocrx_word' id='word_1_554' title='bbox 2580 3241 2744 3304; x_wconf 70' lang='lat' dir='ltr'>usque</span> <span class='ocrx_word' id='word_1_555' title='bbox 2775 3226 2831 3279; x_wconf 87' lang='lat' dir='ltr'>in</span> <span class='ocrx_word' id='word_1_556' title='bbox 2863 3243 3102 3299; x_wconf 64' lang='lat' dir='ltr'>praesens</span> <span class='ocrx_word' id='word_1_557' title='bbox 3136 3229 3274 3287; x_wconf 86' lang='lat' dir='ltr'>locus</span> <span class='ocrx_word' id='word_1_558' title='bbox 3298 3235 3492 3289; x_wconf 86' lang='lat' dir='ltr'>oratio-</span> 
     </span>
    </p>
   </div>
   <div class='ocr_carea' id='block_1_76' title="bbox 1874 3296 2784 3421">
    <p class='ocr_par' dir='ltr' id='par_1_76' title="bbox 1874 3296 2784 3421">
     <span class='ocr_line' id='line_1_77' title="bbox 1874 3296 2784 3367; baseline 0.001 -18"><span class='ocrx_word' id='word_1_559' title='bbox 1874 3298 1958 3349; x_wconf 77' lang='lat' dir='ltr'>nis</span> <span class='ocrx_word' id='word_1_560' title='bbox 1978 3296 2091 3361; x_wconf 76' lang='lat' dir='ltr'>eius</span> <span class='ocrx_word' id='word_1_561' title='bbox 2118 3310 2270 3366; x_wconf 84' lang='lat' dir='ltr'>opere</span> <span class='ocrx_word' id='word_1_562' title='bbox 2294 3296 2350 3348; x_wconf 88' lang='lat' dir='ltr'>in</span> <span class='ocrx_word' id='word_1_563' title='bbox 2381 3311 2513 3367; x_wconf 77' lang='lat' dir='ltr'>rupe</span> <span class='ocrx_word' id='word_1_564' title='bbox 2540 3297 2784 3350; x_wconf 75' lang='lat' dir='ltr'>excissus.</span> 
     </span>
     <span class='ocr_line' id='line_1_78' title="bbox 1942 3364 2338 3421; baseline 0 0"><span class='ocrx_word' id='word_1_565' title='bbox 1942 3364 2056 3421; x_wconf 72' lang='lat'>(68)</span> <span class='ocrx_word' id='word_1_566' title='bbox 2094 3364 2142 3421; x_wconf 94' lang='grc' dir='ltr'>Ι.</span> <span class='ocrx_word' id='word_1_567' title='bbox 2172 3370 2223 3421; x_wconf 90' lang='grc'>1.</span> <span class='ocrx_word' id='word_1_568' title='bbox 2250 3370 2338 3421; x_wconf 85' lang='grc'>55.</span> 
     </span>
    </p>
   </div>
   <div class='ocr_carea' id='block_1_77' title="bbox 1967 3370 2338 3433">
    <p class='ocr_par' dir='ltr' id='par_1_77' title="bbox 1967 3370 2338 3433">
     <span class='ocr_line' id='line_1_79' title="bbox 1967 3370 2338 3433; baseline 0.013 -16"><span class='ocrx_word' id='word_1_569' title='bbox 1967 3370 2056 3433; x_wconf 73' lang='lat' dir='ltr'>es)</span> <span class='ocrx_word' id='word_1_570' title='bbox 2094 3370 2142 3431; x_wconf 85' lang='grc' dir='ltr'>Ι,</span> <span class='ocrx_word' id='word_1_571' title='bbox 2172 3370 2223 3433; x_wconf 94' lang='grc'>1,</span> <span class='ocrx_word' id='word_1_572' title='bbox 2250 3370 2338 3423; x_wconf 89' lang='grc'>55.</span> 
     </span>
    </p>
   </div>
   <div class='ocr_carea' id='block_1_78' title="bbox 1939 3366 3493 3505">
    <p class='ocr_par' dir='ltr' id='par_1_78' title="bbox 1939 3366 3493 3505">
     <span class='ocr_line' id='line_1_80' title="bbox 1942 3366 2453 3437; baseline 0.012 -20"><span class='ocrx_word' id='word_1_573' title='bbox 1942 3366 2056 3437; x_wconf 72' lang='lat'>(158)</span> <span class='ocrx_word' id='word_1_574' title='bbox 2094 3366 2142 3431; x_wconf 89' lang='grc' dir='ltr'>Ι,</span> <span class='ocrx_word' id='word_1_575' title='bbox 2172 3370 2223 3433; x_wconf 82' lang='lat'>1,</span> <span class='ocrx_word' id='word_1_576' title='bbox 2250 3370 2338 3423; x_wconf 90' lang='grc'>55.</span> <span class='ocrx_word' id='word_1_577' title='bbox 2450 3366 2453 3367; x_wconf 68' lang='lat'><strong><em>’</em></strong></span> 
     </span>
     <span class='ocr_line' id='line_1_81' title="bbox 1939 3435 3493 3505; baseline 0.009 -16"><span class='ocrx_word' id='word_1_578' title='bbox 1939 3435 2051 3505; x_wconf 87' lang='lat'>(69)</span> <span class='ocrx_word' id='word_1_579' title='bbox 2082 3436 2317 3492; x_wconf 91' lang='lat' dir='ltr'>Librum</span> <span class='ocrx_word' id='word_1_580' title='bbox 2356 3437 2426 3492; x_wconf 91' lang='lat' dir='ltr'>de</span> <span class='ocrx_word' id='word_1_581' title='bbox 2462 3436 2702 3493; x_wconf 87' lang='lat' dir='ltr'>Oratore</span> <span class='ocrx_word' id='word_1_582' title='bbox 2752 3441 2812 3494; x_wconf 90' lang='lat' dir='ltr'>et</span> <span class='ocrx_word' id='word_1_583' title='bbox 2844 3441 3136 3497; x_wconf 87' lang='lat' dir='ltr'>orationes</span> <span class='ocrx_word' id='word_1_584' title='bbox 3192 3443 3251 3499; x_wconf 88' lang='lat' dir='ltr'>in</span> <span class='ocrx_word' id='word_1_585' title='bbox 3301 3446 3493 3503; x_wconf 84' lang='lat' dir='ltr'>Catili-</span> 
     </span>
    </p>
   </div>
   <div class='ocr_carea' id='block_1_79' title="bbox 1872 3507 3485 3577">
    <p class='ocr_par' dir='ltr' id='par_1_79' title="bbox 1872 3507 3485 3577">
     <span class='ocr_line' id='line_1_82' title="bbox 1872 3507 3485 3577; baseline 0.007 -13"><span class='ocrx_word' id='word_1_586' title='bbox 1872 3524 2009 3564; x_wconf 89' lang='lat' dir='ltr'>nam</span> <span class='ocrx_word' id='word_1_587' title='bbox 2029 3507 2188 3577; x_wconf 88' lang='lat' dir='ltr'>legit,</span> <span class='ocrx_word' id='word_1_588' title='bbox 2212 3509 2562 3564; x_wconf 88' lang='lat' dir='ltr'>Tusculanas</span> <span class='ocrx_word' id='word_1_589' title='bbox 2618 3526 2752 3567; x_wconf 84' lang='lat' dir='ltr'>vero</span> <span class='ocrx_word' id='word_1_590' title='bbox 2805 3516 2940 3568; x_wconf 88' lang='lat' dir='ltr'>ante</span> <span class='ocrx_word' id='word_1_591' title='bbox 2991 3513 3193 3570; x_wconf 88' lang='lat' dir='ltr'>omnia</span> <span class='ocrx_word' id='word_1_592' title='bbox 3222 3516 3283 3572; x_wconf 91' lang='lat' dir='ltr'>in</span> <span class='ocrx_word' id='word_1_593' title='bbox 3314 3536 3485 3575; x_wconf 90' lang='lat' dir='ltr'>suum</span> 
     </span>
    </p>
   </div>
   <div class='ocr_carea' id='block_1_80' title="bbox 1872 3579 2666 3648">
    <p class='ocr_par' dir='ltr' id='par_1_80' title="bbox 1872 3579 2666 3648">
     <span class='ocr_line' id='line_1_83' title="bbox 1872 3579 2666 3648; baseline -0.001 -12"><span class='ocrx_word' id='word_1_594' title='bbox 1872 3596 2038 3636; x_wconf 92' lang='lat' dir='ltr'>usum</span> <span class='ocrx_word' id='word_1_595' title='bbox 2071 3581 2258 3647; x_wconf 89' lang='lat' dir='ltr'>vertit,</span> <span class='ocrx_word' id='word_1_596' title='bbox 2294 3581 2338 3646; x_wconf 91' lang='lat' dir='ltr'>I,</span> <span class='ocrx_word' id='word_1_597' title='bbox 2372 3584 2421 3648; x_wconf 91' lang='grc'>1,</span> <span class='ocrx_word' id='word_1_598' title='bbox 2452 3579 2544 3635; x_wconf 87' lang='grc'>20.</span> <span class='ocrx_word' id='word_1_599' title='bbox 2575 3584 2666 3636; x_wconf 87' lang='grc'>55.</span> 
     </span>
    </p>
   </div>
   <div class='ocr_carea' id='block_1_81' title="bbox 1965 3650 2380 3721">
    <p class='ocr_par' dir='ltr' id='par_1_81' title="bbox 1965 3650 2380 3721">
     <span class='ocr_line' id='line_1_84' title="bbox 1965 3650 2380 3721; baseline 0.01 -18"><span class='ocrx_word' id='word_1_600' title='bbox 1965 3651 2058 3721; x_wconf 70' lang='lat'>&#39;10)</span> <span class='ocrx_word' id='word_1_601' title='bbox 2094 3650 2140 3716; x_wconf 92' lang='lat'>1,</span> <span class='ocrx_word' id='word_1_602' title='bbox 2170 3656 2258 3719; x_wconf 90' lang='lat'><strong>22,</strong></span> <span class='ocrx_word' id='word_1_603' title='bbox 2292 3656 2380 3721; x_wconf 90' lang='grc'>55,</span> 
     </span>
    </p>
   </div>
   <div class='ocr_carea' id='block_1_82' title="bbox 1975 3652 2793 3793">
    <p class='ocr_par' dir='ltr' id='par_1_82' title="bbox 1975 3652 2793 3793">
     <span class='ocr_line' id='line_1_85' title="bbox 1975 3652 2380 3721; baseline 0.01 -18"><span class='ocrx_word' id='word_1_604' title='bbox 1975 3652 2034 3704; x_wconf 79' lang='lat'>10</span> <span class='ocrx_word' id='word_1_605' title='bbox 2094 3652 2140 3716; x_wconf 92' lang='lat'>1,</span> <span class='ocrx_word' id='word_1_606' title='bbox 2170 3656 2258 3719; x_wconf 90' lang='lat'><strong>22,</strong></span> <span class='ocrx_word' id='word_1_607' title='bbox 2292 3656 2380 3721; x_wconf 90' lang='grc'>55,</span> 
     </span>
     <span class='ocr_line' id='line_1_86' title="bbox 1975 3652 2793 3793; baseline 0.005 -18"><span class='ocrx_word' id='word_1_608' title='bbox 1975 3652 2060 3793; x_wconf 62' lang='grc' dir='ltr'>η)</span> <span class='ocrx_word' id='word_1_609' title='bbox 2093 3722 2350 3777; x_wconf 89' lang='lat' dir='ltr'>Historia</span> <span class='ocrx_word' id='word_1_610' title='bbox 2370 3722 2619 3777; x_wconf 86' lang='lat' dir='ltr'>natural.</span> <span class='ocrx_word' id='word_1_611' title='bbox 2650 3722 2698 3791; x_wconf 91' lang='grc' dir='ltr'>Ι,</span> <span class='ocrx_word' id='word_1_612' title='bbox 2736 3724 2793 3780; x_wconf 79' lang='grc'>⁸1.</span> 
     </span>
    </p>
   </div>
   <div class='ocr_carea' id='block_1_83' title="bbox 1944 3793 2339 3865">
    <p class='ocr_par' dir='ltr' id='par_1_83' title="bbox 1944 3793 2339 3865">
     <span class='ocr_line' id='line_1_87' title="bbox 1944 3793 2339 3865; baseline 0.005 -20"><span class='ocrx_word' id='word_1_613' title='bbox 1944 3794 2058 3865; x_wconf 54' lang='lat' dir='ltr'>(i2)</span> <span class='ocrx_word' id='word_1_614' title='bbox 2091 3793 2218 3865; x_wconf 20' lang='lat'>1,71,</span> 
     </span>
    </p>
   </div>
   <div class='ocr_carea' id='block_1_84' title="bbox 1873 3863 3490 3994">
    <p class='ocr_par' dir='ltr' id='par_1_84' title="bbox 1873 3863 3490 3994">
     <span class='ocr_line' id='line_1_88' title="bbox 1873 3863 3490 3994; baseline 0.008 -79"><span class='ocrx_word' id='word_1_615' title='bbox 1873 3863 2610 3994; x_wconf 42' lang='lat' dir='ltr'>le&quot;gitti)IOdasgSSermones,</span> <span class='ocrx_word' id='word_1_616' title='bbox 2640 3863 2939 3937; x_wconf 83' lang='lat' dir='ltr'>Epistolas,</span> <span class='ocrx_word' id='word_1_617' title='bbox 2963 3867 3164 3924; x_wconf 82' lang='lat' dir='ltr'>Artem</span> <span class='ocrx_word' id='word_1_618' title='bbox 3197 3872 3490 3943; x_wconf 89' lang='lat' dir='ltr'>poeticam</span> 
     </span>
    </p>
   </div>
   <div class='ocr_carea' id='block_1_85' title="bbox 1896 3952 2318 4005">
    <p class='ocr_par' dir='ltr' id='par_1_85' title="bbox 1896 3952 2318 4005">
     <span class='ocr_line' id='line_1_89' title="bbox 1896 3952 2318 4005; baseline -0.002 -14"><span class='ocrx_word' id='word_1_619' title='bbox 1896 3952 2111 4005; x_wconf 76' lang='lat' dir='ltr'>eg11..1,</span> <span class='ocrx_word' id='word_1_620' title='bbox 2152 3952 2198 3999; x_wconf 87' lang='lat'>1,</span> <span class='ocrx_word' id='word_1_621' title='bbox 2224 3952 2318 3991; x_wconf 74' lang='lat' dir='ltr'>oo.</span> 
     </span>
    </p>
   </div>
   <div class='ocr_carea' id='block_1_86' title="bbox 1931 3952 2393 4074">
    <p class='ocr_par' dir='ltr' id='par_1_86' title="bbox 1931 3952 2393 4074">
     <span class='ocr_line' id='line_1_90' title="bbox 1931 3952 2318 4007; baseline 0.008 -20"><span class='ocrx_word' id='word_1_622' title='bbox 1931 3952 2034 4007; x_wconf 76' lang='lat' dir='ltr'>git.</span> <span class='ocrx_word' id='word_1_623' title='bbox 2064 3952 2111 4005; x_wconf 78' lang='grc' dir='ltr'>ι,</span> <span class='ocrx_word' id='word_1_624' title='bbox 2152 3952 2198 3999; x_wconf 88' lang='lat'>1,</span> <span class='ocrx_word' id='word_1_625' title='bbox 2224 3952 2318 3991; x_wconf 75' lang='lat' dir='ltr'>oo.</span> 
     </span>
     <span class='ocr_line' id='line_1_91' title="bbox 1945 4005 2393 4074; baseline 0.004 -16"><span class='ocrx_word' id='word_1_626' title='bbox 1945 4005 2061 4074; x_wconf 62' lang='grc' dir='ltr'>(πει)</span> <span class='ocrx_word' id='word_1_627' title='bbox 2094 4009 2139 4074; x_wconf 92' lang='lat'>1,</span> <span class='ocrx_word' id='word_1_628' title='bbox 2183 4006 2270 4073; x_wconf 89' lang='lat'>30,</span> <span class='ocrx_word' id='word_1_629' title='bbox 2306 4009 2393 4060; x_wconf 86' lang='grc'>55.</span> 
     </span>
    </p>
   </div>
   <div class='ocr_carea' id='block_1_87' title="bbox 1970 4078 2255 4147">
    <p class='ocr_par' dir='ltr' id='par_1_87' title="bbox 1970 4078 2255 4147">
     <span class='ocr_line' id='line_1_92' title="bbox 1970 4078 2255 4147; baseline 0 -16"><span class='ocrx_word' id='word_1_630' title='bbox 1970 4078 2057 4147; x_wconf 73' lang='lat'>75)</span> <span class='ocrx_word' id='word_1_631' title='bbox 2090 4080 2136 4146; x_wconf 89' lang='lat'>1,</span> <span class='ocrx_word' id='word_1_632' title='bbox 2165 4081 2255 4131; x_wconf 86' lang='grc'>55.</span> 
     </span>
    </p>
   </div>
   <div class='ocr_carea' id='block_1_88' title="bbox 1952 4147 2258 4218">
    <p class='ocr_par' dir='ltr' id='par_1_88' title="bbox 1952 4147 2258 4218">
     <span class='ocr_line' id='line_1_93' title="bbox 1952 4147 2258 4218; baseline 0.016 -19"><span class='ocrx_word' id='word_1_633' title='bbox 1952 4147 2066 4217; x_wconf 55' lang='grc'>(46)</span> <span class='ocrx_word' id='word_1_634' title='bbox 2095 4153 2137 4218; x_wconf 93' lang='lat'>1,</span> <span class='ocrx_word' id='word_1_635' title='bbox 2164 4147 2258 4204; x_wconf 85' lang='lat'><strong>29.</strong></span> 
     </span>
    </p>
   </div>
   <div class='ocr_carea' id='block_1_89' title="bbox 1972 4220 2232 4288">
    <p class='ocr_par' dir='ltr' id='par_1_89' title="bbox 1972 4220 2232 4288">
     <span class='ocr_line' id='line_1_94' title="bbox 1972 4220 2232 4288; baseline 0.027 -19"><span class='ocrx_word' id='word_1_636' title='bbox 1972 4220 2060 4288; x_wconf 64' lang='grc' dir='ltr'>ηπ)</span> <span class='ocrx_word' id='word_1_637' title='bbox 2097 4223 2232 4288; x_wconf 80' lang='lat'>1,1.</span> 
     </span>
    </p>
   </div>
   <div class='ocr_carea' id='block_1_90' title="bbox 1944 4221 3494 4372">
    <p class='ocr_par' dir='ltr' id='par_1_90' title="bbox 1944 4221 3494 4372">
     <span class='ocr_line' id='line_1_95' title="bbox 1944 4221 3494 4372; baseline 0.007 -27"><span class='ocrx_word' id='word_1_638' title='bbox 2088 4223 2365 4372; x_wconf 35' lang='lat' dir='ltr'>épiiéol‘as</span> <span class='ocrx_word' id='word_1_639' title='bbox 2409 4294 2612 4347; x_wconf 90' lang='lat' dir='ltr'>contra</span> <span class='ocrx_word' id='word_1_640' title='bbox 2643 4291 3029 4365; x_wconf 86' lang='lat' dir='ltr'>Vigilantium</span> <span class='ocrx_word' id='word_1_641' title='bbox 3062 4300 3119 4352; x_wconf 88' lang='lat' dir='ltr'>et</span> <span class='ocrx_word' id='word_1_642' title='bbox 3160 4298 3235 4353; x_wconf 87' lang='lat' dir='ltr'>ad</span> <span class='ocrx_word' id='word_1_643' title='bbox 3264 4299 3494 4372; x_wconf 83' lang='lat' dir='ltr'>Ageru-</span> 
     </span>
    </p>
   </div>
   <div class='ocr_carea' id='block_1_91' title="bbox 127 4360 2373 4432">
    <p class='ocr_par' dir='ltr' id='par_1_91' title="bbox 127 4360 2373 4432">
     <span class='ocr_line' id='line_1_96' title="bbox 127 4360 2373 4432; baseline 0 -17"><span class='ocrx_word' id='word_1_644' title='bbox 127 4362 195 4432; x_wconf 80' lang='lat' dir='ltr'>ad</span> <span class='ocrx_word' id='word_1_645' title='bbox 224 4365 324 4418; x_wconf 86' lang='lat' dir='ltr'>vit.</span> <span class='ocrx_word' id='word_1_646' title='bbox 385 4364 458 4422; x_wconf 88' lang='lat' dir='ltr'>S.</span> <span class='ocrx_word' id='word_1_647' title='bbox 522 4363 763 4419; x_wconf 88' lang='lat' dir='ltr'>Servat.</span> <span class='ocrx_word' id='word_1_648' title='bbox 806 4376 855 4416; x_wconf 91' lang='lat' dir='ltr'>c.</span> <span class='ocrx_word' id='word_1_649' title='bbox 898 4360 954 4432; x_wconf 90' lang='lat'>3,</span> <span class='ocrx_word' id='word_1_650' title='bbox 985 4366 1040 4415; x_wconf 78' lang='grc'>4.</span> <span class='ocrx_word' id='word_1_651' title='bbox 1074 4365 1195 4415; x_wconf 83' lang='lat' dir='ltr'>Act.</span> <span class='ocrx_word' id='word_1_652' title='bbox 1233 4360 1331 4416; x_wconf 91' lang='lat' dir='ltr'>SS.</span> <span class='ocrx_word' id='word_1_653' title='bbox 1368 4360 1479 4419; x_wconf 59' lang='lat' dir='ltr'>l.&#39;I.</span> <span class='ocrx_word' id='word_1_654' title='bbox 1510 4360 1773 4421; x_wconf 84' lang='lat' dir='ltr'>Similem</span> <span class='ocrx_word' id='word_1_655' title='bbox 1805 4430 1834 4432; x_wconf 87' lang='lat'>_</span> <span class='ocrx_word' id='word_1_656' title='bbox 1875 4361 2094 4432; x_wconf 90' lang='lat' dir='ltr'>chiam;</span> <span class='ocrx_word' id='word_1_657' title='bbox 2120 4360 2169 4432; x_wconf 88' lang='grc' dir='ltr'>Ι,</span> <span class='ocrx_word' id='word_1_658' title='bbox 2200 4362 2256 4428; x_wconf 90' lang='grc'>7,</span> <span class='ocrx_word' id='word_1_659' title='bbox 2283 4365 2373 4417; x_wconf 92' lang='grc'>21.</span> 
     </span>
    </p>
   </div>
   <div class='ocr_carea' id='block_1_92' title="bbox 128 4430 1855 4493">
    <p class='ocr_par' dir='ltr' id='par_1_92' title="bbox 128 4430 1855 4493">
     <span class='ocr_line' id='line_1_97' title="bbox 128 4430 1855 4493; baseline 0.002 -9"><span class='ocrx_word' id='word_1_660' title='bbox 128 4431 339 4488; x_wconf 86' lang='lat' dir='ltr'>librum</span> <span class='ocrx_word' id='word_1_661' title='bbox 404 4437 641 4491; x_wconf 86' lang='lat' dir='ltr'>auctor</span> <span class='ocrx_word' id='word_1_662' title='bbox 672 4431 1005 4488; x_wconf 88' lang='lat' dir='ltr'>Germanici</span> <span class='ocrx_word' id='word_1_663' title='bbox 1049 4431 1324 4487; x_wconf 89' lang='lat' dir='ltr'>carminis</span> <span class='ocrx_word' id='word_1_664' title='bbox 1374 4451 1501 4490; x_wconf 65' lang='lat' dir='ltr'>smc.</span> <span class='ocrx_word' id='word_1_665' title='bbox 1554 4452 1631 4491; x_wconf 84' lang='lat' dir='ltr'>x11</span> <span class='ocrx_word' id='word_1_666' title='bbox 1684 4454 1773 4493; x_wconf 85' lang='lat' dir='ltr'>ex.</span> <span class='ocrx_word' id='word_1_667' title='bbox 1803 4430 1855 4488; x_wconf 92' lang='lat' dir='ltr'><strong>D</strong></span> 
     </span>
    </p>
   </div>
   <div class='ocr_carea' id='block_1_93' title="bbox 124 4502 1776 4584">
    <p class='ocr_par' dir='ltr' id='par_1_93' title="bbox 124 4502 1776 4584">
     <span class='ocr_line' id='line_1_98' title="bbox 124 4502 1776 4584; baseline 0.002 -25"><span class='ocrx_word' id='word_1_668' title='bbox 124 4519 311 4584; x_wconf 66' lang='lat' dir='ltr'>quem</span> <span class='ocrx_word' id='word_1_669' title='bbox 357 4524 443 4584; x_wconf 81' lang='lat' dir='ltr'>ex_</span> <span class='ocrx_word' id='word_1_670' title='bbox 473 4502 1041 4584; x_wconf 8' lang='lat' dir='ltr'>cgodice‘Viennens-i</span> <span class='ocrx_word' id='word_1_671' title='bbox 1076 4502 1257 4558; x_wconf 89' lang='lat' dir='ltr'>edidit</span> <span class='ocrx_word' id='word_1_672' title='bbox 1302 4520 1353 4558; x_wconf 89' lang='lat' dir='ltr'>v.</span> <span class='ocrx_word' id='word_1_673' title='bbox 1382 4507 1450 4561; x_wconf 92' lang='lat' dir='ltr'>cl.</span> <span class='ocrx_word' id='word_1_674' title='bbox 1488 4506 1687 4580; x_wconf 88' lang='lat' dir='ltr'>Haupt</span> <span class='ocrx_word' id='word_1_675' title='bbox 1716 4508 1776 4563; x_wconf 90' lang='lat' dir='ltr'>in</span> 
     </span>
    </p>
   </div>
   <div class='ocr_carea' id='block_1_94' title="bbox 126 4574 1272 4642">
    <p class='ocr_par' dir='ltr' id='par_1_94' title="bbox 126 4574 1272 4642">
     <span class='ocr_line' id='line_1_99' title="bbox 126 4574 1272 4642; baseline 0.001 -15"><span class='ocrx_word' id='word_1_676' title='bbox 126 4574 265 4631; x_wconf 88' lang='lat' dir='ltr'>libro</span> <span class='ocrx_word' id='word_1_677' title='bbox 298 4579 599 4642; x_wconf 85' lang='lat' dir='ltr'>laudato,</span> <span class='ocrx_word' id='word_1_678' title='bbox 628 4574 851 4628; x_wconf 90' lang='lat' dir='ltr'>videtur</span> <span class='ocrx_word' id='word_1_679' title='bbox 875 4578 1101 4628; x_wconf 86' lang='lat' dir='ltr'>secutus</span> <span class='ocrx_word' id='word_1_680' title='bbox 1130 4591 1272 4628; x_wconf 79' lang='lat' dir='ltr'>esse.</span> 
     </span>
    </p>
   </div>
   <div class='ocr_carea' id='block_1_95' title="bbox 191 4648 694 4721">
    <p class='ocr_par' dir='ltr' id='par_1_95' title="bbox 191 4648 694 4721">
     <span class='ocr_line' id='line_1_100' title="bbox 191 4648 694 4721; baseline -0.006 -20"><span class='ocrx_word' id='word_1_681' title='bbox 191 4648 303 4721; x_wconf 69' lang='lat'>157)</span> <span class='ocrx_word' id='word_1_682' title='bbox 348 4651 403 4716; x_wconf 90' lang='lat'>1,</span> <span class='ocrx_word' id='word_1_683' title='bbox 449 4649 694 4721; x_wconf 75' lang='lat'>44,45.</span> 
     </span>
    </p>
   </div>
   <div class='ocr_carea' id='block_1_96' title="bbox 184 4716 916 4787">
    <p class='ocr_par' dir='ltr' id='par_1_96' title="bbox 184 4716 916 4787">
     <span class='ocr_line' id='line_1_101' title="bbox 184 4716 916 4787; baseline 0.001 -19"><span class='ocrx_word' id='word_1_684' title='bbox 184 4716 294 4787; x_wconf 70' lang='lat' dir='ltr'>(se:</span> <span class='ocrx_word' id='word_1_685' title='bbox 346 4722 398 4787; x_wconf 86' lang='lat'>1,</span> <span class='ocrx_word' id='word_1_686' title='bbox 444 4724 503 4785; x_wconf 91' lang='grc'>1,</span> <span class='ocrx_word' id='word_1_687' title='bbox 545 4716 916 4781; x_wconf 67' lang='lat'>41—31,:56.</span> 
     </span>
    </p>
   </div>
   <div class='ocr_carea' id='block_1_97' title="bbox 187 4789 752 4861">
    <p class='ocr_par' dir='ltr' id='par_1_97' title="bbox 187 4789 752 4861">
     <span class='ocr_line' id='line_1_102' title="bbox 187 4789 752 4861; baseline -0.002 -19"><span class='ocrx_word' id='word_1_688' title='bbox 187 4791 296 4861; x_wconf 73' lang='grc' dir='ltr'>ς59)</span> <span class='ocrx_word' id='word_1_689' title='bbox 345 4794 491 4858; x_wconf 85' lang='lat'>1,1,</span> <span class='ocrx_word' id='word_1_690' title='bbox 526 4794 635 4855; x_wconf 84' lang='lat'>27,</span> <span class='ocrx_word' id='word_1_691' title='bbox 663 4789 752 4843; x_wconf 83' lang='lat'>41.</span> 
     </span>
    </p>
   </div>
   <div class='ocr_carea' id='block_1_98' title="bbox 184 4862 542 4930">
    <p class='ocr_par' dir='ltr' id='par_1_98' title="bbox 184 4862 542 4930">
     <span class='ocr_line' id='line_1_103' title="bbox 184 4862 542 4930; baseline -0.022 -13"><span class='ocrx_word' id='word_1_692' title='bbox 184 4862 304 4930; x_wconf 64' lang='grc' dir='ltr'>(ατο)</span> <span class='ocrx_word' id='word_1_693' title='bbox 351 4864 407 4929; x_wconf 84' lang='grc' dir='ltr'>Ι,</span> <span class='ocrx_word' id='word_1_694' title='bbox 438 4864 542 4915; x_wconf 68' lang='lat'>53.</span> 
     </span>
    </p>
   </div>
   <div class='ocr_carea' id='block_1_99' title="bbox 184 4935 546 5001">
    <p class='ocr_par' dir='ltr' id='par_1_99' title="bbox 184 4935 546 5001">
     <span class='ocr_line' id='line_1_104' title="bbox 184 4935 546 5001; baseline -0.025 -8"><span class='ocrx_word' id='word_1_695' title='bbox 184 4935 296 4995; x_wconf 77' lang='grc'>161)</span> <span class='ocrx_word' id='word_1_696' title='bbox 340 4936 396 5001; x_wconf 86' lang='grc' dir='ltr'>Ι,</span> <span class='ocrx_word' id='word_1_697' title='bbox 442 4935 546 4989; x_wconf 60' lang='grc'>1⁸7.</span> 
     </span>
    </p>
   </div>
   <div class='ocr_carea' id='block_1_100' title="bbox 181 4999 897 5071">
    <p class='ocr_par' dir='ltr' id='par_1_100' title="bbox 181 4999 897 5071">
     <span class='ocr_line' id='line_1_105' title="bbox 181 4999 897 5071; baseline 0.003 -18"><span class='ocrx_word' id='word_1_698' title='bbox 181 5003 292 5071; x_wconf 66' lang='lat' dir='ltr'>(ea)</span> <span class='ocrx_word' id='word_1_699' title='bbox 336 4999 392 5065; x_wconf 80' lang='lat'>1.</span> <span class='ocrx_word' id='word_1_700' title='bbox 430 5005 498 5070; x_wconf 85' lang='lat'>3,</span> <span class='ocrx_word' id='word_1_701' title='bbox 550 4999 652 5065; x_wconf 67' lang='lat' dir='ltr'>s6,</span> <span class='ocrx_word' id='word_1_702' title='bbox 685 5000 773 5066; x_wconf 73' lang='lat' dir='ltr'>1s,</span> <span class='ocrx_word' id='word_1_703' title='bbox 808 5001 897 5055; x_wconf 71' lang='lat'>:51.</span> 
     </span>
    </p>
   </div>
   <div class='ocr_carea' id='block_1_101' title="bbox 179 5074 544 5146">
    <p class='ocr_par' dir='ltr' id='par_1_101' title="bbox 179 5074 544 5146">
     <span class='ocr_line' id='line_1_106' title="bbox 179 5074 544 5146; baseline -0.003 -17"><span class='ocrx_word' id='word_1_704' title='bbox 179 5074 294 5146; x_wconf 69' lang='lat'>(63}</span> <span class='ocrx_word' id='word_1_705' title='bbox 346 5077 395 5144; x_wconf 92' lang='lat'>1,</span> <span class='ocrx_word' id='word_1_706' title='bbox 429 5080 469 5131; x_wconf 83' lang='lat'>2</span> <span class='ocrx_word' id='word_1_707' title='bbox 492 5079 544 5128; x_wconf 65' lang='grc'>‹.</span> 
     </span>
    </p>
   </div>
   <div class='ocr_carea' id='block_1_102' title="bbox 1970 4435 2230 4497">
    <p class='ocr_par' dir='ltr' id='par_1_102' title="bbox 1970 4435 2230 4497">
     <span class='ocr_line' id='line_1_107' title="bbox 1970 4435 2230 4497; baseline 0 -10"><span class='ocrx_word' id='word_1_708' title='bbox 1970 4435 2063 4497; x_wconf 77' lang='grc'>’79)</span> <span class='ocrx_word' id='word_1_709' title='bbox 2091 4436 2140 4497; x_wconf 87' lang='grc' dir='ltr'>Ι,</span> <span class='ocrx_word' id='word_1_710' title='bbox 2173 4439 2230 4489; x_wconf 89' lang='grc'>2.</span> 
     </span>
    </p>
   </div>
   <div class='ocr_carea' id='block_1_103' title="bbox 1948 4438 3037 4577">
    <p class='ocr_par' dir='ltr' id='par_1_103' title="bbox 1948 4438 3037 4577">
     <span class='ocr_line' id='line_1_108' title="bbox 1948 4438 3037 4577; baseline 0.005 -18"><span class='ocrx_word' id='word_1_711' title='bbox 2091 4438 2411 4560; x_wconf 55' lang='lat' dir='ltr'>Itiiztbriam</span> <span class='ocrx_word' id='word_1_712' title='bbox 2443 4508 2880 4577; x_wconf 89' lang='lat' dir='ltr'>apostolorum;</span> <span class='ocrx_word' id='word_1_713' title='bbox 2915 4509 2960 4574; x_wconf 92' lang='grc' dir='ltr'>Ι,</span> <span class='ocrx_word' id='word_1_714' title='bbox 2982 4508 3037 4565; x_wconf 90' lang='grc'>3.</span> 
     </span>
    </p>
   </div>
   <div class='ocr_carea' id='block_1_104' title="bbox 1953 4575 3492 4649">
    <p class='ocr_par' dir='ltr' id='par_1_104' title="bbox 1953 4575 3492 4649">
     <span class='ocr_line' id='line_1_109' title="bbox 1953 4575 3492 4649; baseline 0.009 -21"><span class='ocrx_word' id='word_1_715' title='bbox 1953 4575 2063 4642; x_wconf 87' lang='lat'>(81)</span> <span class='ocrx_word' id='word_1_716' title='bbox 2096 4577 2327 4630; x_wconf 84' lang='lat' dir='ltr'>Librum</span> <span class='ocrx_word' id='word_1_717' title='bbox 2351 4575 2805 4649; x_wconf 71' lang='lat' dir='ltr'>PeriStephanon</span> <span class='ocrx_word' id='word_1_718' title='bbox 2844 4575 2887 4646; x_wconf 33' lang='lat'>1&#39;,</span> <span class='ocrx_word' id='word_1_719' title='bbox 2915 4584 2964 4633; x_wconf 76' lang='lat'>3.</span> <span class='ocrx_word' id='word_1_720' title='bbox 3002 4582 3114 4638; x_wconf 91' lang='lat' dir='ltr'>Sed</span> <span class='ocrx_word' id='word_1_721' title='bbox 3143 4601 3213 4639; x_wconf 90' lang='lat' dir='ltr'>ne</span> <span class='ocrx_word' id='word_1_722' title='bbox 3244 4584 3333 4640; x_wconf 87' lang='lat' dir='ltr'>his</span> <span class='ocrx_word' id='word_1_723' title='bbox 3369 4585 3492 4649; x_wconf 81' lang='lat' dir='ltr'>qui-</span> 
     </span>
    </p>
   </div>
   <div class='ocr_carea' id='block_1_105' title="bbox 1885 4647 3496 4727">
    <p class='ocr_par' dir='ltr' id='par_1_105' title="bbox 1885 4647 3496 4727">
     <span class='ocr_line' id='line_1_110' title="bbox 1885 4647 3496 4727; baseline 0.008 -28"><span class='ocrx_word' id='word_1_724' title='bbox 1885 4647 2018 4727; x_wconf 82' lang='lat' dir='ltr'>dem</span> <span class='ocrx_word' id='word_1_725' title='bbox 2054 4647 2488 4727; x_wconf 63' lang='lat' dir='ltr'>queeproposui</span> <span class='ocrx_word' id='word_1_726' title='bbox 2513 4647 2771 4727; x_wconf 71' lang='lat' dir='ltr'>veterum</span> <span class='ocrx_word' id='word_1_727' title='bbox 2800 4651 3143 4727; x_wconf 70' lang='lat' dir='ltr'>scriptorum</span> <span class='ocrx_word' id='word_1_728' title='bbox 3159 4647 3496 4712; x_wconf 80' lang='lat' dir='ltr'>nominibus</span> 
     </span>
    </p>
   </div>
   <div class='ocr_carea' id='block_1_106' title="bbox 1885 4717 3494 4791">
    <p class='ocr_par' dir='ltr' id='par_1_106' title="bbox 1885 4717 3494 4791">
     <span class='ocr_line' id='line_1_111' title="bbox 1885 4717 3494 4791; baseline 0.007 -19"><span class='ocrx_word' id='word_1_729' title='bbox 1885 4718 1944 4772; x_wconf 89' lang='lat' dir='ltr'>in</span> <span class='ocrx_word' id='word_1_730' title='bbox 1992 4717 2394 4791; x_wconf 74' lang='lat' dir='ltr'>reconditioris</span> <span class='ocrx_word' id='word_1_731' title='bbox 2431 4719 2699 4791; x_wconf 86' lang='lat' dir='ltr'>Herigeri</span> <span class='ocrx_word' id='word_1_732' title='bbox 2732 4717 3072 4779; x_wconf 80' lang='lat' dir='ltr'>eruditionis</span> <span class='ocrx_word' id='word_1_733' title='bbox 3116 4744 3368 4781; x_wconf 79' lang='lat' dir='ltr'>recessus</span> <span class='ocrx_word' id='word_1_734' title='bbox 3404 4746 3494 4783; x_wconf 87' lang='lat' dir='ltr'>me</span> 
     </span>
    </p>
   </div>
   <div class='ocr_carea' id='block_1_107' title="bbox 1888 4789 3492 4866">
    <p class='ocr_par' dir='ltr' id='par_1_107' title="bbox 1888 4789 3492 4866">
     <span class='ocr_line' id='line_1_112' title="bbox 1888 4789 3492 4866; baseline 0.007 -25"><span class='ocrx_word' id='word_1_735' title='bbox 1888 4789 2396 4866; x_wconf 67' lang='lat' dir='ltr'>penetrassebene</span> <span class='ocrx_word' id='word_1_736' title='bbox 2425 4790 2566 4866; x_wconf 72' lang='lat' dir='ltr'>scio,</span> <span class='ocrx_word' id='word_1_737' title='bbox 2584 4789 2737 4866; x_wconf 71' lang='lat' dir='ltr'>nam</span> <span class='ocrx_word' id='word_1_738' title='bbox 2761 4797 2819 4847; x_wconf 86' lang='lat' dir='ltr'>et</span> <span class='ocrx_word' id='word_1_739' title='bbox 2837 4793 2895 4847; x_wconf 84' lang='lat' dir='ltr'>in</span> <span class='ocrx_word' id='word_1_740' title='bbox 2936 4797 3177 4866; x_wconf 84' lang='lat' dir='ltr'>cpistola</span> <span class='ocrx_word' id='word_1_741' title='bbox 3196 4799 3267 4852; x_wconf 91' lang='lat' dir='ltr'>ad</span> <span class='ocrx_word' id='word_1_742' title='bbox 3293 4800 3492 4853; x_wconf 75' lang='lat' dir='ltr'>Heriu-</span> 
     </span>
    </p>
   </div>
   <div class='ocr_carea' id='block_1_108' title="bbox 1887 4859 3497 4933">
    <p class='ocr_par' dir='ltr' id='par_1_108' title="bbox 1887 4859 3497 4933">
     <span class='ocr_line' id='line_1_113' title="bbox 1887 4859 3497 4933; baseline 0.007 -19"><span class='ocrx_word' id='word_1_743' title='bbox 1887 4860 2103 4914; x_wconf 86' lang='lat' dir='ltr'>fridum</span> <span class='ocrx_word' id='word_1_744' title='bbox 2134 4859 2280 4915; x_wconf 88' lang='lat' dir='ltr'>etin</span> <span class='ocrx_word' id='word_1_745' title='bbox 2314 4862 2578 4916; x_wconf 86' lang='lat' dir='ltr'>oratione</span> <span class='ocrx_word' id='word_1_746' title='bbox 2620 4864 2676 4919; x_wconf 91' lang='lat' dir='ltr'>S.</span> <span class='ocrx_word' id='word_1_747' title='bbox 2714 4859 2985 4919; x_wconf 55' lang='lat' dir='ltr'>Remacli&#39;</span> <span class='ocrx_word' id='word_1_748' title='bbox 3023 4869 3069 4929; x_wconf 83' lang='grc' dir='ltr'>Ι,</span> <span class='ocrx_word' id='word_1_749' title='bbox 3231 4872 3497 4926; x_wconf 86' lang='lat' dir='ltr'>nonnulli</span> 
     </span>
    </p>
   </div>
   <div class='ocr_carea' id='block_1_109' title="bbox 1888 4938 3498 5019">
    <p class='ocr_par' dir='ltr' id='par_1_109' title="bbox 1888 4938 3498 5019">
     <span class='ocr_line' id='line_1_114' title="bbox 1888 4938 3498 5019; baseline 0.007 -27"><span class='ocrx_word' id='word_1_750' title='bbox 1888 4938 2069 4992; x_wconf 89' lang='lat' dir='ltr'>relicti</span> <span class='ocrx_word' id='word_1_751' title='bbox 2101 4942 2234 4992; x_wconf 89' lang='lat' dir='ltr'>sunt</span> <span class='ocrx_word' id='word_1_752' title='bbox 2263 4938 2392 5003; x_wconf 91' lang='lat' dir='ltr'>loci,</span> <span class='ocrx_word' id='word_1_753' title='bbox 2422 4956 2565 5019; x_wconf 71' lang='lat' dir='ltr'>quos</span> <span class='ocrx_word' id='word_1_754' title='bbox 2603 4959 2694 5019; x_wconf 87' lang='lat' dir='ltr'>ex_</span> <span class='ocrx_word' id='word_1_755' title='bbox 2720 4946 2983 5019; x_wconf 81' lang='lat' dir='ltr'>veterum</span> <span class='ocrx_word' id='word_1_756' title='bbox 3022 4947 3248 5019; x_wconf 74' lang='lat' dir='ltr'>scriptis</span> <span class='ocrx_word' id='word_1_757' title='bbox 3297 4950 3498 5004; x_wconf 79' lang='lat' dir='ltr'>ductos</span> 
     </span>
    </p>
   </div>
   <div class='ocr_carea' id='block_1_110' title="bbox 1890 5009 3499 5091">
    <p class='ocr_par' dir='ltr' id='par_1_110' title="bbox 1890 5009 3499 5091">
     <span class='ocr_line' id='line_1_115' title="bbox 1890 5009 3499 5091; baseline 0.006 -27"><span class='ocrx_word' id='word_1_758' title='bbox 1890 5026 2011 5065; x_wconf 88' lang='lat' dir='ltr'>esse</span> <span class='ocrx_word' id='word_1_759' title='bbox 2043 5026 2216 5090; x_wconf 82' lang='lat' dir='ltr'>nemo</span> <span class='ocrx_word' id='word_1_760' title='bbox 2238 5026 2355 5091; x_wconf 82' lang='lat' dir='ltr'>non</span> <span class='ocrx_word' id='word_1_761' title='bbox 2384 5009 2737 5091; x_wconf 30' lang='lat' dir='ltr'>videtuunde</span> <span class='ocrx_word' id='word_1_762' title='bbox 2758 5031 2891 5091; x_wconf 69' lang='lat' dir='ltr'>vero</span> <span class='ocrx_word' id='word_1_763' title='bbox 2921 5009 3205 5091; x_wconf 75' lang='lat' dir='ltr'>desumpti</span> <span class='ocrx_word' id='word_1_764' title='bbox 3240 5020 3353 5073; x_wconf 82' lang='lat' dir='ltr'>sint</span> <span class='ocrx_word' id='word_1_765' title='bbox 3382 5039 3499 5074; x_wconf 87' lang='lat' dir='ltr'>non</span> 
     </span>
    </p>
   </div>
   <div class='ocr_carea' id='block_1_111' title="bbox 1894 5080 3498 5159">
    <p class='ocr_par' dir='ltr' id='par_1_111' title="bbox 1894 5080 3498 5159">
     <span class='ocr_line' id='line_1_116' title="bbox 1894 5080 3498 5159; baseline 0.006 -27"><span class='ocrx_word' id='word_1_766' title='bbox 1894 5080 2143 5159; x_wconf 62' lang='lat' dir='ltr'>aequein</span> <span class='ocrx_word' id='word_1_767' title='bbox 2177 5086 2512 5159; x_wconf 37' lang='lat' dir='ltr'>aperto-est.</span> <span class='ocrx_word' id='word_1_768' title='bbox 2558 5083 3057 5159; x_wconf 60' lang='lat' dir='ltr'>Qumindaganda</span> <span class='ocrx_word' id='word_1_769' title='bbox 3085 5080 3178 5144; x_wconf 79' lang='lat' dir='ltr'>nie</span> <span class='ocrx_word' id='word_1_770' title='bbox 3212 5091 3498 5159; x_wconf 86' lang='lat' dir='ltr'>peritiori-</span> 
     </span>
    </p>
   </div>
   <div class='ocr_carea' id='block_1_112' title="bbox 182 5140 3498 5231">
    <p class='ocr_par' dir='ltr' id='par_1_112' title="bbox 182 5140 3498 5231">
     <span class='ocr_line' id='line_1_117' title="bbox 182 5140 3498 5231; baseline 0.003 -27"><span class='ocrx_word' id='word_1_771' title='bbox 182 5140 291 5227; x_wconf 55' lang='lat'>1643</span> <span class='ocrx_word' id='word_1_772' title='bbox 337 5140 529 5231; x_wconf 33' lang='lat' dir='ltr'>Luto:</span> <span class='ocrx_word' id='word_1_773' title='bbox 563 5140 667 5231; x_wconf 35' lang='lat' dir='ltr'>Eri</span> <span class='ocrx_word' id='word_1_774' title='bbox 693 5142 988 5231; x_wconf 44' lang='lat' dir='ltr'>gdrlllfn‘rio‘</span> <span class='ocrx_word' id='word_1_775' title='bbox 1038 5150 1204 5231; x_wconf 63' lang='lat' dir='ltr'>vestro</span> <span class='ocrx_word' id='word_1_776' title='bbox 1255 5143 1647 5231; x_wconf 59' lang='lat' dir='ltr'>(Stabulensi)</span> <span class='ocrx_word' id='word_1_777' title='bbox 1684 5163 1789 5231; x_wconf 68' lang='lat' dir='ltr'>non</span> <span class='ocrx_word' id='word_1_778' title='bbox 1894 5140 2278 5231; x_wconf 48' lang='lat' dir='ltr'>bu‘slibenter</span> <span class='ocrx_word' id='word_1_779' title='bbox 2297 5140 2714 5231; x_wconf 46' lang='lat' dir='ltr'>relinquoTSed</span> <span class='ocrx_word' id='word_1_780' title='bbox 2731 5140 3182 5231; x_wconf 64' lang='lat' dir='ltr'>unuinest</span> <span class='ocrx_word' id='word_1_781' title='bbox 3206 5140 3498 5214; x_wconf 63' lang='lat' dir='ltr'>inuocaui.</span> 
     </span>
    </p>
   </div>
   <div class='ocr_carea' id='block_1_113' title="bbox 110 5212 3505 5301">
    <p class='ocr_par' dir='ltr' id='par_1_113' title="bbox 110 5212 3505 5301">
     <span class='ocr_line' id='line_1_118' title="bbox 110 5212 3505 5301; baseline 0.005 -33"><span class='ocrx_word' id='word_1_782' title='bbox 110 5212 245 5301; x_wconf 69' lang='lat' dir='ltr'>desit</span> <span class='ocrx_word' id='word_1_783' title='bbox 293 5212 660 5301; x_wconf 53' lang='lat' dir='ltr'>notz&#39;cia.h1,</span> <span class='ocrx_word' id='word_1_784' title='bbox 692 5215 751 5266; x_wconf 82' lang='grc'>41</span> <span class='ocrx_word' id='word_1_785' title='bbox 794 5229 807 5267; x_wconf 89' lang='lat'><strong>:</strong></span> <span class='ocrx_word' id='word_1_786' title='bbox 842 5212 1023 5269; x_wconf 77' lang='lat' dir='ltr'>Multa</span> <span class='ocrx_word' id='word_1_787' title='bbox 1055 5216 1245 5301; x_wconf 53' lang='lat' dir='ltr'>etenifn</span> <span class='ocrx_word' id='word_1_788' title='bbox 1273 5217 1567 5301; x_wconf 54' lang='lat' dir='ltr'>scriptiles</span> <span class='ocrx_word' id='word_1_789' title='bbox 1598 5212 1791 5300; x_wconf 70' lang='lat' dir='ltr'>eis-dein</span> <span class='ocrx_word' id='word_1_790' title='bbox 1894 5222 2434 5301; x_wconf 66' lang='lat' dir='ltr'>&#39;l‘a1:_itiG_ermani_ze</span> <span class='ocrx_word' id='word_1_791' title='bbox 2464 5212 2792 5301; x_wconf 39' lang='lat' dir='ltr'>Tvestigium</span> <span class='ocrx_word' id='word_1_792' title='bbox 2837 5212 2894 5283; x_wconf 82' lang='lat' dir='ltr'>in</span> <span class='ocrx_word' id='word_1_793' title='bbox 2935 5212 3222 5301; x_wconf 66' lang='lat' dir='ltr'>I—lei&#39;igcri</span> <span class='ocrx_word' id='word_1_794' title='bbox 3265 5212 3293 5283; x_wconf 86' lang='lat' dir='ltr'>c</span> <span class='ocrx_word' id='word_1_795' title='bbox 3344 5212 3505 5285; x_wconf 55' lang='lat' dir='ltr'>ide;</span> 
     </span>
    </p>
   </div>
   <div class='ocr_carea' id='block_1_114' title="bbox 106 5286 1792 5361">
    <p class='ocr_par' dir='ltr' id='par_1_114' title="bbox 106 5286 1792 5361">
     <span class='ocr_line' id='line_1_119' title="bbox 106 5286 1792 5361; baseline 0.001 -20"><span class='ocrx_word' id='word_1_796' title='bbox 106 5290 266 5361; x_wconf 75' lang='lat' dir='ltr'>rebus</span> <span class='ocrx_word' id='word_1_797' title='bbox 290 5309 408 5361; x_wconf 85' lang='lat' dir='ltr'>per</span> <span class='ocrx_word' id='word_1_798' title='bbox 442 5286 650 5343; x_wconf 81' lang='lat' dir='ltr'>multa</span> <span class='ocrx_word' id='word_1_799' title='bbox 674 5300 937 5361; x_wconf 73' lang='lat' dir='ltr'>annorum</span> <span class='ocrx_word' id='word_1_800' title='bbox 965 5286 1235 5361; x_wconf 62' lang='lat' dir='ltr'>curricula</span> <span class='ocrx_word' id='word_1_801' title='bbox 1285 5303 1318 5340; x_wconf 89' lang='lat' dir='ltr'>a</span> <span class='ocrx_word' id='word_1_802' title='bbox 1373 5286 1521 5361; x_wconf 82' lang='lat' dir='ltr'>nobis</span> <span class='ocrx_word' id='word_1_803' title='bbox 1538 5290 1792 5361; x_wconf 80' lang='lat' dir='ltr'>possessis</span> 
     </span>
    </p>
   </div>
   <div class='ocr_carea' id='block_1_115' title="bbox 111 5356 1796 5432">
    <p class='ocr_par' dir='ltr' id='par_1_115' title="bbox 111 5356 1796 5432">
     <span class='ocr_line' id='line_1_120' title="bbox 111 5356 1796 5432; baseline 0.002 -22"><span class='ocrx_word' id='word_1_804' title='bbox 111 5360 164 5411; x_wconf 82' lang='lat' dir='ltr'>in</span> <span class='ocrx_word' id='word_1_805' title='bbox 240 5356 657 5432; x_wconf 69' lang='lat' dir='ltr'>uirarumque</span> <span class='ocrx_word' id='word_1_806' title='bbox 699 5356 1034 5413; x_wconf 80' lang='lat' dir='ltr'>ecclesiarum</span> <span class='ocrx_word' id='word_1_807' title='bbox 1086 5357 1258 5411; x_wconf 85' lang='lat' dir='ltr'>adhuc</span> <span class='ocrx_word' id='word_1_808' title='bbox 1296 5356 1591 5412; x_wconf 66' lang='lat' dir='ltr'>retinentur</span> <span class='ocrx_word' id='word_1_809' title='bbox 1616 5360 1796 5414; x_wconf 84' lang='lat' dir='ltr'>archi-</span> 
     </span>
    </p>
   </div>
   <div class='ocr_carea' id='block_1_116' title="bbox 106 5432 205 5487">
    <p class='ocr_par' dir='ltr' id='par_1_116' title="bbox 106 5432 205 5487">
     <span class='ocr_line' id='line_1_121' title="bbox 106 5432 205 5487; baseline 0.03 -3"><span class='ocrx_word' id='word_1_810' title='bbox 106 5432 205 5487; x_wconf 75' lang='lat' dir='ltr'>vis.</span> 
     </span>
    </p>
   </div>
   <div class='ocr_carea' id='block_1_117' title="bbox 176 5500 557 5573">
    <p class='ocr_par' dir='ltr' id='par_1_117' title="bbox 176 5500 557 5573">
     <span class='ocr_line' id='line_1_122' title="bbox 176 5500 557 5573; baseline -0.003 -18"><span class='ocrx_word' id='word_1_811' title='bbox 176 5504 298 5573; x_wconf 73' lang='lat'>(651</span> <span class='ocrx_word' id='word_1_812' title='bbox 343 5505 401 5570; x_wconf 84' lang='grc' dir='ltr'>Ι,</span> <span class='ocrx_word' id='word_1_813' title='bbox 440 5500 557 5558; x_wconf 84' lang='lat'>29.</span> 
     </span>
    </p>
   </div>
   <div class='ocr_carea' id='block_1_118' title="bbox 1898 5293 3501 5420">
    <p class='ocr_par' dir='ltr' id='par_1_118' title="bbox 1898 5293 3501 5420">
     <span class='ocr_line' id='line_1_123' title="bbox 1898 5293 3501 5420; baseline 0.007 -73"><span class='ocrx_word' id='word_1_814' title='bbox 1898 5294 2271 5420; x_wconf 56' lang='lat' dir='ltr'>prehendisse</span> <span class='ocrx_word' id='word_1_815' title='bbox 2297 5293 2401 5348; x_wconf 89' lang='lat' dir='ltr'>sibi</span> <span class='ocrx_word' id='word_1_816' title='bbox 2430 5293 2729 5353; x_wconf 76' lang='lat' dir='ltr'>videbatur</span> <span class='ocrx_word' id='word_1_817' title='bbox 2746 5301 2998 5381; x_wconf 40' lang='lat' dir='ltr'>.Bucber.</span> <span class='ocrx_word' id='word_1_818' title='bbox 3033 5293 3129 5372; x_wconf 45' lang='lat' dir='ltr'>ap:</span> <span class='ocrx_word' id='word_1_819' title='bbox 3166 5299 3501 5371; x_wconf 86' lang='lat' dir='ltr'>Chapeavil-</span> 
     </span>
     <span class='ocr_line' id='line_1_124' title="bbox 1921 5364 3501 5420; baseline 0.001 -1"><span class='ocrx_word' id='word_1_820' title='bbox 1921 5381 2042 5419; x_wconf 85' lang='lat' dir='ltr'>lum</span> <span class='ocrx_word' id='word_1_821' title='bbox 2097 5366 2143 5420; x_wconf 82' lang='grc' dir='ltr'>Ι.</span> <span class='ocrx_word' id='word_1_822' title='bbox 2175 5381 2307 5420; x_wconf 82' lang='lat' dir='ltr'>ano.</span> <span class='ocrx_word' id='word_1_823' title='bbox 2340 5382 2393 5420; x_wconf 86' lang='grc' dir='ltr'>ι).</span> <span class='ocrx_word' id='word_1_824' title='bbox 2426 5364 2461 5419; x_wconf 90' lang='grc'>9</span> <span class='ocrx_word' id='word_1_825' title='bbox 2491 5372 2547 5420; x_wconf 89' lang='lat' dir='ltr'>et</span> <span class='ocrx_word' id='word_1_826' title='bbox 2578 5373 2789 5420; x_wconf 78' lang='lat' dir='ltr'>nostris</span> <span class='ocrx_word' id='word_1_827' title='bbox 2825 5371 3024 5420; x_wconf 81' lang='lat' dir='ltr'>diebus</span> <span class='ocrx_word' id='word_1_828' title='bbox 3061 5371 3254 5420; x_wconf 84' lang='lat' dir='ltr'>Hannt</span> <span class='ocrx_word' id='word_1_829' title='bbox 3275 5389 3325 5420; x_wconf 80' lang='grc' dir='ltr'>ν-</span> <span class='ocrx_word' id='word_1_830' title='bbox 3359 5374 3430 5420; x_wconf 70' lang='lat' dir='ltr'>el-</span> <span class='ocrx_word' id='word_1_831' title='bbox 3464 5375 3501 5420; x_wconf 90' lang='lat' dir='ltr'>l-</span> 
     </span>
    </p>
   </div>
   <div class='ocr_carea' id='block_1_119' title="bbox 1921 5364 3504 5442">
    <p class='ocr_par' dir='ltr' id='par_1_119' title="bbox 1921 5364 3504 5442">
     <span class='ocr_line' id='line_1_125' title="bbox 1921 5364 3504 5442; baseline 0.006 -23"><span class='ocrx_word' id='word_1_832' title='bbox 1921 5364 2042 5419; x_wconf 91' lang='lat' dir='ltr'>ium</span> <span class='ocrx_word' id='word_1_833' title='bbox 2088 5366 2143 5442; x_wconf 85' lang='lat' dir='ltr'>_I,</span> <span class='ocrx_word' id='word_1_834' title='bbox 2175 5381 2393 5442; x_wconf 48' lang='lat' dir='ltr'>appr.</span> <span class='ocrx_word' id='word_1_835' title='bbox 2417 5364 2547 5442; x_wconf 91' lang='lat' dir='ltr'>et</span> <span class='ocrx_word' id='word_1_836' title='bbox 2578 5370 2789 5425; x_wconf 89' lang='lat' dir='ltr'>nostris</span> <span class='ocrx_word' id='word_1_837' title='bbox 2825 5364 3254 5442; x_wconf 76' lang='lat' dir='ltr'>diebus_Hanpt</span> <span class='ocrx_word' id='word_1_838' title='bbox 3275 5364 3325 5426; x_wconf 65' lang='grc' dir='ltr'>ὗ.</span> <span class='ocrx_word' id='word_1_839' title='bbox 3359 5374 3430 5428; x_wconf 88' lang='lat' dir='ltr'>cl.</span> <span class='ocrx_word' id='word_1_840' title='bbox 3462 5375 3504 5429; x_wconf 90' lang='lat' dir='ltr'>l.</span> 
     </span>
    </p>
   </div>
   <div class='ocr_carea' id='block_1_120' title="bbox 1901 5435 3507 5516">
    <p class='ocr_par' dir='ltr' id='par_1_120' title="bbox 1901 5435 3507 5516">
     <span class='ocr_line' id='line_1_126' title="bbox 1901 5435 3507 5516; baseline 0.006 -27"><span class='ocrx_word' id='word_1_841' title='bbox 1901 5438 1975 5516; x_wconf 45' lang='grc' dir='ltr'>ξς</span> <span class='ocrx_word' id='word_1_842' title='bbox 2010 5436 2110 5516; x_wconf 78' lang='lat' dir='ltr'>sed</span> <span class='ocrx_word' id='word_1_843' title='bbox 2159 5435 2226 5491; x_wconf 62' lang='lat' dir='ltr'>ex</span> <span class='ocrx_word' id='word_1_844' title='bbox 2252 5435 2481 5516; x_wconf 48' lang='lat' dir='ltr'>QEEgidii</span> <span class='ocrx_word' id='word_1_845' title='bbox 2519 5456 2715 5516; x_wconf 78' lang='lat' dir='ltr'>errore</span> <span class='ocrx_word' id='word_1_846' title='bbox 2747 5445 2887 5516; x_wconf 80' lang='lat' dir='ltr'>nata</span> <span class='ocrx_word' id='word_1_847' title='bbox 2916 5446 3001 5495; x_wconf 90' lang='lat' dir='ltr'>est</span> <span class='ocrx_word' id='word_1_848' title='bbox 3026 5435 3345 5516; x_wconf 78' lang='lat' dir='ltr'>illalectio,</span> <span class='ocrx_word' id='word_1_849' title='bbox 3378 5461 3507 5516; x_wconf 65' lang='lat' dir='ltr'>quae</span> 
     </span>
    </p>
   </div>
   <div class='ocr_carea' id='block_1_121' title="bbox 1904 5506 3508 5588">
    <p class='ocr_par' dir='ltr' id='par_1_121' title="bbox 1904 5506 3508 5588">
     <span class='ocr_line' id='line_1_127' title="bbox 1904 5506 3508 5588; baseline 0.004 -27"><span class='ocrx_word' id='word_1_850' title='bbox 1904 5506 2177 5588; x_wconf 65' lang='lat' dir='ltr'>&quot;Tacitum</span> <span class='ocrx_word' id='word_1_851' title='bbox 2200 5508 2463 5588; x_wconf 76' lang='lat' dir='ltr'>redolere</span> <span class='ocrx_word' id='word_1_852' title='bbox 2495 5510 2795 5588; x_wconf 82' lang='lat' dir='ltr'>videbatur</span> <span class='ocrx_word' id='word_1_853' title='bbox 2827 5528 2839 5567; x_wconf 88' lang='lat'>:</span> <span class='ocrx_word' id='word_1_854' title='bbox 2874 5512 2932 5565; x_wconf 91' lang='lat' dir='ltr'>in</span> <span class='ocrx_word' id='word_1_855' title='bbox 2962 5512 3218 5583; x_wconf 88' lang='lat' dir='ltr'>genuino</span> <span class='ocrx_word' id='word_1_856' title='bbox 3255 5506 3508 5588; x_wconf 72' lang='lat' dir='ltr'>Heriger</span> 
     </span>
    </p>
   </div>
   <div class='ocr_carea' id='block_1_122' title="bbox 176 5567 2674 5646">
    <p class='ocr_par' dir='ltr' id='par_1_122' title="bbox 176 5567 2674 5646">
     <span class='ocr_line' id='line_1_128' title="bbox 176 5567 2674 5646; baseline 0.004 -20"><span class='ocrx_word' id='word_1_857' title='bbox 176 5567 298 5637; x_wconf 69' lang='lat'>(66)</span> <span class='ocrx_word' id='word_1_858' title='bbox 343 5567 397 5639; x_wconf 81' lang='grc' dir='ltr'>Ι,</span> <span class='ocrx_word' id='word_1_859' title='bbox 442 5572 550 5646; x_wconf 68' lang='grc'>17,</span> <span class='ocrx_word' id='word_1_860' title='bbox 598 5567 689 5635; x_wconf 83' lang='grc'>46,</span> <span class='ocrx_word' id='word_1_861' title='bbox 721 5573 779 5646; x_wconf 83' lang='lat' dir='ltr'>et</span> <span class='ocrx_word' id='word_1_862' title='bbox 815 5570 977 5646; x_wconf 8' lang='lat'>1,7518</span> <span class='ocrx_word' id='word_1_863' title='bbox 1009 5588 1022 5626; x_wconf 92' lang='lat'>:</span> <span class='ocrx_word' id='word_1_864' title='bbox 1055 5571 1214 5629; x_wconf 83' lang='lat' dir='ltr'>Sicut</span> <span class='ocrx_word' id='word_1_865' title='bbox 1246 5569 1472 5646; x_wconf 76' lang='lat' dir='ltr'>quilibet</span> <span class='ocrx_word' id='word_1_866' title='bbox 1505 5572 1574 5626; x_wconf 83' lang='lat' dir='ltr'>ab</span> <span class='ocrx_word' id='word_1_867' title='bbox 1611 5572 1804 5629; x_wconf 84' lang='lat' dir='ltr'>incolis</span> <span class='ocrx_word' id='word_1_868' title='bbox 1909 5580 2068 5634; x_wconf 89' lang='lat' dir='ltr'>textu</span> <span class='ocrx_word' id='word_1_869' title='bbox 2100 5578 2239 5634; x_wconf 87' lang='lat' dir='ltr'>nihil</span> <span class='ocrx_word' id='word_1_870' title='bbox 2270 5580 2380 5634; x_wconf 88' lang='lat' dir='ltr'>tale</span> <span class='ocrx_word' id='word_1_871' title='bbox 2409 5583 2674 5637; x_wconf 90' lang='lat' dir='ltr'>occurrit.</span> 
     </span>
    </p>
   </div>
   <div class='ocr_carea' id='block_1_123' title="bbox 102 5643 1009 5712">
    <p class='ocr_par' dir='ltr' id='par_1_123' title="bbox 102 5643 1009 5712">
     <span class='ocr_line' id='line_1_129' title="bbox 102 5643 1009 5712; baseline 0 -15"><span class='ocrx_word' id='word_1_872' title='bbox 102 5646 339 5701; x_wconf 75' lang='lat' dir='ltr'>caudire</span> <span class='ocrx_word' id='word_1_873' title='bbox 374 5644 620 5700; x_wconf 81' lang='lat' dir='ltr'>valebit</span> <span class='ocrx_word' id='word_1_874' title='bbox 639 5643 1009 5712; x_wconf 62' lang='lat' dir='ltr'>referentibus.</span> 
     </span>
    </p>
   </div>
   <div class='ocr_carea' id='block_1_124' title="bbox 204 5711 1809 5787">
    <p class='ocr_par' dir='ltr' id='par_1_124' title="bbox 204 5711 1809 5787">
     <span class='ocr_line' id='line_1_130' title="bbox 204 5711 1809 5787; baseline 0.003 -18"><span class='ocrx_word' id='word_1_875' title='bbox 204 5718 321 5782; x_wconf 78' lang='grc'>(6⁸7)</span> <span class='ocrx_word' id='word_1_876' title='bbox 367 5718 425 5784; x_wconf 88' lang='grc' dir='ltr'>Ι,</span> <span class='ocrx_word' id='word_1_877' title='bbox 454 5714 572 5769; x_wconf 86' lang='lat'>30.</span> <span class='ocrx_word' id='word_1_878' title='bbox 629 5711 910 5787; x_wconf 81' lang='lat' dir='ltr'>Testantur</span> <span class='ocrx_word' id='word_1_879' title='bbox 940 5713 1151 5787; x_wconf 59' lang='lat' dir='ltr'>pradia</span> <span class='ocrx_word' id='word_1_880' title='bbox 1182 5715 1249 5770; x_wconf 87' lang='lat' dir='ltr'>ab</span> <span class='ocrx_word' id='word_1_881' title='bbox 1292 5715 1475 5771; x_wconf 83' lang='lat' dir='ltr'>eodem</span> <span class='ocrx_word' id='word_1_882' title='bbox 1506 5723 1699 5773; x_wconf 64' lang='lat' dir='ltr'>nostra:</span> <span class='ocrx_word' id='word_1_883' title='bbox 1729 5733 1809 5775; x_wconf 85' lang='lat' dir='ltr'>ec-</span> 
     </span>
    </p>
   </div>
   <div class='ocr_carea' id='block_1_125' title="bbox 176 5786 1819 5858">
    <p class='ocr_par' dir='ltr' id='par_1_125' title="bbox 176 5786 1819 5858">
     <span class='ocr_line' id='line_1_131' title="bbox 176 5786 1819 5858; baseline 0.002 -15"><span class='ocrx_word' id='word_1_884' title='bbox 176 5790 334 5848; x_wconf 65' lang='grc' dir='ltr'>λείκ</span> <span class='ocrx_word' id='word_1_885' title='bbox 361 5786 603 5845; x_wconf 74' lang='lat' dir='ltr'>collata</span> <span class='ocrx_word' id='word_1_886' title='bbox 635 5801 663 5837; x_wconf 89' lang='lat' dir='ltr'>a</span> <span class='ocrx_word' id='word_1_887' title='bbox 689 5786 977 5858; x_wconf 80' lang='lat' dir='ltr'>majoribus</span> <span class='ocrx_word' id='word_1_888' title='bbox 1001 5788 1192 5844; x_wconf 79' lang='lat' dir='ltr'>nostris</span> <span class='ocrx_word' id='word_1_889' title='bbox 1250 5795 1300 5845; x_wconf 85' lang='lat' dir='ltr'>et</span> <span class='ocrx_word' id='word_1_890' title='bbox 1357 5806 1391 5844; x_wconf 91' lang='lat' dir='ltr'>a</span> <span class='ocrx_word' id='word_1_891' title='bbox 1451 5790 1598 5847; x_wconf 77' lang='lat' dir='ltr'>nobis</span> <span class='ocrx_word' id='word_1_892' title='bbox 1644 5790 1819 5851; x_wconf 80' lang='lat' dir='ltr'>adhuc</span> 
     </span>
    </p>
   </div>
   <div class='ocr_carea' id='block_1_126' title="bbox 2001 5649 3510 5777">
    <p class='ocr_par' dir='ltr' id='par_1_126' title="bbox 2001 5649 3510 5777">
     <span class='ocr_line' id='line_1_132' title="bbox 2001 5649 3510 5777; baseline 0.005 -73"><span class='ocrx_word' id='word_1_893' title='bbox 2001 5653 2068 5706; x_wconf 88' lang='grc'>82</span> <span class='ocrx_word' id='word_1_894' title='bbox 2100 5649 2215 5708; x_wconf 89' lang='lat' dir='ltr'>Cfr.</span> <span class='ocrx_word' id='word_1_895' title='bbox 2248 5668 2376 5777; x_wconf 51' lang='lat' dir='ltr'>qua:</span> <span class='ocrx_word' id='word_1_896' title='bbox 2406 5651 2453 5718; x_wconf 94' lang='grc' dir='ltr'>Ι,</span> <span class='ocrx_word' id='word_1_897' title='bbox 2486 5660 2539 5720; x_wconf 91' lang='grc'>7,</span> <span class='ocrx_word' id='word_1_898' title='bbox 2574 5654 2645 5708; x_wconf 90' lang='lat' dir='ltr'>de</span> <span class='ocrx_word' id='word_1_899' title='bbox 2696 5653 2918 5727; x_wconf 90' lang='lat' dir='ltr'>origine</span> <span class='ocrx_word' id='word_1_900' title='bbox 2973 5658 3281 5713; x_wconf 88' lang='lat' dir='ltr'>nominum</span> <span class='ocrx_word' id='word_1_901' title='bbox 3324 5656 3510 5715; x_wconf 84' lang='lat' dir='ltr'>Metisi</span> 
     </span>
     <span class='ocr_line' id='line_1_133' title="bbox 2001 5722 2686 5777; baseline 0 0"><span class='ocrx_word' id='word_1_902' title='bbox 2001 5722 2150 5777; x_wconf 90' lang='lat' dir='ltr'>Tulli</span> <span class='ocrx_word' id='word_1_903' title='bbox 2183 5740 2250 5776; x_wconf 90' lang='lat' dir='ltr'>ur</span> <span class='ocrx_word' id='word_1_904' title='bbox 2295 5739 2413 5777; x_wconf 81' lang='lat' dir='ltr'>ium</span> <span class='ocrx_word' id='word_1_905' title='bbox 2446 5725 2686 5777; x_wconf 77' lang='lat' dir='ltr'>profert.</span> 
     </span>
    </p>
   </div>
   <div class='ocr_carea' id='block_1_127' title="bbox 1917 5722 2686 5795">
    <p class='ocr_par' dir='ltr' id='par_1_127' title="bbox 1917 5722 2686 5795">
     <span class='ocr_line' id='line_1_134' title="bbox 1917 5722 2686 5795; baseline 0.001 -17"><span class='ocrx_word' id='word_1_906' title='bbox 1917 5726 1976 5778; x_wconf 88' lang='lat' dir='ltr'>et</span> <span class='ocrx_word' id='word_1_907' title='bbox 2000 5722 2150 5795; x_wconf 83' lang='lat' dir='ltr'>Tulli</span> <span class='ocrx_word' id='word_1_908' title='bbox 2183 5722 2413 5777; x_wconf 86' lang='lat' dir='ltr'>urbium</span> <span class='ocrx_word' id='word_1_909' title='bbox 2442 5725 2686 5795; x_wconf 88' lang='lat' dir='ltr'>profert.</span> 
     </span>
    </p>
   </div>
   <div class='ocr_carea' id='block_1_128' title="bbox 2007 5794 2261 5866">
    <p class='ocr_par' dir='ltr' id='par_1_128' title="bbox 2007 5794 2261 5866">
     <span class='ocr_line' id='line_1_135' title="bbox 2007 5794 2261 5866; baseline -0.004 -16"><span class='ocrx_word' id='word_1_910' title='bbox 2007 5794 2143 5866; x_wconf 80' lang='lat'>331,</span> <span class='ocrx_word' id='word_1_911' title='bbox 2172 5798 2261 5849; x_wconf 76' lang='lat' dir='ltr'>2s.</span> 
     </span>
    </p>
   </div>
  </div>
