3910 6174
239 351 338 404 977

1721 342 2055 404 ΜΟΝΙἸὍΜ.

3454 362 3557 413 978

234 472 290 523 et
314 469 630 541 septimam
676 488 838 544 seque
864 472 937 528 ad
990 488 1080 528 res
1104 470 1446 528 Leodienses
1475 472 1836 543 spectantem
1865 488 1921 548 Α
1949 470 2084 525 satis
2133 471 2370 546 antiquo
2416 474 2691 531 eumdem
2738 475 3123 548 deprehendit
3146 476 3437 545 Mabillon,
3468 478 3558 533 his

231 575 334 614 suo
374 560 504 615 loco
537 560 821 616 dabimus.

1954 562 2139 616 verbis
2168 579 2294 634 quae
2322 579 2561 619 omnem
2591 565 2806 637 pellere
2836 564 3102 620 videntur
3131 565 3555 622 dubitationem

303 650 469 704 Alius
498 650 662 718 liber,
684 668 855 723 quem
884 652 1177 725 dialogum
1196 653 1452 725 Herigeri
1477 651 1844 708 etAdelboldi
1952 649 2293 722 inscriptum
2328 653 2610 724 (99-100):
2645 655 2807 709 Dicta
2837 654 3022 708 damni
3069 654 3274 708 abbatis
3302 654 3559 725 Herigeri

230 736 686 808 Trajectensium
708 743 938 810 postero
959 744 1221 815 tempore
1242 742 1492 814 episcopi
1515 741 1684 796 fuisse
1701 741 1845 796 scri-
1947 738 2012 792 de
2046 757 2262 811 ccipere
2290 748 2340 795 et
2374 745 2634 812 sanguine
2661 742 2915 807 Domini;
2948 759 3193 815 cumque
3224 745 3395 815 paulo
3426 748 3555 816 post

232 826 410 895 bunt,
443 826 514 882 de
559 827 822 884 Adventu
854 830 1083 885 Domini
1109 831 1477 897 celebrando,
1510 834 1843 902 temporum

222 916 449 972 invidia
470 918 638 972 nobis
661 917 886 974 videtur
906 935 1027 973 esse
1057 922 1392 991 praereptus.
1418 918 1583 983 Quod
1610 918 1699 973 vix
1734 917 1841 973 mi-

218 1007 506 1074 randum,
535 1024 664 1062 cum
693 1008 850 1062 haud
877 1008 955 1063 ita
982 1009 1164 1063 multo
1186 1012 1314 1081 post
1345 1008 1682 1080 Herigerum
1698 1024 1842 1062 non-

219 1095 372 1150 dum
403 1095 463 1150 in
496 1113 625 1151 eam
674 1114 800 1169 quae
832 1098 1086 1168 optanda
1128 1100 1252 1152 erat
1291 1098 1479 1153 lucem
1511 1095 1833 1170 prodiisset.

218 1187 418 1241 Berno
445 1185 599 1241 enim
628 1186 929 1258 Augiensis
958 1188 1154 1255 abbas,
1189 1187 1285 1260 qui
1311 1188 1501 1243 eidem
1534 1184 1837 1259 qumstioni

218 1291 473 1346 operam
501 1275 660 1330 dedit
689 1274 747 1329 in
779 1276 1035 1347 pluribus
1066 1276 1292 1344 libellis,
1319 1277 1429 1331 hoc
1468 1276 1537 1330 de
1564 1276 1660 1330 illo
1690 1275 1835 1330 libro

218 1363 627 1419 testimonium
648 1364 782 1419 fecit
806 1365 866 1420 in
898 1366 1139 1438 epistola
1170 1365 1243 1419 ad
1271 1365 1583 1420 Aribonem
1614 1365 1833 1419 archie-

216 1453 531 1527 piscopum
574 1454 973 1525 Moguntinum
998 1455 1110 1525 (9's)
1139 1472 1153 1509 :
1187 1454 1295 1509 Sed
1323 1461 1373 1509 et
1397 1454 1558 1508 abbas
1582 1453 1832 1522 Heriger,

214 1544 313 1597 vir
345 1560 455 1596 non
495 1561 684 1614 parva:
711 1546 1071 1612 auctoritatis,
1099 1546 1289 1598 nostris
1347 1542 1661 1614 temporibus
1702 1559 1833 1613 pro-

209 1633 406 1704 prium
434 1650 588 1703 super
639 1632 740 1687 hac
792 1650 848 1687 re
900 1633 1131 1687 libellum
1185 1634 1495 1703 composuit,
1526 1635 1581 1686 in
1610 1648 1733 1702 quo,
1776 1639 1833 1685 ut

216 1727 469 1774 asserunt
497 1724 592 1793 qui
634 1721 784 1775 illum
838 1720 1093 1791 legerunt,
1116 1721 1478 1793 probabilibus
1506 1723 1833 1792 argumentis

1948 827 2288 884 Lobiensem
2315 830 2725 886 bibliothecam
2755 835 3231 905 perscrutaretur,
3252 831 3310 886 in
3332 835 3549 887 vetusto

1944 915 2225 972 librorum
2268 919 2529 990 catalogo
2581 937 2737 975 anno
2787 923 2923 976 1049
2977 921 3224 994 ascripta
3257 921 3400 991 legit
3428 920 3550 974 haec

1940 1006 2114 1061 verba
2138 1023 2150 1061 :
2190 1006 2419 1077 Erigeri
2443 1008 2655 1065 abbatis
2683 1013 3144 1081 exaggerationem
3173 1011 3239 1065 de
3258 1026 3468 1080 corpore
3499 1016 3549 1064 et

1938 1097 2195 1165 sanguine
2224 1097 2463 1152 Domini.
2496 1097 2685 1153 Alium
2720 1099 2969 1171 denique
2997 1099 3255 1155 codicem
3287 1099 3546 1171 ejusdem

1936 1182 2065 1238 libri
2086 1185 2341 1256 Herigeri
2362 1186 2598 1241 nomine
2613 1187 2952 1260 inscriptum
2965 1188 3543 1257 viditOudinus(lOl).

1937 1273 2137 1327 Probis
2158 1274 2311 1330 hisce
2333 1274 2531 1330 insisto
2554 1277 3113 1350 testimoniis,neque
3128 1294 3332 1333 eorum
3348 1279 3542 1332 aucto-

1935 1361 2072 1415 ritas
2093 1362 2333 1417 couvelli
2365 1364 2589 1419 videtur
2617 1382 2650 1421 a
2680 1365 2740 1420 S.
2781 1365 3022 1420 Geraldo
3048 1367 3278 1435 abbate,
3307 1366 3405 1438 qui
3436 1367 3541 1419 lle-

1918 1450 2195 1521 ,rigerum
2228 1452 2297 1505 de
2318 1451 2414 1506 illo
2448 1457 2795 1524 argumento
2819 1454 3120 1526 epistolam
3147 1454 3436 1525 scripsisse
3465 1454 3546 1508 di-

1936 1538 2013 1593 cit
2033 1542 2199 1603 (102),
2224 1555 2412 1612 neque
2435 1558 2673 1597 moveor
2702 1542 3057 1598 Gottwicensi
3087 1542 3281 1598 codice
3315 1560 3348 1597 a
3378 1542 3542 1598 Pezio

1934 1632 2164 1698 reperto
2197 1629 2365 1699 (103),
2398 1630 2458 1683 in
2490 1647 2603 1702 quo
2630 1631 2786 1685 idem
2817 1630 2963 1686 liber
2992 1631 3096 1685 sub
3142 1630 3404 1686 Gerberti
3437 1647 3545 1686 no-

1935 1717 2092 1772 mine
2122 1717 2355 1789 legitur.
2386 1718 2531 1773 Nam
2554 1718 2660 1773 etsi
2681 1736 2747 1773 ex
2778 1719 2900 1791 ipso
2924 1719 3072 1775 libro
3104 1722 3326 1774 certum
3358 1719 3428 1774 de
3452 1736 3547 1774 au-

218 1825 309 1864 θος
341 1810 615 1865 convincit
639 1817 822 1864 contra
852 1809 1085 1865 Patrum
1112 1812 1358 1866 instituta
1388 1825 1563 1881 agere,
1592 1811 1687 1882 qui
1703 1808 1836 1881 plus
1863 1805 1913 1865 B
1937 1810 2093 1862 ctore
2120 1807 2401 1862 indicium
2430 1807 2548 1880 peti
2579 1824 2699 1863 non
2726 1811 2940 1881 potest.
2969 1811 3170 1864 tamen
3202 1807 3461 1881 Herigeri
3488 1811 3546 1863 et

217 1916 391 1971 quam
421 1905 653 1971 quatuor
678 1899 987 1954 Dominieos
1036 1898 1145 1954 dies
1187 1899 1470 1954 Adventus
1506 1900 1731 1955 Domini
1757 1916 1834 1954 ee-

222 1987 437 2041 lebrare
474 1986 818 2043 contendunt.
852 1988 963 2043 Nec
1005 1988 1451 2049 mathematicas
1504 1986 1839 2060 disciplinas

218 2075 535 2147 Herigerus
555 2092 590 2130 a
612 2092 672 2131 se
689 2075 905 2131 alienas
931 2092 1052 2132 esse
1080 2076 1287 2145 voluit;
1319 2078 1548 2147 regulas
1577 2076 1736 2131 enim
1766 2076 1836 2131 de

218 2164 408 2220 abaco
439 2165 794 2238 conscripsit,
819 2164 889 2220 de
921 2164 1126 2237 quibus
1149 2164 1444 2220 Alberieus
1471 2165 1667 2220 Trium
1695 2165 1839 2220 Fon-

217 2253 373 2309 tium
402 2255 721 2310 monachus
750 2254 873 2309 haec
903 2255 1108 2309 acerbe
1131 2253 1354 2326 scripsit
1383 2253 1456 2309 ad
1477 2271 1529 2309 a.
1558 2256 1661 2309 990
1686 2253 1795 2326 (95)
1820 2272 1834 2311 :

216 2341 530 2413 Hen'gems
580 2343 644 2413 ﬁt
699 2342 860 2397 abbas
909 2342 1248 2397 Lobiensium
1294 2345 1566 2414 septimus,
1617 2346 1837 2398 scientia

219 2430 530 2485 litterarum
556 2431 754 2499 clarus,
787 2431 935 2502 cujus
963 2431 1233 2488 habentur
1262 2432 1458 2501 regula;-
1488 2448 1837 2488 numerorum

210 2538 381 2592 super
408 2520 631 2576 abacum
682 2519 942 2576 Gerberti.
990 2524 1062 2575 1n
1110 2520 1290 2575 multis
1338 2537 1520 2591 nempe
1545 2520 1836 2577 studebant

211 2611 446 2681 antiqui
490 2626 608 2681 qua
648 2608 803 2665 hodie
830 2609 1096 2663 habentur
1132 2609 1350 2664 derisui.
1384 2609 1655 2681 Ejusdem
1700 2608 1833 2665 libri

209 2698 486 2754 codicem
513 2714 639 2754 sate.
668 2715 742 2753 xu
770 2697 1219 2761 (96)Ratisbonaa
1249 2698 1309 2753 in
1342 2697 1612 2754 manibus
1631 2698 1833 2754 habuit

206 2787 442 2855 Pezius,
470 2787 647 2843 alium
680 2786 945 2859 Lugduni
994 2787 1334 2843 Batavorum
1384 2786 1596 2843 servari
1635 2787 1833 2843 scribit

207 2876 484 2933 Oudinus
508 2876 635 2941 (97).

284 2965 450 3030 Quos
502 2964 967 3020 enumeravimus
995 2964 1173 3021 libros
1216 2982 1417 3021 revera
1446 2965 1518 3021 ab
1554 2964 1827 3037 Herigero

201 3053 575 3127 conscriptos
613 3070 734 3109 esse
784 3054 871 3108 vel
903 3054 1127 3109 codices
1154 3055 1241 3109 vel
1275 3056 1449 3109 testes
1497 3054 1557 3109 in
1589 3054 1826 3109 dubium

1940 1894 2280 1952 eruditionis
2308 1899 2368 1951 et
2392 1895 2681 1952 scribendi
2706 1896 2949 1952 rationis
2962 1896 3201 1969 vestigia
3227 1897 3547 1968 deprehen-

1940 1982 2085 2039 disse
2139 1984 2282 2039 mihi
2312 1983 2530 2043 videor.
2564 1985 2782 2040 Revera
2831 1985 2989 2039 enim
3030 1985 3317 2057 congessit
3345 1988 3546 2040 auctor

1940 2074 2174 2129 Patrum
2207 2074 2720 2129 ecclesiasticorum
2752 2075 2906 2130 locos
2936 2074 3007 2129 de
3036 2073 3131 2129 illo
3172 2077 3542 2146 argumento,

1940 2163 2186 2228 Eusebii,
2216 2162 2525 2230 Ambrosii,
2559 2162 2917 2234 Hieronymi,
2964 2162 3286 2234 Augustini,
3320 2161 3544 2226 Leonis,

1939 2250 2378 2323 Hilarii,Cyrilli,
2402 2249 2610 2318 Basilii,
2624 2250 2931 2322 Fulgentii.
2949 2250 3256 2306 Dialectica
3276 2267 3403 2323 quin
3422 2250 3544 2322 ipse

1938 2340 2163 2411 profert
2213 2340 2559 2411 argumenta
2610 2338 2753 2411 (104)
2784 2339 2992 2395 eodem
3030 2356 3206 2394 sacrae
3234 2338 3541 2411 Scripturae

1938 2430 2064 2485 loco
2078 2429 2148 2484 de
2172 2446 2464 2495 mensura,
2488 2429 2744 2501 pondere
2758 2432 2816 2484 et
2838 2444 3082 2483 numero
3100 2427 3541 2495 innituntur,cui

1937 2518 2098 2590 quasi
2124 2518 2507 2574 fundamento
2538 2517 2793 2591 primum
2815 2521 2987 2591 caput
3014 2517 3316 2573 Gestorum
3350 2534 3543 2589 super-

1935 2609 2155 2663 struxit.
2184 2609 2342 2664 Hune
2368 2625 2503 2664 vero
2532 2607 2709 2663 fuisse
2736 2608 3012 2680 Herigera
3041 2606 3097 2661 in
3114 2606 3274 2663 libris
3299 2607 3544 2663 conscri-

1933 2697 2137 2753 bendis
2167 2713 2356 2765 usum,
2389 2701 2452 2752 ut
2483 2713 2610 2769 quae
2640 2695 2853 2752 idonea
2873 2696 3207 2751 viderentur
3233 2712 3300 2750 ex
3331 2712 3449 2752 uno
3482 2695 3541 2751 in

1932 2786 2394 2840 alterumlibrum
2404 2783 3433 2857 transcriberet,jamsupravidimus(l
3447 2784 3539 2857 05)

1933 2874 2143 2929 Omnia
2156 2873 2403 2946 denique
2420 2890 2548 2946 quas
2566 2873 2623 2927 in
2646 2874 2755 2929 hoc
2768 2874 3039 2946 opusculo
3056 2890 3162 2929 con
3170 2874 3415 2946 gessitin
3431 2874 3539 2930 hoc

1931 2980 2046 3019 uno
2079 2966 2400 3031 vertuntur,
2432 2963 2605 3035 idque
2631 2962 2860 3018 efﬁcere
2907 2963 3128 3025 volunt,
3159 2965 3222 3016 ut
3252 2962 3537 3018 Paschasii

1929 3052 2206 3109 Radberti
2238 3053 2470 3108 decreta
2496 3051 2648 3125 (l06)
2678 3052 3038 3107 refellantur.
3071 3052 3345 3123 Maiorem
3376 3052 3539 3109 dubi-

202 3160 340 3200 non
373 3115 615 3197 vocandi
656 3144 937 3214 probant;
969 3143 1297 3215 addamque
1324 3160 1530 3212 unum,
1565 3144 1635 3198 de
1667 3143 1828 3214 cujus
1863 3115 1909 3178 C
1931 3143 2212 3198 tationem
2240 3141 2395 3198 aliud
2421 3115 2759 3213 opusculum
2780 3140 2985 3196 aﬂ‘erre
3014 3115 3213 3215 possit,
3230 3140 3387 3213 quod
3412 3141 3535 3195 Tri-

200 3235 454 3289 auctore
480 3230 655 3286 aliam
687 3232 781 3286 alii
812 3232 917 3287 viri
948 3231 1100 3287 docti
1130 3233 1379 3304 amplexi
1409 3236 1545 3288 sunt
1594 3235 1826 3287 senten-

198 3320 382 3376 tiam.
400 3320 497 3374 Est
517 3320 610 3374 ille
630 3319 870 3388 libellus,
894 3320 952 3376 in
974 3322 1197 3392 quo,'ut
1220 3320 1515 3376 Lobiensis
1531 3321 1828 3376 continua-

198 3413 308 3465 tor
340 3408 538 3475 habet,
567 3411 824 3479 congessit
851 3416 1036 3464 contra
1060 3408 1376 3465 Ratbertum
1393 3409 1565 3465 multa
1594 3410 1820 3464 catholi-

196 3514 403 3553 corum
433 3496 668 3554 Patrum
696 3501 891 3569 scripta
939 3498 1003 3554 de
1030 3515 1244 3571 corpore
1273 3505 1322 3554 et
1349 3502 1608 3570 sanguine
1636 3501 1825 3556 Domi-

195 3589 284 3655 ni,
319 3603 498 3659 quem
520 3587 593 3642 ab
625 3587 899 3659 Herigero
926 3588 1315 3659 conscriptum
1342 3604 1463 3643 esse
1484 3604 1615 3644 cum
1633 3588 1823 3644 Mabil—

1928 3233 2180 3289 themius
2200 3232 2260 3287 in
2280 3231 2538 3305 Herigeri
2563 3231 2843 3287 librorum
2856 3231 3184 3303 catalogum
3202 3230 3311 3285 hac
3331 3229 3533 3285 inscri-

1928 3323 2127 3396 ptione
2154 3321 2407 3393 recepit:
2439 3321 2524 3376 De
2550 3320 2745 3375 divinis
2773 3320 2969 3390 ofﬁciis
2993 3319 3119 3374 libri
3132 3319 3258 3386 duo,
3287 3336 3322 3374 a
3346 3319 3532 3374 conti-

1927 3416 2171 3468 nuatore
2198 3411 2464 3467 Lobiensi
2496 3427 2631 3467 vero
2662 3409 2887 3466 silentio
2919 3408 3373 3483 praetermissum
3410 3426 3533 3464 esse

1926 3501 2028 3556 viri
2051 3500 2201 3556 docti
2228 3500 2422 3555 mirati
2440 3503 2592 3556 sunt.
2613 3501 2685 3553 At
2705 3501 2805 3556 aut
2820 3498 2990 3554 fallor
3009 3501 3108 3553 aut
3123 3497 3361 3553 minime
3377 3497 3531 3553 hunc

1922 3589 2136 3646 librum
2166 3590 2397 3645 reticuit
2427 3589 2722 3645 Lobiensis
2750 3588 3025 3659 scriptor;
3057 3587 3331 3643 eumdem
3371 3588 3528 3642 enim

195 3675 374 3732 lonio
401 3691 741 3747 persuasum
792 3676 1000 3732 habeo.
1031 3679 1167 3733 Post
1196 3676 1502 3742 Cellotum,
1539 3677 1635 3750 qui
1665 3678 1820 3733 hunc
1920 3680 2008 3734 vel
2033 3678 2173 3733 vidit
2199 3678 2547 3733 Trithemius
2576 3678 2663 3731 vel
2702 3676 2761 3731 in
2812 3680 3009 3732 mente
3057 3676 3279 3744 habuit,
3307 3676 3379 3731 de
3411 3692 3525 3748 quo

193 3764 432 3820 librum
459 3763 680 3836 primus
723 3763 905 3819 edidit
933 3766 1063 3835 (98),
1106 3764 1164 3819 in
1194 3765 1591 3821 Gemblacensi
1623 3766 1818 3821 codice
1920 3767 2073 3839 apud
2123 3767 2285 3822 illum
2315 3767 2438 3822 haec
2466 3767 2779 3838 leguntur:
2823 3764 3093 3819 Ornatam
3119 3764 3523 3821 ecclesiasticum

272 3873 394 3933 (94)
451 3871 618 3927 Liber
647 3870 896 3938 Qualiter
934 3871 1189 3925 adventus
1224 3872 1454 3927 Domini
1506 3872 1815 3928 celebretur.

194 3947 341 4001 Pez.
372 3943 644 4015 Thesaur.
690 3943 1060 4015 anecd.rnov.
1087 3942 1259 4015 IVL‘Z,
1292 3959 1354 4015 p.
1384 3944 1483 4011 46;
1515 3944 1643 3999 vide
1675 3944 1818 4001 ibid.

193 4014 675 4086 dissertationem
702 4014 1053 4086 isagogicam
1082 4028 1141 4085 p.
1168 4013 1281 4068 νη.

272 4088 390 4151 (95)
424 4086 526 4140 Ed.
560 4085 823 4140 Leibnitii
855 4085 908 4157 ρ.
945 4087 1033 4141 32.

268 4157 393 4242 φῇ)
426 4159 518 4211 Est
549 4157 802 4242 membr.
831 4155 897 4242 111,.
920 4160 977 4211 et
1006 4156 1157 4242 hanc
1182 4155 1249 4242 in
1280 4155 1484 4242 fronte.
1502 4157 1677 4242 habet
1703 4157 1819 4214 ins-

194 4228 594 4311 criptionem:
625 4226 899 4299 Incipiunt
942 4226 1145 4298 regula:
1179 4226 1435 4297 Herigeri
1459 4230 1523 4285 in
1564 4231 1811 4287 abacum.

194 4303 442 4380 P_r1m93
468 4298 970 4380 versusexscripsit
993 4298 1188 4353 Pezius
1206 4299 1264 4354 in
1291 4299 1814 4380 Thes.’_anecd._no-

195 4373 343 4428 viss.
376 4370 423 4428 l.
474 4370 699 4425 dissert.
747 4370 970 4442 isagog.
1010 4386 1329 4442 p.7xxixviu
1376 4387 1389 4426 :

194 4446 397 4515 utique
420 4442 597 4513 major
628 4459 729 4513 per
755 4441 1038 4515 minorem,
1069 4441 1382 4515 dividendus
1428 4446 1619 4514 accipit
1648 4444 1814 4500 deno-

193 4512 532 4569 mniationes
576 4512 673 4569 aut
716 4530 779 4586 ea-
827 4519 934 4586 toto
980 4512 1286 4580 dividendo,
1333 4520 1430 4586 aut
1458 4512 1810 4586 expartibus,

196 4586 305 4669 aut
323 4602 391 4669 ea:
418 4591 607 4641 neutro
628 4612 647 4652 ,-
677 4585 767 4640 sed
808 4584 1221 4639 denominantur
1236 4601 1339 4656 per
1377 4584 1705 4657 differentias
1729 4588 1816 4642 di-

194 4674 396 4713 moris
402 4701 417 4714 .

1920 3873 2329 3930 Lovaniensem
2370 3872 2626 3927 codicem
2657 3874 2876 3927 exstare
2902 3872 3161 3925 testatur.

1986 3948 2133 4016 (102)
2165 3947 2226 3999 In
2254 3945 2494 4016 prologo
2515 3943 2655 3998 Vitae
2686 3943 2742 3998 S.
2761 3941 3073 4016 Adelhardi
3097 3940 3522 4016 Corbeidliabil-

1916 4012 2036 4072 lori.
2077 4020 2193 4071 Act.
2229 4012 2352 4071 ord.
2389 4012 2526 4069 Ben.
2559 4031 2687 4069 saec.
2715 4032 2789 4080 ιν,
2819 4015 2921 4068 345
2954 4013 3075 4067 hinc
3104 4012 3279 4068 habet
3309 4014 3380 4069 de
3412 4015 3517 4069 Pa-

1834 4110 1835 4117 ‘
1916 4089 2135 4144 schasio
2162 4105 2174 4142 :
2200 4087 2309 4141 Hie
2323 4094 2499 4140 autem
2517 4086 2689 4157 qualis
2709 4086 2878 4157 fuerit
2899 4090 2948 4138 et
2971 4085 3187 4157 quantis
3206 4085 3262 4137 in
3282 4084 3518 4156 quadam

1916 4160 2130 4231 epistola
2161 4165 2383 4214 testatur
2436 4155 2601 4231 abbas
2631 4155 2940 4231 Lagubiensis
2969 4155 3406 4231 ἐζρτίᾳριζιιείᾳιίί
3459 4174 3516 4209 eo

1919 4227 2146 4310 tempore
2173 4232 2317 4310 inter
2335 4230 2593 4310 sqpientes
2621 4229 2922 4310 habebatur.
2942 4227 3326 4310 celeberrimus.
3358 4228 3517 4282 Erra-

1446 4344 1458 4357 .
1485 4303 1683 4356 anecd.
1710 4320 1814 4358 no-
1915 4303 1996 4357 vit
2013 4299 2135 4357 sine
2160 4300 2335 4356 dubio
2360 4299 2652 4367 Geraldus;
2669 4299 2924 4369 Herigeri
2946 4299 3202 4354 libellum
3221 4314 3515 4353 commen-

1446 4370 1516 4426 Si
1552 4372 1815 4429 dividitur
1836 4342 1891 4402 D
1914 4373 2190 4429 tationem
2204 4414 2218 4439 ,
2236 4370 2479 4426 minime
2493 4369 2816 4441 epistolam,
2835 4370 3005 4425 fuisse
3020 4374 3077 4425 et
3092 4369 3267 4424 codex
3291 4371 3348 4423 et
3368 4372 3517 4424 cata-

1912 4446 2077 4516 logus
2100 4442 2523 4516 Gemblacensis
2553 4442 2822 4516 probant.

1989 4511 2134 4587 1103)
2161 4514 2349 4587 Codex
2381 4516 2467 4587 est
2495 4511 2686 4587 δώρηΙὶ
2706 4531 2780 4583 x1;
2798 4511 2926 4567 vide
2947 4511 3093 4587 Perii
3120 4512 3287 4587 Thes.
3307 4511 3514 4587 anecd.

1920 4592 1969 4654 1,
1995 4582 2051 4643 ’2.
2182 4586 2353 4668 [.Xlli.
2382 4585 2608 4667 Geraldi
2654 4601 2882 4668 quoque
2938 4584 3202 4668 verb.a_iu
3242 4582 3517 4668 auxilium

1915 4655 2137 4714 vocavit
2188 4656 2401 4728 Pezius,
2435 4657 2595 4728 cujus
2623 4655 2971 4728 sententiam
3006 4655 3129 4710 tuiti
3157 4658 3516 4728 suntaucto-

276 4730 390 4810 (97)
422 4727 611 4810 Cede;
642 4726 1036 4810 Lugdunensis
1091 4727 1194 4810 fol.
1243 4727 1575 4810 inscribitur
1608 4746 1621 4784 :
1641 4729 1815 4810 ﬁctio
1916 4729 2174 4810 res_Hist_.
2206 4729 2316 4810 litt.
2345 4724 2551 4810 frame.
2577 4728 2674 4810 XI,
2861 4727 2973 4810 _V_ll,
3156 4724 3379 4810 Ceillier
3475 4726 3514 4782 l.

196 4799 367 4855 abaci
402 4799 689 4854 secundum
731 4797 919 4854 divum
951 4797 1319 4869 Marigerum;
1348 4803 1434 4854 est
1464 4817 1603 4855 msc.
1639 4801 1813 4857 Scali-

195 4871 330 4944 geri
363 4888 423 4926 n.
457 4870 689 4944 3lLvid.
724 4869 931 4944 Qudjn.
966 4871 1192 4944 "[486.
1249 4943 1264 4944 γ
1360 4941 1370 4944 _
1446 4882 1447 4885 ‘

276 4944 395 5003 (98)
423 4944 485 4996 In
534 4941 782 5015 Historia
822 4940 1197 5015 Gotteschalci
1244 4941 1431 5015 Paris,
1458 4944 1592 4997 1655
1623 4943 1720 4999 fol.
1752 4960 1811 5015 p.

198 5014 306 5086 5:51
334 5029 471 5086 sqq.
507 5028 572 5086 ex
621 5013 816 5067 codice
846 5029 994 5086 mus.
1046 5012 1363 5080 Sirmondi,
1418 5012 1478 5067 in
1523 5031 1640 5085 quo
1672 5012 1817 5070 liber

196 5084 294 5138 De
318 5083 669 5139 Eucharistia
719 5083 1084 5152 nominatur;
1132 5088 1190 5138 et
1217 5087 1347 5154 post
1384 5101 1519 5140 eum
1539 5083 1654 5140 sub
1679 5087 1815 5141 Ger-

198 5155 360 5210 berti
389 5154 628 5210 nomine
658 5154 770 5210 luci
810 5154 971 5210 dedit
1012 5156 1138 5211 Pez.
1159 5156 1328 5214 Thes.
1357 5157 1562 5212 auecd.
1597 5172 1729 5213 nov.
1772 5159 1815 5225 Ι,

198 5230 265 5282 2.
286 5243 343 5282 n.
376 5229 476 5282 133
505 5243 631 5282 sua.

249 5266 265 5293 ,
286 5245 343 5293 p.
376 5245 476 5282 ιω
505 5245 631 5293 sqq.

286 5243 343 5298 p.
376 5243 476 5282 ιω
505 5243 631 5299 sqq.

279 5300 663 5370 (99-lQO)Act.
698 5296 799 5353 SS.
820 5296 946 5354 0rd.
974 5297 1438 5370 Bened.sa3c.gv1,
1470 5301 1524 5365 2,
1546 5315 1602 5370 p.
1633 5301 1730 5354 591
1761 5302 1820 5354 et

201 5384 274 5435 p.
300 5370 405 5423 XXI
442 5369 525 5423 De
552 5370 763 5423 nomine
792 5374 841 5424 et
867 5374 1022 5423 aetate
1050 5372 1309 5439 anonymi
1334 5368 1638 5424 Cellotiani.
1691 5371 1815 5425 Vid.

202 5455 441 5522 quoque
467 5440 756 5496 Mabillon.
790 5443 986 5495 vetera
1008 5441 1285 5496 Analecta
1310 5457 1368 5512 p.
1388 5443 1527 5507 496;
1559 5442 1821 5496 Annales

202 5511 424 5566 ordinis
447 5511 659 5566 Bened.
696 5510 783 5566 IV.
813 5513 934 5566 178.

199 5527 424 5566 ominis
447 5527 659 5566 benea.
696 5527 783 5575 ιν,
813 5527 832 5565 1
855 5527 934 5566 Ιδ.

288 5583 426 5655 (101)
446 5584 506 5637 In
522 5582 872 5655 bibliotheca
886 5582 1242 5655 Siguiacensi
1256 5581 1477 5655 ordinis
1491 5581 1826 5655 Qistereien-

206 5651 368 5707 sis'in
396 5651 1223 5727 archiepiscopatuﬂ'emensi;
1256 5654 1384 5727 vide
1413 5653 1822 5727 OudiniComf

205 5727 395 5785 ment.
425 5724 499 5784 de
540 5724 649 5782 scr.
678 5726 816 5784 eccl.
860 5724 1089 5799 11,486,
1132 5727 1231 5800 qui
1279 5726 1455 5783 etiam
1499 5724 1555 5784 S.
1596 5725 1824 5782 Martini

1917 4805 1975 4856 et
1994 4800 2169 4855 Mansi
2202 4800 2262 4854 in
2294 4797 2546 4853 editione
2577 4798 2818 4853 Fabricii
2865 4800 2954 4866 lll,
2998 4801 3089 4853 191
3119 4816 3131 4867 ;
3161 4796 3368 4868 reliqui
3396 4797 3520 4852 fere

1917 4888 2120 4927 omnes
2149 4868 2541 4927 Mahillonium
2564 4870 2739 4925 secuti
2770 4873 2923 4926 sunt.

2084 4945 2100 4971 ι

2084 4945 2100 4971 ι

2259 4947 2453 5067 7(gestis
2482 5013 2793 5085 nonnullos
2818 5013 2974 5069 locos
3005 5012 3259 5085 epistola:
3287 5012 3363 5067 ad
3390 5011 3517 5085 W_e-

1918 5080 2229 5141 rinfridum
2260 5088 2317 5139 et
2344 5100 2393 5138 c.
2423 5086 2484 5139 41
2521 5083 2579 5138 in
2610 5084 2799 5139 Vitam
2846 5085 2901 5140 S.
2938 5080 3252 5140 Laridoaldi
3283 5080 3519 5153 recepit,

1921 5157 2032 5213 alia
2050 5155 2281 5227 repetiit
2302 5154 2369 5227 in
2398 5154 2639 5227 epistola
2668 5156 2742 5211 ad
2774 5156 3097 5227 Hugonem,
3126 5155 3236 5227 vid.
3265 5168 3439 5227 supra
3466 5155 3523 5227 et

1920 5231 1962 5295 l,
1986 5232 2036 5295 l,
2058 5222 2144 5293 16';
2162 5244 2228 5281 ex
2250 5226 2374 5298 Vita
2400 5222 2457 5298 β’.
2477 5227 2729 5282 Ursmari
2753 5222 2944 5282 versus
2973 5226 3252 5298 quosdam
3281 5222 3340 5276 in
3356 5223 3523 5277 Gesta

1921 5297 2440 5373 transcripsit,_vid.
2472 5299 2632 5373 l,_2l.
2730 5368 2741 5373 _
3420 5363 3455 5373 ..

1992 5368 2151 5443 (106)
2164 5364 2336 5443 _'Quod
2368 5372 2497 5440 post
2522 5368 2889 5443 Possevinum
2919 5369 2978 5423 et
3000 5364 3253 5443 Miracum
3276 5364 3521 5443 repetie-

1921 5436 2059 5496 runt
2082 5436 2199 5507 alii,
2228 5457 2348 5495 non
2369 5436 2580 5495 contra
2593 5440 2947 5495 Radbertum
2964 5437 3066 5492 sed
3095 5439 3299 5493 contra
3314 5436 3522 5491 Ratlie-

1926 5512 2080 5567 rium
2127 5513 2217 5567 vel
2248 5511 2661 5583 Berengarium
2692 5512 2845 5566 hunc
2873 5510 3087 5564 librum
3135 5507 3525 5583 composuisse

1927 5584 2288 5655 Herigerum,
2318 5581 2476 5655 nullo
2506 5582 2797 5655 munitum
2827 5583 2913 5655 est
2945 5581 3323 5655 argumento,
3348 5581 3527 5655 et__re-

1922 5649 2173 5711 futatixm
2212 5649 2285 5710 ab
2314 5654 2545 5708 Andrea
2588 5652 2727 5711 bibl.
2766 5653 2923 5724 Belg.
2961 5649 3080 5710 l.'l.
3116 5654 3173 5706 et
3202 5649 3529 5706 auctoribus

1924 5726 2062 5786 Hist.
2097 5728 2207 5784 litt.
2229 5726 2430 5782 Franc.
2460 5724 2573 5793 νη,
2598 5726 2722 5781 201.
