3960 6174
174 447 256 503 985
1628 418 1958 490 MONITUM.

3356 421 3458 478 986

169 564 402 624 librarius
432 563 531 637 qui
558 576 762 619 verum
793 559 1038 617 auctoris
1067 575 1286 616 nomen
1318 556 1748 630 ignoraret,fal-
1772 561 1983 619 Actere
2037 555 2340 610 studuimus
2391 570 2509 626 qua;-
2554 551 2617 607 de
2658 549 3037 624 posterioribus
3088 548 3316 619 sparsim
3363 552 3461 600 aut

168 673 269 713 sum
291 655 522 728 ingenio
544 653 781 727 proprio
803 651 1180 723 indulgensin
1211 653 1429 705 textum
1442 647 1743 720 receperit.

168 749 258 802 Hoc
284 762 393 800 uno
438 747 787 815 argumento
817 745 1044 797 remota
1088 743 1237 795 esset
1278 739 1604 804 difﬁcultas,
1638 735 1743 791 nisi

165 835 253 890 alio
279 833 529 906 quodam
572 834 701 888 loco
726 831 924 904 augeri
951 833 1008 883 et
1051 829 1210 901 quasi
1237 828 1639 883 rccrudescere
1665 825 1743 879 vi-

161 925 382 978 deretur.

216 1010 530 1067 Certissima
551 1009 711 1065 enim
742 1010 802 1064 in
832 1009 976 1065 libro
995 1009 1118 1082 ipso
1150 1008 1390 1079 vestigia
1418 1004 1740 1077 deprehen-

165 1104 344 1158 duntur
367 1102 512 1156 duos
531 1104 662 1172 post
679 1101 1022 1172 Herigerum
1053 1099 1122 1153 de
1142 1098 1315 1169 gestis
1338 1097 1742 1170 episc0porum

166 1189 536 1246 Leodiensium
580 1189 762 1244 libros
805 1189 1043 1259 scriptos
1093 1203 1236 1254 esse,
1269 1202 1519 1258 quorum
1561 1199 1743 1236 unum

163 1280 415 1345 Anselmo,
449 1279 704 1334 alterum
751 1277 1073 1332 Alexandro
1104 1276 1357 1331 tribuere
1399 1274 1534 1328 viris
1564 1271 1746 1327 doctis

163 1367 340 1440 placuit
367 1368 540 1438 (M3).
591 1367 696 1420 llle
728 1365 850 1420 nim
893 1367 959 1418 A.
1000 1364 1320 1436 presbyter,
1355 1379 1531 1436 quem
1571 1376 1746 1430 supra

166 1455 448 1510 audivimus
490 1454 870 1510 conﬁtentem
910 1455 1149 1508 alteram
1209 1457 1439 1524 partem
1498 1449 1628 1504 libri
1678 1466 1745 1503 ex

166 1544 440 1600 Alexandri
472 1544 751 1616 opusculo
778 1559 836 1597 se
866 1542 1133 1609 hausisse,
1167 1542 1226 1595 in
1254 1541 1499 1613 epistola
1528 1539 1602 1593 ad
1627 1541 1742 1592 An-

164 1648 344 1687 nonem
383 1632 610 1687 disertis
655 1631 845 1687 verbis
870 1631 988 1684 haéc.
1005 1633 1245 1684 testatur
1263 1646 1278 1684 :
1294 1629 1514 1683 Horum
1534 1627 1747 1698 quidem

159 1739 258 1792 pars
291 1724 438 1792 prior
493 1721 563 1774 ab
626 1720 894 1790 Herigero
950 1719 1218 1774 Lobiensis
1280 1717 1505 1772 emnobii
1558 1715 1749 1770 abbate

166 1811 325 1882 absque
375 1811 632 1882 capitulis
706 1815 784 1866 est
841 1810 1160 1880 conscripta,
1224 1810 1315 1862 cui
1363 1823 1457 1860 nos
1511 1804 1748 1876 capitula

1847 646 2073 715 legimus
2100 651 2196 698 aut
2235 651 2377 698 certa
2419 646 2768 714 antiquorum
2811 639 3064 694 relatione
3091 636 3372 692 didicimus
3410 641 3460 688 et

1854 735 2116 789 breviario
2169 733 2398 806 quodam
2446 734 2660 786 nomina
2717 728 3046 798 singulorum
3103 741 3224 779 cum
3269 724 3459 794 paucis

1845 823 2205 896 quorumdam
2235 825 2468 893 ipsorum
2495 821 2664 876 Gestis
2690 836 2852 890 usque
2875 817 2944 870 ad
2973 816 3225 869 damnum
3265 811 3458 867 Wazo-

1843 929 1970 968 nem
1991 915 2422 982 perstrinximus.
2457 913 2651 982 Itaque
2687 926 2800 963 una
2820 906 3098 980 particula
3125 903 3224 956 illa
3256 898 3459 970 episto-

1844 1003 1916 1056 la:
1951 1002 2026 1056 ad
2056 1002 2214 1056 Idam
2255 1001 2601 1056 abbatissam
2649 1016 2718 1054 ea
2747 997 2923 1069 ipsius
2961 989 3269 1048 Alexandri
3308 988 3454 1042 libro

1846 1094 2182 1162 temporum
2214 1089 2500 1162 iniquitati
2523 1092 2720 1160 erepta
2749 1085 2926 1140 videri
2945 1081 3140 1155 possit,
3166 1078 3454 1149 reliquum

1848 1197 1996 1251 opus
2025 1180 2386 1250 compilator,
2420 1178 2766 1251 quicumque
2792 1177 2876 1230 est
2901 1173 3016 1238 ille,
3055 1175 3147 1236 A.,
3192 1168 3252 1222 in
3291 1179 3454 1220 usum

1847 1286 2018 1324 suum
2043 1269 2231 1324 vertit.
2262 1271 2518 1324 Alteram
2545 1267 2702 1321 enim
2723 1263 2852 1320 libri
2884 1263 3130 1335 partem.
3158 1273 3272 1330 qua
3299 1253 3453 1326 prio-

1846 1375 1979 1413 rum
2019 1362 2085 1413 27
2131 1359 2532 1430 episcoporum
2563 1356 2730 1410 Gesta
2759 1350 3074 1407 secundum
3115 1345 3454 1415 Herigerum

1847 1447 2054 1502 litteris
2073 1429 2398 1501 Alexander
2418 1461 2647 1518 quoque
2677 1441 3070 1504 mandaverat,
3101 1451 3160 1490 se
3186 1429 3455 1488 recidisse

1847 1537 2192 1609 compilator
2222 1537 2308 1590 his
2346 1534 2532 1589 verbis
2574 1535 2812 1588 testatus
2858 1531 2986 1584 est:
3046 1524 3177 1591 Quae
3223 1535 3344 1575 cum
3382 1518 3455 1569 ita

1846 1628 1976 1692 sint,
2024 1641 2115 1679 nos
2172 1641 2377 1696 quoque
2429 1639 2535 1677 non
2585 1620 3006 1675 inconvenienter
3047 1611 3286 1684 ejusdem
3325 1619 3452 1675 Opu-

1849 1715 1981 1770 sculi
2010 1716 2176 1785 capite
2207 1714 2430 1780 sublato,
2481 1718 2540 1764 ut
2585 1711 2839 1780 inoﬂ'enso
2861 1705 2997 1778 pede
3038 1714 3248 1756 servare
3285 1693 3459 1766 possi-

1849 1821 1964 1860 ntus
2006 1803 2246 1858 ordinem
2295 1802 2577 1857 Gestorum
2614 1795 3033 1868 pontiﬁcalium,
3089 1810 3122 1844 α
3174 1794 3462 1843 successore

157 1877 500 1968 war-notantes,
531 1905 775 1954 nostram
804 1915 921 1952 eum
949 1877 1194 1968 capitulis
1219 1899 1334 1951 suis
1358 1894 1747 1949 elucubratiuno
1775 1878 1828 1937 Β
1848 1894 2019 1947 sancti
2067 1891 2326 1957 Remacli,
2382 1890 2525 1943 beato
2573 1885 2809 1940 videlicet
2867 1877 3207 1940 Theodardo,
3265 1886 3462 1968 not-Idm

163 1988 307 2044 tutam
334 1995 578 2060 coeptare
615 1987 932 2043 studuimus.
971 1986 1048 2041 Et
1076 2003 1198 2041 cum
1230 1985 1325 2039 illa
1367 1985 1609 2055 superior
1639 1981 1745 2036 Ge-

162 2084 224 2128 sta
251 2077 541 2131 earumdem
563 2077 885 2148 pontiﬁcum
913 2094 945 2130 a
962 2075 1143 2147 primo
1154 2091 1321 2145 usque
1349 2073 1420 2126 ad
1438 2073 1747 2128 vicesimum

162 2168 405 2235 septimum
454 2166 658 2221 scilicet
706 2183 739 2219 a
771 2169 949 2220 saneto
1001 2163 1254 2218 Materno
1307 2179 1472 2234 usque
1520 2161 1590 2216 ad
1617 2179 1746 2216 san-

166 2260 281 2307 ctum
334 2253 668 2323 Remaclum,
728 2254 1017 2324 digesserit,
1083 2269 1176 2306 nos
1234 2267 1440 2324 quoque
1505 2256 1745 2306 nostrum

162 2358 284 2411 opus,
342 2345 477 2416 quod
521 2350 746 2416 precatu
794 2343 998 2398 domnae
1026 2342 1138 2398 Ida'
1181 2343 1464 2398 abbatissae
1501 2342 1742 2396 conscri-

155 2447 418 2499 pseramus,
469 2433 850 2504 decapitantes,
899 2449 964 2486 ne
1009 2431 1188 2486 eadem
1238 2429 1539 2502 replicando
1582 2430 1742 2500 fasti-

164 2517 287 2573 dium
315 2521 504 2592 legenti
526 2524 852 2592 faceremus,
875 2539 906 2575 a
931 2522 1078 2576 beato
1109 2520 1424 2575 Theodardo
1451 2522 1742 2591 incepimus

160 2615 200 2660 et
222 2609 441 2665 ordinem
466 2613 836 2682 episcoporum
861 2628 1018 2682 usque
1035 2610 1105 2664 ad
1127 2610 1388 2665 domuum
1428 2609 1738 2675 \Vazonem,

159 2712 285 2766 Quem
329 2701 829 2772 quinquagesimum
871 2699 1157 2753 secundum
1211 2715 1315 2751 esse
1356 2703 1578 2764 constat,
1611 2715 1740 2768 pro-

158 2789 296 2840 secuti
335 2805 537 2855 sumus,
569 2788 711 2842 nihil
749 2795 1002 2860 ponentes
1043 2789 1150 2842 nisi
1186 2786 1330 2858 quod
1380 2793 1475 2840 aut
1525 2786 1744 2855 legimus

163 2880 240 2925 aut
289 2883 427 2930 certa
467 2877 708 2946 ﬁdelium
748 2892 1097 2948 personarum
1141 2875 1391 2930 relatione
1437 2875 1739 2943 didicimus,

162 2971 240 3016 aut
263 2971 399 3018 certe
420 2967 521 3036 ipsi
535 2974 823 3037 praesentes
852 2966 1085 3020 vidimus
1111 2973 1160 3018 et
1191 2965 1514 3021 audivimus.
1543 2965 1740 3036 Itaque

157 3047 254 3119 ipse
293 3069 523 3125 quoque
554 3055 620 3108 A.
654 3054 952 3126 presbyter
991 3053 1415 3126 antiquissimas
1460 3053 1737 3108 Leodien-

1851 1980 2219 2052 ingrediamur
2255 1978 2544 2033 exordium.
2581 1977 2658 2030 Ex
2687 1973 2892 2046 quibus
2917 1972 3030 2025 hoc
3055 1969 3286 2024 elucere
3306 1959 3461 2014 vide-

1849 2075 1963 2136 tur,
1996 2067 2435 2140 compilatorem
2454 2067 2733 2120 intactum
2762 2059 2930 2115 nobis
2958 2051 3464 2112 servasseAlexan-

1850 2157 1938 2213 dri
1966 2157 2200 2224 librum,
2233 2172 2348 2211 uno
2379 2153 2614 2210 exordio
2645 2151 2718 2207 ad
2745 2151 2802 2204 S.
2835 2144 3254 2203 Theodardum
3285 2152 3464 2208 usque

1849 2247 2097 2310 sublato,
2140 2245 2294 2317 quod
2334 2244 2393 2299 ni
2431 2244 2599 2298 fallor
2636 2238 2994 2295 confirmant
3034 2246 3269 2306 quoque
3294 2225 3469 2281 verba

1847 2355 2020 2410 supra
2070 2339 2342 2392 laudata:
2371 2351 2488 2406 quae
2526 2335 2816 2403 sequuntur
2865 2343 2933 2381 ea:
2961 2325 3187 2380 alterius
3231 2317 3469 2410 opusculi

1848 2405 2017 2482 libello
2039 2459 2112 2468 -—
2140 2429 2265 2483 huic
2293 2405 2441 2496 aperi
2464 2428 2588 2478 sunt
2617 2433 2853 2475 annexa.
2873 2416 2992 2471 Sed
3022 2414 3083 2468 in
3114 2405 3468 2467 memoriam

1846 2532 2182 2572 revocemus
2209 2514 2347 2588 quid
2377 2513 2448 2568 de
2480 2511 2592 2566 suis
2620 2505 2988 2579 temporibus
3017 2503 3208 2574 deque
3235 2513 3337 2552 sua
3367 2512 3467 2550 au-

1846 2606 2112 2660 ctoritate
2142 2606 2202 2660 in
2226 2585 2476 2675 epistola
2497 2599 2569 2654 ad
2585 2601 2897 2653 Annonem
2917 2593 3086 2648 A.ille
3109 2589 3351 2646 testatus
3376 2585 3468 2675 sit,

1848 2692 1986 2758 Quae
2009 2673 2686 2766 praesens—audiuitque:
2704 2699 2964 2757 praesens
2990 2678 3203 2736 viderit
3225 2673 3468 2748 posteris

1848 2783 1919 2838 de
1949 2764 2196 2839 wazone
2245 2778 2503 2836 tradidit.
2549 2778 2698 2831 Num
2736 2772 3099 2827 credendum
3136 2767 3324 2823 virum
3369 2764 3467 2836 qui

1844 2872 2017 2927 rebus
2065 2871 2200 2944 ipsis
2249 2866 2519 2942 gerendis
2561 2865 2648 2919 vel
2698 2860 2859 2917 testis
2909 2861 3171 2915 oculatus
3215 2855 3302 2909 vel
3355 2853 3465 2944 mi-

1846 2960 2025 3015 nister
2081 2941 2140 3015 et
2192 2941 2426 3030 adjutor
2485 2949 2813 3009 interfuerit
2865 2949 3104 3004 easdem
3174 2960 3267 2999 res
3333 2941 3466 2996 scri-

1843 3047 2080 3105 bentem
2136 3050 2207 3105 de
2270 3063 2371 3102 suo
2426 3045 2595 3117 plane
2663 3039 2803 3096 nihil
2860 3038 3108 3103 dedisse,
3163 3033 3264 3088 sed
3321 3031 3464 3086 alius

155 3136 276 3194 sium
320 3157 421 3195 res
472 3141 829 3215 conscripsit,
884 3141 983 3196 sed
1050 3141 1112 3196 in
1163 3141 1418 3212 Herigeri
1473 3141 1734 3197 favorem
1770 3138 2141 3215 Ccujusdam
2172 3138 2385 3193 librum
2428 3133 2502 3189 ad
2549 3131 2789 3188 verbum
2838 3123 3198 3196 exscripsisse
3238 3118 3267 3176 ?
3311 3121 3462 3174 Num

154 3225 379 3293 primam
408 3228 499 3283 sui
527 3230 660 3285 libri
693 3212 917 3302 partem
949 3230 1278 3302 suppressit.
1314 3230 1472 3284 Hisce
1513 3229 1737 3285 duobus
1783 3212 1818 3215 —
1838 3227 2195 3283 credendum
2225 3242 2358 3282 eum
2378 3222 2532 3278 aliud
2556 3219 2902 3293 pollicitum,
2927 3212 3464 3302 aliudireveraprp-

151 3313 502 3387 scriptoribus
526 3319 584 3373 in
614 3318 954 3390 praefatione
983 3319 1285 3373 Gestorum
1314 3319 1461 3374 libro
1481 3321 1733 3376 secundo

150 3404 378 3475 praeﬁxa,
407 3407 615 3462 tertius
635 3407 872 3479 quidam
903 3407 1142 3474 accedit,
1165 3407 1212 3461 si
1237 3407 1493 3463 codicem
1514 3408 1737 3480 Hagen-

148 3504 250 3545 sem
295 3498 351 3548 et
392 3495 742 3551 Martenium
782 3495 1057 3569 sequeris,
1102 3496 1445 3552 Alexander.
1493 3497 1569 3551 Ex
1623 3516 1738 3571 qua

145 3581 473 3647 praefatione
503 3585 628 3640 loco
667 3601 838 3656 supra
874 3585 1107 3640 laudato
1137 3585 1260 3639 huic
1297 3586 1472 3641 verba
1522 3586 1735 3642 addere

138 3666 278 3736 juvat
308 3689 322 3724 :
353 3672 435 3726 Et
451 3675 688 3744 priorem
713 3674 923 3746 quidem
952 3673 1188 3744 ejusdem
1217 3675 1462 3746 opusculi
1503 3678 1591 3730 sui
1605 3695 1736 3747 par-

143 3762 227 3811 tem
268 3779 332 3815 ea:
343 3763 713 3833 praesentibus
741 3767 806 3817 27
837 3765 1193 3834 episcoporum
1224 3763 1394 3819 Gestis
1430 3764 1494 3835 (i.
1537 3781 1590 3824 e.
1624 3767 1730 3821 He-

140 3842 309 3915 rigeri,
355 3867 497 3923 quae
540 3850 754 3905 ibidem
797 3852 1054 3923 superius
1104 3853 1374 3908 volumen
1429 3853 1730 3910 Gestorum

139 3936 518 4010 appellantur)
549 3956 600 3993 se
627 3939 926 4011 compilasse
964 3956 1071 3994 non
1100 3947 1175 3995 est
1202 3943 1457 4011 con/"usus
1494 3944 1735 4012 conﬁteri

138 4018 258 4088 (scil.
291 4030 510 4082 auctor
553 4027 782 4082 alterius
813 4028 1090 4100 opusculi,
1131 4028 1170 4086 i.
1204 4046 1252 4082 c.
1284 4031 1624 4101 Alexander)
1656 4034 1732 4086 ita

123 4106 347 4169 dicendo.
411 4117 554 4169 Jam
612 4115 864 4188 sequitur
917 4116 1268 4189 prmfationis
1325 4118 1399 4172 ad
1464 4121 1734 4175 eamdem

138 4195 276 4255 Idam
326 4203 698 4259 abbatissam
746 4205 1024 4275 particula
1065 4205 1152 4260 his
1179 4206 1365 4262 verbis
1406 4209 1603 4279 (I44):
1643 4208 1736 4264 Ex

127 4291 432 4359 ponti/lcum
486 4291 885 4361 Tungrensium
929 4293 1118 4363 Gestis,
1149 4313 1266 4368 quae
1317 4314 1350 4350 a
1399 4303 1579 4352 sancto
1608 4297 1737 4353 Ma-

136 4380 266 4432 terno
311 4399 489 4454 usque
541 4381 616 4435 ad
657 4389 898 4438 sanctum
940 4382 1252 4438 Remaclum
1295 4393 1420 4441 sunt
1462 4395 1712 4458 porrecta

1838 3314 2147 3384 ferentem,
2193 3315 2439 3386 turpiter
2496 3309 2808 3366 mentitum
2865 3302 3036 3359 esse?
3083 3301 3154 3354 Et
3200 3296 3340 3386 quid
3386 3295 3457 3350 de

1840 3410 2020 3464 altero
2061 3407 2161 3461 illo
2193 3384 2428 3460 auctore
2474 3403 2794 3455 statuamus
2825 3393 2979 3465 (145)
3009 3390 3038 3444 Τ
3088 3389 3215 3443 Non
3265 3384 3458 3439 minus

1840 3501 2040 3569 aperte
2066 3492 2393 3550 Alexander
2428 3489 2484 3544 in
2517 3487 2858 3560 praefatione
2901 3481 2975 3536 ad
3009 3478 3171 3534 Idam
3203 3475 3382 3569 docet.
3398 3486 3462 3526 se

1836 3585 2098 3642 Wazonis
2127 3579 2382 3657 episcopi
2406 3579 2618 3635 faciem
2651 3574 2854 3631 vidisse
2885 3571 3121 3643 ejusque
3146 3563 3459 3657 consuetu-

1839 3676 1974 3732 dine
2015 3689 2180 3728 usum
2214 3687 2359 3737 esse,
2401 3666 2647 3742 posteris
2680 3681 2738 3720 se
2780 3663 2922 3718 velle
2972 3654 3294 3726 imaginem
3335 3649 3460 3719 ejus

1839 3763 2068 3819 tradere
2129 3778 2198 3816 ex
2250 3759 2346 3813 illo
2394 3740 2660 3811 manasse
2716 3753 2878 3807 fonte
2917 3762 3044 3820 quin
3093 3743 3164 3797 de
3209 3740 3464 3820 Wazone

1835 3815 2149 3924 scripserit,
2196 3847 2331 3902 satis
2369 3847 2568 3917 aperte
2620 3840 2854 3895 indicat.
2915 3815 3113 3924 Itaque
3165 3829 3278 3924 duo
3319 3815 3456 3922 sunt

1835 3911 2098 3998 auctores
2115 3936 2214 4008 qui
2245 3933 2454 3990 eodem
2485 3936 2750 4001 tempore
2770 3926 3023 3980 viventes
3053 3911 3459 4008 Leodiensium

1836 4029 2240 4104 episcoporum
2273 4039 2365 4078 res
2415 4020 2488 4075 ad
2517 4020 2824 4073 Wazonem
2857 4027 3036 4084 usque
3067 4001 3454 4104 deduxerunt-

1836 4089 2088 4188 Uterque
2120 4115 2180 4168 in
2210 4111 2404 4184 priore
2435 4112 2598 4181 parte
2627 4122 2754 4177 qua:
2786 4099 3109 4188 legeritaut
3134 4094 3291 4150 certa
3310 4089 3461 4188 anti-

1838 4176 2088 4282 quorum
2117 4198 2440 4257 relationed
2465 4193 2777 4262 idicerit,in
2801 4186 3117 4264 posteriore
3148 4197 3277 4256 quin
3302 4176 3458 4282 vide-

1838 4266 1915 4352 in
1944 4294 2064 4364 ipse
2116 4288 2361 4361 scripsit,
2403 4289 2644 4357 uterque
2676 4281 2915 4354 Heriger
2943 4278 3090 4334 libro
3122 4286 3290 4328 suum
3319 4266 3454 4364 sub-

1834 4355 2011 4457 junit,
2067 4355 2309 4450 uterque
2349 4355 2742 4431 nihilominus
2783 4374 3050 4457 tempora
3076 4375 3330 4457 quoque
3363 4355 3456 4457 ab

129 4464 318 4533 placuit
346 4431 521 4542 quasi
558 4486 624 4525 es:
660 4471 909 4541 [lorigera
933 4475 1086 4543 prati
1114 4476 1400 4529 amenitate
1437 4431 1739 4548 decerptum
1759 4434 1814 4495 D
1834 4431 2115 4542 JHeriéero
2135 4431 3456 4548 scriptaiterumlittterismandavit,sedpostea

133 4551 184 4606 de
203 4555 420 4613 diversis
461 4558 696 4628 ﬂoribus
741 4566 906 4614 texere
936 4560 1272 4618 sertum.Cui
1298 4563 1541 4635 deinceps
1571 4583 1738 4621 anne-

194 4697 334 4767 (143)
374 4702 651 4756 Martene
694 4704 751 4756 et
787 4702 1018 4758 Durand
1043 4704 1130 4772 IV,
1165 4706 1287 4760 838.
1329 4705 1577 4762 Histoire
1623 4707 1735 4765 litt.

133 4763 325 4844 Franc.’
345 4773 466 4838 VII,
499 4775 614 4827 472
634 4788 756 4844 sqq.

189 4843 329 4914 (144)
354 4844 517 4925 Ida)“
537 4843 754 4924 nomen
783 4845 840 4900 in
872 4846 1368 4925 hocprmfationis
1393 4848 1733 4925 fragmento

133 4924 232 4965 non
262 4917 552 4991 occurrit,
600 4917 739 4991 quin
761 4933 903 4991 vero
952 4917 1048 4973 illa
1095 4917 1404 4991 sitC/zristi
1431 4917 1619 4991 spbnsa
1662 4922 1736 4977 ad

134 4994 286 5066 quam
318 4987 667 5066 scripta‘est
682 4986 939 5066 epistola,
971 4986 1464 5066 neminidubinnf
1481 4994 1613 5056 erit,
1646 4993 1732 5066 di-

135 5056 397 5178 :gttisque
439 5056 650 5110 'verbis
679 5056 738 5110 iri
779 5061 1042 5130 prooemii
1086 5064 1248 5132 parte
1287 5062 1480 5134 priore
1522 5064 1735 5118 conﬁr-

244 5143 328 5178 ur.

188 5141 328 5180 alur.

193 5198 340 5270 (145)
369 5198 700 5268 Quomodo
723 5201 1038 5256 enodarent
1074 5203 1176 5257 has
1206 5203 1375 5258 tricas
1405 5203 1559 5258 haud
1586 5204 1734 5258 felici

139 5272 328 5323 conatu
359 5274 683 5348 tentarunt
705 5271 952 5348 Hartene
964 5277 1036 5348 et
1060 5274 1308 5348 Durand
1325 5274 1598 5348 editores,
1633 5291 1734 5348 nef

139 5351 391 5417 quesane
420 5341 782 5417 explicanda
803 5342 898 5397 illa
923 5343 1240 5417 difficultas,
1268 5345 1312 5399 si
1340 5362 1455 5400 uno
1487 5341 1735 5416 Hagensi

139 5408 948 5487 codiceinnitanturPrimum
972 5416 1116 5469 hanc
1131 5408 1495 5487 protulerunt
1515 5408 1736 5487 opinio-

144 5433 948 5467 LUUICBIDDILHDLUP-l’l‘lmum
972 5433 1116 5469 nunc
1170 5433 1495 5471 ΓΟιΗΙΘῙῚΙΠῙ.
1515 5433 1735 5487 οριηιο-

144 5494 284 5550 nem,
326 5481 733 5537 Alexandrum
775 5483 1035 5540 defuncto
1085 5433 1327 5543 “yazone
1359 5504 1393 5542 a
1461 5490 1618 5550 1048,
1649 5505 1735 5542 ca-

143 5547 478 5630 liimostatim
505 5554 1058 5630 manumadmovisse,
1088 5565 1150 5613 ut
1171 5558 1536 5613 Leodiensium
1555 5547 1735 5630 ponti-

145 5620 318 5701 ﬁcum-
337 5631 490 5701 gesta
523 5625 898 5701 conscriberet,
938 5644 1092 5701 eoque
1118 5631 1296 5700 paulo
1301 5636 1423 5701 post
1459 5620 1593 5685 vivis
1620 5645 1735 5686 ere-

138 5701 235 5764 pro,
281 5694 617 5752 Anselmum
657 5694 948 5752 Alexandri
975 5694 1468 5771 opus'contrdctum
1505 5702 1733 5759 Annoni

1839 4563 1962 4619 haec
1980 4539 2120 4614 libri
2146 4573 2280 4629 pars
2294 4570 2597 4628 suppressa
2608 4554 2958 4622 est;uterque
2973 4543 3222 4616 denique
3236 4539 3456 4594 librum

1843 4703 2144 4762 Coloniensi
2171 4699 2541 4771 archiprasuli
2571 4695 2814 4771 obtulisse
2827 4712 2900 4771 _a._
2927 4693 3082 4771 1056.
3113 4687 3290 4769 Paulo
3322 4685 3455 4771 post.

1839 4756 2174 4833 hanic'viam
2215 4756 2362 4826 inife
2416 4787 2580 4843 posse
2620 4768 2727 4843 sibi
2756 4767 3120 4843 videbantur,
3163 4759 3232 4843 in.
3253 4756 3452 4811 codice

1839 4832 2237 4919 Hagensietin
2267 4832 2954 4919 recensioneghapeavilli
2977 4832 3308 4919 propositos
3329 4843 3451 4919 egse

1839 4898 2169 4976 é'i'Xhiéimi
2200 4913 2577 4969 etAIexandri
2607 4898 2784 4965 librds
2803 4925 2934 4981 cum
2961 4898 3219 4981 Ansélmi
3240 4898 3452 4981 prestat

1838 4971 2022 5056 tio—ne,
2050 4991 2178 5041 uter
2201 4989 2390 5040 textus
2424 5000 2557 5056 vero
2583 4980 2841 5036 Anselmi
2858 4980 2961 5056 rsit,
2983 4981 3113 5033 uter
3141 4971 3452 5056 Alexandri

1836 5043 1959 5117 non
1979 5043 2121 5113 satis
2141 5056 2270 5131 sciri
2298 5055 2798 5131 posseLHaecﬂnon
2820 5043 2975 5131 stare
3000 5063 3166 5131 posse
3191 5043 3451 5131 videntes

1837 5137 2098 5188 auctores
2128 5120 2420 5202 Hists-litt.
2465 5125 2848 5202 Fr.._Vll,_4g7_5
2895 5120 3447 5202 conje‘ceru.nt,.curln

1834 5199 2141 5259 Alexandri
2171 5198 2376 5253 libellis
2406 5188 2701 5269 prioribus
2723 5195 2883 5249 istius
2907 5188 3017 5248 loci
3043 5188 3443 5259 displicuisset,

1837 5290 2036 5331 eorum
2056 5273 2216 5353 jussu
2230 5268 2571 5353 Anselmum
2595 5268 2751 5353 idem
2779 5283 2920 5353 opus
2937 5273 3280 5353 aggressqu
3299 5271 3440 5353 esse.

1834 5327 2092 5403 biitrtenii
2123 5341 2471 5396 sententiam
2503 5341 2800 5411 amplexus
2821 5327 2926 5392 ἐει
2957 5327 3161 5411 (ἷῷιὶοι-
3188 5329 3228 5381 I.
3262 5327 3303 5379 Ι.
3345 5327 3444 5379 Vix

1835 5423 1915 5472 est
1946 5414 2100 5484 quod
2132 5429 2405 5484 moneam
2439 5405 2787 5484 Chapeavilli
2817 5405 3234 5484 recensionem,
3267 5413 3443 5484 quam

1835 5435 1915 5472 e31
1989 5435 2100 5470 [10(1
2132 5435 2405 5467 11101188."!
2439 5435 2787 5483 uuapeavuu
2819 5435 3234 5464 l‘cucumuuwu,
3267 5435 3442 5469 qua...

1835 5435 1983 5543 nihil
2029 5502 2150 5539 esse
2194 5483 2300 5538 nisi
2342 5484 2640 5554 epitomen
2686 5475 3018 5554 marteniani
3062 5473 3249 5554 textus
3288 5472 3442 5522 recte

1834 5542 2248 5632 perspexerant
2285 5542 2547 5610 auétores
2579 5553 2712 5607 Hist.
2747 5551 2856 5632 litt.
2890 5548 3005 5618 Fr.,
3045 5543 3116 5600 ab
3147 5542 3255 5596 hac
3284 5555 3440 5615 qua:-

1834 5622 2019 5687 stiorie
2052 5627 2278 5703 penitus
2309 5643 2429 5683 esse
2455 5622 2891 5682 removendam.
