3910 6174
168 400 263 458 997

1647 391 1976 453 MONITUM.

3362 396 3467 458 998

215 523 260 581 D
284 526 340 581 2.
376 517 565 580 Codex
596 516 1095 591 membranaceus,
1122 534 1296 597 quem
1309 517 1431 577 viro
1462 516 1643 578 nobili
1662 518 1756 577 de-
1778 518 1835 582 Δ
1856 513 2156 573 Leodiensis
2184 512 2257 571 ad
2285 510 2347 572 S.
2386 510 2752 589 Landpertum
2778 512 3086 589 presbyteri
3110 512 3239 577 Vita
3265 514 3330 576 S.
3357 516 3465 577 Re-

150 614 263 671 buit
284 613 588 669 Theodoro
622 611 692 667 de
739 612 1085 675 Groesbeek,
1138 614 1359 666 textum
1397 610 1656 683 Herigeri
1696 613 1754 665 et

145 703 400 759 Anselmi
433 702 851 761 mutilatumet
875 702 945 757 ab
965 700 1191 773 {Egidio
1214 702 1626 773 interpolatum
1655 717 1751 755 ex-

143 792 302 848 hibet
338 808 455 847 una
478 808 607 846 cum
655 791 893 848 Joannis
922 790 1204 847 Hocsemii
1226 789 1487 845 canonici
1513 793 1571 844 et
1595 789 1754 844 scho-

140 880 318 935 lastici
370 879 698 936 Leodiensis
746 879 1203 947 continuatione,
1248 879 1345 951 qui
1410 895 1563 933 anno
1617 879 1753 933 1334

142 969 382 1024 ineunte
412 968 697 1024 scribendi
728 967 959 1022 initium
980 968 1137 1035 fecit,
1165 966 1296 1022 etin
1319 966 1617 1022 Leodiensi
1638 966 1754 1039 epi-

142 1074 318 1131 scopo
355 1058 699 1129 Engelberto
728 1057 797 1112 de
825 1057 1054 1112 Marcka
1082 1074 1135 1112 a.
1159 1057 1297 1112 1348
1326 1056 1613 1112 calamum
1652 1056 1752 1110 de-

139 1163 174 1219 p
185 1164 217 1202 ο
230 1146 343 1202 suit
371 1150 533 1217 (220).

202 1255 249 1309 D
279 1255 332 1308 3.
390 1254 603 1308 Ultimo
644 1253 893 1324 denique
932 1255 1058 1308 loco
1101 1252 1405 1324 ponendus
1451 1255 1535 1306 est
1572 1250 1751 1305 codex

133 1343 510 1414 Tungrensis,
529 1359 704 1415 quem
722 1360 756 1398 a
773 1343 1076 1397 Guillelmo
1096 1340 1503 1396 Herkenroede
1522 1340 1752 1395 canoni‘

138 1448 342 1487 eorum
366 1432 790 1504 Tungrensium
819 1432 1014 1505 priore
1039 1431 1278 1503 accepit,
1312 1429 1369 1484 in
1398 1446 1511 1502 quo
1542 1429 1752 1501 IEgidii

139 1523 194 1575 et
223 1521 510 1577 Hocsemii
541 1521 1065 1577 continuationibus
1087 1536 1250 1574 suam
1276 1520 1349 1574 ad
1374 1535 1593 1574 annum
1617 1521 1750 1574 1389

138 1626 317 1681 usque
337 1609 550 1681 adjecit
573 1610 847 1666 Hadulqu
873 1609 943 1664 de
967 1607 1103 1664 Bivo
1131 1607 1463 1680 Tungressis
1490 1606 1748 1662 Ecclesiae

138 1696 387 1753 decanus
416 1699 583 1770 (221).
610 1698 713 1756 Cui
743 1697 876 1753 addi
906 1714 1072 1769 posse
1098 1696 1339 1752 videtur.

209 1808 271 1861 D.
298 1810 358 1864 4.
394 1807 510 1863 Cod
532 1805 1124 1894 Hamburgensishist.
1144 1804 1455 1894 Germ.fol.
1481 1798 1577 1859 31b
1614 1821 1744 1894 stac.
1772 1833 1823 1894 B

154 1913 244 1964 xix,
265 1913 361 1963 xv,
379 1895 637 1967 xv1(222)
659 1894 939 1950 Johannis
961 1894 1031 1949 de
1051 1893 1346 1957 Stabulao,
1363 1893 1463 1965 qui
1474 1892 1748 1949 eumdem

152 1984 509 2057 zEgidianum
537 1982 811 2056 Herigeri
840 1986 900 2038 et
921 1982 1183 2039 Anselmi
1213 1984 1434 2039 textum
1466 1982 1745 2054 recepisse

150 2074 527 2144 conjiciendus
555 2075 659 2129 est.

205 2181 297 2235 Bis
326 2181 624 2237 codicibus
650 2182 764 2237 alia
789 2182 1055 2255 quaedam
1079 2181 1359 2236 accedunt
1386 2178 1595 2234 auxilia
1615 2194 1744 2250 qua:

146 2272 551 2327 nonnullorum
596 2272 1000 2345 episcoporum
1040 2270 1179 2324 Vitis
1215 2269 1371 2324 haud
1408 2285 1616 2341 paucas
1658 2267 1744 2321 af-

144 2358 333 2415 ferunt
367 2360 825 2416 emendationes.
872 2361 1028 2415 lnter
1072 2375 1199 2432 quas
1252 2358 1507 2429 primum
1554 2358 1743 2413 locum

144 2451 317 2504 tenet.

213 2562 235 2613 1
262 2558 383 2623 cod,
413 2558 744 2614 Leodiensis
771 2560 896 2626 260,
944 2573 1119 2631 quem
1164 2556 1407 2612 contulit
1434 2556 1746 2611 Bethman-

151 2665 248 2703 nus
292 2648 378 2702 vir
402 2649 473 2703 cl.
512 2650 574 2703 In
603 2648 713 2703 hoc
741 2647 935 2703 codice
985 2649 1041 2702 8.
1097 2646 1335 2702 Servatii
1366 2647 1577 2718 legitur
1600 2646 1745 2714 Vita,

150 2754 285 2810 quae,
317 2737 587 2794 extremis
635 2737 800 2792 lineis
831 2737 1098 2808 exceptis,
1145 2736 1286 2791 nihil
1332 2739 1417 2791 est
1447 2736 1552 2790 nisi
1588 2735 1747 2790 Heri-

144 2825 262 2896 geri
307 2828 492 2880 textus
549 2842 599 2880 c.
659 2827 848 2881 22-28.
899 2825 1074 2880 Valde
1116 2824 1431 2879 dolendum
1471 2827 1557 2879 est
1597 2824 1751 2879 hunc

143 2914 392 2987 Herigeri
420 2914 680 2971 codicem
707 2913 963 2986 periisse,
998 2931 1065 2969 ex
1091 2930 1204 2986 quo
1237 2913 1360 2968 haec
1403 2912 1461 2969 S.
1511 2911 1750 2967 Servatii

143 3003 265 3058 Vita
292 3004 567 3061 manavit.
602 3003 791 3060 Codex
822 3020 1009 3076 neque
1036 3003 1332 3057 mutilatus
1363 3018 1549 3073 neque
1577 3001 1751 3056 inter-

1855 605 2017 660 maclz'
2038 604 2216 677 (226).

1926 696 1977 752 3.
2012 694 2283 765 Ejusdem
2308 693 2430 749 fere
2456 695 2678 748 natura:
2709 696 2815 762 est,
2849 693 2908 749 ni
2929 695 3119 764 fallor,
3158 696 3285 753 Vita
3312 699 3467 755 Wol-

1853 782 2101 838 bodonis
2138 800 2266 854 qua:
2300 782 2361 837 in
2392 781 2543 837 Actis
2572 780 2671 837 SS.
2704 783 2861 838 edita
2888 786 2993 839 est.
3034 784 3180 841 Sunt
3206 787 3464 844 Anselmi

1854 871 2047 945 capita
2078 870 2265 927 30-36.
2302 872 2372 927 de
2402 863 2759 928 Wo'lbodone
2791 873 3059 946 episcopo
3099 893 3167 931 ex
3210 877 3463 949 genuino

1852 964 2011 1016 textu
2043 961 2367 1032 desumpta,
2405 961 2522 1033 qui,
2557 961 2661 1016 etsi
2704 962 2996 1019 codicibus
3042 968 3090 1020 Α
3138 971 3187 1022 1.
3232 971 3287 1024 2.
3327 985 3463 1041 pro-

1851 1050 2122 1122 pinquus,
2173 1050 2511 1106 melioribus
2558 1054 2756 1107 tamen
2811 1054 3154 1114 lectionibus
3201 1074 3321 1114 non
3366 1074 3460 1115 ca-

1858 1143 1945 1195 ret
1966 1139 2142 1212 (227).

1921 1230 1973 1282 4.
2007 1229 2159 1284 Alius
2188 1233 2340 1285 notae
2384 1234 2470 1284 est
2506 1232 2684 1286 codex
2728 1232 2888 1303 cujus
2929 1232 3265 1307 fragmenta
3303 1237 3466 1293 dedit

1852 1317 2150 1373 Henschen
2184 1318 2241 1372 in
2270 1319 2423 1373 Actis
2463 1319 2561 1375 SS.
2588 1320 2660 1375 ad
2690 1321 2873 1376 Vitam
2914 1323 2972 1378 S.
3009 1322 3267 1393 Servatii,
3301 1326 3462 1381 Heri-

1852 1406 1975 1477 geri
2019 1423 2186 1478 capp.
2235 1410 2304 1462 20
2351 1413 2441 1476 25,
2492 1410 2809 1464 secundum
2861 1412 3234 1468 collationem
3285 1432 3463 1486 quam

1854 1494 2183 1550 instituerat
2233 1496 2564 1569 Rosweyde,
2616 1499 2839 1571 collega
2882 1500 3031 1555 illius
3090 1503 3266 1574 (228).
3325 1502 3463 1567 Quae

1851 1584 2187 1656 fragmenta
2219 1585 2263 1640 si
2294 1585 2615 1642 accuratius
2644 1588 3077 1657 examinaveris,
3107 1590 3247 1663 quin
3281 1608 3461 1663 gene-

1849 1672 1927 1727 ris
1954 1672 2013 1728 C.
2059 1674 2132 1728 sit
2175 1674 2353 1729 codex
2390 1675 2477 1730 vix
2514 1675 2834 1745 dubitabis;
2867 1695 3005 1733 nam
3047 1696 3164 1736 uno
3210 1681 3465 1736 alterove

1848 1762 1976 1818 loco
2008 1765 2245 1834 excepto
2279 1780 2411 1818 cum
2439 1766 2598 1818 textu
2631 1765 2999 1838 Chapeavillii
3020 1777 3321 1825 consonat.
3351 1772 3462 1826 lta-

1848 1867 1958 1923 que
1986 1850 2261 1905 auxilium
2294 1852 2466 1924 plane
2498 1853 2720 1907 nullum
2753 1854 2887 1909 hine
2913 1856 3230 1926 petendum
3255 1861 3359 1913 est.

1915 1939 2094 1994 Tertii
2126 1939 2377 2012 denique
2409 1940 2639 2012 generis
2660 1946 2793 1997 sunt
2807 1943 3074 2017 prmsidia
3102 1962 3232 2017 quae
3260 1947 3334 2002 ad
3352 1948 3463 2003 He-

1846 2027 2021 2100 rigeri
2055 2030 2170 2082 text
2184 2044 2285 2082 um
2315 2028 2643 2083 sanandum
2676 2046 2743 2085 ex
2773 2031 3031 2087 fontibus
3078 2033 3201 2104 ejus
3227 2036 3314 2089 vel
3340 2035 3464 2090 des-

1845 2116 2191 2188 criptoribus
2244 2117 2570 2189 petivimus,
2625 2118 2831 2190 quibus
2878 2136 3041 2192 aeque
3079 2122 3464 2196 corruptionis

1845 2203 2104 2260 remedia
2133 2205 2438 2262 debentur.
2466 2206 2544 2260 Ex
2573 2206 2783 2278 quibus
2804 2208 3091 2281 praecipue
3123 2226 3137 2264 :

1917 2292 1999 2363 (1)
2018 2294 2207 2349 Vitam
2238 2297 2576 2349 sanctorum
2601 2295 2885 2364 Eucharii,
2914 2296 3123 2352 Valerii
3142 2301 3199 2353 et
3221 2299 3462 2356 Materni

1847 2380 1906 2435 in
1959 2380 2216 2453 Herigeri
2264 2382 2543 2453 capitibus
2583 2385 2731 2439 8-14.
2782 2383 3194 2453 consuluimus,
3243 2391 3303 2442 et
3329 2388 3463 2445 hinc

1848 2470 1983 2525 inde
2012 2471 2088 2541 (2)
2120 2471 2177 2526 8.
2217 2470 2532 2526 Landoaldi
2562 2471 2751 2526 Vitam
2785 2471 2907 2544 ipso
2942 2473 3216 2544 Herigero
3229 2479 3464 2533 auctore

1849 2561 1906 2612 et
1940 2559 2174 2631 Notgeri
2198 2558 2387 2614 Vitam
2417 2559 2474 2615 S.
2506 2559 2771 2615 Hadelini
2816 2559 2876 2614 in
2919 2562 3196 2617 auxilium
3241 2565 3465 2621 vocavi-

1849 2665 1980 2703 mus
2003 2650 2173 2720 (229).

1922 2738 2002 2792 De
2034 2737 2382 2793 editionibus
2412 2737 2671 2810 Herigeri
2691 2740 2748 2793 et
2768 2738 3026 2794 Anselmi
3042 2744 3465 2810 paucatantum

1854 2826 2097 2883 dicenda
2122 2831 2287 2895 sunt;
2324 2825 2581 2897 primum
2613 2827 2672 2881 in
2704 2827 2891 2882 lucem
2909 2828 3257 2899 prodierunt
3285 2832 3462 2887 Chro-

1852 2917 1982 2972 nica
2010 2916 2070 2970 in
2100 2915 2337 2971 Joannis
2365 2915 2729 2985 Chapeaville
2761 2915 3090 2971 Leodiensis
3119 2918 3382 2973 canonici
3406 2922 3466 2975 et

1851 3004 2044 3059 vicarii
2074 3004 2219 3059 libro
2268 3002 2429 3058 Gesta
2465 3004 2779 3075 pontiﬁcum
2810 3004 3232 3073 Tungrensium,
3267 3006 3465 3078 Traje-

142 3089 373 3164 polatus‘
408 3093 611 3165 generi
646 3093 720 3149 A.
782 3092 1253 3147 annumerandus
1291 3094 1396 3159 est,
1448 3090 1546 3145 sed
1607 3081 1822 3145 aliusC
1848 3096 2111 3149 ctensium
2139 3097 2189 3147 et
2242 3091 2631 3159 Leodiensium,
2667 3091 2863 3147 Leodii
2906 3095 3063 3160 1612,
3107 3095 3163 3162 4,
3205 3110 3262 3166 p.
3309 3096 3460 3164 1-98,

142 3181 391 3251 ejusdem
415 3182 646 3253 generis
676 3198 809 3237 eum
842 3198 962 3236 esse
987 3180 1224 3235 familiae
1273 3196 1428 3235 sana:
1472 3178 1749 3234 lectiones

142 3268 383 3340 probant
408 3270 476 3324 iis
496 3269 634 3325 locis
654 3269 863 3342 quibus
892 3269 1010 3323 inA
1031 3271 1077 3323 1.
1100 3271 1152 3323 2.
1178 3271 1227 3323 3.
1256 3283 1520 3341 perversa
1535 3266 1750 3321 menda

145 3355 655 3428 deprehenduntur
683 3357 852 3429 (223).

206 3468 261 3519 2.
293 3463 478 3520 Simili
520 3464 783 3520 codicum
817 3463 1017 3537 generi
1048 3463 1419 3520 ascribendus
1448 3465 1534 3518 est
1563 3462 1655 3519 ille
1685 3462 1745 3518 in

143 3568 254 3623 quo
277 3554 395 3608 sola
424 3553 726 3625 legebatur
754 3554 810 3610 8.
862 3552 1115 3608 Remacli
1156 3551 1283 3607 Vita
1330 3568 1461 3606 cum
1506 3551 1748 3625 epistola

145 3640 216 3694 ad
244 3642 672 3710 Werinfridum,
724 3658 1014 3715 quemque
1055 3642 1262 3696 ducem
1305 3640 1508 3695 habuit
1552 3641 1749 3695 Surius

141 3727 197 3781 in
243 3747 338 3785 sua
380 3730 636 3787 editione
679 3731 809 3786 vita:
855 3732 914 3787 S.
955 3730 1228 3786 Bemacli.
1278 3732 1517 3786 Textum
1561 3746 1748 3801 neque

144 3817 375 3876 recisum
429 3821 606 3875 habet
649 3837 836 3893 neque
892 3822 1329 3894 interpolatum,
1378 3818 1543 3891 eique
1593 3818 1749 3874 haud

144 3921 342 3976 paucas
389 3910 667 3964 debemus
715 3909 1173 3964 emendationes.
1218 3908 1332 3964 Sed
1392 3924 1580 3979 neque
1630 3906 1745 3962 scio

148 4010 308 4065 quem
338 3998 597 4052 codicem
642 3997 840 4053 Surius
868 4001 1091 4054 secutus
1120 3998 1212 4067 sit,
1257 4014 1444 4069 neque
1466 3997 1618 4068 ipsos
1648 3995 1745 4067 qui

152 4081 207 4137 in
232 4101 419 4141 meam
446 4085 716 4141 notitiam
740 4091 1023 4142 venerunt
1038 4086 1152 4142 vidi
1175 4085 1415 4142 codices.
1437 4084 1583 4139 Sunt
1610 4099 1745 4139 vero

151 4177 379 4241 quatuor
414 4174 572 4247 quod
610 4174 807 4232 sciam.
852 4174 1086 4229 Videtur
1135 4173 1568 4246 antiquissimus
1612 4173 1745 4228 Ber-

156 4263 328 4319 nensis
357 4263 608 4319 membr.
642 4278 770 4317 smc.
800 4279 831 4317 x
860 4265 1039 4332 (224);
1073 4263 1475 4319 Stabulensem
1493 4261 1742 4317 membr.

154 4365 267 4406 saec.
318 4370 394 4421 x1,
464 4365 566 4408 1'01.
632 4365 964 4407 inscribitur
1031 4365 1265 4407 rvat/ceri
1355 4365 1470 4405 Vita
1517 4365 1578 4406 δ.
1638 4365 1747 4404 ne-

156 4424 300 4479 macli
348 4424 541 4497 (225);
596 4422 983 4495 Sangallensis
1030 4439 1159 4481 saec.
1219 4432 1327 4491 χι,
1365 4422 1640 4488 membr.,
1691 4422 1747 4484 4,

156 4505 393 4585 itemque
450 4515 600 4570 hanc
628 4529 747 4586 prae
776 4529 837 4569 se
864 4511 979 4568 fert
1006 4511 1475 4583 inscriptionem:
1518 4509 1753 4565 Notkeri

232 4680 352 4741 220)
382 4672 745 4747 Chapeaville
760 4674 837 4747 ,II,
861 4676 1006 4747 272,
1019 4672 1143 4747 27f.

229 4739 353 4816 221)
385 4739 669 4817 Chapeav.
700 4746 792 4799 Ill.
825 4739 898 4799 ab
926 4743 1061 4817 init1
1084 4741 1327 4817 Radulhi
1346 4741 1419 4796 de
1448 4739 1585 4817 Rivo
1608 4740 1752 4797 duos

142 4813 376 4885 codices,
425 4813 738 4872 Alliensem
787 4832 989 4880 unum,
1042 4813 1455 4885 Lovaniensem
1502 4813 1751 4868 alterum

137 4881 673 4945 notavit'Sanderus
699 4887 842 4942 Bibl.
871 4887 1029 4957 Belg.
1060 4900 1206 4939 msc.
1245 4890 1293 4952 1,
1332 4881 1423 4942 27.

204 4963 347 5030 (222)
374 4960 606 5016 Archiv.
637 4958 727 5025 Vl,
752 4961 878 5030 240.

203 5024 352 5106 (225)
388 5034 580 5107 Pauca
634 5024 902 5107 exempli
928 5024 1671 5107 gratia‘apponerejuvat:
1704 5027 1747 5094 Ι,

248 5096 514 5178 perverse
545 5100 757 5178 legitur
771 5096 1000 5178 inA'l,
1026 5103 1084 5178 2,
1109 5102 1145 5178 3
1175 5096 1423 5178 salutem,
1447 5096 1572 5178 Vita
1588 5096 1746 5178 Serv.

120 5170 283 5233 meo.»
314 5174 492 5230 habet
518 5170 731 5238 saltm,-
761 5175 811 5238 1,
840 5173 929 5237 23,
958 5173 1005 5223 A
1031 5171 1082 5232 l,
1104 5173 1159 5234 2,
1188 5172 1218 5224 3
1240 5186 1379 5238 genu
1404 5170 1746 5236 inculcantes,

116 5240 239 5303 Vit.
271 5248 431 5302 Serv.
468 5246 837 5309 incurvantes;
872 5246 922 5308 1,
947 5243 1036 5308 2i,
1068 5243 1114 5294 A
1148 5244 1196 5307 1,
1252 5244 1305 5308 2,
1364 5243 1418 5306 3,
1468 5240 1610 5295 falso
1650 5258 1751 5311 per

111 5328 338 5384 manus,
372 5315 482 5373 Vit.
516 5315 735 5371 Servat.
781 5317 938 5370 recte
974 5312 1356 5382 perimmanis;
1406 5314 1454 5378 1,
1497 5311 1588 5384 25,
1620 5314 1665 5365 A
1698 5316 1749 5380 1,

105 5388 175 5447 2,
219 5396 248 5447 3
285 5381 429 5445 falso
462 5388 677 5457 irrguit,
704 5386 811 5440 Vit.
848 5381 1006 5457 Serv.
1042 5384 1191 5457 bene
1220 5384 1476 5457 irrugiit;
1511 5381 1588 5437 ib.
1615 5384 1664 5457 _A
1696 5388 1745 5452 1,

98 5457 169 5530 ξ,
240 5466 290 5530 3,
346 5453 586 5514 invenire
628 5453 1189 5530 falso,VVit.___AServ.
1245 5455 1544 5530 invenires;_
1596 5454 1641 5505 A
1698 5458 1746 5530 1,

94 5526 175 5585 2,»
218 5525 722 5602 3,’ἱη9εηηὶηαητὶα.ς
751 5529 917 5596 falso,
966 5525 1072 5581 Vit.
1125 5525 1284 5580 Serv.
1337 5527 1491 5579 recte
1524 5526 1749 5593 ingemi-

86 5610 404 5662 "Qntium.

207 5677 353 5747 (224)
377 5673 603 5731 Archiv.
638 5673 703 5739 v,
734 5673 857 5727 483.

1852 3185 2082 3249 99-318;
2116 3181 2271 3235 idem
2293 3181 2439 3235 liber
2455 3180 2700 3236 minime
2728 3181 3167 3237 emendatusvel
3183 3185 3459 3252 mutatus,

1850 3288 1966 3327 uno
1999 3270 2095 3343 qui
2138 3270 2199 3324 in
2251 3270 2444 3325 fronte
2476 3273 2561 3324 est
2594 3268 2735 3324 folio
2769 3268 2961 3324 denuo
2994 3270 3143 3343 typis
3172 3287 3461 3343 expresso,

1850 3376 1999 3415 nova
2035 3362 2316 3431 tanquam
2368 3357 2570 3425 editio,
2613 3356 2809 3413 Leodii
2845 3360 2980 3413 1618
3018 3358 3232 3414 iterum
3276 3360 3462 3415 editus

1850 3449 1935 3501 est
1964 3448 2127 3517 (230).
2158 3446 2236 3499 Ex
2256 3444 2323 3499 iis
2340 3461 2468 3517 qua:
2487 3461 2660 3516 supra
2676 3445 2747 3500 de
2761 3445 3052 3501 codicibus
3065 3447 3310 3503 diximus
3329 3448 3464 3503 satis

1847 3537 2028 3608 patet,
2061 3538 2120 3590 et
2145 3534 2362 3605 legenti
2397 3534 2485 3588 vel
2506 3537 2713 3605 sponte
2742 3534 3012 3601 occurrit,
3037 3552 3214 3607 quam
3247 3536 3463 3593 infelici

1849 3641 2108 3680 successu
2139 3622 2338 3678 critice
2383 3622 2718 3678 exercenda:
2766 3626 3043 3678 conatum
3085 3624 3289 3681 fecerit
3318 3625 3466 3682 Cha-

1849 3713 2109 3785 peaville,
2136 3712 2232 3784 qui
2248 3712 2665 3783 interpolatum
2681 3711 2939 3766 codicem
2968 3711 3174 3767 ducem
3192 3713 3300 3769 sibi
3316 3732 3468 3769 sum-

1847 3802 2044 3875 pserit.
2081 3800 2292 3856 Omnia
2308 3816 2515 3871 susque
2536 3799 2721 3870 deque
2742 3803 2896 3865 sunt,
2918 3802 2976 3852 et
2993 3799 3051 3853 in
3075 3816 3189 3871 quo
3213 3802 3466 3873 acquies-

1848 3907 1942 3945 cas
1963 3889 2107 3944 nihil
2132 3888 2331 3942 habes.
2367 3887 2496 3941 Hazc
2529 3903 2643 3940 una
2673 3890 2759 3941 est
2810 3885 3069 3958 Herigeri
3117 3887 3316 3945 editio.
3345 3892 3464 3943 An-

1848 3978 2013 4033 selmi
2041 3976 2361 4048 genuinum
2392 3978 2614 4029 textum
2635 3973 2769 4029 dein
2792 3974 2853 4028 in
2879 3974 3253 4046 amplissimae
3278 3975 3462 4032 Colle-

1847 4066 2053 4122 ctionis
2072 4067 2590 4121 monumentorum
2606 4065 2766 4118 torno
2780 4062 3139 4134 lV,p.843-91
3158 4070 3253 4117 lex
3267 4064 3463 4120 codice

1846 4152 2242 4227 Andaginensi
2257 4151 2821 4207 edideruntMartene
2834 4151 2936 4206 etD
2945 4150 3148 4206 urand.
3158 4150 3464 4223 Singulam

1849 4244 1905 4299 S.
1940 4242 2196 4299 Remacli
2215 4241 2402 4295 Vitam
2439 4239 2622 4295 edidit
2649 4238 2847 4294 Surius
2868 4238 2928 4293 in
2966 4238 3122 4293 Actis
3152 4238 3250 4297 SS.
3285 4240 3349 4307 V,
3377 4244 3463 4310 17,

254 4394 267 4405 .
318 4370 394 4421 x1,
464 4353 566 4408 fol.
632 4327 964 4407 inscribitur
1027 4327 1267 4407 Not/ceri
1346 4351 1470 4405 Vita
1517 4351 1578 4406 S.
1638 4349 1747 4404 Re-

1860 4337 1906 4389 st
1936 4333 2269 4404 fragmenta
2300 4327 2559 4399 ejusdem
2584 4327 2723 4382 Vita:
2738 4327 2957 4382 habent
2969 4328 3267 4383 Duchesne
3287 4330 3460 4398 1,642,

1851 4426 1910 4478 et
1931 4422 2194 4493 Bouquet
2233 4419 2326 4486 lll,
2361 4418 2619 4473 545-547.
2664 4415 2916 4489 Singulae
2959 4433 3026 4471 ex
3053 4415 3330 4489 Herigero
3362 4418 3461 4475 de-

1853 4511 2101 4583 sumpta
2130 4509 2403 4580 leguntur
2446 4505 2587 4560 Vitae
2630 4504 2687 4560 S.
2733 4504 2994 4574 Servatii,
3040 4505 3313 4576 Amandi,
3343 4508 3458 4564 Mo-

1947 4668 2087 4740 225)
2124 4666 2356 4740 Archiv.
2376 4666 2515 4740 V111,
2544 4666 2676 4740 608.

1950 4738 2077 4810 226)
2118 4738 2347 4793 Archiv.
2377 4738 2467 4805 1V,
2496 4738 2629 4810 334-.

1923 4805 2177 4885 (227111,
2212 4812 2300 4885 32,
2320 4813 2380 4885 AA
2407 4811 2461 4885 1,
2490 4812 2544 4885 2_,
2570 4805 2626 4885 3,
2644 4806 3460 4885 418215-ουίίῆεξοε.-ννοιὲρᾲ.

1850 4877 2024 4940 rectae
2042 4884 2143 4936 via"
2169 4898 2184 4949 ;
2214 4882 2280 4947 ll,
2313 4882 2402 4946 33,
2434 4881 2481 4933 Α
2517 4879 2566 4945 l,
2589 4882 2643 4945 2,
2668 4880 2698 4951 3
2734 4877 3294 4951 falsOprioris,'elog.
3320 4880 3467 4936 Wol-

1850 4955 1987 5011 bod.
2021 4947 2179 5024 recte
2196 4952 2434 5022 pejoris;
2466 4951 2533 5017 ll,
2558 4950 2781 5017 35,A2,
2817 4947 2942 5016 3,“4
2967 4949 3112 5005 falso
3146 4947 3285 5019 licet,
3308 4952 3461 5024 elog.

1853 5025 2118 5081 Wolbod.
2149 5022 2302 5078 lucis.

1920 5097 2071 5167 (228)
2113 5094 2344 5167 Erantet.
2367 5108 2427 5167 ‘e.
2462 5094 2513 5147 3.
2551 5089 2683 5167 Quia:
2720 5094 2870 5167 (acta
2917 5090 3201 5167 Servatii),
3238 5098 3465 5167 praeter-

1851 5161 2027 5222 missis
2054 5161 2297 5233 'zEgzdii
2338 5161 2785 5234 Aureavvallenszs
2816 5161 3291 5234 interpolamentis,
3324 5163 3463 5218 lubet

1850 5240 1933 5293 hic
1964 5237 2222 5307 verbatim
2242 5251 2554 5307 proponere,
2577 5233 2743 5302 juxta
2789 5233 3165 5307 correctionem
3190 5240 3241 5307 et
3285 5250 3463 5286 emen-

1848 5310 2118 5364 dationem
2148 5304 2417 5361 Roswiedi
2444 5306 2615 5358 nostri
2636 5319 2802 5359 manu
2826 5306 3036 5375 factam
3070 5305 3141 5359 ad
3163 5304 3323 5374 ﬁdem
3372 5320 3457 5358 ve-

1851 5384 1975 5437 teris
1999 5397 2089 5434 ere
2097 5396 2141 5427 ’γ’
2139 5379 2232 5449 pla
2244 5380 2335 5431 ris.

1923 5455 2064 5523 (229)
2107 5447 2188 5523 lle
2214 5449 2419 5523 quibus
2437 5447 2573 5523 vide
2600 5462 2792 5523 supra.

1927 5518 2077 5595 (230)
2117 5518 2268 5576 Hist.
2298 5520 2405 5575 litt.
2437 5519 2637 5573 Franc.
2673 5518 2785 5584 V11,
2814 5518 2934 5572 198.
