3910 6174
219 349 325 411 1001
1217 333 1545 395 HERIGERI
1578 327 1763 393 GBSTl

1935 329 2159 392 ISGOP.
2196 331 2410 397 LEOD.
3336 333 3479 398 1002

218 485 303 526 esse
336 460 590 519 translatos
630 457 803 534 (23-5),
856 457 955 515 ubi
993 456 1245 531 hodieque
1281 474 1513 514 vacuum
1552 456 1667 529 ejus
1706 457 1764 511 in
1782 459 1837 520 Α
1862 462 2234 528 computantur
2261 463 2329 525 ιτ,
2357 457 2501 514 circa
2531 454 2685 529 cuius
2709 460 2950 531 tempora
2976 456 3064 515 hic
3096 462 3275 516 noster
3300 456 3480 517 Eber-

219 558 412 612 maximo
431 553 615 606 honore
634 550 860 606 habetur
884 547 1238 619 sepulchrum.
1261 544 1342 601 At
1390 545 1530 618 quod
1563 551 1766 600 vestra-
1861 547 2011 616 gisus
2040 544 2368 616 Trajectensi
2396 545 2659 601 kathedrae
2690 547 3028 618 prasidebat.
3077 548 3267 605 Restat
3314 552 3483 620 igitur

219 653 277 701 tes
306 659 409 697 eum
434 649 473 682 ω
496 638 841 709 Evergislum
871 643 1060 693 vocant
1079 653 1143 692 ea:
1162 635 1344 708 aliquo
1359 635 1520 707 hujus
1535 634 1768 690 nominis
1864 640 1928 690 ut
1954 634 2159 701 dicant,
2186 651 2344 689 suum
2371 634 2713 706 Eoergislum
2741 643 2837 691 aut
2848 644 2972 708 post
3000 644 3295 705 transitum
3308 640 3485 696 sancti

218 735 428 805 episcopo,
455 730 601 799 cujus
621 726 943 782 mausoleum
974 726 1204 796 forsitan
1240 727 1538 795 ignoratur,
1579 723 1641 779 ob
1671 739 1769 777 ηο-
1866 720 2100 777 Martini
2113 739 2218 794 per
2244 723 2451 779 eosdem
2483 728 2589 782 252
2616 739 2788 781 annos
2816 742 2980 798 usque
3016 725 3088 782 ad
3112 725 3483 797 Dagobertum

216 823 346 878 minis
366 819 748 875 consonantiam
782 816 905 870 huic
948 821 1126 871 nostro
1172 812 1426 884 Ebergiso
1463 813 1559 868 hoc
1602 813 1764 867 attri-
1866 814 2081 881 vixisse,
2108 818 2170 867 ut
2192 814 2264 867 sic
2292 812 2535 868 videatur
2561 813 2829 883 credibile,
2875 814 3101 871 eundem
3147 823 3379 872 vestrum
3433 826 3486 873 et

216 911 366 967 butum
389 924 483 963 esse
501 906 852 973 arbitramur,
881 905 1001 959 licet
1032 902 1278 958 nonnulli
1303 903 1445 959 hunc
1474 902 1697 958 eundem
1723 908 1771 944 ὀ
1870 908 2109 956 nostrum
2156 903 2451 974 episcOpum
2483 918 2592 959 esse
2625 905 2856 975 potuisse
2894 921 3001 959 uno
3044 912 3297 978 tempore,
3344 906 3486 980 quod

212 1006 254 1055 et
276 996 612 1053 Coloniensem
640 1000 691 1049 et
707 999 947 1049 nostrum
969 1009 1077 1048 uno
1107 997 1338 1064 tempore
1363 992 1530 1062 fuisse
1558 996 1773 1045 conten-
1871 989 2032 1061 ﬁdem
2054 990 2288 1058 excedit,-
2327 996 2423 1045 aut
2459 991 2733 1049 nobiscum
2788 992 3010 1049 credant
3047 1011 3131 1050 eos
3185 995 3489 1051 omnimodo

213 1086 323 1144 dant
344 1094 404 1153 ἰ,
431 1083 748 1155 eundemque
776 1098 900 1138 cum
944 1081 1092 1136 beato
1136 1080 1411 1150 Seuerino,
1458 1086 1779 1137 antecessore
1874 1079 2107 1135 diversos
2139 1096 2263 1142 esse,
2311 1086 2427 1136 tum
2463 1082 2595 1152 quia
2647 1099 2681 1136 a
2730 1086 2959 1154 tempore
2999 1081 3193 1139 diluvii
3241 1100 3394 1141 nemo
3440 1093 3491 1129 η

208 1182 261 1232 ut
281 1174 585 1247 adjiciunt”
606 1189 719 1239 suo,
741 1186 932 1228 vocum
961 1170 1324 1240 angelicorum
1362 1171 1419 1224 in
1470 1170 1698 1224 transitu
1730 1176 1779 1212 π
1878 1170 1983 1225 200
2026 1170 2181 1223 annis
2229 1170 2436 1232 viai'sse,
2470 1176 2583 1224 tum
2611 1172 2738 1242 quia
2766 1170 2911 1226 inter
2943 1171 3155 1230 beatum
3178 1171 3492 1229 Servatium

214 1265 329 1319 beati
358 1261 587 1316 Martini
624 1260 969 1332 psallentium
1006 1258 1305 1315 auditorem
1345 1266 1582 1313 asserant
1611 1256 1778 1329 (235).
1881 1259 2174 1330 episcopum
2200 1264 2461 1326 nostrum,
2480 1260 2577 1331 qui
2584 1259 2984 1331 contemporalis
3011 1262 3125 1333 fuit
3149 1262 3298 1318 beato
3329 1263 3494 1318 Seve—

211 1351 339 1420 Quod
370 1353 417 1406 si
455 1352 530 1404 ita
589 1356 737 1414 esset,
784 1349 923 1404 idem
971 1350 1067 1421 qui
1100 1346 1500 1403 Coloniensibus
1539 1353 1782 1419 quartus,
1884 1347 2022 1412 rino,
2055 1352 2105 1400 et
2132 1347 2277 1402 inter
2305 1348 2465 1402 istum
2488 1346 2808 1419 Ebergisum
2840 1349 3088 1406 tredecim
3126 1349 3275 1423 (256)
3303 1354 3497 1424 episco-

209 1441 333 1496 nobis
354 1442 621 1495 vicesimus
648 1445 874 1511 quartus
902 1439 1204 1493 exstitisset.
1234 1437 1344 1494 Sed
1373 1437 1471 1493 hoc
1494 1438 1711 1492 omnino
1738 1445 1786 1478 ﬂ
1876 1451 1977 1508 pos
2006 1434 2155 1490 nobis
2197 1435 2431 1506 legamus
2467 1436 2776 1507 praefuisse.
2827 1435 2898 1491 In
2939 1444 3029 1493 tuo
3076 1440 3262 1509 igitur,
3305 1440 3498 1495 domne

212 1528 492 1600 impossibile
527 1544 653 1595 esse,
690 1526 890 1600 liquido
933 1543 996 1582 ex
1057 1534 1349 1598 temporum
1391 1527 1596 1580 ratione
1638 1524 1791 1580 colli-
1889 1524 2248 1596 archiprasul,
2286 1523 2519 1596 pendeat
2535 1524 2744 1597 juditio
2779 1534 2826 1569 ³ο
2855 1533 3034 1581 utrum
3048 1527 3160 1583 haec
3182 1544 3303 1601 quae
3318 1532 3501 1584 nostra

206 1620 345 1691 gitur.
368 1616 433 1671 In
449 1618 678 1671 transitu
698 1618 839 1671 enim
862 1616 1001 1670 beati
1032 1614 1271 1670 Martini
1295 1614 1554 1671 secundus
1575 1613 1793 1668 Archa-
1889 1618 2036 1681 sunt,
2090 1612 2283 1684 jubeas
2340 1613 2547 1683 ignibus
2589 1613 2716 1670 dari
2757 1632 2947 1681 necne;
2991 1634 3317 1690 quamquam
3363 1617 3503 1672 hanc

106 1736 115 1745 ι
206 1705 271 1760 dii
286 1712 329 1760 et
349 1704 584 1762 Honorii
607 1723 781 1761 annus
809 1711 943 1773 erat,
993 1722 1085 1777 qui
1136 1711 1211 1760 est
1246 1720 1282 1761 a
1308 1704 1579 1759 dominica
1608 1704 1794 1757 incar-
1892 1704 2174 1757 materiam
2202 1709 2486 1775 utcumque
2511 1702 2788 1771 dictatam,
2820 1705 2916 1758 ubi
2942 1704 3067 1761 bene
3091 1706 3307 1765 vivendi
3329 1721 3503 1764 exem-

204 1798 390 1851 natione
414 1796 969 1869 quadringentesimus
1006 1802 1054 1838 ﬂ
1087 1796 1320 1867 primus.
1355 1796 1402 1851 A
1443 1810 1548 1867 quo
1580 1786 1798 1849 ducenti
1885 1790 2041 1865 plum
2068 1808 2172 1847 esse
2184 1793 2371 1864 possit,
2401 1791 2608 1849 salvam
2633 1808 2736 1848 esse
2755 1792 3016 1866 eapediat.

207 1884 573 1957 quiuqmginta
622 1884 729 1940 duo
772 1893 821 1927 ³ο
865 1899 1024 1957 usque
1067 1883 1139 1939 ad
1188 1882 1562 1954 Dagobertum
1618 1898 1795 1952 regem

1234 2003 1582 2060 INCIPIUNT
1623 1999 1967 2058 CAPITULA
2015 2000 2198 2056 LIBRI
2234 2001 2447 2058 PRIMI.

268 2097 311 2149 1.
349 2093 678 2151 Proemium
709 2092 966 2167 opusculi
998 2092 1311 2166 sequentis.
1823 2091 1874 2153 Β
1901 2090 1987 2148 18.
2030 2088 2196 2153 Quod
2224 2089 2297 2145 ab
2335 2088 2633 2145 inmundis
2665 2088 2961 2162 spiritibus
2989 2092 3048 2146 et
3076 2106 3143 2146 ex
3173 2091 3361 2165 magis
3407 2107 3510 2148 mu

262 2185 308 2237 2.
347 2181 505 2247 Quod
537 2184 688 2238 Deus
736 2180 938 2237 omnia
981 2181 1041 2236 in
1073 2196 1318 2235 numero
1367 2182 1426 2235 et
1455 2177 1715 2251 pondere
1740 2180 1800 2232 et
2033 2177 2268 2234 lieribus
2288 2178 2575 2249 procreati
2604 2186 2651 2221 87
2691 2178 2977 2235 dicantur.

351 2286 624 2327 mensura
645 2269 961 2337 constituit,
992 2272 1050 2324 et
1089 2269 1160 2325 de
1182 2269 1456 2341 mysterio
1482 2265 1688 2322 crucis.
1903 2268 1989 2322 19.
2032 2265 2287 2335 Qualiter
2333 2266 2507 2322 ductu
2530 2275 2577 2310 ³⁸
2610 2283 2792 2323 cerva:
2830 2267 3016 2323 insula
3053 2268 3287 2340 egressi,
3320 2268 3514 2344 primo

234 2360 281 2413 3.
319 2358 477 2425 Quod
493 2359 778 2417 Dominus
794 2358 1178 2414 occidentales
1189 2360 1383 2430 partes
1404 2356 1797 2428 apostolorum
2035 2354 2267 2423 Gothos,
2293 2355 2504 2411 deinde
2522 2354 2662 2412 alias
2689 2359 2911 2430 gentes,
2944 2356 3251 2414 novissime
3272 2357 3515 2415 Galliam

314 2448 673 2523 principibus
698 2449 868 2503 Petro
904 2449 962 2502 et
990 2447 1165 2502 Paulo
1189 2454 1236 2489 ³ο
1266 2445 1537 2519 dignatus
1558 2446 1644 2500 est
1668 2443 1798 2500 illu-
2035 2442 2365 2499 invaserint.

317 2540 518 2594 strare.
1902 2535 1992 2588 20.
2032 2533 2114 2588 De
2148 2535 2346 2588 sancto
2377 2531 2657 2591 Servatio.

229 2625 280 2680 4.
316 2633 358 2668 ιι
388 2625 637 2691 Quando
670 2629 870 2683 Petrus
891 2627 1140 2682 Romam
1162 2622 1405 2680 venerit.
1902 2622 1990 2678 21-.
2036 2621 2202 2687 Quod
2231 2621 2399 2677 multi
2436 2622 2620 2677 sancti
2646 2620 2753 2677 viri
2782 2625 3243 2695 contemporales
3274 2622 3356 2680 illi
3394 2624 3518 2681 fue-

226 2715 275 2769 5.
310 2713 471 2779 Quod
515 2714 891 2782 Eucharium,
927 2712 1217 2769 Valerium
1254 2715 1427 2783 atque
1473 2709 1796 2767 Maternum
2031 2709 2170 2774 rint,
2200 2712 2259 2766 et
2284 2709 2356 2765 de
2379 2710 2695 2765 multarum
2728 2710 2959 2766 urbium
2986 2712 3300 2769 eversione.

315 2803 611 2860 Treverim
640 2811 687 2846 8!
716 2801 959 2859 miserit.
1902 2801 1990 2855 22.
2026 2797 2191 2862 Quod
2215 2801 2444 2853 sanctus
2473 2796 2763 2854 Servatius
2797 2799 3041 2855 Romam
3072 2800 3299 2870 adierit,
3327 2801 3375 2857 si
3403 2818 3518 2875 quo

223 2891 271 2944 6.
309 2889 574 2955 Qualiter
596 2892 796 2947 beatus
814 2891 1100 2947 Maternus
1131 2887 1454 2955 defunctus,
1495 2903 1602 2960 per
1621 2886 1795 2942 bacu-
2029 2885 2208 2941 modo
2245 2885 2604 2941 orationibus
2633 2885 2747 2941 suis
2770 2887 2959 2943 valeat
2980 2888 3222 2944 Galliam
3240 2889 3311 2944 ab
3341 2890 3521 2946 Hunis

316 2980 432 3035 lum
462 2982 515 3054 ej
526 2998 596 3036 us
618 2980 690 3035 sit
715 2978 1103 3035 resuscitatus.
2035 2974 2305 3029 liberare.

228 3071 275 3124 7.
314 3068 478 3135 Quod
500 3069 570 3125 hi
589 3072 705 3124 tres
724 3067 830 3123 viri
847 3067 1103 3135 Treberi,
1133 3065 1409 3135 Colonias,
1430 3064 1648 3137 Tungri
1658 3079 1802 3136 prte-
1902 3061 2003 3119 23.
2033 3063 2291 3128 Qualiter
2306 3065 2441 3119 ante
2464 3063 2747 3119 tumulum
2770 3062 2926 3119 beati
2947 3063 3102 3120 Petri
3116 3080 3221 3137 per
3240 3064 3423 3121 visum
3449 3068 3521 3123 de

318 3158 661 3226 dicaverint,
693 3161 751 3213 et
780 3157 852 3212 de
871 3155 1081 3229 insigni
1110 3156 1271 3212 fonte
1293 3152 1630 3226 Tungrensi.
2039 3152 2334 3208 eversione
2364 3151 2536 3209 totius
2558 3151 2753 3209 Gallia:
2784 3156 2843 3209 et
2873 3152 2944 3208 de
2979 3152 3139 3210 obitu
3170 3169 3271 3209 suo
3297 3155 3370 3211 sit
3391 3154 3502 3211 edo

224 3246 270 3300 8.
311 3246 578 3311 Qualiter
587 3248 815 3302 sanctus
824 3245 1134 3300 Eucharius
1147 3245 1424 3316 populum
1439 3240 1801 3298 resistentem
2042 3244 2185 3297 ctus.

310 3336 587 3391 oratione
609 3333 876 3407 ligaverit
904 3336 963 3388 et
990 3331 1314 3388 absolverit.
1824 3388 1867 3407 η
1903 3331 1991 3385 24.
2036 3330 2283 3386 Rediens
2313 3330 2453 3403 quid
2476 3329 2701 3397 viderit,
2736 3329 3046 3387 commisso
3074 3331 3237 3404 gregi
3262 3332 3517 3405 exponit.

222 3423 268 3478 9.
310 3388 906 3488 Quod'ﬁliurcr’ividuae
928 3419 1368 3476 resuscitaverit.
1821 3388 1868 3447 Ο
1904 3421 1991 3474 25.
2035 3419 2229 3474 Oratio
2259 3388 2382 3490 ejus
2411 3422 2469 3474 et
2497 3388 2833 3474 lamentatio
2851 3388 3271 3475 clericor'umuet
3297 3388 3519 3493 populi,

193 3510 269 3564 10.
307 3510 473 3575 Quod
503 3511 831 3567 revelatum
868 3509 991 3564 “sit
1017 3508 1247 3564 cuidam
1289 3506 1562 3575 senatori,
1594 3521 1801 3561 omnes
2037 3509 2095 3562 et
2126 3507 2200 3562 de
2229 3508 2391 3563 obitu
2420 3508 2561 3580 ejus.
3478 3509 3487 3516 ’

308 3603 602 3671 oportere
624 3597 904 3670 baptizari
934 3606 1004 3653 δι.
1902 3596 1990 3651 26.
2034 3595 2200 3660 Quod
2239 3596 2389 3651 Huni
2424 3597 2634 3652 multas
2677 3596 2872 3652 Galliae.
2922 3597 3091 3653 urbes
3133 3612 3267 3653 cum
3303 3597 3522 3670 Tungri

187 3688 262 3739 11.
303 3688 381 3742 De
414 3686 590 3744 obitu
620 3686 775 3741 beati
807 3684 1091 3741 Eucharii.
2037 3685 2462 3753 subverterunt,
2515 3701 2660 3757 quos
2696 3684 2840 3740 item
2890 3693 2936 3728 δ’
2984 3684 3189 3741 Franci
3243 3702 3279 3741 a
3330 3686 3521 3743 Galliis

190 3775 266 3827 12.
306 3776 383 3829 De
412 3776 539 3830 vita
571 3777 630 3829 et
657 3773 817 3829 obitu
846 3773 999 3828 beati
1029 3770 1235 3828 Valerii
1277 3769 1615 3827 successoris
1661 3770 1800 3841 ejus.
2035 3774 2398 3843 expulerunt.

185 3864 265 3919 13.
303 3864 472 3929 Quod
502 3865 715 3919 beatus
737 3862 1024 3916 Maternus
1044 3863 1130 3917 tot
1156 3859 1322 3915 annis
1351 3858 1655 3931 episcopus
1684 3857 1805 3912 fue'
1906 3863 1994 3917 27.
2036 3862 2117 3915 De
2148 3864 2346 3916 sancto
2368 3860 2631 3932 Remigio
2655 3863 2714 3916 et
2735 3877 2944 3917 novem
2956 3862 3386 3934 Tungrensibus
3402 3862 3530 3935 epio'

308 3952 385 4007 rit
413 3961 487 4020 88,
513 3952 665 4024 quot
702 3950 900 4005 diebus
928 3949 988 4004 in
1017 3949 1320 4020 sepulchro
1347 3946 1550 4019 jacuit.
2037 3947 2216 4020 copis.

186 4041 264 4096 14.
305 4041 579 4106 Qualiter
598 4054 734 4094 eum
746 4037 1056 4094 Eucherius
1072 4039 1131 4093 et
1144 4035 1395 4093 Valerius
1416 4035 1487 4091 de
1503 4035 1613 4091 hoc
1630 4050 1804 4091 mun-
1905 4037 1994 4093 28.
2035 4037 2119 4093 De
2143 4039 2342 4094 sancto
2367 4037 2719 4107 Domitiano,
2752 4037 2896 4094 item
2926 4038 3210 4111 Perpetuo
3241 4041 3300 4094 et
3340 4039 3517 4095 Ebro-

306 4129 379 4184 do
407 4145 520 4201 per
558 4126 742 4182 visum
769 4126 1121 4182 vocaverint.
2042 4124 2189 4197 giso.

185 4218 262 4269 15.
299 4217 382 4272 De
409 4221 553 4272 octo
596 4215 876 4287 episcopis
908 4213 1005 4286 qui
1051 4213 1221 4269 beato
1261 4213 1517 4269 Materno
1564 4212 1623 4269 in
1669 4212 1803 4268 sede
1904 4216 1992 4270 29.
2034 4215 2115 4270 De
2155 4217 2352 4270 sancto
2376 4214 2661 4270 Iohanne.

298 4304 639 4379 Tungrensi
670 4306 1070 4359 successerunt
1099 4310 1167 4356 δα.
1903 4304 1992 4360 30.
2035 4301 2200 4366 Quod
2230 4303 2283 4357 ei
2315 4320 2351 4358 a
2375 4302 2766 4359 transmarino
2789 4302 3041 4376 quodam
3061 4303 3405 4374 praedictum
3434 4304 3511 4361 sit

186 4395 263 4448 16.
303 4394 579 4459 Qualiter
602 4393 662 4447 in
694 4392 927 4447 diversis
954 4391 1092 4446 locis
1113 4389 1418 4446 orthodoxi
1440 4388 1802 4447 viriarriante
2033 4407 2166 4446 eum
2199 4392 2625 4463 Trajectensem
2655 4392 2991 4463 episcopum
3019 4391 3301 4447 futurum.

300 4483 500 4539 heresi
534 4480 880 4537 restiterint.
1903 4481 1991 4535 31.
2034 4480 2182 4544 Quid
2204 4481 2277 4536 ad
2299 4481 2407 4536 hec
2431 4480 2525 4535 ille
2542 4479 2923 4550 responderit,
2962 4480 3232 4553 quodque
3274 4481 3509 4538 baculus

184 4575 259 4627 17.
298 4572 382 4628 De
410 4569 600 4627 Hunis
627 4586 731 4642 per
756 4570 944 4624 totum
969 4566 1278 4642 imperium
1310 4568 1637 4623 Romanum
1689 4568 1775 4623 dif
1780 4594 1799 4607 -
2037 4569 2084 4640 ej
2097 4586 2158 4625 us
2184 4573 2353 4625 terra;
2374 4570 2518 4624 ﬁxus
2541 4569 2831 4637 ﬂoruit,et
2852 4569 2922 4624 de
2952 4568 3304 4643 episcopatu,
3320 4570 3436 4627 vita
3459 4574 3522 4627 et

306 4660 476 4716 fusis.
1820 4650 1873 4709 D
2035 4656 2195 4713 obitu
2220 4657 2343 4729 ejus
2371 4657 2513 4729 ejus.

1534 4824 1764 4882 νλΒιΑε
1797 4826 2174 4883 LECTIONES

250 4932 294 5001 f9
313 4942 454 4982 cum
491 4930 549 5001 1.
644 4935 691 4970 ²ο
721 4927 888 5001 deest
912 4929 964 4982 3.
1060 4934 1104 4968 ιι
1137 4926 1499 5001 contendunt
1529 4930 1650 4983 1.2.
1672 4929 1737 5001 _3.
1834 4936 1881 4969 η
1911 4925 2074 5001 aiunt
2102 4925 2186 4985 0h
2304 4935 2349 4969 28
2380 4925 2689 4982 transitum
2714 4932 2764 4986 1.
2801 4937 2904 5001 Δη²ι
2931 4925 3088 4980 deest
3122 4925 3226 4986 0h.
3305 4936 3352 4971 ³³
3383 4944 3526 5001 qua-

182 4992 645 5065 drigentesimus
673 5010 720 5052 1.
780 5007 828 5040 2°
858 4997 1282 5069 ducente_simus
1307 4997 1819 5069 quinquagesimus
1843 4998 2125 5052 secundus
2151 5002 2205 5052 1.
2236 5001 2287 5053 2.
2324 5002 2376 5056 3.
2433 5006 2478 5040 *7
2508 5001 2585 5052 ita
2610 5002 2659 5053 1.
2694 5002 2746 5054 3.
2782 4997 2889 5055 0h.
2921 5001 3353 5069 computantur,
3379 4992 3521 5054 corr.

184 5072 566 5140 computatur
586 5073 639 5123 2.
738 5076 785 5110 ³8
808 5070 1048 5140 legatur
1077 5067 1178 5124 Ch.
1211 5067 1371 5140 deest.
1409 5067 1541 5124 1.72.
1574 5067 1627 5123 3.
1659 5069 1753 5123 sed
1788 5069 1999 5140 videtur
2033 5069 2401 5140 supplendum.
2500 5078 2546 5111 ³ο
2579 5070 2820 5125 arbitrio
2862 5070 2968 5127 Ch.
3014 5138 3028 5140 _
3056 5067 3118 5112 '30
3144 5072 3238 5124 Illl
3269 5086 3524 5122 numerus

181 5136 437 5211 inseritur
468 5156 652 5194 errore
680 5136 907 5211 quodam
928 5142 983 5192 in
1017 5143 1088 5211 1η
1143 5146 1187 5180 ³1
1214 5138 1277 5193 V.
1315 5143 1362 5195 1.
1395 5143 1447 5194 2.
1478 5142 1573 5210 qui
1598 5139 1841 5195 deinceds
1870 5136 2250 5211 numerosvuno
2287 5140 2516 5211 majores
2542 5141 2758 5195 habent.
2834 5150 2881 5184 82
2904 5138 3137 5195 Treberi
3167 5145 3201 5195 2
3297 5148 3343 5181 ³³
3372 5140 3524 5194 rela-

183 5209 304 5262 tum
338 5214 390 5266 1.
473 5218 525 5252 δι
561 5209 833 5265 babtizari
855 5214 907 5264 2.
939 5219 984 5251 ³⁵
1011 5209 1118 5264 fuit
1148 5212 1198 5263 3.
1277 5218 1324 5251 ³ο
1349 5209 1724 5266 successerint
1753 5215 1811 5268 2.
1894 5218 1939 5252 ³⁷
1969 5210 2111 5265 deest
2149 5213 2207 5266 3.
2291 5218 2339 5252 ³8
2366 5209 2522 5265 dictu
2555 5215 2603 5267 1.
2639 5215 2699 5272 2.
2730 5214 2781 5268 3.
2860 5220 2906 5255 ³ο
2934 5213 3033 5269 ita":
3063 5216 3115 5268 3.

1747 5349 1968 5405 ΝΟΤιΕ.

260 5446 413 5525 [234)
462 5448 546 5502 At
595 5464 713 5525 non
759 5446 1023 5525 Ebregisi
1066 5446 1165 5525 sed
1210 5445 1525 5525 livergisili
1564 5446 1822 5525 archiep.
1966 5448 2146 5525 1235)
2172 5446 2409 5525 Gregor.
2434 5446 2583 5525 Tum
2601 5447 2672 5502 de
2702 5444 2990 5525 miraculis
3146 5444 3373 5525 Martini
3408 5446 3449 5513 Ι,
3497 5445 3531 5500 4

190 5515 401 5589 Gelon.
436 5534 652 5588 corpus
680 5515 977 5589 transferri
1003 5515 1424 5589 jussit_Brunb,
1472 5519 1537 5573 ut
1579 5515 1826 5576 testatur
1926 5521 1985 5571 et
2009 5516 2087 5589 de
2115 5515 2393 5589 Severino
2420 5517 2531 5572 vid.
2552 5517 2621 5572 de
2652 5517 2874 5589 confess
2928 5518 3171 5589 martyr.
3202 5519 3291 5589 45.

193 5586 461 5661 Ruotger
495 5586 571 5644 iri
586 5590 697 5644 vita
722 5586 1150 5667 Brunon‘is‘cap.
1172 5587 1262 5643 31.
1997 5586 2152 5659 (236)
2179 5586 2462 5644 Undecim
2492 5591 2718 5645 tantum
2749 5587 2795 5644 si
2824 5586 3167 5661 Herigerum
3193 5586 3376 5644 audis.

653 5689 888 5745 Ρλτιοι..
921 5685 1173 5745 CXXXIX.
3219 5687 3290 5743 32
