3960 6174
458 313 596 376 1003
1024 313 1350 376 HERJGERI
1388 312 1472 374 ET
1508 313 1813 375 ANSELMI
1846 315 2067 376 GESTA
2101 315 2324 382 EPISC.
2361 319 2614 382 TUNGR.
2649 323 2838 384 TRAJ.
2880 323 2963 382 ET
3005 324 3209 388 LEOD.
3582 339 3688 402 1004

459 443 550 499 32.
589 439 670 498 De
698 439 897 499 sancto
923 442 1214 499 Amando.
2089 453 2146 510 Α
2307 449 2659 521 successerit,
2695 453 2752 507 et
2775 451 3024 525 qualiter
3056 451 3136 508 ibi
3167 451 3370 512 vixerit.

457 532 549 589 33.
587 531 942 604 Deserpente
955 529 1309 586 orationibus
1321 530 1443 602 ejus
1457 531 1678 603 fugato,
1703 533 1761 586 et
1780 533 1937 603 quod
1955 534 2070 588 cle-
2173 539 2262 593 43.
2306 538 2412 603 Qui
2444 539 2626 595 sancti
2650 539 2754 596 viri
2785 542 2889 598 sub
2911 558 2980 598 eo
3007 543 3320 599 coaluerint

582 619 733 673 ricus
755 619 936 674 factus
959 619 1240 687 Turonos,
1268 619 1404 674 hinc
1435 619 1736 710 Bituricos,
1786 624 1923 676 tunc
1957 622 2069 678 Ro-
2171 628 2261 683 44.
2305 628 2513 685 Sancto
2526 629 2779 686 Trudoni
2792 631 2978 687 adhuc
2993 647 3174 703 puero
3198 634 3328 706 quid
3345 651 3462 692 eum
3486 643 3701 710 oporteat

581 723 762 775 mam,
790 707 1044 780 itemque
1063 708 1197 764 inde
1227 709 1436 764 Gallias
1457 709 1781 780 repetierit.
2304 716 2495 773 facere
2524 718 2804 790 przedicit.

449 800 538 854 34.
578 796 744 862 Quod
783 796 1083 870 episcopus
1124 798 1423 854 ordinatus
1469 799 1654 852 multa
1688 799 1846 854 bona
1894 815 2073 871 opera
2171 806 2262 860 45.
2305 805 2490 870 Quam
2523 806 2740 863 alienus
2770 807 2944 865 fuerit
2972 825 3007 864 a
3034 807 3357 882 cupiditate.

580 885 804 941 fecerit.
2169 895 2262 948 45.
2304 894 2471 960 Quod
2516 895 2851 969 Sigebertus
2889 915 2957 954 ex
3007 898 3243 955 consilio
3286 900 3399 971 ejus
3433 905 3704 963 caenobium

450 979 537 1032 35.
580 975 745 1040 Quod
774 975 1139 1031 Gaudensem
1169 985 1214 1019 ιο
1243 978 1523 1050 populum
1559 976 1930 1046 converterit,
1965 976 2070 1031 Ba-
2303 984 2556 1056 primum
2589 1002 2760 1058 super
2789 986 3078 1042 Sesmaria
3107 996 3154 1031 ιι
3192 988 3419 1046 ﬂuvium
3460 992 3705 1052 deindein

577 1080 790 1120 vonem
819 1065 1137 1133 recluserit,
1159 1069 1458 1121 mortuum
1490 1065 1868 1120 suscitaverit.
2277 1073 2596 1129 Arduenna
2623 1075 2962 1131 construxit.

452 1155 540 1209 36.
574 1155 884 1226 Dagoberti
899 1155 1050 1226 regis
1065 1155 1248 1210 ﬁlium
1263 1155 1530 1211 catezizat
1553 1163 1620 1222 ιι,
1643 1155 2070 1226 Trajectensem
2172 1162 2261 1216 47.
2302 1163 2384 1217 De
2407 1163 2806 1219 Malmundarli
2835 1166 3282 1224 constructione.

585 1242 981 1314 episcopatum
1013 1246 1145 1315 post
1170 1244 1493 1299 triennium
1527 1243 1857 1316 dereliquit.
2169 1250 2262 1306 48.
2303 1261 2349 1294 ιθ
2374 1253 2455 1306 De
2475 1251 2809 1308 Strabulaus
2833 1255 3281 1312 constructione.

453 1335 544 1388 37.
585 1331 752 1396 Quod
783 1335 1226 1388 contemnentes
1253 1333 1496 1388 verbum
1526 1332 1628 1388 Dei
1653 1349 1720 1388 ex
1740 1348 1839 1387 ore
1855 1332 1974 1402 ejas
1987 1332 2074 1386 ul-
2169 1341 2260 1397 49.
2304 1352 2349 1382 ιι
2373 1340 2534 1405 Quod
2557 1341 2854 1414 designato
2876 1342 2984 1398 sibi
3021 1360 3339 1402 successore
3366 1349 3710 1408 heremiticam

588 1420 672 1474 tio
719 1419 912 1476 divina
943 1421 1240 1492 percussit,
1285 1438 1450 1478 cecus
1494 1438 1562 1477 ex
1604 1437 1754 1494 aqua
1806 1421 2075 1475 manibus
2304 1429 2484 1484 vitam
2514 1430 2834 1503 expetierit,

585 1508 710 1578 ejus
728 1508 918 1565 infusa
945 1509 1130 1565 visum
1159 1510 1401 1582 recepit.
1824 1597 1830 1598 γ
2175 1519 2262 1571 50.
2305 1526 2351 1559 ιε
2383 1519 2696 1591 Responsio
2739 1519 3014 1588 filiorum,
3042 1538 3116 1576 ne
3153 1522 3262 1577 hoc
3290 1523 3447 1579 ﬁeret
3474 1525 3717 1598 refragan-

459 1600 548 1655 38.
591 1596 958 1652 lnsidiatores
999 1615 1130 1654 suos
1169 1598 1408 1655 cecitatc
1449 1613 1767 1670 percussos,
1819 1597 2074 1668 itemque
2305 1605 2473 1660 tium,

591 1702 802 1741 caecam
830 1685 1136 1742 mulierem
1165 1686 1848 1753 illuminat,monachum
1870 1684 2074 1739 inobe-
2177 1697 2263 1750 51.
2307 1703 2353 1737 (ο
2383 1697 2528 1751 nam
2559 1697 2843 1754 excusatio
2879 1697 3140 1770 ejusdem
3161 1699 3341 1754 sancti
3364 1701 3479 1756 viri,

593 1774 850 1830 dientem
877 1776 1470 1848 paralisi,percussum
1503 1774 1791 1864 liberavit.
2097 1793 2149 1851 Β
2178 1785 2266 1838 52.
2310 1791 2353 1824 4⁷
2380 1783 2546 1848 Quod
2573 1786 2738 1840 multi
2773 1786 2898 1858 ejus
2931 1787 3208 1860 exemplis
3237 1789 3484 1845 seculum
3520 1790 3726 1864 relique-

593 1864 964 1920 Enumeratio
993 1865 1270 1921 virtutum
1291 1867 1413 1937 ejus
1443 1867 1502 1920 et
1525 1862 1825 1918 dormitio.
2309 1875 2467 1927 runt.

458 1953 549 2007 39.
591 1953 923 2007 Proemium
950 1953 1010 2007 in
1038 1953 1215 2009 vitam
1241 1953 1395 2009 beati
1419 1950 1701 2007 Remacli-
1833 1970 1844 1984 '
2178 1963 2268 2016 53.
2312 1962 2478 2027 Quod
2513 1965 2802 2019 crescente
2834 1963 3116 2037 religione
3147 1969 3448 2022 creverunt
3476 1969 3728 2024 resaaccle-

455 2041 547 2096 40.
589 2040 670 2095 De
684 2056 867 2111 regno
883 2041 1237 2097 Francorum
1256 2044 1314 2096 et
1327 2037 1660 2112 Aquitania,
1677 2039 1831 2094 unde
1850 2041 2080 2094 sanctus
2315 2051 2432 2107 sim,

585 2129 888 2185 Remaclus
907 2130 1198 2202 originem
1229 2130 1415 2188 duxit.
2180 2141 2270 2196 54.
2312 2140 2602 2197 Exortatio
2641 2139 2822 2196 sancti
2861 2141 3172 2198 sacerdotis
3200 2142 3275 2198 ad
3303 2143 3501 2199 fratres
3525 2143 3734 2201 instante

454 2215 544 2274 41.
587 2217 754 2282 Quod
776 2217 933 2273 idem
962 2235 997 2274 a
1024 2220 1194 2275 beato
1226 2217 1499 2290 Sulpitio,
1521 2215 1738 2273 dehinc
1755 2215 1858 2270 sub
1882 2215 2076 2288 Elegio
2312 2229 2403 2285 die
2425 2229 2755 2285 vocationis,

433 2293 438 2298 ’
588 2305 882 2374 educatus,
909 2306 1107 2377 palatii
1135 2305 1495 2378 primoribus
1527 2303 1880 2392 innotuerit.
2064 2389 2073 2392 Α
2176 2318 2268 2378 55,
2311 2319 2508 2376 Obitus
2536 2319 2728 2392 ipsius,

452 2394 544 2451 42.
584 2393 750 2458 Quod
777 2393 947 2450 beato
978 2395 1242 2451 Amando
1288 2393 1348 2450 in
1390 2392 1679 2449 kathedra
1727 2389 2078 2464 Trajectensi

1724 2559 2127 2617 EXPLICIUNT
2166 2560 2526 2618 CAPITULA.

717 2741 1022 2850 GESTA
1085 2739 1674 2848 PONTIFIGUM
1741 2739 2420 2849 TUNGRENSIUM
2499 2741 2714 2849 SlVE
2778 2743 3504 2852 LEODGIENSIUM.

1035 2953 1656 3046 PROEMIUM
1732 2954 2303 3044 OPUSCULI
2384 2957 3020 3058 SEQUENTIS
3093 2963 3184 3042 48.

525 3163 708 3218 Omnis
739 3159 1064 3232 antiquitas,
1089 3162 1152 3214 ut
1175 3158 1258 3214 ait
1293 3161 1595 3214 oratorum
1637 3155 1944 3222 maximus,
1974 3172 2075 3228 quo
2097 3163 2144 3223 C
2171 3156 2461 3225 tudinum,
2493 3157 2867 3232 antiquorum
2887 3178 3216 3219 memorare
3248 3163 3482 3221 inventa
3502 3164 3722 3219 virorum

443 3251 692 3322 proprius
712 3259 758 3292 ιο
788 3248 969 3303 aberat
997 3248 1064 3302 ab
1091 3251 1213 3302 ortu
1238 3253 1288 3300 et
1317 3245 1502 3300 divina
1521 3246 1798 3316 progenie,
1834 3244 1930 3298 hoc
1968 3261 2077 3297 me-
2392 3246 2590 3302 Vixere
2606 3249 2772 3318 fortes
2799 3257 2922 3305 ante
2948 3251 3364 3322 Agamemnona

449 3339 548 3393 lius
572 3356 631 3394 ea
645 3339 875 3408 fortasse
887 3351 1008 3408 quae
1020 3341 1176 3390 erant
1193 3351 1320 3389 vera
1337 3350 1484 3389 cerne
1492 3333 1580 3387 bat
1606 3341 1651 3374 ⁵ο
1675 3332 1824 3404 (23Ἷ)
1839 3349 1854 3398 ;
1872 3347 2008 3385 veru

1639 3341 1651 3374 ³
1675 3332 2072 3404 (237);verum
2381 3333 2570 3399 Multi,
2599 3337 2688 3391 sed
2717 3345 2762 3378 ⁸⁷
2784 3339 3203 3396 inlacrimabiles

455 3428 664 3498 angelo
688 3423 952 3480 Daniheli
1007 3424 1281 3477 narrante
1323 3421 1606 3488 novimus,
1639 3420 1774 3492 quia
1798 3425 2073 3491 pertrans—
2380 3421 2663 3495 Ignotique
2682 3434 2942 3494 urgentur
2964 3435 3010 3470 ss
3041 3428 3197 3499 longa

449 3514 602 3570 ibunt
620 3513 868 3584 plurimi,
899 3518 950 3566 et
968 3511 1240 3582 Multiplex
1269 3511 1367 3564 erit
1398 3511 1654 3563 sententia
1683 3516 1726 3549 ⁸1
1764 3507 1931 3579 (Dan.
1969 3523 2067 3574 xu,
2381 3510 2570 3578 Nocte,
2598 3519 2778 3570 carent
2806 3517 2932 3587 quia
2961 3521 3081 3572 vate
3108 3535 3260 3574 sacro
3301 3519 3466 3592 (240).

449 3603 522 3669 4),
556 3601 615 3655 in
647 3599 898 3672 antiquis
925 3598 1123 3670 utique
1143 3598 1375 3670 vigente
1406 3597 1654 3664 ratione,
1680 3595 1943 3652 veritatis
1971 3595 2060 3649 in-
2170 3597 2297 3652 Haec
2329 3601 2391 3652 ut
2417 3599 2586 3654 credo
2608 3603 2991 3672 perpendens,
3016 3605 3294 3662 abbatum
3313 3604 3737 3663 reverentissime

439 3686 766 3760 Idagatrice,
804 3689 862 3742 et
907 3686 1252 3758 perspicatia
1289 3686 1641 3748 futurorum,
1668 3685 1727 3739 in
1771 3683 2068 3739 modernis
2171 3685 2339 3756 (241),
2386 3690 2443 3740 et
2473 3687 2606 3758 quia
2635 3705 2864 3744 necesse
2895 3695 3000 3758 est,
3044 3699 3261 3765 quanto
3290 3696 3570 3767 juniores,
3603 3697 3736 3748 tanto

450 3793 585 3833 vero
617 3776 730 3832 fide
759 3775 1110 3831 credulitatis
1159 3783 1228 3842 δ’,
1279 3791 1457 3847 quam
1507 3774 1760 3845 primum
1811 3773 2066 3843 pollente
2168 3789 2288 3828 esse
2310 3774 2772 3846 perspicatiores:
2806 3778 3062 3834 obtulisti
3093 3781 3354 3838 libellum
3405 3785 3475 3839 de
3518 3784 3738 3838 vitatam

453 3881 588 3920 cum
631 3863 884 3936 plurima
926 3863 1166 3919 scientia
1200 3862 1650 3936 praeteritorum.
1695 3860 1806 3915 Illis
1845 3860 2068 3915 diutur-
2168 3862 2348 3917 nostri
2376 3879 2552 3935 quam
2586 3865 2754 3919 vestri
2783 3869 3034 3938 spetialis
3051 3873 3304 3941 patroni,
3330 3873 3530 3928 domui
3556 3890 3610 3928 se
3632 3871 3741 3925 licet

454 3955 605 4010 nitas
635 3954 785 4021 vitae,
815 3952 1110 4009 vetustatis
1127 3952 1421 4008 obducens
1441 3953 1649 4007 callum
1669 3949 1841 4021 (238),
1864 3949 2063 4020 cogni-
2168 3950 2951 4025 Remacli(242),conquestus
2965 3961 3204 4030 propter
3218 3960 3500 4016 incuriam
3519 3967 3691 4016 tamen
3703 3964 3740 3998 "

455 4043 675 4099 tionem
701 4041 968 4114 praestitit
997 4040 1259 4096 omnium
1289 4056 1517 4107 rerum;
1544 4037 1712 4094 nobis
1732 4041 1990 4103 econtra,
2163 4039 2653 4110 praedecessorum
2677 4045 2999 4100 vestrorum
3021 4055 3067 4088 σο
3087 4050 3243 4117 (243)
3259 4049 3491 4105 brevius
3514 4064 3671 4121 quam
3691 4049 3741 4100 ut

528 4130 670 4204 quod
696 4129 967 4188 callidus!"a
996 4131 1233 4200 sanguis,
1265 4125 1408 4201 quod
1434 4135 1480 4168 ιι
1510 4142 1689 4181 rerum
1720 4126 1994 4179 inscientia
2021 4134 2066 4166 ³³
2166 4143 2257 4181 res
2281 4129 2665 4198 expostularet
2708 4147 2810 4202 pro
2861 4135 3263 4204 magnitudine
3310 4141 3600 4208 gestorum
3639 4135 3738 4204 ejus

1525 4219 1725 4287 [versat
1755 4219 1802 4254 ⁸⁸
1831 4214 1994 4285 (239),
2167 4228 2287 4268 esse
2320 4214 2537 4270 editam
2563 4225 2630 4273 οι.
2662 4219 2961 4292 Simulque
2982 4222 3089 4278 visu

2172 4228 2287 4268 esse
2320 4214 2537 4270 editam
2563 4225 2630 4273 οι.
2662 4219 2961 4292 Simulque
2982 4222 3127 4278 visus
3161 4242 3242 4291 es,
3272 4243 3346 4280 ne
3364 4235 3410 4268 θ’
3434 4227 3612 4281 dicam
3630 4237 3736 4296 pre-

458 4306 684 4363 utinam
700 4323 818 4362 non
835 4305 1022 4361 avolet
1040 4305 1114 4360 ob
1129 4304 1367 4360 brevem
1383 4302 1560 4358 vitam
1578 4304 1637 4358 et
1654 4316 1852 4356 curam
1867 4299 2069 4355 sollici-
2167 4301 2306 4369 cari,
2337 4303 2437 4357 sed
2463 4305 2650 4376 potius
2689 4309 2999 4377 exhortari,
3042 4315 3104 4366 ut
3149 4329 3278 4368 eam
3334 4315 3491 4369 nullo
3521 4322 3564 4356 ω
3592 4311 3736 4366 modo

1782 4443 2011 4497 VABIIE
2047 4441 2338 4499 [ΕΟΤίοΝ
2345 4445 2444 4499 ES.

539 4579 586 4612 ιο
606 4570 967 4625 Gaudensem
998 4572 1046 4623 l.
1152 4577 1194 4610 ιι
1228 4566 1475 4622 cateciza
1506 4569 1560 4622 3.
1650 4573 1695 4606 η
1726 4579 1979 4620 sesmara
2000 4568 2051 4620 2.
2073 4567 2132 4623 3.
2169 4633 2173 4634 ί
2231 4573 2276 4607 48
2304 4565 2440 4622 deest
2470 4585 2718 4624 numerus
2748 4574 2805 4625 3.
2899 4584 2942 4614 η
2967 4574 3188 4629 XLVIII.
3220 4579 3272 4634 3.
3367 4587 3414 4620 ιδ
3445 4577 3667 4632 XLVllll.
3695 4575 3735 4627 3.

467 4651 512 4683 ιο
540 4641 678 4695 deest
701 4657 953 4694 numerus
984 4640 1036 4693 3.
1114 4647 1157 4681 η
1191 4639 1251 4710 L.
1278 4642 1419 4710 3._et
1443 4641 1517 4710 ita
1538 4636 1796 4705 deinceps.
1874 4643 1920 4676 ιδ
1952 4636 2013 4710 Ρ.
2050 4633 2201 4690 libri.
2233 4639 2286 4710 2.
2365 4647 2409 4678 ιο
2431 4641 2696 4710 proprius
2726 4645 2770 4695 l.
2801 4645 2852 4699 2.
2879 4645 2930 4698 3.
3007 4654 3054 4688 ⁸ο
3082 4648 3360 4702 cernebat
3378 4649 3508 4704 Sur.
3536 4647 3739 4705 σκιρα-

467 4713 704 4767 nebant.
756 4715 806 4765 1.
840 4714 895 4765 2.
942 4711 995 4763 3.
1072 4717 1130 4780 't
1160 4707 1400 4763 scientia
1440 4707 1727 4780 Surita__e_.
1787 4722 1924 4780 corr.
1971 4709 2052 4780 2;
2101 4713 2147 4746 δ’
2184 4709 2296 4777 qui,
2342 4716 2404 4761 ut
2431 4707 2497 4780 'i.
2541 4707 2592 4767 3.
2626 4711 2824 4780 legunt,
2867 4716 3218 4771 crudelitatis
3255 4719 3500 4774 habuisse
3545 4717 3736 4772 videtur.

463 4792 511 4824 ω
554 4781 791 4836 callidus
818 4797 954 4834 corr.
990 4778 1204 4834 calidus
1243 4783 1302 4834 2.
1346 4795 1488 4850 quos
1522 4781 1600 4832 at.
1650 4775 1943 4850 lidus_§'ur
1987 4775 2094 4850 (ΙΙι.Δ
2185 4775 2229 4850 εξ
2280 4795 2421 4850 quos
2460 4779 2594 4836 Sur.
2649 4775 2749 4837 Ch.
2813 4775 2872 4824 ’δι
2919 4786 3218 4842 inscientia
3258 4807 3403 4848 corr.
3448 4789 3656 4845 inscitia
3695 4788 3738 4838 2.

463 4861 510 4894 ιο
535 4852 766 4921 Recepta
805 4851 1055 4932 lectionest
1085 4853 1289 4932 vexat“;
1316 4846 1999 4932 versatoctcurrit‘Yencta
2031 4846 2094 4900 ed
2119 4846 2370 4932 principe
2396 4849 2644 4932 goratii.
2708 4857 2952 4932 {temnit
2978 4873 3218 4932 omnes.
3252 4868 3301 4901 ⁸⁸
3325 4846 3461 4932 Urg.
3498 4862 3593 4932 ig.,
3619 4856 3738 4932 Ηρῖ.

462 4931 508 4964 η
535 4916 740 4975 ῑεηιΒ.
773 4925 822 4975 1.
853 4925 906 4975 2.
939 4919 998 4974 C.
1057 4929 1103 4963 60
1126 4923 1202 4975 ita
1239 4922 1278 4975 Β
1310 4923 1359 4976 1.
1400 4922 1453 4978 2,
1483 4918 1543 4974 C.
1573 4917 1707 4973 Sur.
1740 4916 1843 4975 0h.
1871 4916 2210 4972 nostrorum
2245 4923 2263 4973 1
2291 4916 2313 4976 .“
2343 4924 2396 4976 2.
2418 4924 2468 4976 3.
2525 4931 2570 4964 οι
2599 4923 2883 4979 eruditam
2908 4926 3036 4983 Sur.
3089 4937 3137 4971 θ’
3169 4931 3228 4984 ut
3261 4947 3336 4985 ne
3361 4916 3492 4987 Sitr.
3516 4916 3591 4971 υθέ
3609 4927 3738 4982 nullo

461 5009 604 5048 corr.
638 5007 755 5046 non
787 4995 840 5047 2.
867 4990 998 5049 Sur.

2003 5104 2228 5160 NOTAE.

525 5231 679 5306 (237)
707 5231 1154 5314 Qiqerg'Tuscul,
1183 5229 1394 5314 dispnt‘.
1437 5233 1478 5299 Ι,
1524 5227 1860 5314 ἕῖἔςΕἶ-ιάθῐῐι
1894 5226 2066 5314 verba
2095 5232 2149 5292 D
2242 5229 2390 5304 (241)
2427 5233 2804 5293 Werinl‘ridus
2862 5239 3241 5310 Stabulensis;
3293 5241 3422 5298 vide
3476 5237 3734 5314 praefatio-

453 5297 761 5362 recurrunt
790 5304 848 5358 in
878 5301 1138 5375 Herigeri
1183 5297 1426 5374 epistola
1466 5297 1548 5357 ad
1587 5300 1912 5372 Hugonem,
1956 5297 2062 5352 cfr.
2167 5297 2328 5375 nem.

450 5377 679 5454 prmia}.
705 5446 748 5454 _
889 5446 905 5454 _
1024 5373 1110 5454 '__
1157 5373 1236 5454 μέν
2417 5373 2534 5454 _C_fr_.
2569 5392 2698 5454 qua:
2720 5377 2965 5454 diximus
2987 5381 3044 5436 in
3081 5383 3444 5454 prmfatione.

705 5446 1008 5528 Insculan.
1036 5447 1130 5528 II_I,
1148 5449 1298 5528 22.“
2161 5515 2203 5528 ﬁ
2233 5445 2768 5528 (243)_‘S_tabulensis
2813 5454 2899 5528 est
2941 5445 3256 5510 monachus
3302 5456 3401 5528 qui
3445 5452 3650 5528 primus
3679 5449 3727 5512 S.

521 5515 664 5594 (ηεξ)
705 5517 902 5594 gora.
939 5519 1038 5594 EB.
1070 5515 1121 5594 LV
1146 5521 1199 5594 ἃ,
1234 5518 1323 5594 (ᾗ,
2161 5515 2415 5574 RemaCli
2445 5518 2632 5574 Vitam
2665 5519 2903 5594 scripsit.

521 5585 668 5662 (240)
709 5589 904 5646 Horat.
934 5585 1038 5651 Od.
1062 5585 1125 5653 4’.
1161 5591 1216 5659 9,
1248 5585 1338 5646 25.
