3910 6174
275 384 389 442 1005

1345 379 1671 442 HERIGERI
1699 380 1918 442 GESTA
1944 383 2163 446 EPISC.
2195 384 2402 452 LEOD.

3395 390 3532 455 1006

270 500 545 577 exemplari
570 509 634 569 ιι,
657 517 858 560 verum
876 501 1171 577 aliquanto
1183 510 1230 547 οι
1254 503 1498 577 lepidius
1523 507 1824 564 umauda-
1849 511 1906 570 A
1925 511 2044 570 rexi
2078 532 2092 581 ;
2124 513 2297 586 longe
2327 511 2560 587 quidem
2591 529 2724 571 mea
2751 510 3039 571 sententia
3067 513 3142 573 ab
3167 515 3414 574 oratoris
3434 519 3535 576 ob.

266 613 370 651 rem
405 593 578 666 polliri
604 600 678 661 07;
714 596 840 647 tum
876 593 1030 665 quod
1069 596 1364 666 gestorum
1408 595 1556 650 illius
1593 596 1826 652 aliunde

266 686 589 755 sumpturum
628 681 893 754 subpetat.
923 681 1112 753 copia,
1143 684 1269 737 tum
1297 683 1453 754 quod
1467 686 1822 755 temporum,

262 788 477 844 quorum
505 769 790 825 diversitas
815 787 968 826 nunc
992 770 1244 827 maxime
1273 771 1414 827 scito
1463 779 1510 816 οδ
1541 789 1686 844 opus
1715 777 1822 842 est,

262 879 316 916 ex
341 858 623 915 cartulario
644 861 830 914 vestro
871 877 989 915 non
1013 859 1158 915 desit
1182 860 1416 920 noticia.
1446 861 1560 917 Sed
1588 862 1663 917 ad
1699 863 1824 919 hinc

260 951 379 1006 dum
407 954 458 1005 te
484 966 608 1005 cum
641 949 751 1006 tuis
796 949 1063 1006 omnium
1103 948 1320 1006 arcium
1365 952 1672 1024 praesulem
1707 968 1823 1008 esse

259 1040 536 1104 constaret,
567 1038 819 1111 illudque
846 1037 1098 1093 Pierium
1128 1038 1326 1094 animo
1367 1043 1667 1096 occureret
1697 1055 1713 1096 :

561 1143 628 1198 In
651 1144 838 1200 silvam
867 1161 932 1200 ne
962 1145 1106 1214 ligna
1129 1145 1274 1215 feras
1306 1146 1450 1216 (244)
1482 1145 1496 1200 !

262 1259 352 1310 et:

252 1362 308 1416 In
332 1378 464 1415 mare
492 1359 619 1433 quid
634 1361 820 1432 pisces.
857 1358 985 1430 quid
1013 1375 1179 1431 aquas
1210 1361 1266 1412 in
1296 1360 1526 1427 ﬂumina
1550 1368 1596 1402 σο
1625 1361 1826 1416 mittis?

249 1451 538 1521 Suspensum
568 1454 764 1502 interea
795 1447 988 1502 librare
1006 1447 1213 1502 silentia
1243 1455 1289 1489 το
1318 1455 1543 1504 mentem
1572 1448 1746 1522 (245).

247 1540 528 1610 coeperant,
554 1554 686 1592 cum
701 1552 830 1593 ecce
850 1523 1195 1592 inemoriam
1217 1535 1567 1602 offendebat,
1590 1537 1725 1609 quia
1745 1537 1824 1592 vi-

248 1643 324 1680 res
349 1643 478 1696 quas
501 1625 792 1697 imperitia
835 1624 1105 1696 denegat,
1144 1625 1359 1680 karitas
1407 1624 1718 1692 ministrat,
1756 1629 1816 1681 et

245 1712 590 1786 quiaincepto
613 1716 843 1768 tantum
869 1728 1011 1782 opus
1033 1715 1136 1777 est,
1153 1715 1342 1766 cetera
1364 1729 1456 1767 res
1467 1713 1730 1785 expediet
1748 1722 1816 1769 τί.

1924 601 2050 656 timi
2081 610 2128 644 8°
2145 603 2291 675 (250)
2315 603 2650 658 excellentia
2681 619 2775 658 me
2805 607 2961 658 ratus
2985 603 3238 674 differre,
3273 607 3374 680 qui
3403 608 3532 680 plu-

1926 690 2078 745 rima
2104 691 2302 764 paucis
2353 692 2670 759 absolvere,
2700 708 2883 764 pauca
2916 692 3181 765 plurimis
3215 697 3530 766 protelare,

1924 779 2015 834 vel
2046 795 2262 851 magna
2290 783 2623 847 extenuare,
2656 779 2911 836 maxima
2940 797 2972 836 e
3001 781 3260 838 minimis
3275 783 3530 855 efﬁcere,

1925 870 2042 923 lata
2065 871 2327 941 anguste,
2353 873 2597 940 angusta
2636 869 2771 936 late,
2802 869 3036 941 vulgata
3069 870 3328 928 dicenter
3355 875 3528 946 (25l),

1926 957 2176 1012 dicentia
2227 966 2272 1000 εί
2325 957 2808 1025 intellectualiter,
2849 974 2998 1014 nova
3035 959 3262 1029 usitate,
3317 961 3532 1020 usitata

1926 1062 2093 1112 nove,
2121 1047 2180 1101 et
2209 1045 2268 1101 id
2297 1053 2344 1088 θ’
2369 1061 2550 1118 genus
2577 1045 2765 1102 valeat
2786 1045 3039 1118 plurima
3053 1047 3330 1119 delibare,
3357 1050 3450 1107 cui
3466 1053 3528 1107 et

1927 1151 1960 1189 a
1989 1137 2162 1205 poeta
2190 1133 2521 1206 prmeipitur
2551 1150 2566 1189 :

1927 1223 2048 1278 Aut
2069 1223 2278 1292 famam
2301 1239 2531 1295 sequere,
2555 1229 2651 1278 aut
2676 1221 2781 1278 sibi
2804 1225 3170 1282 convenientia
3194 1225 3337 1298 ﬁnge
3349 1225 3528 1302 (252).

1927 1311 2039 1366 Nec
2066 1315 2129 1366 ut
2159 1312 2405 1367 scolares
2430 1311 2617 1384 posito
2659 1313 2940 1382 themate,
2984 1313 3190 1386 quibus
3233 1315 3418 1372 verbis
3448 1316 3532 1374 uti

1927 1399 2136 1471 potuit,
2169 1400 2266 1472 qui
2295 1399 2565 1472 injuriam
2591 1416 2788 1472 passus
2813 1405 2918 1469 est,
2947 1403 3036 1457 vel
3066 1401 3162 1458 ille
3191 1403 3287 1476 qui
3313 1403 3530 1474 intulit,

1929 1487 2145 1560 aliquid
2189 1488 2456 1544 tinximus
2507 1488 2796 1558 frivolum,
2851 1489 3036 1546 immo
3068 1508 3174 1546 nec
3227 1508 3532 1566 creperum

1929 1577 2098 1649 (253).
2132 1577 2297 1641 Quod
2328 1577 2432 1632 etsi
2460 1577 2997 1650 eloquentissimum
3015 1579 3308 1653 quendam
3334 1581 3532 1638 dicen-

1930 1668 2049 1720 tem
2079 1666 2220 1738 quod
2257 1673 2308 1720 et
2339 1669 2390 1720 si
2428 1666 2559 1734 haec,
2592 1665 2798 1739 inquit,
2835 1674 3056 1740 uterque
3099 1686 3209 1724 non
3241 1669 3407 1737 dixit,
3444 1677 3531 1726 ta-

1929 1769 2048 1808 men
2079 1755 2131 1808 in
2164 1761 2282 1808 voto
2312 1754 2501 1810 habuit
2531 1759 2580 1810 et
2610 1756 2667 1809 in
2697 1761 2822 1812 actu
2857 1757 3103 1823 ostendit,
3140 1757 3346 1813 sectari
3375 1773 3532 1814 com-

244 1801 398 1873 Igitur
419 1802 653 1856 adorsus
667 1818 816 1868 sum,
847 1805 902 1856 et
926 1805 986 1854 ut
1006 1800 1193 1855 verbis
1220 1800 1518 1871 cujusdam
1544 1801 1820 1874 sapientis
1855 1815 1908 1874 Β
1931 1800 2226 1897 démn']
2282 1800 2499 1897 nulli;

245 1892 355 1916 ut-..
383 1892 430 1916 ..ι
463 1907 522 1916 ..-
553 1889 652 1916 ειιη
679 1891 954 1916 ...ηιηιηηη
994 1905 1081 1916 ...η
1111 1888 1288 1916 nn-..“
1317 1897 1364 1916 ιη
1402 1890 1598 1916 in"-..
1665 1914 1686 1916 _,
1719 1907 1780 1916 ..-
2238 1884 2251 1909 ν
3513 1886 3531 1903 ⁸

245 1892 355 1944 utar
381 1892 434 1944 et
461 1907 524 1944 ex
553 1889 654 1944 illo
675 1891 958 1962 quantum
993 1905 1084 1944 res
1109 1888 1292 1961 poscit
1317 1897 1364 1930 τί
1402 1890 1625 1957 tollam,
1659 1914 1686 1940 ‹‹
1716 1907 1820 1946 ex-

245 1978 539 2033 hortatione
558 1981 681 2044 tua,
697 1995 825 2050 quae
842 1981 898 2032 et
911 1977 1208 2048 praesentis
1222 1977 1520 2032 honestate
1542 1979 1819 2050 propositi

245 2070 291 2119 et
307 2065 498 2121 futuras
520 2067 708 2121 aztatis
733 2066 976 2121 utilitate
1013 2067 1325 2137 conjuncta
1356 2069 1462 2132 est,
1501 2066 1644 2120 nihil
1675 2067 1820 2122 anti-

241 2154 382 2225 quius
408 2162 452 2196 τι
482 2155 826 2210 existimavi.
863 2177 890 2203 »
920 2155 987 2208 Et
1011 2170 1084 2209 ne
1110 2153 1512 2209 auctoritatem
1541 2154 1819 2227 diffugere

241 2241 456 2305 viderer,
470 2243 520 2297 ei
538 2243 772 2297 muneri
785 2250 829 2284 τι
844 2241 1118 2298 libentius
1136 2241 1421 2314 adquievi.
1442 2243 1822 2299 Prsesumenti

239 2331 373 2386 enim
401 2332 711 2386 auctoritas
736 2331 924 2398 datur,
959 2331 1098 2386 dum
1113 2338 1160 2372 τι
1186 2330 1368 2385 credit
1383 2331 1820 2403 prmstariposse

239 2420 371 2490 quod
396 2420 638 2490 petitur;
657 2421 713 2474 et
735 2435 938 2490 parere
955 2419 1119 2486 scire,
1145 2418 1385 2490 aequalis
1398 2424 1482 2474 est
1493 2420 1821 2491 gloriacum

237 2507 551 2579 imperante.
574 2509 857 2563 Fecerant
870 2507 1023 2575 idem
1034 2507 1383 2579 jamdudum
1395 2512 1566 2564 aetate
1583 2526 1822 2564 venera-

239 2594 359 2649 biles
384 2595 682 2652 Hilduinus
712 2595 888 2651 abbas
920 2596 976 2650 in
1025 2596 1289 2667 passione
1338 2596 1519 2650 sancti
1569 2597 1822 2668 Dyonisii

245 2685 397 2754 (246),
428 2684 784 2740 Hincmarus
837 2683 1298 2756 archiepiscopus
1355 2685 1412 2740 in
1469 2684 1596 2739 Vita
1646 2685 1828 2740 sancti

240 2771 711 2845 Remigii(2~i7),et
731 2773 824 2828 alii
847 2790 1021 2844 quam
1036 2772 1266 2845 plurimi
1295 2773 1353 2827 in
1373 2790 1491 2828 non
1510 2789 1826 2844 paucorum

238 2863 594 2933 compilandis
623 2861 802 2934 gestis
822 2866 1172 2918 sanctorum.
1195 2862 1414 2926 Quibus
1437 2863 1763 2919 auctoribus
1779 2871 1826 2905 τε

239 2950 477 3020 optinere

234 3038 393 3094 causis
417 3044 474 3094 et
497 3041 653 3095 solet
685 3041 743 3094 et
773 3039 947 3094 debet
974 3041 1162 3094 valere
1201 3039 1536 3110 plurimum.
1572 3043 1714 3096 Nam

234 3125 529 3200 Numquam
560 3130 649 3184 ita
690 3129 976 3199 quisquam
1020 3128 1140 3182 bene
1183 3129 1443 3184 subducta
1492 3133 1698 3186 ratione
1753 3131 1824 3185 ad

1363 3221 1553 3292 [vitam
1583 3223 1713 3292 fuit,

237 3324 364 3390 Quin
410 3344 512 3396 res,
563 3335 723 3395 aetas,
762 3344 886 3382 usus
934 3343 1138 3400 semper
1179 3328 1386 3400 aliquid
1429 3336 1670 3400 apportet
1727 3343 1822 3382 no-

1444 3421 1518 3488 [vi
1546 3420 1705 3488 (248).

297 3523 356 3576 Et
381 3541 450 3578 ne
475 3525 567 3578 hic
598 3523 788 3590 labor,
821 3523 916 3595 qui
944 3527 1000 3578 te
1031 3523 1378 3579 adhortante
1408 3529 1698 3596 susceptus
1717 3532 1821 3591 est,

228 3609 479 3667 inferacis
506 3611 705 3684 operis
723 3620 772 3653 το
788 3612 889 3666 fiat
915 3627 929 3666 :
953 3629 1070 3666 non
1103 3613 1226 3684 ejus
1242 3613 1416 3668 modo
1439 3614 1599 3684 cujus
1620 3613 1824 3668 memi-

227 3699 422 3768 nimus,
455 3700 646 3756 sancti
683 3699 897 3754 scilicet
929 3701 1202 3768 Remacli,
1234 3717 1434 3756 verum
1473 3705 1819 3758 cmterorum

224 3792 420 3844 nostra:
451 3790 605 3845 sedis
636 3788 977 3860 pontificum
991 3793 1256 3860 tempora
1278 3792 1335 3844 et
1351 3791 1532 3861 gesta,
1555 3806 1683 3860 quae
1707 3807 1812 3844 un-

223 3875 530 3951 decumque
560 3882 809 3952 potuere
840 3877 1107 3946 Conradi,
1137 3878 1210 3933 ad
1240 3881 1436 3934 nostra
1462 3895 1638 3950 usque
1670 3880 1815 3932 tem-

221 3979 350 4032 pora
372 3967 601 4040 collegi,
644 3972 702 4022 et
721 3968 880 4039 cujus
908 3968 1269 4038 potissimum
1310 3968 1622 4022 anhelabas
1664 3967 1808 4022 desi-

216 4051 381 4123 derio,
415 4056 591 4112 vitam
629 4055 767 4111 inde
817 4059 1116 4128 exceaptm
1145 4055 1312 4125 (249),
1345 4056 1490 4112 votis
1517 4057 1630 4112 tuis
1671 4073 1803 4128 por-

1929 1932 2139 1986 Verum
2168 1932 2290 1987 haec
2321 1931 2476 1987 alias.
2506 1932 2644 2000 Misi,
2686 1932 2947 2006 inquam,
2990 1934 3224 1990 karitati
3254 1939 3367 1993 tua:
3407 1951 3532 1992 mu-

1931 2037 2058 2086 nus,
2091 2019 2246 2092 quod
2268 2019 2458 2074 minus
2487 2028 2533 2063 ³³
2565 2020 2802 2093 quidem
2832 2021 3151 2078 effitientiaa
3199 2023 3530 2093 securitate,

1924 2107 2176 2162 maxime
2203 2111 2398 2163 autem
2429 2113 2757 2179 susceptum
2771 2109 3530 2182 amicitiaeprtesumptione.

1921 2198 2127 2270 Magna
2157 2205 2202 2240 ει
2236 2198 2454 2254 etenim
2477 2197 2534 2252 in
2550 2197 2877 2253 difficillimi
2907 2199 3098 2272 Operis
3126 2215 3294 2256 cursu
3315 2208 3362 2243 ³⁸
3384 2201 3533 2256 ami-

1923 2286 2072 2342 citiai
2117 2294 2164 2329 ⁸⁸
2195 2286 2609 2358 contemplatio
2669 2287 2918 2358 supplet,
2976 2289 3036 2342 et
3078 2287 3304 2359 placere
3347 2290 3532 2346 multa

1923 2391 2076 2445 saepe
2122 2390 2319 2430 rerum
2365 2372 2532 2446 copia
2577 2373 2927 2446 suppeditat.
2961 2374 3124 2430 Unde
3170 2375 3302 2432 licet
3329 2393 3532 2433 verear

1928 2463 2143 2517 nedum
2158 2462 2476 2535 imperator
2487 2470 2532 2505 ετ
2551 2461 2781 2517 muneri
2795 2470 2841 2504 ⁸⁸
2853 2478 2958 2534 par
2975 2479 3262 2536 nequeam
3278 2465 3529 2533 esse,de-

1927 2551 2172 2607 ﬂcientis
2193 2553 2360 2624 culpa
2385 2551 2442 2606 in
2465 2550 2825 2607 adhortantis
2851 2559 2896 2594 ³ο
2926 2552 3093 2607 cedat
3117 2551 3391 2622 injuriam
3413 2569 3426 2606 :
3450 2556 3533 2608 ta-

1931 2657 2068 2695 men
2115 2657 2247 2696 cum
2279 2644 2440 2695 tuam
2487 2643 2682 2711 specto
2731 2639 3207 2707 benivolentiam,
3255 2641 3318 2697 tlt
3354 2657 3533 2696 omne

1929 2745 2179 2802 pronum
2211 2732 2270 2784 et
2293 2729 2479 2796 facile,
2512 2733 2569 2783 et
2594 2732 2658 2784 ut
2680 2727 2760 2784 ita
2779 2728 2968 2784 dicam
3009 2729 3436 2801 voluptuarium
3463 2739 3534 2797 90,

1928 2817 2085 2889 quod
2117 2817 2174 2871 in
2207 2820 2319 2872 tua:
2333 2815 3084 2889 jocunditat‘simpenditur
3102 2817 3532 2888 praescriptum.

1927 2906 2043 2959 Hoc
2068 2908 2263 2960 autem
2294 2921 2539 2959 munere
2567 2903 2832 2975 impenso
2854 2903 3159 2960 sollicitum
3193 2907 3251 2960 te
3289 2905 3535 2961 reddere

1032 2951 1042 2961 .
1117 2951 1127 2961 .
1469 2953 1479 2962 .
1701 2953 1710 2962 .
1927 2951 2041 2959 --η
2069 2951 2263 2960 πη---
2295 2951 2538 2959 --._-----
2568 2951 2828 2975 --ηρ---
2854 2951 3159 2960 --..----_-_
3197 2951 3251 2960 η
3289 2951 3533 2961 ---πη

507 2955 1160 3065 Ϊῖιῖῗδῗ.“¹ζ¹λ¹ἱ⁵,ἷ³ῗῖ¹ἔῖ¹ὶῗ
1189 2951 1524 3065 ἶῗξηίὲξὶῗῗῖἷῗ
1553 2952 1823 3065 Tim”
1857 2973 2138 3065 Ccupio;
2171 2993 2307 3065 quia
2333 2993 2374 3047 si
2429 2992 2568 3064 quid
2617 3009 2862 3064 operum
2906 2996 3138 3048 tuorum
3183 2992 3533 3064 quandoque

1928 3082 2289 3154 postulavere
2314 3089 2382 3148 οι,
2415 3079 2657 3152 injurius
2676 3079 2821 3134 mihi
2840 3079 3034 3147 fueris,
3061 3079 3109 3134 si
3131 3079 3388 3151 negabis.

1929 3169 2184 3242 Quisquis
2202 3187 2398 3241 magna
2413 3169 2577 3237 dedit,
2605 3169 2772 3222 voluit
2787 3168 2890 3223 sibi
2906 3185 3101 3236 magna
3123 3171 3322 3222 remitti
3353 3168 3532 3240 (254).

1927 3257 2028 3313 Set
2057 3275 2175 3312 non
2202 3260 2551 3329 arrogantur
2579 3266 2626 3299 οι
2655 3273 2892 3328 magna,
2933 3255 3148 3328 quippe
3172 3254 3284 3310 tuis
3315 3256 3536 3310 meritis

1926 3351 1984 3402 et
2035 3346 2243 3402 nostris
2287 3346 2434 3401 votis
2481 3345 2746 3418 imparia,
2793 3348 3148 3418 quapropter
3193 3343 3536 3400 oblatrantis

1926 3453 2153 3492 morsus
2183 3435 2362 3490 timeo
2383 3434 2633 3502 invidim,
2667 3435 2802 3507 quia
2826 3433 2886 3488 in
2913 3431 3131 3488 difﬁcili
3158 3448 3221 3487 re
3247 3431 3413 3487 facile
3442 3448 3536 3487 so-

1926 3526 2005 3579 let
2027 3525 2169 3580 livor
2198 3522 2596 3596 prmjuditium
2634 3523 2975 3594 importare.

1924 3613 2169 3687 Denique
2194 3631 2302 3668 non
2339 3630 2517 3668 omnes
2543 3613 2724 3669 eadem
2751 3613 3021 3666 mirantur
3049 3616 3338 3683 amantque
3359 3609 3536 3683 (255).

1925 3703 2099 3774 Ergo.

1993 3791 2122 3845 Non
2158 3792 2274 3846 istic
2299 3791 2508 3863 obliquo
2539 3790 2688 3846 oculo
2713 3807 2829 3844 mea
2858 3789 3082 3844 famina
3109 3789 3345 3861 quisquis
3383 3797 3430 3830 σε

1991 3878 2184 3947 Limet,
2219 3896 2326 3932 non
2368 3879 2486 3933 odio
2527 3879 2746 3933 obscuro
2795 3893 3073 3948 morsuque
3108 3881 3322 3931 venenet
3350 3875 3530 3946 (256).

1921 3966 2034 4022 Sed
2050 3971 2132 4034 tu,
2157 3969 2322 4039 pater
2339 3967 2690 4034 beatissime,
2704 3966 2820 4022 mei
2841 3968 3282 4041 laboristumque
3303 3961 3518 4031 adhor-

1926 4055 2164 4111 tationis
2187 4059 2437 4111 assertor
2461 4064 2528 4123 οι,
2544 4071 2742 4111 caveas
2762 4072 3030 4115 securum
3061 4068 3107 4103 ’⁸
3130 4065 3532 4134 meperactum

1517 4153 1752 4208 VARI/E
1804 4152 2204 4210 LECTIONES.

277 4259 317 4330 ξι
347 4251 670 4330 examplari
702 4270 843 4330 corr.
877 4253 1193 4330 exemplari
1224 4255 1276 4308 2.
1341 4260 1388 4294 οι
1414 4251 1724 4330 aliquando
1755 4252 2228 4330 c_o_rr.haliquantno
2254 4254 2333 4330 2._
2385 4251 2689 4330 “lipidius
2722 4257 2771 4308 l.
2808 4261 2864 4330 01
2887 4254 3077 4330 polliri
3098 4274 3236 4314 corr.
3266 4257 3436 4330 poliri
3479 4243 3537 4318 2;

217 4323 352 4390 cujus
378 4323 736 4380 correctiones
765 4323 1026 4395 ejusmodi
1055 4341 1158 4379 non
1187 4340 1363 4395 omnes
1390 4323 1569 4395 attuli.

215 4397 252 4466 1}
296 4396 561 4466 expediat
594 4399 650 4450 3.
710 4465 713 4466 ν
747 4393 796 4436 τέ
823 4412 879 4466 p.
915 4412 1116 4450 acervo
1146 4398 1200 4466 ﬁt.
1233 4394 1366 4451 Sur.
1396 4393 1496 4450 Ch.

1647 4331 1694 4365 σε
1725 4323 1866 4377 scitu
1887 4322 2047 4380 Sur._
2095 4330 2141 4364 σθ
2173 4322 2414 4377 ﬂumine
2443 4322 2578 4379 L2.
2611 4327 2662 4379 3.
2721 4333 2770 4366 το
2800 4322 3027 4382 silentia
3053 4345 3191 4383 corr.
3225 4322 3464 4386 scientia
3487 4336 3538 4387 1.

1594 4401 1640 4464 ἰδ
1679 4393 1907 4464 antiqus
1941 4397 1989 4447 l.

2093 4401 2140 4434 τι
2171 4394 2247 4466 ita
2279 4411 2324 4449 e.
2356 4411 2493 4448 corr.
2537 4399 2588 4450 2.
2621 4398 2718 4466 qui
2745 4397 2973 4452 numeri
3016 4405 3074 4452 ut
3113 4403 3147 4454 2
3189 4401 3430 4456 habuisse
3462 4404 3540 4457 vi—

216 4460 378 4518 detur:
415 4465 720 4520 numerari
755 4460 841 4520 1.’
880 4474 928 4508 τι
962 4482 1096 4519 cum
1125 4465 1257 4520 Sur.
1335 4473 1382 4506 ⁷ο
1415 4460 1850 4520 auctoritatibus
1879 4466 1918 4518 Β
1956 4469 2004 4519 1.
2082 4473 2128 4506 76
2172 4465 2249 4516 ita
2288 4481 2427 4519 corr.
2463 4469 2514 4521 2.
2550 4460 2797 4528 optineri
2841 4471 2889 4521 1.
2925 4472 2974 4523 3.
3011 4471 3050 4523 Β
3099 4474 3149 4528 1.
3185 4471 3245 4526 C.
3275 4473 3320 4525 D
3358 4475 3405 4527 1.
3458 4476 3536 4527 1⁶.

217 4539 254 4606 ξε
280 4537 578 4606 oportunis
611 4537 673 4592 C.
749 4545 795 4579 ἰο
823 4539 898 4591 ita
924 4553 1066 4592 corr.
1103 4540 1154 4591 2.
1186 4536 1422 4590 inferaei
1455 4552 1684 4606 semper
1713 4539 1760 4588 l.
1798 4538 1849 4589 3.
1891 4535 2224 4606 iniferaciter
2253 4534 2354 4589 ﬁat
2380 4533 2512 4594 Sur.
2543 4533 2643 4590 Ch.

216 4604 259 4654 3.
289 4604 405 4660 dce.
439 4638 508 4646 —
535 4607 666 4671 dec.
701 4606 800 4664 Ch.

215 4687 344 4742 gnas
370 4676 503 4733 Sur.
584 4687 634 4720 ⁸⁵
664 4679 809 4733 vires
839 4678 988 4731 addit

2721 4546 2767 4579 80
2800 4538 2975 4600 primi
3010 4539 3142 4595 Sur.
3219 4551 3264 4584 εί
3297 4543 3371 4596 ita
3406 4547 3454 4597 l.
3479 4547 3533 4600 2.

882 4617 927 4649 δε
954 4609 1016 4660 ut
1046 4607 1289 4678 precipit
1311 4605 1596 4678 postadd.’
1618 4610 1672 4660 2.
1749 4615 1800 4678 88‘
1821 4608 1895 4659 ita
1926 4605 2124 4661 Surius
2145 4633 2161 4671 ,-
2183 4605 2323 4659 deest
2352 4607 2408 4658 in
2435 4608 2679 4678 omnibus
2709 4605 2859 4663 codd.
2896 4627 3013 4665 non
3045 4628 3182 4667 corr.
3218 4616 3270 4667 2.
3349 4621 3394 4655 ει
3417 4631 3536 4669 ma-

1006 4625 1016 4660 ;
1086 4625 1289 4678 l‘eClpll.
1311 4625 1426 4678 post
1455 4625 1580 4663 aaa.
1618 4625 1672 4660 2.
1749 4625 1794 4647 οδ
1821 4625 1895 4659 ita
1926 4625 2124 4661 burrus
2145 4633 2161 4671 ,-
2183 4625 2323 4659 aeesz
2352 4625 2408 4658 in
2435 4625 2679 4662 ommous
2709 4625 2859 4663 coaa.
2896 4627 3013 4665 non
3045 4628 3182 4667 corr.
3218 4625 3270 4667 2.
3349 4625 3394 4655 ⁸⁸
3417 4631 3533 4669 ma-

1006 4625 1137 4734 .Sfur.
1215 4686 1260 4718 ⁸⁸
1283 4677 1549 4732 amicitim
1585 4682 1634 4733 1.
1711 4684 1755 4718 ⁸⁷
1789 4675 2006 4747 impato
2045 4681 2093 4731 1.
2171 4683 2217 4718 ⁸8
2248 4677 2474 4731 numeri
2507 4680 2559 4734 3.
2636 4687 2681 4721 ⁸ο
2712 4679 3090 4737 adhortandis
3119 4685 3170 4737 3.
3247 4692 3295 4725 9°
3325 4685 3533 4738 volun-

215 4747 408 4823 tarium
431 4752 484 4803 3.
513 4749 650 4804 Sur.
727 4758 770 4790 οι
801 4750 1230 4823 expostulavero
1259 4748 1404 4823 Sur._
1470 4752 1821 4823 9{arrogant
1852 4752 1908 4813 2,
1941 4747 2184 4823 3.VSur._
2231 4755 2279 4789 οι
2309 4747 2475 4821 quisq
2504 4752 2556 4803 2.
2593 4751 2643 4807 3.
2670 4749 2973 4823 quisquam
2999 4753 3140 4811 Sur.
3223 4762 3269 4797 ἰ
3299 4754 3530 4810 ati'erior

216 4815 260 4866 2.
288 4819 336 4871 3.
366 4835 505 4874 corr.
543 4823 796 4874 assertor
825 4815 889 4875 2.’
910 4819 1154 4874 asserior
1181 4825 1227 4873 1.
1304 4827 1350 4861 οι
1379 4820 1462 4874 ita
1490 4819 1619 4875 Sur.
1645 4815 1970 4873 iiisecurum
1997 4822 2044 4886 l,
2077 4823 2128 4874 2.
2161 4821 2216 4874 3.

1753 4916 1976 4974 ΝΟΤᾸΞ.

276 5006 411 5070 (244)
456 5006 659 5064 Horat.
687 5006 873 5062 Serm.
908 5007 949 5072 l,
984 5008 1069 5071 lO,
1101 5007 1188 5060 34.

279 5074 423 5146 (245)
465 5077 552 5132 Cf.
591 5077 888 5131 Claudian.
925 5077 994 5131 de
1027 5076 1161 5131 bell.
1191 5076 1313 5131 Get.
1343 5078 1466 5131 457.

259 5147 1047 5223 .(2i6)__Hilduiniepistolam
1075 5148 1145 5201 ad
1169 5146 1520 5223 Ludovicum
1553 5145 1717 5223 Pium

217 5213 743 5342 giony‘sriiiﬁgzssioni
781 5213 1155 5290 praemissam
1199 5221 1332 5272 ante
1389 5218 1582 5271 oculos
1614 5217 1807 5271 habet.

218 5303 332 5341 .ur.
416 5332 427 5342 .
576 5331 588 5342 .

223 5331 664 5477 villis.
698 5357 942 5429 Remigii
976 5359 1196 5432 praefat.
1232 5365 1283 5413 7.
1317 5360 1420 5412 Aet
1469 5356 1568 5413 SS.
1605 5357 1728 5412 Oct.
1767 5359 1807 5424 l,

251 5435 296 5477 θ’
320 5469 330 5477 .

251 5431 429 5566 0(liis)
457 5502 692 5572 Terent.
725 5497 966 5572 Adélphi
1001 5501 1063 5563 v,
1095 5500 1149 5572 4,
1189 5503 1235 5552 l.

251 5571 425 5691 d.249)
467 5570 505 5626 i.
561 5587 615 5626 e.
655 5587 684 5626 e
733 5570 987 5628 Vitarum
1041 5571 1186 5626 serie
1227 5571 1517 5635 selectam,
1567 5570 1805 5626 seorsim

222 5649 248 5688 e
288 5652 440 5700 iam.

1841 5007 1928 5086 D.
1991 5005 2138 5086 (259)
2171 5005 2464 5086 Ciceronis
2492 5007 2683 5086 locum
2715 5007 2785 5063 de
2814 5008 3052 5066 Oratore
3085 5013 3167 5081 lll,
3211 5016 3278 5071 26
3319 5031 3384 5071 ex
3419 5033 3522 5075 suo

1915 5093 1972 5130 ιη

2021 5077 2150 5132 enio
2179 5077 2615 5132 interpretatur.

2021 5093 2150 5132 emo
2179 5093 2332 5132 inter
2375 5093 2615 5132 retatur.

1979 5093 2132 5218 $231)
2161 5147 2196 5202 i.
2232 5165 2282 5212 e.
2319 5095 2610 5216 Xecenter,
2639 5148 2922 5208 decentia.

1980 5221 2133 5291 (‘25?)
2164 5218 2358 5291 Horat,
2391 5222 2495 5291 Ars
2519 5221 2728 5291 poetic,
2768 5225 2884 5276 H9.

1985 5290 2134 5364 (253)⁸
2162 5289 2197 5342 l.
2233 5306 2284 5344 e.
2310 5289 2554 5364 dubium
2578 5309 2591 5358 ;
2627 5307 2726 5346 vox
2751 5293 2903 5364 apud
2931 5295 3178 5363 Festum,
3198 5295 3514 5358 Varronem

1913 5358 2241 5412 Lucretium
2276 5360 2456 5414 obvia.

1981 5433 2132 5498 (254)
2169 5431 2400 5485 Martial.
2434 5431 2780 5503 cpigrnmm.
2810 5435 2872 5498 V,
2912 5436 2980 5487 60
3005 5436 3076 5490 ad
3108 5437 3366 5496 Stellam.

1980 5505 2129 5568 (2353i)
2163 5503 2333 5572 Horat
2384 5504 2520 5572 Epp.
2561 5505 2626 5566 ll,
2655 5509 2705 5568 2,
2735 5508 2823 5557 58.

1979 5573 2129 5646 (25(5)
2160 5571 2767 5646 gommoda’quisquam
2806 5574 2976 5642 limat,
3017 5581 3124 5634 etc.
3163 5586 3291 5639 sunt
3339 5585 3510 5645 verba

1910 5641 2124 5712 Horati,
2158 5644 2297 5720 Epp.
2341 5646 2378 5711 1,
2410 5641 2512 5711 14,“
2534 5641 2619 5703 37.
