3910 6174
246 435 376 491 1009

1358 416 1685 480 HERIGERI
1712 410 1931 477 GESTA
1962 413 2181 477 EPISC.
2214 416 2417 475 LEOD.

3412 411 3551 470 1010

240 553 502 611 videlicet
540 562 673 608 cum
712 550 887 607 Paulo
930 549 1325 624 apostolorum
1372 545 1747 618 principibus,
1778 544 1842 598 ut
1864 544 1920 605 Α
1939 541 2205 613 passione
2235 538 2530 598 dominica
2554 535 2916 604 undecimus,
2952 550 3086 591 cum
3117 534 3351 624 Petrus,
3378 537 3554 608 caput

240 642 487 717 geminis
512 640 878 713 lampadibus
901 638 1208 694 illustrare.
1245 636 1355 702 Qui
1379 639 1510 709 post
1538 636 1703 707 plura
1727 633 1837 688 vir-

239 735 426 786 tutum
472 734 530 786 et
569 729 1051 785 documentorum
1082 726 1331 799 insignia
1367 725 1599 781 diversis
1628 722 1840 795 linguis

240 824 296 875 et
325 819 659 875 nationibus
692 817 1037 873 mirabiliter
1066 816 1327 890 praebita,
1360 816 1566 870 Paulus
1603 813 1839 886 quidem

240 908 334 981 qui
360 910 487 982 plus
521 908 791 965 omnibus
820 907 1099 963 laboravit
1126 905 1175 977 (1
1207 904 1452 962 Corinth.
1488 920 1580 970 xv,
1625 904 1733 972 10),
1766 902 1838 956 ab

236 999 550 1054 Jerusalem
578 1015 755 1071 usque
783 997 1055 1053 llliricum
1085 997 1290 1053 Christi
1316 996 1637 1070 praedicans
1666 1010 1839 1049 evan-

235 1088 718 1158 gelium,tandem
735 1088 973 1144 biennio
987 1091 1121 1143 ante
1138 1086 1620 1143 victoriosissimee
1635 1074 1840 1140 mortis

237 1175 601 1249 triumphum
644 1178 921 1232 Romanae
951 1176 1069 1232 arci
1099 1179 1301 1232 contra
1328 1176 1617 1230 Neronem
1647 1176 1706 1228 et
1735 1173 1837 1244 Sy-

238 1282 478 1322 monem
501 1281 737 1338 magum
760 1266 928 1320 Petro
958 1265 1152 1320 intulit
1176 1281 1236 1320 se
1266 1272 1336 1307 ιιι
1366 1264 1605 1319 socium.
1639 1263 1840 1317 Petrus

236 1357 433 1409 autem
460 1359 518 1409 et
544 1353 665 1425 ipse
694 1352 1036 1425 quibusdam
1066 1352 1352 1420 aacclesiis,
1381 1351 1590 1406 deinde
1630 1348 1837 1405 Antio-

235 1459 383 1497 cena
411 1451 481 1485 ίισ
510 1443 659 1497 bene
684 1441 927 1497 fundata
956 1441 1241 1508 aecclesia,
1270 1440 1527 1511 pluribus
1547 1440 1672 1510 jam
1703 1440 1837 1493 ante

234 1531 404 1586 annis
424 1531 668 1586 eandem
700 1530 927 1598 urbem,
963 1530 1135 1585 totius
1170 1530 1325 1585 orbis
1368 1529 1686 1601 primatum
1730 1525 1841 1582 sibi

232 1619 672 1687 defendentem,
702 1634 804 1674 suo
827 1618 1120 1674 salutifero
1150 1618 1537 1674 illustruverat
1565 1616 1836 1671 adventu.

233 1707 495 1774 Quorum
520 1709 617 1781 qui
643 1708 817 1763 fuerit
840 1708 1025 1763 exitus
1053 1707 1257 1779 agonis
1276 1714 1367 1770 ιιτ,
1390 1707 1525 1762 satis
1546 1710 1631 1761 est
1657 1708 1842 1761 textus

233 1814 441 1853 eorum
498 1797 1024 1869 triumphalissimae
1077 1805 1147 1840 “8
1197 1797 1476 1869 passionis
1517 1798 1679 1864 (261).
1727 1796 1843 1850 Hoc

239 1890 476 1942 tantum
529 1886 815 1942 suffecerit
864 1886 1251 1942 nescientibus
1308 1901 1683 1953 memorasse,
1737 1899 1843 1956 per

231 1974 538 2032 biennium
570 1980 704 2031 ante
723 1975 1287 2031 consummationem
1313 1991 1410 2030 eos
1438 1974 1499 2029 in
1530 1989 1842 2029 commune

231 2082 370 2121 cum
396 2064 652 2136 Symone
667 2080 841 2136 mago
871 2064 1281 2121 conﬂictavisse
1303 2067 1544 2137 postque
1567 2062 1841 2119 detectio-

231 2171 376 2210 nem
407 2157 467 2209 et
495 2152 878 2210 delectionem
910 2153 1091 2225 magi,
1117 2153 1189 2209 ab
1231 2153 1488 2225 Agrippa
1530 2154 1589 2206 et
1616 2152 1843 2207 Nerone

230 2244 487 2298 alterum
513 2242 697 2298 crucis
723 2241 1066 2310 conﬁxione,
1097 2242 1344 2297 alterum
1373 2239 1565 2313 gladio
1596 2248 1687 2308 ιη,
1716 2240 1844 2295 neci

226 2330 407 2387 simul
433 2331 691 2387 addictos
710 2331 901 2401 fuisse;
923 2333 983 2386 et
1008 2332 1243 2386 Petrum
1264 2338 1333 2372 “0
1359 2329 1593 2402 quidem
1615 2329 1672 2384 in
1694 2344 1842 2401 pros-

228 2421 387 2476 senti
417 2423 671 2476 mortem
700 2428 767 2463 1³1
794 2418 1331 2488 occubuisse;Pauli
1352 2435 1485 2475 vero
1508 2419 1840 2491 tropheum,

230 2512 519 2581 occupato
547 2509 608 2564 in
644 2509 768 2565 aliis
795 2510 1043 2577 Nerone,
1076 2525 1111 2564 a
1140 2508 1417 2563 militibus
1436 2508 1642 2580 quibus
1664 2507 1841 2563 tradi-

222 2602 324 2654 tus
348 2599 557 2665 fuerat,
577 2613 835 2671 quosque
864 2598 1136 2653 continuo
1154 2605 1224 2640 ω
1245 2599 1627 2665 converterat,
1650 2596 1709 2652 in
1740 2613 1845 2652 an-

224 2703 376 2744 num
411 2686 679 2759 quidem,
710 2686 812 2741 sed
841 2685 901 2741 in
946 2685 1193 2741 eandem
1232 2685 1390 2741 diem
1422 2685 1665 2741 dilatum
1698 2702 1839 2754 esse,

223 2774 391 2848 quod
416 2775 538 2847 ipse
553 2774 779 2830 videtur
794 2774 855 2828 in
872 2773 1114 2845 epistola
1134 2790 1168 2828 a
1187 2774 1371 2829 Roma
1381 2774 1453 2828 ad
1472 2773 1841 2829 Timotheum

224 2863 453 2935 scripta
479 2862 824 2935 signiﬁcare.
850 2862 929 2917 Et
946 2863 1193 2930 audiant,
1211 2862 1420 2935 inquit,
1442 2879 1619 2919 omnes
1638 2870 1841 2933 gentes,

226 2953 365 3024 quia
393 2951 644 3007 liberatus
668 2968 784 3006 sum
807 2951 871 3008 de
893 2969 981 3008 ore
1011 2953 1170 3007 leonis
1195 2951 1280 3025 (11
1305 2952 1447 3008 Tim.
1484 2968 1557 3019 ιν,
1595 2951 1707 3024 17),
1733 2953 1841 3008 Ne-

225 3056 448 3095 ronem
476 3040 828 3112 signiﬁcans.
861 3040 1027 3105 Quod
1051 3044 1109 3096 et
1136 3041 1271 3096 satis
1298 3043 1586 3097 testantur
1608 3039 1844 3096 diversae

1940 629 2311 684 Antiochiam
2339 645 2443 702 pro
2464 645 2524 683 se
2555 628 2822 683 ordinato
2845 624 3079 693 Evodio,
3102 623 3258 679 venit
3277 624 3551 691 Romam,

1940 717 2038 773 ubi
2060 734 2164 790 per
2184 721 2249 772 25
2272 734 2455 773 annos
2481 716 2769 772 Christum
2792 713 3165 778 annuntians,
3181 711 3241 767 id
3263 715 3348 767 est
3370 728 3554 784 usque

1938 807 2012 861 ad
2037 823 2257 861 annum
2282 805 2521 862 Neronis
2552 808 2616 860 13
2636 806 2786 876 (264)
2807 807 2866 859 et
2886 820 2921 859 a
2940 801 3171 859 Domini
3197 800 3463 872 passione
3482 803 3550 856 36

1942 896 2076 966 (Cir.
2102 897 2301 950 Eusen.
2332 893 2561 961 Chron.;
2585 894 2841 960 Hieron.,
2866 892 2950 946 De
2976 893 3111 946 viris
3131 889 3254 960 αι),
3284 888 3550 944 animad-

1939 985 2109 1040 vertit
2139 991 2208 1026 ηδ
2239 1000 2404 1039 suam
2433 999 2539 1055 per
2563 999 2623 1037 se
2653 980 3131 1055 praedicationem
3160 979 3235 1034 ad
3258 994 3552 1051 praeoccu-

1940 1072 2196 1145 pandam
2217 1088 2455 1128 omnem
2474 1071 2895 1127 occidentalem
2916 1070 3174 1141 plagam,
3202 1083 3303 1122 suo
3327 1069 3553 1139 aposto-

1938 1161 2078 1215 latui
2110 1161 2427 1232 spetialiter
2456 1160 2827 1227 destinatam,
2855 1174 2971 1213 non
3004 1173 3167 1230 posse
3196 1155 3549 1212 sufﬁcere.ln

1940 1267 2157 1321 magna
2193 1249 2352 1304 enim
2398 1250 2539 1304 urbe
2584 1252 2643 1304 et
2689 1249 2868 1304 totius
2910 1246 3065 1302 orbis
3106 1244 3385 1317 principe,
3415 1243 3551 1316 quia

1939 1338 2223 1393 maximus
2250 1338 2505 1409 undique
2537 1335 3067 1393 circumﬁuentium
3117 1333 3381 1405 gentium
3424 1333 3551 1387 erat

1938 1426 2218 1495 incursus,
2252 1426 2539 1482 maximus
2570 1425 2744 1481 totius
2774 1423 3059 1480 idolatria:
3087 1422 3319 1495 vigebat
3343 1421 3548 1488 cultus,

1939 1518 1998 1570 et
2049 1516 2185 1588 quia
2223 1519 2345 1571 tam
2390 1524 2460 1558 ω
2503 1513 2773 1587 Symonis
2818 1512 2994 1585 magi,
3023 1526 3199 1583 quam
3232 1510 3551 1564 multorum

1938 1603 2423 1675 philosophorum
2453 1607 2511 1658 et
2530 1603 2783 1658 maxime
2811 1601 3125 1657 Judeorum
3158 1599 3348 1670 legem
3376 1596 3553 1669 Moysi

1940 1708 2171 1764 semper
2193 1691 2630 1748 defendentium
2657 1690 3009 1747 obviandum
3028 1687 3135 1743 sibi
3152 1687 3367 1742 sciebat
3391 1701 3552 1741 erro-

1940 1780 2120 1848 ribus,
2156 1780 2392 1835 delectis
2430 1780 2600 1836 bonis
2629 1780 2812 1835 vinea:
2853 1777 3057 1833 Christi
3093 1775 3409 1831 cultoribus
3457 1781 3549 1841 1³⁷,

1941 1869 2100 1925 misit
2147 1870 2245 1942 qui
2290 1869 2546 1926 ofﬁcium
2594 1871 2771 1924 tantae
2802 1866 3108 1940 legationis
3154 1866 3452 1938 explerent
3488 1863 3550 1919 in

1943 1958 2215 2014 omnibus
2237 1961 2299 2014 et
2322 1958 2498 2014 Italiae
2522 1961 2580 2013 et
2604 1957 2797 2013 Gallia:
2822 1955 3053 2011 ﬁnibus.
3080 1956 3156 2010 Ex
3186 1953 3389 2026 quibus
3411 1953 3553 2008 Mar-

1942 2064 2074 2103 cum
2091 2048 2344 2104 secundo
2371 2047 2744 2120 ingressionis
2771 2062 2886 2102 suae
2911 2060 3226 2108 auno,cum
3251 2040 3549 2114 evangelio

1944 2153 2052 2192 ase
2082 2137 2318 2210 quidem
2346 2136 2580 2205 dictata,
2609 2136 2683 2191 ob
2713 2135 2922 2190 eodem
2947 2148 3080 2189 vero
3111 2130 3456 2202 conscripto,
3475 2128 3551 2185 ad

1941 2225 2271 2297 Aquileiam
2297 2228 2356 2280 et
2380 2225 2521 2281 alias
2551 2225 2925 2297 quamplures
2955 2220 3129 2276 Italiae
3153 2219 3341 2287 urbes,
3368 2217 3553 2273 novis-

1944 2313 2088 2369 sime
2128 2317 2322 2369 autem
2354 2313 2428 2369 ad
2456 2312 2869 2369 Alexandriam
2899 2312 2959 2365 et
2986 2309 3275 2381 Egyptum
3318 2305 3548 2362 direxit.

1932 2402 2080 2456 'Aliis
2107 2402 2418 2458 Galliarum
2455 2401 2714 2474 partibus
2760 2398 3167 2473 praedicatores
3210 2396 3451 2451 idoneos
3475 2397 3549 2467 .et

1942 2492 2115 2545 testes
2148 2490 2354 2546 Christi
2382 2489 2662 2546 veridicos
2690 2489 2866 2556 misit,
2900 2503 3045 2560 quos
3083 2485 3199 2553 hic,
3235 2483 3373 2556 quia
3409 2482 3549 2538 alias

1942 2578 2215 2634 festinare
2260 2579 2582 2646 contendit,
2624 2574 2956 2650 singillatim
3006 2574 3312 2629 nominare
3352 2573 3553 2628 nostra

1941 2667 2188 2723 intentio
2233 2683 2601 2739 nequaquam
2646 2664 2902 2722 admittit
2942 2662 3076 2735 (Cir.
3104 2663 3299 2718 Rurnv.
3341 2677 3401 2729 ιι,
3440 2663 3549 2728 16).

1940 2754 2030 2809 Ad
2057 2764 2126 2797 ηε
2147 2755 2388 2810 Galliam
2421 2755 2637 2827 itaque,
2671 2770 2799 2825 qua:
2824 2754 3057 2807 comata
3081 2750 3307 2819 dicitur,
3339 2749 3552 2806 Medio-

1903 2900 1907 2904 _
1943 2843 2253 2899 matricum
2283 2844 2412 2899 urbi
2453 2844 2693 2899 beatum
2725 2842 3088 2897 Clementem
3115 2839 3405 2894 direxerat
3431 2838 3556 2912 epi-

1946 2946 2206 3004 scopum,
2240 2948 2361 2987 non
2389 2948 2524 2987 eum
2556 2934 2752 2986 autem
2788 2928 2885 3002 qui
2916 2930 3154 3000 quartus
3178 2927 3248 2983 ab
3289 2926 3414 2999 ipso
3449 2928 3555 2983 Ro-

1946 3037 2137 3078 manae
2161 3020 2310 3076 sedis
2330 3018 2756 3075 administravit
2772 3016 3194 3090 pontiﬁcatum,
3215 3014 3430 3087 quique
3455 3032 3555 3088 po-

225 3102 559 3184 ωυιιοωηῖ
588 3132 712 3184 tam
742 3102 1068 3185 διιωέοι-υηι
1113 3146 1288 3202 quam
1314 3129 1683 3186 orientalium
1727 3129 1847 3203 cpi-
1874 3142 1922 3203 Ο
1943 3115 2067 3166 stea
2108 3125 2240 3165 cum
2282 3107 2409 3163 aliis
2447 3107 2642 3163 multis
2671 3104 2927 3162 veritatis
2973 3102 3348 3159 assertoribus
3378 3111 3448 3147 m
3477 3103 3553 3160 ad

221 3234 548 3290 scaporum
600 3219 858 3292 epistolae
907 3219 981 3273 ad
1023 3218 1275 3275 diversos
1312 3218 1558 3292 scriptae,
1602 3221 1746 3276 sicut
1782 3219 1843 3274 in

220 3305 493 3362 historiis
518 3307 925 3363 ecclesiasticis
955 3306 1198 3379 quilibet
1226 3310 1416 3378 potest
1445 3306 1846 3364 invenire.Sed

221 3400 299 3451 et.
324 3396 537 3450 Arator
570 3396 846 3452 Romanas
876 3394 1258 3451 subdiaconus
1300 3396 1569 3452 aecclesiaa
1603 3395 1665 3452 in
1695 3395 1842 3452 libro

221 3484 636 3558 apostolorum
658 3487 889 3539 actuum
920 3484 1002 3540 ita
1028 3484 1337 3540 confirmat
1366 3502 1380 3540 :

295 3571 439 3627 Non
467 3572 651 3629 eadem
682 3579 859 3628 tamen
888 3573 1126 3630 unadies
1152 3576 1389 3647 annique
1418 3574 1596 3629 voluto

297 3661 568 3732 Tempore
595 3665 834 3718 sacravit
862 3664 1139 3733 repetitam
1157 3664 1340 3734 passio
1372 3663 1541 3719 lucem
1561 3662 1734 3733 (262).

222 3751 296 3805 Et
324 3749 722 3822 nobilissimus
750 3750 1168 3822 Hyspaniarum
1197 3751 1526 3807 scolasticus
1555 3751 1750 3822 prodit
1775 3759 1845 3795 ω

224 3820 586 3877 Prudentius
620 3838 634 3875 :

304 3910 470 3966 Unus
500 3915 783 3981 utrumque
805 3910 913 3966 dies
929 3910 1088 3981 pleno
1111 3916 1286 3967 tamen
1318 3913 1603 3968 innovatus
1632 3929 1773 3966 anno

481 3997 629 4051 Vidit
651 3999 874 4070 superba
900 4004 1068 4054 morte
1097 3999 1402 4055 laureatum
1435 4001 1612 4073 (263).

220 4086 349 4143 Sed
381 4087 447 4140 ut
479 4085 553 4140 ad
585 4087 740 4158 quod
769 4087 1035 4144 animum
1064 4092 1127 4143 ut
1155 4097 1224 4131 m
1250 4088 1516 4144 duximus
1543 4088 1848 4145 articulum

220 4176 627 4243 inﬁectamus,
654 4176 949 4247 paululum
977 4176 1367 4250 praetermissa
1396 4178 1470 4234 ad
1500 4178 1848 4234 memoriam

226 4279 605 4320 revocemus.

523 4354 577 4408 4.
606 4352 833 4420 Quando
860 4352 1059 4410 Petrus
1084 4354 1315 4413 Romam
1341 4358 1559 4412 venerit.

1944 3198 2185 3254 Galliam
2214 3197 2553 3253 brachatam
2583 3194 2937 3252 Parisiorum
2978 3191 3224 3247 Luteciae
3260 3190 3389 3247 urbi
3418 3208 3551 3248 san-

1943 3291 2099 3344 ctum
2127 3286 2284 3343 misit
2310 3285 2657 3342 Dionisium.

2016 3380 2067 3433 5.
2101 3374 2257 3443 Quod
2278 3374 2632 3444 Eae/torium,
2667 3373 2944 3430 Valerium
2969 3379 3127 3448 atque
3160 3371 3479 3431 Maternum

2489 3463 2761 3520 Treverim
2785 3465 3014 3520 miserit.

2017 3554 2133 3611 Sub
2164 3552 2289 3626 ipso
2316 3552 2473 3609 enim
2498 3554 2764 3624 tempore
2781 3552 2982 3608 beatus
2998 3554 3200 3607 Petrus
3227 3549 3303 3606 ad
3330 3550 3553 3606 metro-

1945 3643 2127 3717 polim
2150 3642 2522 3698 Trebirorum
2556 3648 2628 3684 18°
2652 3640 2867 3697 scilicet
2891 3640 3182 3696 civitatem
3210 3643 3409 3695 ternos
3449 3637 3551 3693 de-

1946 3732 2262 3787 stinaverat
2285 3729 2577 3785 Trinitatis
2606 3729 2790 3785 unicae
2812 3729 3231 3801 astipulatores,
3252 3727 3311 3783 in
3332 3726 3555 3783 unitate

1947 3820 2103 3888 ﬁdei,
2137 3819 2311 3875 corde
2341 3821 2399 3874 et
2424 3818 2620 3873 animo
2644 3818 2865 3889 pariter
2891 3821 2951 3872 et
2979 3817 3186 3872 virtute
3215 3816 3553 3883 concordes,

1948 3907 2295 3964 Eucharium
2310 3906 2889 3975 videlicet,Valerium
2905 3905 3558 3978 atqueMaternum(265)

1949 3998 2109 4072 (Vita
2127 3996 2331 4065 Euch.,
2361 3996 2510 4065 Val.,
2530 3995 2699 4065 Mat,
2733 3999 2807 4063 2).
2831 3996 2914 4063 [Et
2946 3994 3293 4050 Eucharium
3319 3992 3557 4066 quidem

1948 4087 2336 4161 pontiﬁcatus,
2376 4085 2664 4141 Valerium
2684 4100 2818 4140 vero
2851 4083 3208 4151 diaconatus,
3236 4084 3557 4138 Maternum

1948 4181 2147 4234 autem
2179 4174 2624 4231 subdiaconatus
2655 4173 2891 4229 donavit
2917 4172 3183 4243 honore,]
3216 4173 3276 4226 et
3313 4170 3448 4226 data
3477 4169 3558 4225 eis

1949 4264 2265 4339 apostolica
2290 4262 2698 4320 benedictione
2730 4278 2745 4318 :
2789 4261 2991 4318 Videtis
3017 4269 3108 4324 1M,
3130 4258 3337 4331 inquit,
3354 4258 3559 4329 fratres

1952 4361 2001 4411 et
2022 4353 2424 4416 commilitones,
2454 4358 2657 4425 quanta
2689 4363 2765 4406 est
2803 4351 2983 4405 messis
3010 4349 3292 4404 dominicae
3314 4348 3558 4415 sationis,

297 4442 514 4497 Annus
548 4445 673 4498 erat
702 4442 923 4500 Claudii
954 4443 1162 4501 cesaris
1190 4445 1505 4516 secundus,
1533 4443 1630 4518 qui
1668 4445 1792 4501 erat
1819 4461 1853 4500 a
1871 4430 1926 4490 D
1952 4460 2217 4518 quamque
2240 4442 2423 4498 multis
2452 4440 2685 4513 indigeat
2716 4440 2992 4514 operariis.
3030 4437 3171 4506 Quia
3197 4440 3364 4510 iqitur
3393 4436 3562 4493 omni-

1558 4581 1789 4636 VARUE
1850 4579 2141 4637 LECTION
2147 4578 2249 4635 ES.

303 4687 385 4724 ιιι
408 4697 470 4735 se
508 4677 614 4737 int.
646 4682 698 4736 3.
799 4689 868 4725 ιιο
891 4681 1251 4739 Antiochena
1278 4685 1332 4738 2.
1450 4688 1519 4723 ιίτ
1543 4680 1683 4736 deest
1709 4678 1813 4735 Ch.

1930 4686 2000 4721 £18
2030 4676 2408 4750 gloriossimte
2440 4676 2541 4733 Ch.

2665 4685 2734 4749 ω
2764 4675 2965 4749 capitis
2986 4675 3426 4733 detruncatione
3457 4670 3562 4728 Ch.

220 4761 304 4827 13°
329 4750 469 4819 Qua
496 4757 787 4827 sequuntur
812 4753 972 4808 verba
1001 4771 1181 4827 usque.
1214 4752 1328 4827 S_ed
1355 4754 1418 4807 ut
1446 4752 1520 4827 ad
1544 4752 1699 4824 quod
1729 4754 1837 4806 etc.
1870 4747 2057 4827 omnia
2071 4748 2442 4827 desiderantur
2467 4748 2612 4827 apud
2640 4747 2741 4807 Ch.
2820 4747 2898 4827 fit
2919 4756 3086 4827 morte
3116 4752 3182 4827 2ζ
3204 4751 3253 4803 3.
3274 4825 3308 4827 Ἴ
3334 4754 3403 4827 19f
3425 4760 3569 4827 con-

222 4816 407 4878 timio
437 4816 571 4897 corr:
596 4823 869 4897 continuo
899 4828 953 4882 2.
1027 4816 1105 4897 pd
1140 4829 1188 4880 1.
1220 4825 1359 4879 deest
1376 4827 1427 4879 2.
1460 4826 1515 4897 3_.
1560 4816 1899 4897 infer-osum
1925 4825 1981 4897 2.
2057 4829 2126 4864 12³
2148 4816 2597 4897 adnimadvertit
2620 4836 2811 4897 eAcorr.
2836 4824 2898 4875 ut
2928 4820 3134 4897 videtur
3157 4822 3219 4897 3_._
3243 4825 3313 4860 ιη
3343 4816 3481 4897 deest

226 4902 307 4967 $37
343 4911 489 4967 corr.
524 4894 773 4967 dejectos
810 4896 994 4951 bonos
1020 4893 1093 4937 -'—
1117 4897 1445 4967 cultoresg2.
1480 4893 1719 4967 dejectis
1754 4894 1811 4949 b.
1844 4909 1895 4950 c.
1920 4896 1970 4952 3.

220 4965 613 5022 Trevirorum
642 4968 696 5022 3.
773 4974 841 5010 1³1
862 4967 1062 5023 videns
1092 4970 1143 5025 3.
1162 4984 1298 5022 corr.
1329 4965 1534 5022 videtis
1558 4969 1611 5021 2.

2079 4900 2149 4935 12⁸
2177 4893 2250 4946 At
2278 4908 2415 4950 corr.
2448 4891 2537 4947 Ad
2564 4896 2613 4947 1.
2646 4895 2699 4946 2.
2804 4899 2873 4935 m
2904 4890 3311 4947 assertionibus
3342 4892 3396 4945 3.
3500 4894 3571 4930 1³0

1796 5089 2019 5146 NOTAE.

313 5187 469 5263 (261)
510 5188 626 5263 Cir.
647 5188 930 5263 praefatio.

319 5260 480 5334 {262)
519 5259 666 5316 Sunt
726 5262 914 5317 ultimi
965 5276 1159 5334 versus
1213 5260 1470 5318 historiae
1531 5261 1860 5334 apostolica:

232 5329 525 5388 Biblioth.
553 5348 706 5391 max.
734 5335 971 5388 Patrum
1000 5332 1061 5400 X,
1097 5333 1219 5388 141.

322 5404 470 5476 (263)
512 5403 681 5476 Liber
703 5404 1161 5476 Peristephanon
1191 5403 1393 5476 hymu.
1417 5405 1527 5473 ΧΠ,
1561 5408 1614 5474 5,
1638 5407 1692 5460 6.

212 5518 219 5523 -
318 5473 476 5547 (264)
517 5475 791 5547 [μαριιᾱ
814 5473 1147 5531 Eusebium.

322 5544 480 5617 (265)
518 5544 734 5617 Eadem
781 5547 903 5602 fere
946 5549 1147 5602 auctor
1192 5546 1254 5602 in
1295 5546 1425 5602 Vita
1477 5563 1579 5602 sua
1627 5545 1871 5602 metrica

242 5616 309 5670 S.
350 5616 608 5672 Ursmari
638 5617 727 5672 his
747 5618 1003 5673 versibus
1026 5618 1273 5676 inclusit.
1304 5618 1417 5675 Cir.
1442 5618 1867 5676 Mabillon.Act.

241 5686 367 5743 SS.
394 5703 520 5747 saec.
553 5689 644 5759 lll,
678 5692 729 5759 2,
762 5706 821 5763 p.
851 5691 954 5746 608
988 5706 1002 5747 :

2031 5186 2108 5241 Et
2130 5185 2370 5243 Clemens
2396 5186 2864 5244 Mediomatricum
2888 5189 3078 5244 missus
3106 5185 3179 5241 ad
3206 5183 3391 5238 urbem

2030 5258 2233 5314 Edocet
2261 5261 2317 5313 in
2344 5259 2516 5315 solum
2543 5260 2751 5315 vicinos
2775 5260 2982 5315 credere
3011 5257 3305 5313 Christum.

2037 5330 2352 5386 Treveribus
2384 5332 2524 5385 terni
2539 5333 2826 5385 mittuntur
2853 5331 3006 5386 corde
3033 5326 3195 5398 ﬁdeli,

2040 5401 2270 5474 Irinum
2286 5405 2530 5474 personis
2549 5402 2845 5474 Dominum
2875 5396 3089 5474 deitate,
3116 5396 3205 5451 sed
3229 5412 3400 5450 unum

2040 5471 2265 5544 Credere
2286 5465 2385 5544 qui
2411 5474 2630 5528 doceant
2648 5473 2911 5544 populum
2939 5471 3153 5544 layacm
3169 5465 3572 5544 renovandum,

2040 5491 2265 5528 ureaere
2324 5492 2380 5527 ut
2411 5491 2630 5528 noceant
2693 5491 2911 5544 opumm
2939 5491 3153 5525 lavacro
3182 5491 3361 5523 renum

2037 5543 2253 5600 Scilicet
2277 5491 2605 5613 g‘ucharius,
2636 5491 2943 5611 ﬁniemus,
2985 5540 3361 5613 Valeriusque.

1976 5613 2089 5676 Cfr.
2122 5615 2349 5687 praefat.
