3910 6174
273 441 381 494 1013

1332 430 1657 490 HERIGERI
1695 431 1913 488 GESTA
1953 433 2168 489 EPISC.
2212 434 2415 494 LEOD.

3393 445 3528 501 1014

267 559 505 616 Leuchum
525 556 897 611 Aulercorum
924 557 1261 629 populosam
1289 556 1576 612 civitatem
1591 556 1817 611 Tullum
1846 564 1900 623 Α
1924 557 1979 615 8.
2003 554 2246 622 Qualiter
2296 564 2508 613 sanctus
2551 557 2854 613 Eucharius
2882 559 3145 632 populum
3203 565 3526 620 resistentem

261 645 1068 704 nominaverant.—Metensem
1085 646 1324 717 inquam
1346 646 1552 700 urbem
1580 644 1819 716 quidam

262 734 402 792 divini
420 732 628 804 jubaris
647 734 772 804 jam
804 733 1177 788 irradiaverat
1202 735 1472 807 spiculus,
1507 734 1708 788 beatus
1737 732 1817 786 νίν

261 824 436 880 delicet
457 822 714 877 Clemens
735 838 765 876 a
795 822 965 878 beato
994 824 1160 878 Petro
1205 823 1395 877 eidem
1428 821 1554 876 urbi
1573 822 1700 892 jam
1716 838 1818 875 an-

2220 647 2550 701 orationibus
2581 647 2829 718 ligaverit
2857 656 2905 703 et
2924 649 3228 709 absolverit.

1993 733 2275 805 [Cumque
2299 744 2367 777 ισι
2404 739 2634 791 sanctus
2661 737 2969 792 Eucharius
3000 753 3104 809 per
3133 739 3386 811 singulos
3415 741 3536 797 dies

1921 824 2197 895 pupulum
2227 824 2574 880 admoneret
2598 829 2660 881 ut
2685 826 2839 882 idola
2869 843 3013 882 vana
3043 829 3230 884 colere
3247 833 3536 884 cessarent

261 917 306 968 te
324 910 642 984 praemissus.
665 909 772 974 Qui
812 911 950 966 dum
990 911 1180 983 primo
1215 912 1344 965 illuc
1368 911 1734 965 adventasset
1761 912 1820 963 et
1922 916 1981 966 et
2001 914 2074 968 ad
2101 915 2283 969 Deum
2306 932 2506 971 verum
2533 920 2859 973 creatorem
2886 917 3011 974 coeli
3036 934 3102 973 ac
3126 921 3294 974 terra:
3316 935 3374 974 se
3396 935 3536 975 con-

258 1001 344 1055 suh
371 999 663 1054 theatrales
678 1015 902 1066 arenas,
927 1001 1062 1071 quia
1073 1000 1228 1054 aliud
1245 1015 1362 1054 non
1388 1000 1671 1054 habuerat
1693 998 1824 1051 hos-

261 1088 442 1161 picium
485 1087 811 1158 accepisset,
833 1088 1149 1143 azcclesiam
1195 1088 1300 1143 sub
1331 1087 1484 1143 beati
1529 1085 1682 1141 Petri
1716 1101 1822 1140 no-

257 1175 392 1231 mine
431 1183 514 1243 1“,
555 1176 854 1246 parvulam
906 1176 985 1230 ibi
1015 1175 1318 1244 dedicavit,
1351 1176 1410 1230 in
1450 1191 1566 1247 qua
1609 1175 1822 1229 multos

258 1263 461 1320 scenicis
507 1265 758 1320 maxime
800 1264 947 1320 ludis
1003 1268 1062 1320 et
1091 1265 1460 1336 lupanaribus
1491 1263 1719 1319 deditos
1746 1261 1819 1316 ad

261 1352 515 1408 Christum
545 1353 829 1408 convertit
850 1354 1016 1421 (269).

252 1445 296 1495 7.
321 1449 380 1483 1⁵³
424 1439 574 1507 Quod
618 1442 698 1495 illi
721 1448 822 1496 tres
846 1443 952 1496 viri
975 1442 1139 1496 tribus
1168 1443 1470 1497 civitatibus
1490 1440 1816 1514 praedicave-

663 1532 792 1596 rint,
823 1537 871 1584 et
892 1531 955 1584 de
981 1532 1179 1601 insigni
1202 1531 1374 1600 fonte.

311 1617 582 1682 Quoniam
613 1618 788 1690 igitur
812 1622 875 1674 ut
909 1619 1125 1674 dictum
1157 1623 1242 1674 est
1272 1621 1510 1691 quidam
1539 1618 1659 1673 veri
1690 1617 1825 1673 solis

251 1724 361 1762 eam
389 1724 508 1780 qua:
537 1707 878 1763 Treberibus
928 1708 1111 1763 vicina
1140 1714 1224 1763 est
1249 1709 1374 1780 jam
1425 1709 1827 1780 penetraverat

245 1797 512 1866 radius,ea
541 1798 804 1870 neglecta
813 1799 941 1869 jam
963 1799 1097 1853 dicti
1115 1807 1182 1840 ίδο
1197 1801 1310 1852 tres
1331 1799 1434 1852 viri
1460 1799 1825 1854 Trevirorum

1923 1006 2240 1070 verterent,
2271 1003 2466 1077 illique
2494 1007 2651 1060 nullo
2676 1005 2850 1062 modo
2873 1006 3062 1062 verbis
3079 1007 3201 1079 ejus
3219 1007 3537 1080 adquievis-

1925 1095 2076 1158 sent,
2102 1091 2357 1162 quodam
2390 1093 2483 1147 die
2513 1110 2645 1148 cum
2678 1094 2843 1150 sociis
2874 1095 3078 1150 urbem
3111 1095 3396 1167 ingressus
3425 1098 3533 1162 est,

1926 1180 2179 1236 eundem
2213 1197 2545 1237 sermonem
2572 1182 2645 1237 ad
2665 1185 2944 1255 populum
2969 1183 3534 1256 babiturus(VitaE.,

1934 1269 2028 1337 V.,
2052 1269 2135 1328 Μ.
2172 1271 2246 1342 6).
2282 1271 2646 1344 Quapropter
2685 1281 2754 1315 εει
2785 1273 3085 1344 pontiﬁces
3135 1273 3387 1346 capitolii
3416 1274 3535 1329 zelo

1925 1362 2130 1412 contra
2150 1376 2248 1413 cos
2269 1360 2514 1428 accensi,
2530 1359 2848 1417 maximam
2871 1366 3098 1434 partem
3124 1362 3320 1434 populi
3343 1365 3539 1417 adver-

1928 1464 2022 1500 sus
2054 1464 2152 1502 eos
2181 1449 2634 1516 concitaverunt,
2662 1453 2720 1504 et
2769 1451 3121 1522 expellentes
3151 1467 3248 1506 eos
3271 1453 3432 1506 extra
3459 1450 3538 1505 ci-

1927 1535 2178 1590 vitatem
2212 1537 2499 1607 lapidibus
2529 1539 2772 1594 obruere
2798 1539 3130 1594 voluerunt.
3153 1538 3317 1603 Quod
3341 1538 3540 1594 videns

1928 1623 2134 1679 beatus
2176 1624 2488 1680 Eucharius
2522 1627 2677 1697 (Vita
2703 1626 2802 1694 E.,
2839 1628 2931 1695 V.,
2953 1626 3039 1683 Μ.
3072 1644 3122 1682 c.
3155 1629 3230 1698 7),
3273 1627 3346 1682 ad
3376 1642 3542 1682 arma

1930 1712 2208 1768 orationis
2237 1731 2296 1768 se
2319 1731 2449 1768 cum
2478 1714 2592 1769 suis
2620 1716 2922 1783 convertit,
2952 1716 3256 1771 obsecrans
3277 1715 3544 1770 videlicet

1929 1817 2063 1856 cum
2100 1802 2354 1857 lacrimis
2387 1803 2803 1875 omnipotentis
2833 1803 2933 1860 Dei
2964 1804 3358 1870 clementiam,
3388 1807 3451 1858 ut
3484 1805 3544 1859 et

245 1886 504 1941 civitatem
553 1887 819 1958 ingressi,
849 1891 910 1942 ut
938 1887 1150 1959 ubique
1198 1887 1446 1943 Trinitas
1476 1905 1603 1960 quae
1635 1887 1706 1942 ab
1745 1885 1824 1942 eis
1856 1877 2040 1946 Binis
2065 1898 2132 1932 ιω
2150 1890 2692 1947 contraincredulos
2711 1892 2872 1963 pium
2892 1891 3464 1965 pru‘beretauxilium
3485 1895 3543 1948 et

242 1975 660 2046 praedicabatur,
676 1977 778 2031 sub
805 1977 970 2031 unius
992 1976 1109 2032 veri
1135 1977 1237 2032 Dei
1262 1977 1417 2032 cultu
1432 1976 1821 2036 innotesceret

242 2063 481 2130 vere,sub
513 2064 687 2120 unius
717 2064 974 2136 ipsorum
993 2064 1170 2120 trium
1193 2065 1533 2137 pontificatu
1561 2067 1701 2122 alias
1717 2069 1824 2124 sibi

237 2151 359 2208 duas
384 2153 686 2224 contiguas
714 2153 970 2208 civitates
1011 2153 1309 2222 addidere,
1340 2155 1722 2228 Agrippinam
1756 2166 1824 2200 ιιτ

235 2246 611 2311 cognomento
650 2242 949 2298 Coloniam
991 2245 1051 2298 et
1088 2243 1372 2315 Tungros.
1409 2245 1581 2315 Cujus
1611 2245 1828 2301 Plinius

232 2327 523 2398 Secundus,
557 2331 1270 2403 quitemporibusTrajani
1296 2333 1525 2404 augusti
1547 2335 1825 2406 quadrin-

231 2419 399 2488 gentis
422 2425 478 2476 et
503 2437 583 2476 e0
614 2421 858 2490 amplius
888 2422 1022 2476 ante
1056 2421 1178 2492 ejus
1203 2422 1634 2477 subversioncm
1662 2424 1828 2478 annis

228 2506 428 2574 claruit,
452 2508 510 2562 in
533 2508 792 2563 naturali
822 2507 1080 2575 historia,
1099 2509 1246 2564 libro
1274 2510 1490 2565 scilicet
1512 2510 1584 2566 de
1607 2511 1828 2566 naturis

227 2611 508 2666 aquarum,
541 2597 914 2652 mentionem
963 2597 1101 2652 facit
1150 2598 1210 2652 in
1264 2599 1388 2653 haec
1417 2599 1591 2655 verba
1624 2615 1636 2653 :
1674 2600 1824 2654 Tun-

222 2685 322 2752 gris
366 2686 512 2756 (270)
581 2688 770 2741 civitas
815 2685 1008 2742 Galliae
1059 2687 1266 2756 fontem
1326 2687 1485 2742 habet
1537 2689 1822 2759 insignem,

223 2771 445 2841 pluribus
506 2775 671 2829 bullis
713 2775 1021 2842 stillantem,
1069 2776 1370 2846 ferruginei
1410 2779 1636 2847 saporis,
1676 2775 1823 2848 quod

228 2875 381 2929 Ipsum
407 2879 513 2917 non
561 2865 675 2917 nisi
698 2864 758 2919 in
789 2863 895 2932 ﬁne
913 2869 1073 2933 potus
1116 2863 1465 2933 intelligitur.
1492 2865 1708 2934 Purgat
1739 2865 1824 2919 hic

227 2964 451 3020 corpora,
505 2953 772 3007 tertianas
823 2952 994 3020 febres
1049 2950 1286 3019 discutit,
1341 2951 1672 3008 calculorum
1743 2954 1822 3006 vi-

227 3038 290 3092 tio
323 3039 468 3112 (271)
523 3040 708 3106 adest;
763 3057 904 3111 aqua
949 3041 1064 3110 igni
1112 3040 1330 3096 admota
1375 3041 1587 3096 turbida
1637 3047 1732 3108 est,
1760 3057 1824 3098 ac

1930 1978 2149 2034 insanis
2165 1979 2484 2034 infidelium
2499 1979 2682 2035 turbis
2693 1981 2764 2036 ad
2777 1981 3239 2051 cognoscendam
3257 1980 3391 2036 ﬁdei
3403 1980 3544 2036 veri-

1928 2070 2113 2122 tatem
2148 2067 2466 2138 capabilem
2497 2067 2748 2140 aperiret
2761 2085 3014 2123 sensum.
3043 2069 3330 2123 Interhasc
3351 2069 3543 2124 omnis

1928 2154 2027 2210 illa
2060 2156 2406 2210 sevientium
2425 2156 2593 2211 turba
2622 2155 2838 2211 mirum
2866 2156 2925 2211 in
2951 2156 3193 2212 modum
3223 2156 3303 2212 ita
3323 2157 3542 2212 coalitus

1931 2243 2189 2315 obligata
2247 2247 2352 2314 est,
2386 2247 2448 2298 ut
2495 2253 2565 2286 ίσο
2596 2243 2691 2299 alii
2723 2261 2789 2299 ex
2837 2244 2918 2300 eis
2950 2252 3017 2286 ιοτ
3049 2244 3335 2300 incassum
3360 2244 3541 2316 jactui

1930 2331 2270 2397 innitentes,
2294 2331 2543 2386 brachiis
2573 2334 2818 2390 extentis
2837 2341 2905 2375 ηδ
2931 2331 3272 2387 inﬂexibiles
3299 2335 3540 2402 starent,

1930 2419 2026 2473 alii
2060 2419 2468 2476 nichilominus
2487 2437 2591 2491 pro
2609 2420 2949 2492 colligendis
2964 2420 3253 2492 lapidibus
3271 2420 3542 2476 deorsum

1930 2507 2213 2574 inclinati,
2251 2511 2418 2563 terras
2451 2509 2648 2580 pronis
2678 2508 2994 2564 cervicibus
3020 2509 3376 2577 inhererent,
3389 2513 3450 2565 et
3473 2517 3543 2552 m

1929 2611 2135 2650 omnes
2157 2595 2473 2652 secundum
2495 2597 2936 2669 uniuscujusque
2958 2605 3027 2640 ατο
3041 2600 3265 2654 motum
3285 2597 3544 2669 corporis

1928 2683 2259 2741 immobiles
2305 2688 2365 2740 et
2393 2687 2664 2742 obstinati
2691 2688 3098 2758 perdurarent.
3129 2689 3399 2761 Dumque
3426 2687 3538 2743 hoc

1927 2771 2049 2829 fere
2069 2789 2175 2846 per
2195 2773 2364 2828 unius
2383 2775 2544 2830 horas
2561 2775 2812 2846 spatium
2839 2779 3129 2846 ageretur,
3146 2777 3406 2832 etcuncti
3437 2792 3542 2850 per

1926 2861 2114 2918 varios
2141 2863 2350 2919 modos
2367 2864 2604 2919 nexibus
2621 2864 2854 2936 superni
2873 2865 3126 2920 numinis
3137 2865 3353 2920 astricti
3381 2868 3544 2921 tene-

1925 2955 2155 3018 rentur,
2180 2955 2483 3024 cosperunt
2509 2968 2712 3007 omnes
2735 2952 2861 3023 jam
2883 2951 3066 3008 nimio
3089 2953 3289 3008 dolore
3316 2952 3543 3024 fatigati

1927 3040 2354 3097 absolutionem
2367 3057 2605 3096 suorum
2619 3041 3018 3096 membrorum
3031 3040 3330 3096 humiliter
3342 3043 3540 3113 petere

217 3135 464 3195 postremo
499 3130 753 3184 rubescit.
788 3129 856 3183 Et
899 3129 1182 3184 octaviam
1221 3147 1352 3185 eam
1407 3131 1481 3184 ob
1537 3131 1823 3186 honorem
1855 3148 1902 3210 α
1926 3145 2100 3202 seque
2149 3129 2467 3185 credituros
2491 3129 2558 3200 (si
2614 3129 3049 3185 absolverentur
3078 3131 3352 3185 clamare.
3383 3129 3541 3184 Tunc

229 3214 504 3272 Octaviani
534 3226 609 3260 ηε
639 3217 879 3288 Augusti
904 3218 989 3271 vel
1023 3217 1222 3273 matris
1262 3219 1404 3289 ejus,
1437 3218 1649 3274 sororis
1691 3218 1822 3273 Julii

220 3303 469 3374 Caesaris,
498 3307 602 3379 qui
637 3305 857 3377 primus
882 3305 1121 3362 Galliam
1161 3307 1423 3362 Romano
1454 3307 1681 3377 subegit
1712 3307 1822 3362 im-

218 3393 366 3463 perio
379 3399 437 3449 et
457 3394 1071 3461 Germaniam,ferunt
1091 3396 1246 3464 (272)
1267 3395 1439 3450 fuisse
1463 3404 1532 3437 ίδο
1555 3395 1822 3450 nomina-

217 3484 342 3537 tam.
358 3485 418 3539 In
432 3484 656 3556 quibus
681 3483 922 3538 civitatis
935 3487 996 3538 ut
1025 3492 1094 3526 ίσο
1107 3484 1245 3538 boni
1258 3500 1404 3538 veras
1418 3485 1599 3540 vineas
1617 3484 1825 3540 Christi

215 3571 469 3640 agricolae
493 3581 566 3615 ιω
582 3573 715 3643 jam
732 3570 866 3626 dicti
889 3574 1003 3627 tres
1022 3571 1126 3626 viri
1153 3571 1378 3626 semina
1394 3572 1551 3627 verbi
1569 3576 1825 3628 serentes

212 3658 395 3728 divini,
419 3661 752 3716 comitante
780 3669 848 3702 ιοο
878 3660 987 3716 sibi
1021 3663 1286 3716 omnium
1313 3660 1500 3731 gratia
1526 3661 1821 3729 virtutum,

212 3760 305 3816 per
332 3765 468 3804 eum
491 3764 682 3821 quem
712 3763 944 3818 semper
969 3764 1164 3802 secum
1195 3747 1349 3803 beati
1380 3748 1533 3803 Petri
1562 3749 1827 3804 ferebant

211 3834 470 3893 bacillum
494 3847 594 3901 ισο,
623 3838 836 3892 multos
853 3836 927 3892 ad
949 3836 1048 3892 Dei
1071 3836 1179 3890 vivi
1209 3839 1426 3892 cultum
1454 3838 1824 3905 revocabant,

210 3923 425 3994 abjecta
451 3926 758 3982 idolorum
801 3926 1042 3980 cultura.
1070 3925 1432 3980 Flectebatur
1462 3925 1573 3980 leni
1619 3925 1826 3980 Christi

203 4012 334 4084 jugo
364 4015 657 4070 ferocitas
686 4013 998 4082 Gallorum,
1029 4014 1371 4068 curvabatur
1408 4012 1653 4084 imperio
1693 4013 1827 4068 fidei

209 4103 574 4159 cervicositas
585 4104 1035 4158 Germanorum.
1053 4103 1118 4156 Et
1135 4102 1472 4169 Gallicanus,
1491 4105 1635 4156 teste
1658 4102 1827 4157 beato

205 4189 566 4259 lheronimo,
601 4194 901 4254 coturnus,
933 4193 1028 4262 qui
1066 4197 1302 4246 monstra
1348 4207 1454 4246 non
1507 4191 1714 4259 habuit,
1745 4190 1833 4246 sed

206 4282 330 4334 uiris
353 4298 569 4352 semper
592 4288 665 4322 1⁸1
687 4279 917 4349 fortibus
943 4286 993 4333 et
1035 4279 1476 4351 eloquentissimis
1505 4279 1832 4334 habundavit

207 4366 374 4442 (273),
410 4369 785 4442 piscatorum
813 4367 1100 4440 discipulis
1151 4371 1209 4423 et
1239 4367 1573 4439 magisterio
1605 4369 1830 4422 favora-

207 4455 394 4513 biliter
425 4458 624 4514 corda
643 4457 946 4512 submittit.
977 4456 1302 4512 Laatabatur
1328 4473 1361 4511 a
1380 4459 1544 4528 patre
1575 4464 1644 4498 m
1666 4457 1833 4511 here-

208 4543 349 4601 ditas
387 4546 640 4615 Christi,
664 4545 798 4618 quia
816 4544 1006 4616 portio
1031 4545 1240 4600 cotidie
1270 4544 1561 4601 minorata
1582 4553 1650 4588 ίοδ
1673 4545 1834 4616 luge-

207 4632 303 4690 bat
333 4635 592 4693 diaboli.

1925 3222 2156 3274 sanctus
2182 3218 2496 3273 Eucharius
2520 3217 2732 3273 iterum
2762 3217 3090 3274 orationem
3120 3218 3196 3274 ad
3223 3217 3538 3273 Dominum

1924 3306 2374 3374 fundens,omne
2384 3323 2444 3361 m
2458 3306 2618 3361 illam
2633 3305 3039 3361 rebellantium
3058 3305 3492 3362 multitudinem
3505 3321 3541 3360 a

1924 3394 2149 3450 vinculo
2182 3394 2395 3450 doloris
2421 3395 2690 3462 absolvit,
2706 3397 2765 3450 et
2789 3395 2864 3449 ad
2894 3395 3149 3467 priorem
3168 3398 3383 3450 statum
3403 3393 3539 3449 red-

1928 3482 2048 3538 dita
2073 3483 2317 3539 sanitate
2348 3483 2690 3539 restauravit
2719 3483 2790 3555 (c.
2831 3484 2902 3554 8).
2938 3483 3056 3538 Hoc
3082 3483 3198 3539 viso
3233 3483 3536 3551 miraculo,

1927 3588 2132 3628 omnes
2159 3573 2376 3645 pariter
2389 3591 2450 3628 se
2472 3572 2546 3628 ad
2563 3572 2741 3645 pedes
2758 3576 3090 3628 sanctorum
3116 3573 3536 3644 provolventes,

1927 3661 2216 3732 rogabant
2248 3664 2311 3715 ut
2335 3660 2422 3716 eis
2449 3660 2603 3715 viam
2634 3660 2831 3716 salutis
2863 3661 3168 3716 ostendere
3193 3677 3310 3716 non
3343 3659 3537 3716 diﬁ‘er-

1926 3751 2080 3817 rent,
2108 3749 2209 3803 sed
2229 3748 2368 3819 quid
2393 3748 2502 3803 illis
2526 3763 2631 3818 pro
2661 3764 2865 3803 eorum
2892 3748 3328 3819 recuperatione
3358 3763 3537 3819 agen-

1931 3837 2092 3904 dum,
2126 3836 2332 3908 quidve
2356 3836 2654 3890 vitandum
2676 3839 2822 3890 esset
2852 3835 3017 3892 citius
3047 3835 3432 3890 insinuarent.

2057 3928 2115 3981 9.
2147 3922 2303 3989 Quod
2329 3922 2509 3994 [ilium
2538 3922 2770 3978 Albanae
2794 3923 2966 3977 viduae
2993 3923 3400 3977 resuscitaverit.

2003 4012 2359 4068 Prasdicante
2389 4016 2586 4066 sancto
2603 4011 2905 4078 Eucherio,
2928 4010 3236 4083 conpuncti
3257 4013 3391 4064 sunt
3410 4026 3538 4065 cor-

1931 4102 2024 4169 de,
2057 4118 2123 4156 ac
2153 4109 2220 4144 171
2248 4117 2308 4156 se
2335 4115 2635 4172 nunquam
2665 4099 2804 4154 talia
2834 4099 3057 4154 audisse
3078 4100 3164 4152 vel
3189 4097 3538 4167 comperisse

1931 4190 2126 4245 testati
2149 4192 2283 4245 sunt
2301 4190 2366 4261 (c.
2395 4191 2500 4260 13).
2526 4187 2707 4243 Affuit
2733 4188 2911 4242 etiam
2937 4187 3068 4242 huic
3080 4186 3386 4242 salutiferas
3417 4201 3537 4241 am-

1933 4278 2244 4335 mouitioni
2270 4278 2475 4333 divinas
2508 4276 2732 4331 virtutis
2760 4276 3149 4344 conﬁrmatio,
3177 4279 3237 4330 et
3255 4291 3387 4331 eam
3410 4291 3541 4329 mox

1935 4367 2236 4422 subsecuta
2265 4370 2349 4422 est
2365 4365 2634 4438 stupendi
2657 4364 2921 4419 miraculi
2943 4363 3253 4420 attestatio.
3271 4364 3416 4418 Nam
3435 4362 3545 4418 fuit

1935 4455 2223 4525 inleodem
2243 4454 2564 4528 spectaculo
2583 4453 2853 4526 quaedam
2868 4452 3040 4508 vidua
3050 4452 3288 4508 nomine
3301 4453 3542 4520 Albana,

1939 4560 2154 4616 genere
2172 4544 2471 4616 praeclara,
2493 4543 2665 4598 rebus
2681 4541 3140 4614 opulentissima,
3162 4557 3290 4614 quas
3305 4558 3340 4596 a
3356 4541 3544 4596 famu-

1862 4595 1916 4656 D
1937 4595 2745 4688 milites;sanast;
2761 4595 3549 4701 currentibuvs’tristeaccepit

1555 4753 1786 4810 VARIE
1823 4753 2114 4811 LECTION
2120 4753 2222 4810 ES.

275 4883 344 4919 ιιι
373 4877 646 4936 Nomine
673 4875 848 4932 Petri.
926 4884 994 4920 1⁸⁸
1021 4875 1163 4934 deest
1182 4893 1438 4932 numerus
1453 4877 1618 4934 etiam
1648 4880 1696 4933 1.
1726 4879 1780 4932 2.
1844 4883 1913 4918 1⁸⁸
1943 4876 2081 4932 deest
2112 4876 2328 4931 initium
2347 4874 2492 4946 apud
2515 4872 2617 4930 Ch.
2696 4882 2764 4918 1⁸⁷
2794 4875 2840 4930 Α
2883 4873 2971 4947 rip
3015 4874 3174 4930 inam
3200 4891 3338 4930 corr.
3366 4882 3428 4930 ut
3467 4877 3551 4930 vi-

275 4955 357 5000 tur
382 4949 774 5000 Ain-ininam.
853 4955 922 4990 1⁸8
952 4948 1234 5000 octoviani
1267 4951 1320 5000 3.
1397 4956 1465 4990 1³9
1491 4948 1630 5000 deest
1653 4951 1705 5000 3.
1784 4956 1854 4990 ιοο
1877 4950 2028 5000 ut—
2052 4946 2318 5000 agricolae
2343 4954 2393 5000 et
2415 4947 2728 5000 comitante
2749 4977 2818 4991 —
2842 4891 3114 5000 gaciﬁum
3143 4945 3332 5000 desunt
3357 4964 3424 5000 an
3447 4945 3550 5000 Ch.

517 4949 774 5022 ipinam.
853 4955 922 4990 1⁸⁸
952 4948 1234 5004 octoviani
1267 4951 1320 5006 3.
1397 4956 1465 5022 ω
1491 4948 1630 5004 deest
1653 4951 1705 5003 3.
1756 4956 1854 5022 _160
1877 4950 2028 5022 ut—
2052 4947 2318 5022 agricolae
2343 4954 2393 5001 et
2415 4947 2728 5022 comitante
2749 4977 2818 4991 —
2842 4947 3012 5022 bacill

205 4943 357 5003 detur
382 4953 514 5024 Λει-

205 5024 270 5059 ¹⁶ι
302 5026 543 5094 septem
582 5025 606 5075 1
624 5061 640 5075 .

726 5027 798 5061 «θ’
823 5036 959 5074 corr.
994 5022 1126 5091 apte
1155 5024 1210 5074 2.
1237 5090 1246 5091 ί
1298 5028 1366 5062 1⁸³
1396 5021 1472 5074 ita
1497 5036 1636 5076 corr.
1666 5023 1720 5073 2.
1753 5018 2133 5091 imminorata
2154 5021 2216 5091 _l.
2263 5021 2315 5074 3.

3447 4945 3550 5002 Ch.

3405 5023 3554 5073 esunt

3018 4962 3114 5000 um
3143 4945 3332 5001 desunt
3357 4965 3389 5000 a

2412 5025 2481 5091 ξι
2505 5017 2814 5091 _Cun_ique.
2853 5046 2925 5058 —-
2961 5017 3326 5090 Quapropter

204 5091 347 5159 apud
367 5087 489 5148 'Ch.
523 5110 540 5162 ;
575 5087 1197 5163 sequentiapaulo'aliter
1225 5090 1498 5163 teguntur.
1576 5098 1654 5163 1°:
1673 5089 1962 5163 immosibi
1990 5097 2051 5144 ut
2076 5089 2226 5143 habet
2255 5087 2472 5163 vitaAE.
2503 5089 2570 5144 V.
2599 5087 2718 5144 M.‘
2765 5097 2836 5132 ιω
2866 5091 2934 5163 et_
2954 5092 3006 5144 3.
3025 5087 3286 5163 superscr.
3321 5092 3383 5142 ut
3416 5092 3552 5163 l._2.

207 5157 273 5201 137
305 5157 535 5219 nexeis'
565 5157 712 5218 1.’3.
740 5157 878 5218 cori.
918 5178 985 5218 ex
1015 5162 1096 5216 eis
1122 5166 1174 5219 2.
1213 5157 1318 5219 Ch'.
1341 5165 1415 5216 ita
1451 5163 1563 5217 vita
1602 5159 1673 5215 Ε.
1723 5161 1789 5232 V.
1819 5160 1930 5232 M.
1984 5168 2053 5202 ισδ
2079 5159 2327 5215 extensis
2361 5161 2412 5214 3.
2491 5168 2561 5232 ξω
2603 5163 2663 5214 et
2690 5157 3181 5232 giperdurarent
3215 5161 3405 5215 desunt
3447 5157 3551 5214 Ch.

208 5237 277 5272 ’⁷ο
302 5235 393 5290 rei
428 5235 661 5292 addunt
689 5237 737 5289 1.
771 5237 824 5291 2.
853 5235 903 5288 3.
927 5249 1140 5289 erasum
1170 5236 1224 5291 2.
1257 5232 1396 5292 deest
1424 5234 1480 5287 in
1505 5234 1614 5288 vita
1642 5232 1722 5292 Ε.
1759 5231 1830 5288 V.
1860 5231 1931 5286 Μ
1933 5273 1946 5288 .
2025 5238 2092 5274 ιτί
2125 5247 2190 5286 ac
2209 5260 2274 5272 —
2304 5233 2440 5286 sunt
2466 5231 2655 5287 desunt
2707 5230 2810 5288 Ch;

1791 5351 1836 5406 Ν
1842 5349 1993 5406 ΟΤᾹΞ
2004 5390 2017 5404 .

283 5474 437 5549 (269)
469 5473 611 5549 Vid.
631 5473 809 5549 _Pauli
839 5473 1162 5549 Diac._gest.
1195 5488 1287 5545 ep.
1315 5473 1575 5532 Mettens.

282 5544 449 5618 (270’)
479 5545 671 5618 Plinii
693 5551 814 5618 nat.
846 5547 984 5601 Hist.
1007 5544 1180 5612 xxxx,
1213 5544 1267 5600 8.

285 5615 449 5690 (271)
491 5616 954 5691 Caléulorumque
987 5618 1134 5691 gitia
1163 5633 1179 5670 :
1215 5617 1396 5674 eadem
1423 5634 1562 5691 aqua
1612 5619 1735 5689 igne
1765 5615 1867 5672 ad-

225 5697 400 5762 mota,
429 5688 586 5760 'etc.,
627 5692 760 5746 sunt
788 5688 962 5748 verba
984 5688 1162 5754 Plini.

2028 5469 2183 5544 (272)
2215 5470 2445 5554 Octavia
2474 5489 2591 5544 quae
2640 5471 2878 5544 Tungris
2914 5475 2989 5523 est
3038 5473 3224 5524 vocata
3260 5467 3471 5594 legitur
3501 5466 3562 5522 in

2028 5545 2090 5594 ta
2118 5542 2175 5594 S.
2211 5544 2351 5594 Lum
2381 5551 2684 5594 noster..c-
2719 5545 2807 5594 33.
2829 5542 2964 5594 Act.
2993 5539 3094 5594 SS.
3129 5541 3238 5594 Jul.
3260 5540 3328 5594 νι
3359 5581 3373 5594 .
3403 5545 3494 5594 77.

1961 5539 2182 5626 VitaASnl‘
2211 5544 2352 5626 L_i_ipi
2381 5539 2684 5615 poster.,c.
2718 5539 2807 5626 _33,
2829 5539 3098 5626 ‘SS.‘
3113 5541 3238 5622 “Jul.
3260 5539 3373 5626 Y‘ll,
3403 5545 3494 5595 77.

2046 5617 2205 5686 (273)
2237 5609 2570 5686 Hieronym.
2600 5609 2805 5670 eontra
2855 5611 3231 5685 Vigilantium
3277 5612 3450 5684 Opp.,
3476 5609 3570 5667 ed.

1971 5684 2210 5744 Vallarsi
2239 5687 2307 5758 ιι,
2333 5684 2458 5744 387.
