3960 6174
466 421 603 479 1015
1028 410 1357 472 HERIGERI
1392 411 1478 470 ET
1512 402 1814 471 ANSELMI
1852 404 2074 470 GESTA
2113 404 2339 470 EPISC.
2376 406 2629 476 TUNGR.
2657 415 2852 473 TRAJ.
2880 412 2965 474 ET
3003 412 3203 476 LEOD.

3581 430 3691 488 l0l6

463 541 761 608 nuncium,
776 537 1041 596 videlicet
1056 537 1292 594 unicum
1310 535 1497 593 lilium
1510 553 1699 605 suum,
1726 552 1900 610 quem
1913 534 2073 592 domi
2098 541 2153 599 A
2188 535 2392 592 dierat.
2423 536 2545 602 Qua
2573 538 2920 595 revelatione
2936 540 3088 609 freti,
3110 547 3387 613 coeperunt
3410 548 3624 603 certatim
3638 552 3694 607 ad

462 632 774 704 reliquerat
822 627 1144 696 infirmum,
1184 628 1468 682 redeunte
1512 627 1587 682 ad
1626 625 1819 681 vitalia
1872 625 2072 680 dolore
2182 630 2412 681 sanctos
2438 627 2537 682 Dei
2560 644 2790 684 currere
2812 633 2869 684 et
2894 630 3038 685 sacri
3067 630 3409 702 baptismatis
3442 643 3501 677 ιω
3525 637 3695 695 undam

461 738 583 776 esse
609 721 900 775 mortuum
937 726 1027 776 ιη.
1052 717 1325 782 Quodilla
1353 716 1615 782 audiens,
1635 715 1860 771 misitse
1874 713 2068 769 statim
2176 714 2451 770 sicienter
2481 721 2750 787 expetere
2773 719 3167 792 181.1‘antaque
3183 720 3285 775 fuit
3310 736 3403 791 per
3418 726 3516 778 tres
3535 725 3699 782 diesad

463 825 596 865 cum
647 808 899 864 lacrimis
945 807 1019 862 ad
1062 807 1237 878 pedes
1286 806 1466 861 sancti
1507 805 1767 861 Eucharii
1839 804 2064 859 dicens:
2172 800 2306 859 illos
2348 805 2670 872 concursio,
2712 810 2774 861 ut
2815 807 2874 861 in
2918 806 3157 863 ﬂumine
3196 809 3344 881 quod
3385 828 3477 883 per
3500 814 3701 870 mediam

460 897 685 954 Obsecro
732 904 801 939 17³
851 904 918 963 te,
964 902 1241 950 renovator
1270 901 1458 949 nostra:
1484 894 1629 948 urbis
1658 900 1706 947 et
1737 892 2067 947 illuminator
2174 893 2462 948 civitatem
2500 895 2677 949 currit
2698 911 2796 950 eos
2824 895 3205 967 baptizarent,
3235 914 3335 952 nec
3376 915 3550 955 eorum
3575 902 3703 958 aliter

458 988 623 1043 totius
639 990 834 1057 gentis,
863 995 923 1039 ut
952 986 1059 1039 mei
1105 985 1315 1039 misera:
1344 984 1468 1054 jam
1502 983 1576 1037 bis
1596 982 1793 1037 orbata:
1822 984 2067 1037 miserea-
2177 982 2615 1053 obpressionem
2664 983 2816 1038 ferre
2858 983 3207 1053 sufficerent,
3256 986 3399 1041 unde
3425 992 3476 1042 et
3491 988 3704 1045 accidisse

456 1076 552 1142 ris,
581 1080 632 1130 et
660 1075 855 1129 viscera
872 1074 1092 1145 pietatis
1129 1090 1282 1144 super
1313 1088 1395 1127 me
1438 1071 1855 1141 infelicissimam
1880 1070 2069 1125 habere
2180 1071 2452 1138 creditur,
2478 1075 2541 1126 ut
2573 1089 2640 1127 ex
2668 1088 2737 1128 eo
2770 1076 3037 1145 tempore
3075 1072 3195 1145 ipse
3220 1073 3417 1129 rivulus
3443 1076 3506 1131 ob
3520 1076 3705 1132 infusiu-

456 1162 710 1233 digneris.
742 1162 933 1235 Nuper
961 1164 1101 1217 enim
1150 1164 1345 1216 marito
1392 1178 1507 1215 sum
1559 1160 1798 1226 viduata,
1848 1167 1897 1214 et
1933 1160 2070 1214 heu!
2178 1176 2315 1214 nem
2346 1160 2528 1215 sancti
2556 1161 2669 1216 olei
2701 1160 3008 1216 derivative
3053 1161 3243 1217 Olevia
3288 1170 3354 1205 ιιι
3393 1168 3708 1236 nuncupetur.

458 1251 613 1307 hodie
664 1251 1045 1307 miserabiliter
1095 1254 1237 1305 uniti
1286 1250 1390 1320 ﬁlii
1433 1255 1602 1303 morte
1635 1266 1750 1303 sum
1795 1248 2067 1304 destituta.
2178 1248 2418 1303 Interim
2454 1249 2652 1303 civitas
2680 1266 2715 1304 a
2751 1249 3072 1320 pollutione
3116 1250 3395 1306 idolorum
3438 1254 3709 1320 mundatur,

2183 1353 2348 1392 error
2360 1338 2782 1409 superstitiosus
2793 1338 3714 1409 abjicitur,destruunturdemonum

2179 1441 2314 1490 arm,
2341 1426 2701 1481 fabricantur
2730 1442 2835 1497 per
2869 1426 2996 1481 loca
3036 1427 3242 1481 Christi
3270 1429 3537 1496 ecclesias,
3562 1446 3716 1500 perso-

2180 1518 2283 1569 nat
2304 1532 2410 1588 per
2442 1516 2647 1570 urbem
2670 1517 2782 1570 late
2812 1516 2953 1570 tuba
2973 1516 3255 1585 salutaris,
3293 1533 3580 1589 omnesque
3605 1517 3714 1572 iuvi-

2178 1606 2262 1658 tat
2292 1621 2356 1658 ac
2389 1604 2578 1674 pulsat
2601 1604 2673 1658 ad
2696 1604 2942 1675 gratiam
2957 1604 3326 1672 credulitatis,
3345 1606 3603 1678 armisque
3615 1606 3718 1661 ﬁdei

2175 1695 2383 1747 contra
2433 1692 2819 1763 spiritualium
2858 1693 3110 1748 hostium
3146 1693 3379 1749 insidias
3415 1702 3480 1737 ιιι
3516 1694 3717 1766 undique

460 1340 616 1407 Quod
643 1343 691 1395 si
718 1357 839 1396 eum
869 1341 1283 1408 resuscitavcris,
1340 1340 1473 1393 scias
1519 1355 1603 1392 me
1642 1340 1931 1395 certissime
1946 1345 2073 1410 post

459 1432 566 1484 hac
598 1431 877 1500 praeceptis
928 1430 1032 1483 tuis
1068 1429 1409 1484 libentissime
1447 1426 1651 1481 obedire
1697 1434 1745 1481 ct
1794 1444 1914 1481 cum
1961 1429 2071 1498 ipso

458 1532 572 1574 meo
596 1517 708 1585 ﬁlio
739 1533 804 1572 ac
828 1524 939 1571 tota
967 1518 1182 1587 familia
1203 1519 1257 1572 in
1277 1515 1559 1573 Christum
1572 1522 1720 1569 tuum
1746 1515 1952 1571 credere
1978 1524 2071 1586 1⁷³,

460 1605 556 1660 His
576 1604 885 1677 gemitibus
901 1607 1093 1660 motus
1111 1606 1311 1660 beatus
1337 1604 1645 1659 Eucharius
1667 1604 1787 1659 ibat
1802 1621 1933 1659 cum
1952 1603 2069 1672 illa,

460 1697 519 1749 et
547 1710 652 1765 pro
682 1693 827 1748 tanti
856 1693 1117 1748 miraculi
1166 1693 1437 1760 novitate,
1483 1709 1616 1746 cum
1651 1708 1720 1747 eo
1773 1692 1944 1747 turba
1981 1709 2072 1748 co-

458 1781 638 1854 piosa.
676 1781 818 1837 Cum
850 1798 986 1837 vero
1006 1781 1137 1837 illuc
1159 1781 1531 1854 pervenisset,
1552 1780 1859 1852 assumptis
1876 1796 2069 1835 secum
2177 1780 2459 1844 munitur,
2486 1796 2812 1853 ymnusque
2844 1797 3025 1836 novus
3055 1781 3113 1836 in
3146 1798 3215 1836 ea
3242 1781 3457 1853 publice
3473 1782 3722 1849 canitur,et

456 1870 642 1926 beatis
670 1871 894 1926 Valerio
919 1875 978 1926 et
1005 1871 1284 1938 Materno,
1302 1870 1543 1926 domum
1562 1869 1839 1935 introivit,
1855 1870 2069 1942 populo
2092 1864 2143 1924 Β
2175 1885 2298 1940 qua!
2321 1871 2494 1923 antea
2507 1864 2826 1924 creatorem
2848 1886 3014 1924 suum
3037 1886 3153 1925 non
3166 1869 3547 1943 cognoscendo
3562 1877 3617 1911 194
3629 1874 3725 1924 erat

458 1962 620 2014 extra
647 1959 801 2014 fores
831 1962 1196 2031 exspectante
1236 1962 1509 2014 eventum
1540 1958 1646 2014 rei.
1665 1959 1733 2012 Et
1761 1958 1920 2031 prius
1948 1958 2072 2031 qui-
2174 1957 2459 2026 adultera,
2499 1958 2624 2029 ipsa
2661 1974 2720 2013 se
2759 1974 2868 2029 per
2896 1957 3073 2013 ﬁdem
3113 1959 3493 2014 convertendo
3514 1958 3641 2013 facta
3656 1961 3726 2013 est

458 2047 593 2102 dem
618 2048 856 2102 ﬂectens
885 2047 1174 2119 genua,in
1192 2047 1517 2103 orationem
1532 2064 1592 2102 se
1624 2047 1784 2103 dedit
1807 2050 1867 2102 et
1895 2055 1967 2089 m
1995 2046 2069 2102 ab
2176 2046 2382 2101 Christi
2439 2046 2825 2101 sacratissima
2879 2062 3111 2118 sponsa.
3162 2048 3396 2103 lnterim
3437 2050 3499 2117 (c.
3547 2048 3619 2117 16)
3647 2061 3727 2118 per

457 2135 721 2192 oratione
746 2152 1008 2208 surgens,
1043 2137 1117 2192 ad
1169 2152 1377 2209 corpus
1406 2136 1674 2191 examine
1698 2134 1952 2203 accessit,
1984 2138 2073 2190 te-
2179 2134 2471 2190 universas
2495 2135 2945 2207 circumquaque
2967 2135 3237 2208 regiones
3250 2136 3480 2191 verbum
3496 2135 3731 2206 vitmpraz-

457 2240 718 2296 nensque
748 2241 993 2279 manum
1027 2225 1149 2296 ejus
1170 2239 1302 2279 cum
1346 2223 1555 2279 fiducia
1583 2223 1752 2278 dixit:
1804 2222 1943 2278 Dico
1974 2223 2078 2278 tibi
2180 2222 2471 2291 dicabant,
2499 2226 2557 2277 et
2577 2226 2697 2277 tam
2751 2239 3025 2279 sermone
3068 2240 3243 2296 quam
3291 2223 3573 2279 virtutibus
3595 2223 3731 2292 longe

450 2312 689 2383 juvenis,
728 2319 789 2366 ut
822 2314 878 2366 in
904 2314 1118 2367 nomine
1145 2312 1275 2367 Jesu
1302 2310 1511 2367 Christi
1536 2313 1631 2384 qui
1655 2313 1875 2366 unicum
1901 2311 2075 2380 ﬁlium
2178 2312 2408 2384 lateque
2425 2312 2743 2384 pollebant,
2767 2327 2906 2367 nam
2932 2328 3097 2368 cecos
3125 2312 3540 2379 illuminabant,
3561 2309 3734 2366 debiles

455 2400 632 2455 viduae
664 2418 763 2455 sua
791 2402 985 2455 virtute
1013 2401 1398 2467 ressuscitavit,
1430 2405 1488 2457 tu
1518 2416 1722 2472 quoque
1749 2398 1821 2453 ad
1839 2415 2076 2470 praesen-
2177 2402 2603 2468 restaurabant,
2627 2404 2889 2457 mortuos
2919 2402 3294 2469 suscitabant,
3327 2402 3586 2457 demones
3608 2399 3733 2469 iugl-

460 2495 566 2543 tem
590 2488 757 2547 lucem
782 2488 981 2556 redeas,
1014 2494 1065 2543 et
1092 2488 1332 2560 deinceps
1357 2488 1537 2543 relicto
1566 2487 1850 2543 demonum
1874 2503 2070 2555 errore,
2178 2489 2321 2545 bant
2352 2492 2411 2545 et
2434 2506 2640 2545 omnes
2660 2490 2970 2561 languores
2990 2491 3291 2547 curabant.

458 2582 757 2634 Creatorem
792 2583 941 2631 tuum
966 2585 1110 2631 recta
1134 2576 1238 2646 ﬁde
1266 2575 2071 2648 recognoscas.0ui,redeunte
2558 2632 2606 2648 η
2705 2628 2768 2648 π
2816 2629 2914 2648 λη
2994 2629 3038 2648 ,Α
3090 2633 3126 2648 μ
3159 2629 3201 2648 η
3278 2631 3294 2648 π
3384 2633 3414 2644 η

461 2628 1231 2733 ninguesme;
1257 2628 1625 2721 είίὶέᾼᾶιᾷέξ
1650 2628 1772 2720 ἦἆέ
1789 2628 2066 2731 imbutus,
2554 2632 2644 2690 “-
2690 2628 2774 2685 De
2803 2629 2951 2685 οῠίιυ
2988 2629 3126 2686 beati
3144 2629 3409 2687 Euchan'z‘

459 2755 579 2809 Deo
611 2752 828 2825 gratias
858 2769 1031 2827 agere
1058 2753 1250 2825 coepit.
1294 2752 1479 2817 Quem
1525 2770 1824 2809 assumens
1843 2754 2071 2808 sanctus
2248 2752 2511 2825 Cumque
2533 2752 2736 2809 beatus
2766 2753 3079 2809 Eucharius
3115 2771 3220 2825 per
3258 2757 3327 2811 23
3352 2770 3528 2810 annos
3550 2750 3743 2825 pontifi-

462 2841 793 2910 Eucbarius,
823 2858 1020 2898 secum
1068 2845 1231 2897 extra
1267 2841 1510 2897 domum
1548 2841 1727 2909 duxit,
1768 2844 1828 2896 et
1870 2855 2070 2896 coram
2174 2843 2369 2896 catum
2395 2840 2721 2897 Trebericaa
2753 2841 2908 2897 urbis
2921 2844 3150 2897 teneret
3172 2846 3235 2897 et
3253 2841 3651 2898 aecclesiasticas
3674 2853 3745 2893 res

456 2929 618 2986 omni
644 2931 860 3003 populo
881 2928 1069 2985 virum
1101 2934 1161 2985 et
1190 2930 1366 2985 totius
1392 2929 1747 2985 infirmitatis
1771 2931 2069 3002 expertem
2172 2929 2324 2985 bene
2354 2928 2613 2985 ﬁrmatas
2643 2932 2816 3001 atque
2846 2928 3119 2986 fundatas
3149 2930 3399 2986 haberet
3422 2938 3516 2998 1“;
3548 2929 3743 3001 ipseque

458 3018 633 3074 matri
660 3018 1108 3091 reconsignavit.
1131 3019 1288 3075 Tunc
1319 3035 1523 3075 omnes
1552 3018 1649 3091 qui
1682 3018 1925 3074 aderant
1944 3033 2072 3073 ma-
2164 3004 2301 3085 jam'
2326 3019 2610 3088 provectae
2655 3019 2805 3073 esset
2831 3018 3019 3074 etatis
3062 3018 3126 3090 (c.
3178 3018 3302 3091 16);
3343 3018 3581 3091 quadam
3608 3016 3743 3071 nocte

457 3106 588 3180 guis
639 3107 870 3164 vocibus
916 3110 1217 3179 coeperunt
1267 3108 1520 3163 clamare
1578 3106 1865 3162 dicentes:
1935 3105 2075 3160 Vere
2175 3105 2356 3161 astitit
2375 3104 2428 3159 ei
2459 3106 2698 3178 angelus
2724 3114 2794 3148 ηδ
2848 3105 3075 3162 dicens:
3138 3105 3408 3173 Euchari,
3452 3105 3657 3176 ﬁdeliter
3698 3102 3746 3157 in

457 3210 687 3268 magnus
735 3202 786 3251 et
813 3196 1221 3268 potentissimus
1265 3194 1412 3250 Deus
1467 3192 1909 3251 Christianorum
1964 3209 2074 3251 esse
2094 3181 2142 3241 Ο
2176 3193 2443 3249 mandatis
2473 3192 2701 3248 Domini
2727 3194 3007 3262 laborasti,
3061 3196 3302 3251 viriliter
3350 3198 3407 3250 in
3450 3210 3606 3265 agone
3636 3206 3747 3264 pre-

448 3285 737 3357 probatur,
764 3287 893 3357 quia
926 3284 1058 3338 talia
1103 3285 1259 3353 signa
1299 3290 1349 3337 et
1388 3280 1668 3338 mirabilia
1698 3299 1799 3354 per
1839 3282 2073 3351 [amulos
2176 3284 2338 3337 sentis
2366 3284 2490 3338 vitae
2515 3284 2731 3337 certasti
2744 3310 2760 3349 ,-
2792 3285 2913 3337 veni
2930 3283 3058 3355 jam
3087 3286 3142 3337 in
3169 3285 3413 3357 requiem
3439 3283 3533 3338 tibi
3556 3280 3749 3354 promit-

456 3389 579 3428 suos
606 3379 873 3444 operatur.
907 3371 1122 3427 Eadem
1153 3370 1248 3426 die
1284 3371 1573 3442 baptizata
1613 3373 1700 3426 est
1741 3378 1811 3414 m
1851 3370 2074 3426 Albana
2174 3376 2371 3439 sam,et
2404 3372 2581 3442 accipe
2607 3371 2914 3427 certaminis
2946 3374 3031 3426 tui
3048 3372 3504 3444 incorruptibilem
3517 3382 3745 3425 coram.

458 3477 593 3516 cum
627 3459 749 3516 tilio
788 3475 855 3514 ac
881 3460 1005 3514 tota
1039 3457 1278 3526 familia,
1319 3461 1377 3514 et
1405 3459 1476 3513 de
1515 3460 1728 3530 populo
1758 3459 1929 3514 turba
1952 3474 2071 3514 non
2177 3458 2273 3513 His
2328 3473 2434 3530 per
2484 3458 2767 3515 visionem
2824 3459 3161 3531 compertis,
3208 3462 3443 3517 sanctus
3483 3454 3748 3515 Eucharius

459 3546 710 3603 modica.
746 3548 965 3602 Domus
987 3561 1124 3601 vero
1156 3545 1277 3617 ejus
1308 3561 1425 3601 non
1458 3550 1587 3618 post
1625 3547 1837 3602 multos
1873 3546 1996 3603 dies
2036 3565 2072 3602 a
2176 3546 2344 3602 valde
2374 3546 2685 3618 gaudebat,
2707 3550 2767 3602 et
2802 3551 3032 3618 tempus
3048 3548 3169 3619 ejus
3196 3546 3577 3604 dissolutionis
3599 3545 3744 3600 intro-

460 3635 660 3689 sancto
681 3631 961 3688 Euchario
983 3635 1071 3687 est
1099 3631 1355 3687 ascclesia
1391 3636 1744 3690 consecrata.
2174 3635 2342 3707 pidus
2373 3636 2730 3709 expectabat.
2788 3636 2933 3691 Cum
2979 3652 3114 3692 vero
3155 3636 3317 3693 diem
3365 3636 3541 3692 exitus
3567 3632 3644 3689 sui
3665 3628 3749 3686 sibi

537 3740 623 3794 ιο,
658 3737 813 3806 Quod
839 3737 1131 3794 νευειαιωη
1162 3740 1231 3793 δίε
1270 3738 1489 3794 cuidam
1536 3745 1769 3795 senator,
1820 3756 1999 3795 omnes
2174 3724 2390 3778 instare
2419 3728 2807 3796 praenosceret
2835 3732 2906 3767 18°
2927 3726 3260 3781 convocatis
3303 3725 3380 3781 ad
3406 3742 3465 3780 se
3504 3717 3751 3794 discipulis

993 3816 1233 3883 oportere
1264 3808 1538 3881 baptizari.
2172 3812 2284 3866 ait:
2325 3811 2474 3879 Scio,
2502 3812 2702 3882 fratres
2736 3812 3026 3881 karissimi,
3068 3830 3152 3868 me
3203 3814 3272 3871 de
3298 3815 3396 3869 hoc
3419 3811 3597 3869 saeculo
3627 3809 3751 3864 citius

533 3900 667 3955 Post
688 3868 815 3954 limo
842 3868 1081 3971 quidam
1111 3868 1338 3954 nobilis.
1362 3898 1624 3970 ejusdem
1654 3898 1812 3955 urbis
1837 3902 2070 3955 senator

460 3987 604 4044 vidit
627 3986 921 4045 somnium
964 3986 1034 4042 ad
1087 3988 1332 4043 salutem
1373 3990 1715 4043 cunctorum
1760 3996 1830 4031 17°
1864 3987 2071 4042 civium

463 4076 834 4150 profuturum
864 4075 932 4145 (c.
952 4074 1058 4146 14).
1076 4074 1335 4139 Quadam
1356 4079 1553 4132 autem
1574 4084 1645 4119 177
1663 4079 1831 4132 nocte
1854 4076 2076 4148 aspexit

460 4182 569 4240 per
602 4165 895 4221 somnium
932 4164 1119 4220 virum
1154 4164 1467 4237 quemdam
1499 4180 1697 4220 coram
1723 4181 1782 4220 se
1795 4166 2069 4241 stantem,

463 4256 621 4310 vultu
647 4256 976 4326 elegantem
990 4260 1080 4320 ι’το,
1101 4250 1579 4323 splendidissimis
1604 4252 1854 4309 vestibus
1875 4268 2073 4308 corru-

463 4347 746 4412 scantem,
772 4357 1120 4414 crucemque
1150 4340 1315 4396 mirae
1334 4348 1404 4384 ιτο
1418 4340 1797 4397 estimationis
1812 4341 1872 4396 in
1894 4357 2075 4396 manu

2175 3904 2541 3972 migraturum
2562 3909 2720 3974 atque
2734 3901 2968 3956 debitum
3004 3903 3262 3959 humanae
3290 3902 3597 3959 conditionis
3608 3895 3751 3967 expll-

2176 3997 2388 4057 turum,
2410 3997 2461 4045 et
2487 3989 2602 4043 ideo
2622 4007 2713 4044 vos
2742 4006 2866 4060 rogo
2892 3995 2954 4046 ut
2979 3990 3137 4059 ﬁdem
3166 3992 3409 4060 ﬁrmam,
3440 4005 3579 4062 spvm
3597 3987 3751 4042 ίηιόκ·

2176 4093 2394 4136 cassam
2422 4086 2515 4146 1⁸⁷,
2547 4078 2832 4133 karitatem
2866 4094 3049 4135 veram
3071 4080 3212 4134 inter
3241 4097 3335 4135 vos
3365 4087 3438 4124 1⁸⁸
3471 4075 3752 4139 habeatis,“

2177 4182 2521 4239 nequaquam
2566 4165 2805 4238 deinceps
2855 4165 3133 4222 diabolicis
3178 4168 3453 4223 erroribus
3499 4161 3751 4222 consentit!-

2176 4257 2264 4312 tis.
2302 4254 2459 4323 Quod
2487 4254 2551 4310 de
2572 4271 2658 4310 me
2698 4261 2961 4310 terrenum
2996 4263 3092 4327 est,
3133 4264 3293 4313 terrae
3337 4253 3690 4317 commendate,
3715 4253 3754 4302 et

2178 4344 2321 4417 quod
2360 4344 2658 4416 spirituale,
2690 4343 3073 4415 [spiritualibus
3116 4361 3331 4418 quoque
3375 4342 3623 4416 exsequiis
3644 4351 3755 4411 pra-

463 4430 754 4486 ferentem
781 4446 848 4484 ac
876 4428 986 4484 sibi
1015 4429 1337 4485 dicentem:
1382 4428 1485 4484 Isti
1512 4432 1635 4499 viri,
1668 4433 1763 4503 qui
1796 4431 1900 4485 huc
1928 4448 2151 4531 vene-D
2178 4439 2364 4490 curate
2418 4437 2487 4505 (c.
2538 4432 2646 4502 ιη.
2689 4431 2779 4487 Ad
2808 4432 3043 4488 beatum
3094 4449 3232 4489 vero
3276 4425 3752 4531 Valeriumndirit}

465 4524 613 4585 runt,
634 4520 778 4573 servi
825 4518 932 4571 Dei
953 4524 1080 4571 sunt
1106 4518 1312 4586 excelsi,
1362 4526 1412 4573 et
1428 4528 1648 4593 propter
1674 4527 1905 4576 vestram
1931 4520 2074 4575 salu-

2183 4518 2507 4576 Commendo
2554 4520 2672 4588 tibi,
2710 4521 2887 4590 frater
2933 4521 3226 4591 Icarissime,
3273 4538 3517 4594 sponsam
3560 4511 3754 4611 Christi,

467 4614 572 4664 tem
594 4607 698 4661 huc
733 4606 1006 4662 destinati.
1030 4606 1110 4661 Et
1155 4607 1269 4661 ideo
1324 4610 1372 4662 si
1416 4615 1640 4664 mortem
1688 4609 1905 4665 euadere
1927 4615 1978 4664 et
2004 4608 2078 4663 ad
2179 4610 2478 4666 secclesiam
2555 4608 2804 4666 videlicet
2868 4617 2961 4677 ίοο,
3037 4617 3099 4664 ut
3153 4611 3310 4665 illam
3359 4614 3499 4666 caste
3536 4602 3757 4663 custodia

464 4698 633 4750 vitam
657 4701 913 4751 aeternam
929 4694 1091 4751 vultis
1095 4695 1398 4765 pervenire,
1422 4699 1603 4751 omnia
1631 4713 1751 4771 quae
1774 4697 1922 4753 vobis
1932 4696 2077 4751 dixe-

464 4786 576 4839 rint
609 4783 800 4853 facite,
832 4789 881 4837 et
900 4785 1181 4855 praeceptis
1224 4783 1448 4839 illorum
1476 4801 1599 4839 cum
1623 4802 1769 4841 omni
1802 4786 2077 4842 devotione

462 4870 683 4927 obedite.
710 4870 781 4925 Et
817 4871 940 4926 haec
971 4869 1187 4939 dicens,
1219 4872 1289 4927 ab
1318 4874 1526 4929 occulis
1549 4874 1673 4946 ejus
1688 4874 1941 4931 sublatus
1968 4878 2075 4932 est.

2178 4705 2229 4753 et
2267 4698 2431 4753 nullis
2480 4711 2599 4755 eam
2644 4713 2890 4753 errorum
2929 4697 3324 4769 deceptionibus
3375 4701 3432 4753 in
3467 4696 3634 4752 diebus
3671 4691 3753 4744 tuis

2170 4786 2354 4859 pollui
2400 4787 2563 4841 siuas.
2619 4783 2937 4841 Mensarum
2990 4786 3313 4858 evangelicae
3339 4786 3648 4857 familiar!”
3668 4779 3755 4834 lar-

2177 4877 2317 4946 giter
2376 4891 2557 4945 eroga,
2609 4876 2885 4930 commissa
2926 4873 3028 4930 tibi
3082 4875 3291 4931 talenta
3344 4877 3402 4930 in
3449 4876 3518 4930 eis
3562 4868 3757 4945 ﬁdeliter

463 4959 633 5015 Facto
662 4961 859 5015 autem
886 4975 1060 5016 mane
1081 4961 1407 5017 convocatis
1434 4962 1650 5019 civibus
1679 4963 1935 5019 narravit
1974 4980 2079 5035 per
2184 4963 2563 5036 multiplicata,
2591 4970 2652 5018 ut
2679 4979 2801 5018 cum
2850 4971 2917 5006 191
2965 4961 3135 5035 iudex
3169 4965 3435 5021 rationem
3453 4975 3636 5036 ponere
3658 4968 3755 5015 cum

461 5048 730 5105 ordinem
747 5056 959 5121 quem
978 5065 1080 5122 per
1108 5050 1401 5106 somnium
1425 5050 1665 5120 viderat,
1701 5067 1944 5126 quaeque
1970 5068 2069 5108 au-

2183 5054 2351 5112 scrvis
2387 5055 2499 5109 suis
2535 5052 2832 5122 advenerit,
2887 5069 2993 5107 non
3036 5060 3100 5109 ut
3148 5069 3336 5111 servus
3366 5067 3585 5126 nequam
3618 5044 3755 5104 etde.

1782 5191 2018 5249 VARUE
2053 5191 2453 5249 LECTIONES.

528 5316 597 5352 m
624 5308 815 5382 subita
837 5309 1028 5365 morte
1057 5306 1394 5366 defunctum
1428 5306 1530 5364 Ch.
1590 5318 1679 5382 κη*
1704 5310 1951 5367 Obsecro
1982 5342 2046 5353 —
2071 5312 2311 5368 credere
2342 5310 2716 5367 desiderantur
2738 5308 2886 5382 apud
2915 5309 3019 5366 Ch.
3098 5318 3168 5354 ίτι
3190 5310 3335 5365 deest
3369 5312 3416 5366 l.
3490 5314 3556 5351 1⁷⁸
3572 5301 3749 5382 deos“.

453 5380 521 5454 ab
551 5379 733 5435 eadem
761 5396 928 5437 manu
956 5394 1220 5454 superscr.
1252 5384 1308 5435 2.
1388 5389 1457 5424 ιη
1484 5381 1800 5454 multorum
1828 5387 1881 5451 3,
1906 5385 1984 5439 ita
2009 5386 2085 5438 vit
2113 5382 2188 5438 E.
2226 5383 2292 5439 V.
2314 5382 2402 5438 Μ.
2482 5390 2552 5425 1⁷⁷
2575 5398 2715 5439 corr.
2735 5379 2892 5437 enim
2918 5385 2973 5438 2.
3051 5388 3123 5425 1⁷⁸
3148 5381 3466 5454 eligantem
3498 5383 3543 5434 ί.
3570 5380 3752 5454 Ἅρμ’·

454 5451 789 5535 ετὲρεειηὲθπι
816 5455 905 5535 2..
951 5441 1029 5535 ‘1‘
1050 5452 1191 5535 άςςξτ
1231 5455 1282 5535 ε·
1320 5461 1441 5535 eos
1475 5450 1629 5535 “4-2-
1708 5460 1777 5494 ’δυ
1817 5441 1961 5535 sum
1997 5485 2095 5535 :-
2153 5457 2421 5535 cxpeiers
2460 5456 2678 5535 sertae
2732 5453 2944 5535 deum.»
2983 5456 3189 5524 ρανιιδη
3225 5441 3636 5535 emerui.
3662 5441 3751 5535 91’."

462 5526 526 5565 tu
558 5522 938 5593 baptysmatis
968 5526 1022 5580 2.
1101 5531 1172 5566 1⁸³
1221 5522 1466 5594 άεεέμ3.
1544 5530 1613 5565 1⁸³
1658 5522 1938 5594 nequitias
1986 5525 2091 5583 Ch:

487 5595 752 5678 NW?
780 5597 1001 5678 επςςρείε
1025 5595 1214 5678 statim
1244 5613 1328 5678 .ae.
1364 5593 1467 5678 οξξ-
1520 5601 1644 5678 ,3⁸⁷
1676 5593 1963 5678 ieiunam
1995 5601 2047 5678 1-

2171 5510 2243 5567 is;
2291 5510 2569 5597 fugiendo
2602 5524 2699 5583 Ch.
2778 5532 2849 5567 1⁸⁸
2885 5510 3161 5597 strennue
3188 5510 3750 5597 Aadministrassetgh;

2159 5604 2229 5671 *1“
2258 5580 2437 5671 desit;
2460 5580 2513 5659 ii
2548 5580 2814 5671 superscr.
2846 5600 2902 5656 2.
3006 5604 3077 5641 ιον
3115 5594 3382 5653 videlicet
3408 5623 3476 5634 -
3509 5580 3753 5662 adquisivi

460 5664 647 5725 desunt
676 5664 776 5728 σὴ.
853 5664 924 5713 15°
946 5666 1145 5744 pabuli
1173 5664 1482 5745 spiritualis
1512 5664 1618 5737 σὴ,
1694 5673 1760 5712 m
1788 5666 1927 5725 dum
1947 5670 2027 5729 vit
2052 5666 2126 5727 E.
2167 5668 2237 5729 V.
2266 5667 2355 5728 Μ.
