3960 6174
247 459 390 517 1017

1366 452 1692 516 HERIGERI
1730 457 1948 515 GESTA
1986 453 2204 513 EPISC.
2248 454 2452 514 LEOD.

3456 463 3592 518 1018

239 581 478 636 sidiosus
491 597 587 653 pro
602 581 1030 651 in/ossma.entis
1043 581 1314 652 puniaris,
1347 581 1436 634 sed
1449 582 1622 650 potius
1638 598 1732 652 pro
1751 579 1846 634 du-
1879 583 1934 640 Α
1967 578 2264 632 visionem
2301 579 2498 633 dicens
2527 586 2598 620 ποι
2624 592 2638 630 :
2666 574 2895 646 Tempus
2906 575 3030 648 jam
3061 574 3248 644 instat,
3275 578 3451 647 frater
3484 581 3598 636 Va-

237 669 500 740 plz’citatis
523 670 773 723 thesauris
789 669 858 723 ad
875 670 1128 739 gaudium
1147 669 1380 724 Domini
1408 670 1491 724 tui
1503 671 1736 738 feticzter
1765 671 1847 722 in-

242 759 561 816 troducaris.
617 759 744 812 Haec
782 758 1004 813 dicente
1050 763 1251 813 sancto
1300 759 1599 824 Euchario,
1661 758 1848 813 subito

241 848 465 902 cunctis
515 847 612 920 qui
663 847 906 902 aderant
956 847 1346 913 cernentibus,
1376 848 1466 900 lux
1495 848 1648 901 clara
1677 847 1849 900 velud

239 937 438 1009 fulgur
467 935 720 1003 emicuit,
751 951 817 990 ac
845 951 993 1006 pene
1032 952 1131 1007 per
1161 936 1333 990 unius
1377 937 1537 990 home
1591 935 1850 1006 spacium

242 1027 432 1080 totam
453 1025 718 1078 cellulam
747 1025 870 1095 ejus
901 1023 1289 1078 circumfulsit.
1323 1025 1508 1078 Atille
1531 1024 1857 1078 valedicens

243 1113 541 1180 fratribus,
590 1111 973 1183 repressisque
1015 1116 1350 1166 reverenter
1392 1111 1587 1178 oculis,
1621 1111 1856 1182 reliquit

245 1204 357 1257 hoc
387 1201 548 1255 triste
577 1203 855 1268 seculum,
890 1205 947 1254 et
974 1217 1101 1254 cum
1124 1200 1248 1272 ipsa
1277 1202 1401 1254 luce
1433 1204 1462 1254 5
1489 1209 1557 1241 192
1589 1200 1716 1253 ldus
1747 1200 1861 1252 De-

243 1291 499 1345 cembris
525 1291 676 1343 letus
724 1289 996 1360 migravit
1024 1289 1092 1343 ad
1120 1289 1410 1343 Christum
1447 1291 1508 1358 (c.
1552 1293 1655 1355 l7).
1701 1288 1863 1340 Tunc

245 1378 512 1450 discipuli
541 1394 646 1448 pro
670 1378 791 1448 ejus
822 1377 974 1432 exitu
1006 1394 1193 1432 sacras
1230 1377 1496 1448 exequias
1535 1376 1861 1430 celebrave-

247 1471 408 1533 runt,
469 1470 525 1521 et
561 1482 764 1538 corpus
823 1466 944 1537 ejus
996 1466 1052 1520 in
1085 1467 1360 1531 secclesia,
1397 1482 1527 1537 quae
1583 1469 1668 1519 est
1697 1467 1865 1517 extra

245 1556 470 1611 muenia
515 1555 753 1610 civitatis
779 1555 854 1610 ad
882 1555 1266 1610 meridianam
1298 1557 1530 1626 plagam
1565 1555 1691 1621 sita,
1725 1569 1866 1606 cum

241 1645 443 1716 ymnis
471 1648 529 1698 et
554 1644 661 1715 piis
689 1644 940 1698 lacrimis
965 1645 1270 1716 sepulturae
1300 1643 1686 1697 tradiderunt.

252 1738 340 1790 12.
392 1733 477 1787 De
512 1735 620 1786 vita
649 1740 698 1787 et
727 1732 873 1787 obitu
901 1732 1040 1787 beati
1092 1731 1299 1786 Valerii
1325 1733 1678 1786 successoriris
1718 1731 1861 1800 ejus.

1969 667 2092 732 leri,
2130 667 2470 722 resolutionis
2507 673 2632 733 tuae,
2689 670 2738 718 et
2776 673 2977 734 parata
3008 672 3133 720 sunt
3161 667 3261 719 tibi
3277 670 3484 736 gaudia
3512 689 3599 726 re-

1964 756 2273 810 tributionis
2304 763 2535 810 aeternae.
2564 755 2728 809 Patet
2748 756 2887 807 enim
2906 755 3002 808 tibi
3025 771 3205 824 Janua
3238 757 3456 812 caelestis
3477 776 3596 828 reg-

1960 847 2039 913 ni,
2078 861 2246 916 quam
2267 852 2391 915 post
2439 846 2578 898 hanc
2609 845 2796 899 horam
2837 846 3022 915 quinto
3054 844 3137 898 die
3163 847 3597 914 gratulabundus

1967 933 2306 1001 ingrediens,
2361 941 2409 988 et
2441 934 2506 988 de
2553 935 2808 987 concessis
2834 933 3059 988 Domini
3087 940 3164 986 tui
3197 934 3457 1004 beneﬁciis
3486 940 3598 991 sine

1959 1022 2072 1094 ﬁne
2121 1022 2382 1076 laetaberis
2425 1040 2438 1090 ;
2508 1029 2830 1093 quapropter
2859 1022 3169 1078 Maternum
3200 1028 3388 1094 agonis
3425 1026 3602 1082 nostri

1963 1118 2361 1182 cooperatorem
2392 1120 2470 1153 905
2506 1114 2589 1165 tui
2625 1113 2802 1182 ofﬁcii
2822 1129 3163 1166 successorem
3209 1118 3493 1183 constitue,
3528 1115 3600 1170 il-

1965 1201 2184 1271 lumque
2215 1200 2279 1254 de
2306 1202 2615 1256 visitatione
2639 1209 2821 1255 nostra
2857 1207 2978 1256 ante
3011 1201 3150 1255 diem
3175 1205 3267 1258 sui
3295 1207 3465 1259 exitus
3487 1221 3598 1259 cer-

1965 1290 2234 1342 tissimum
2281 1290 2455 1346 redde.
2515 1292 2585 1343 Et
2634 1291 2757 1344 ham
2787 1290 2981 1344 dicens
3009 1291 3260 1345 recessit.
3301 1292 3594 1364 Evigilans

1965 1382 2163 1433 autem
2197 1382 2430 1433 sanctus
2458 1380 2903 1446 Valerius,mox
2933 1379 3109 1434 visum
3143 1381 3436 1435 somnium
3453 1382 3593 1437 bea-

1969 1469 2027 1521 to
2057 1467 2315 1522 Materno
2348 1469 2688 1539 caaterisque
2721 1467 2997 1522 fratribus
3051 1468 3148 1539 qui
3186 1472 3396 1540 praesto
3429 1472 3598 1524 erant

1969 1555 2248 1623 narravit,
2279 1559 2337 1610 et
2367 1557 2447 1610 eis
2480 1557 2636 1611 diem
2670 1558 2859 1612 obitus
2885 1556 2971 1611 sui
3002 1556 3299 1612 laetissimo
3329 1559 3486 1612 vultu
3511 1557 3602 1612 in-

1966 1646 2120 1697 stare
2153 1645 2422 1715 przedixit
2448 1655 2541 1702 20‘.
2600 1645 2883 1717 Sequenti
2915 1663 3048 1700 vero
3076 1654 3146 1687 206
3174 1646 3266 1700 die
3294 1646 3598 1702 venerabi-

1967 1733 2086 1785 lem
2120 1733 2444 1788 Maternum
2473 1735 2544 1788 ad
2581 1733 3001 1788 sacerdotalem
3028 1735 3275 1805 gradum
3317 1734 3596 1806 provexit,

319 1823 457 1876 Post
487 1822 644 1892 cujus
672 1820 1064 1876 venerabilem
1116 1821 1336 1874 obitum
1369 1821 1572 1874 beatus
1603 1819 1865 1873 Valerius
1969 1822 2027 1874 et
2067 1837 2201 1874 eum
2257 1821 2328 1875 de
2383 1822 2572 1877 studio
2629 1822 2920 1876 commissi
2954 1822 3260 1878 ministerii
3291 1823 3601 1893 diligenter

243 1911 305 1965 in
368 1910 755 1965 ministerium
805 1909 1156 1964 sacerdotale
1205 1917 1274 1951 193
1327 1910 1596 1962 successit
1655 1914 1720 1972 (c.
1754 1912 1861 1975 18),
1889 1894 1940 1953 Β
1973 1908 2248 1962 instruxit
2303 1912 2369 1978 (c.
2402 1914 2512 1976 21).
2545 1909 2806 1981 Cumque
2839 1928 2942 1982 per
2971 1911 3315 1981 prmdictum
3341 1913 3601 1983 spacium

245 1998 509 2070 illudque
533 2007 598 2040 194
625 2014 729 2070 per
759 1997 1093 2070 quindecim
1122 2013 1306 2052 annos
1327 2001 1522 2051 sancte
1549 1995 1790 2050 vivendo
1809 2000 1868 2050 et

243 2088 495 2142 verbum
519 2087 645 2142 vitae
667 2087 1039 2158 praedicando
1062 2085 1466 2158 probatissime
1490 2085 1725 2144 rexit.in
1753 2100 1865 2156 quo

250 2178 523 2234 videlicet
545 2177 826 2249 temporis
856 2176 1046 2247 spacio
1076 2184 1145 2218 195
1172 2177 1383 2230 multos
1431 2175 1505 2230 ad
1548 2174 1866 2228 Dominum

249 2268 520 2340 populos,
568 2265 731 2336 signa
756 2281 975 2336 magna
999 2267 1056 2318 et
1083 2265 1366 2335 stupenda
1397 2262 1670 2337 prodigia
1699 2280 1867 2317 exer-

249 2355 437 2411 cendo
459 2353 763 2420 convertit,
793 2356 853 2408 et
882 2361 953 2395 196
980 2352 1052 2407 ad
1082 2353 1438 2423 agnitionem
1470 2351 1770 2406 catholicae
1799 2351 1867 2405 ﬁ-

253 2444 342 2498 dei
373 2441 1140 2512 saluberrimainstigatione
1164 2440 1427 2512 perduxit
1449 2448 1538 2493 196.
1561 2438 1668 2503 Qui
1691 2438 1866 2494 etiam

252 2530 669 2587 studiosissime
697 2530 876 2585 verbo
901 2528 1326 2600 praedicationis
1357 2528 1632 2593 instabat,
1668 2530 1729 2580 ut
1739 2527 1866 2597 jam

251 2624 386 2675 tunc
416 2636 568 2692 pene
617 2636 723 2691 per
756 2619 1002 2674 Galliam
1053 2634 1118 2672 ac
1163 2617 1536 2672 Germaniam
1570 2615 1869 2670 christiani

257 2718 322 2752 197
378 2724 642 2781 paganos
691 2711 748 2762 et
805 2723 1053 2763 numero
1086 2709 1424 2778 superarent
1476 2707 1533 2759 et
1561 2703 1865 2775 religione.

253 2799 384 2852 Erat
408 2814 668 2869 namque
701 2796 969 2851 doctrina
999 2796 1121 2866 ejus
1150 2794 1387 2866 singulis
1413 2810 1693 2865 congrua,
1730 2809 1867 2847 cun-

254 2886 469 2958 ctisque
497 2884 868 2940 audientibus
900 2883 1082 2939 dulcis
1135 2887 1193 2938 et
1246 2881 1596 2955 gratissima,
1627 2881 1779 2935 unde
1815 2883 1873 2935 et

256 2975 325 3029 ob
355 2974 705 3030 mellitluam
734 2982 804 3016 195
829 2988 1170 3029 sermonum
1227 2972 1350 3042 ejus
1394 2969 1729 3026 facundiam
1771 2986 1873 3023 un-

256 3064 422 3136 dique
475 3064 552 3118 ad
601 3079 735 3116 eum
765 3061 966 3134 populi
1011 3061 1402 3126 conﬂuebant,
1435 3062 1492 3112 et
1520 3059 1727 3113 saltem
1762 3058 1868 3112 ali-

255 3153 406 3224 quod
424 3161 498 3195 i”
511 3151 756 3207 verbum
774 3168 841 3206 ex
857 3166 958 3205 ore
981 3150 1030 3220 ej
1040 3167 1102 3204 us
1117 3149 1312 3204 audire
1345 3147 1741 3218 cupiebant(c.
1761 3147 1864 3213 19),

1971 1996 2046 2050 01)
2108 1995 2334 2051 famam
2374 1998 2759 2068 depositionis
2812 1999 2935 2069 ejus
2989 1999 3360 2053 advenientes
3405 2000 3606 2056 fideles

1970 2085 2150 2139 verbo
2175 2085 2488 2140 salutiferae
2520 2085 2965 2140 ammonitionis
2995 2086 3066 2140 de
3104 2085 3372 2141 exercitio
3385 2095 3604 2142 mean-

1970 2175 2079 2227 ctze
2113 2173 2572 2228 conversationis
2611 2173 2900 2228 instanter
2955 2173 3285 2241 instrueret,
3317 2177 3376 2227 et
3398 2191 3498 2230 eos
3527 2175 3601 2230 ad

1971 2261 2224 2315 salutem
2256 2261 2592 2316 animarum
2625 2279 2864 2316 suarum
2895 2262 3165 2317 dulciﬂda
3201 2263 3602 2322 exhortatione

1975 2349 2355 2420 paternisque
2386 2349 2703 2404 visceribus
2737 2349 3029 2417 incitaret,
3072 2350 3436 2406 illucescente
3473 2355 3603 2425 jam

1973 2437 2178 2508 quinto
2211 2439 2302 2492 die
2333 2437 2662 2493 oratorium
2691 2439 3006 2510 ingressus,
3036 2439 3306 2494 viaticum
3336 2444 3493 2513 quod
3513 2443 3603 2515 ip-

1974 2542 2032 2579 se
2063 2529 2505 2582 consecraverat
2536 2527 2784 2598 accepit,
2819 2531 2877 2581 et
2909 2531 3041 2598 post
3083 2528 3206 2582 haec
3263 2533 3514 2587 extensis
3533 2541 3606 2576 208

1971 2613 2127 2669 inter
2152 2615 2573 2686 discipulorum
2623 2632 2838 2670 manus
2863 2616 3037 2671 sacris
3064 2618 3342 2673 membris
3397 2621 3432 2675 4
3474 2622 3600 2678 Kal.

1974 2703 2271 2758 Februarii
2308 2703 2579 2775 spiritum
2639 2706 2786 2759 caelo
2847 2705 3124 2760 reddidit.
3185 2706 3355 2778 Cujus
3393 2725 3602 2782 corpus

1973 2792 2315 2863 colligentes
2383 2791 2672 2862 discipuli,
2733 2793 3118 2848 sacratissimo
3148 2797 3376 2866 corpori
3419 2798 3603 2855 sancti

1973 2879 2240 2933 Eucharii
2269 2883 2724 2950 coaptaverunt,
2759 2882 2814 2933 et
2844 2880 2902 2933 in
2934 2880 3141 2936 eodem
3174 2885 3473 2957 sarcofago
3513 2887 3604 2942 ἀίει

1973 2967 2117 3022 vinis
2169 2967 2434 3022 laudibus
2487 2965 2904 3034 condiderunt,
2948 2971 3100 3038 quod
3133 2978 3204 3012 209
3232 2988 3486 3042 superna
3511 2975 3601 3030 di-

1974 3054 2291 3127 spositione
2325 3056 2518 3108 actum
2565 3068 2689 3107 esse
2739 3054 3045 3122 credimus,
3098 3059 3160 3110 ut
3200 3074 3451 3130 quorum
3482 3079 3602 3119 una

1977 3159 2209 3214 semper
2242 3159 2412 3198 mens
2442 3148 2514 3182 ἰο
2546 3139 2607 3192 in
2635 3141 2885 3198 Domino
2913 3148 3056 3211 erat,
3107 3162 3311 3202 eorum
3365 3167 3598 3226 quoque

254 3239 548 3303 Quantum
565 3255 701 3294 vero
728 3239 802 3293 ad
824 3238 1293 3310 propriosmores
1314 3235 1614 3308 pertinuit,
1648 3237 1710 3288 ut
1737 3235 1867 3289 bre-
1899 3244 1948 3304 ο
1977 3249 2224 3304 corpora
2255 3246 2363 3287 nec
2396 3227 2769 3297 sepulchrum
2805 3231 2876 3286 ab
2902 3231 3145 3289 invicem
3171 3245 3488 3308 separaret.

131 3319 146 3332 ”
251 3327 396 3382 viter
422 3343 687 3394 narrem,
718 3327 832 3381 fuit
851 3324 1204 3398 cogitatione
1233 3322 1666 3389 mundissimus,
1693 3321 1866 3376 verbo

252 3416 401 3470 utilis
446 3418 506 3470 et
543 3414 841 3482 discretus,
894 3414 1234 3486 operatione
1273 3409 1686 3466 nichilominus
1719 3409 1868 3464 iure-

251 3503 656 3574 prehensibilis
697 3520 762 3558 ac
811 3502 1132 3574 prmcipuus
1164 3509 1256 3568 200,
1283 3516 1346 3554 ac
1377 3498 1455 3554 sic
1485 3515 1590 3570 per
1619 3497 1863 3552 activam

251 3592 425 3647 vitam
489 3591 734 3664 singulis
785 3591 1183 3662 compassione
1240 3588 1424 3643 extitit
1453 3586 1771 3659 proximus,
1797 3588 1862 3639 ut

251 3684 446 3737 tamen
480 3697 602 3754 prie
633 3680 854 3735 caeteris
885 3678 1376 3750 contemplatione
1431 3678 1580 3731 esset
1620 3690 1859 3744 suspen-

250 3780 440 3825 susm.
471 3770 739 3825 Etinhac
757 3768 1250 3839 contemplatione
1279 3765 1514 3838 positus,
1545 3780 1663 3818 non
1696 3763 1858 3817 dese-

252 3858 411 3914 rebat
440 3859 763 3913 fraternam
812 3855 1361 3912 condescensionem
1409 3853 1538 3907 vita
1598 3851 1858 3918 actualis,

250 3964 355 4003 nec
370 3949 549 4003 etiam
568 3947 627 4003 in
646 3946 871 4002 actione
883 3945 1216 4011 submissus,
1234 3942 1541 3998 recedebat
1557 3957 1590 3994 a
1603 3939 1861 3994 sublimi-

244 4039 365 4092 tate
387 4046 462 4079 ὀι
494 4034 1020 4108 contemplationis,
1054 4032 1264 4105 quique
1322 4028 1594 4085 salutaria
1638 4027 1867 4081 monita

244 4125 331 4179 sui
381 4125 653 4196 magistri
682 4127 837 4179 recto
873 4122 1107 4178 tramite
1137 4136 1404 4191 sequens,
1462 4115 1863 4186 evangelicum

239 4213 510 4268 triticum
568 4213 870 4268 dominicae
923 4209 1158 4265 familize
1213 4207 1460 4263 fideliter
1491 4203 1864 4276 dispensavit,

236 4305 298 4357 et
373 4301 597 4356 credita
658 4301 763 4358 sibi
835 4302 1055 4356 talenta
1121 4296 1509 4368 spiritualihus
1585 4308 1869 4364 augmen-

233 4391 314 4446 tis
357 4389 782 4460 multiplicavit.
823 4389 965 4445 Cum
1008 4404 1140 4444 vero
1186 4385 1554 4459 perfectuum
1579 4390 1652 4424 203
1683 4379 1872 4451 gradi-

226 4480 348 4535 bus
379 4495 566 4551 usque
598 4479 668 4533 ad
700 4479 1058 4534 venerabiles
1083 4491 1257 4531 canos
1292 4471 1644 4546 pervenisset
1668 4472 1725 4523 et
1743 4469 1869 4539 jam

1975 3341 2060 3393 13.
2097 3338 2259 3405 Quod
2286 3338 2473 3418 beatus
2492 3331 2786 3418 dilatet-nus
2823 3341 2899 3393 tot
2915 3340 3376 3418 annisepiseopus
3405 3348 3592 3417 fuerit,

2310 3412 2443 3481 quot
2467 3405 2650 3461 diebus
2689 3410 2745 3461 in
2780 3409 3046 3480 sepulchro
3069 3405 3267 3484 ja'cuit.

2041 3497 2177 3569 (Αη,
2214 3498 2373 3560 314.)
2396 3491 2615 3549 Deinde
2648 3495 2848 3552 beatus
2876 3499 3164 3557 Maternus
3195 3504 3592 3575 pontiﬁcalem

1963 3587 2284 3657 suscipiens
2313 3583 2541 3657 apicem
2567 3587 2710 3654 (274)
2740 3584 2808 3656 (c.
2835 3586 2949 3656 22),
2975 3589 3147 3660 coepit
3171 3607 3277 3661 per
3310 3591 3589 3659 civitates,

1964 3677 2022 3727 et
2051 3675 2334 3745 regiones
2367 3688 2561 3727 veram
2588 3672 2763 3727 ﬁdem
2797 3690 2924 3745 qum
2952 3680 3036 3730 est
3081 3694 3142 3733 1n
3195 3679 3418 3738 Christo
3451 3699 3589 3738 con-

1963 3765 2189 3818 stanter
2218 3762 2562 3836 praedicare,
2597 3765 2830 3817 cunctos
2863 3765 2935 3818 ad
2965 3765 3116 3820 viam
3140 3768 3341 3826 salutis
3362 3771 3592 3827 assidua

1965 3853 2400 3906 ammonitione
2419 3852 2988 3921 provocare,magnis
3005 3853 3308 3910 virtutibus
3331 3875 3591 3914 crescere

1965 3938 2144 4009 signis
2167 3943 2226 3994 et
2254 3937 2544 3994 miraculis
2564 3940 2736 4010 longe
2764 3940 2990 4012 lateque
3007 3942 3340 4013 clarescere,
3367 3949 3586 4016 quanto

1969 4026 2277 4080 cotidianis
2309 4027 2686 4081 incrementis
2712 4027 2969 4082 fidelium
2995 4031 3434 4088 multitudinem
3460 4036 3589 4104 plus

1970 4114 2172 4185 augeri
2204 4117 2607 4184 conspexerat,
2667 4117 2830 4170 tanto
2889 4117 3227 4188 diligentius
3257 4119 3589 4190 injunctum

1972 4201 2363 4257 ministerium
2389 4203 2734 4273 regulariter
2755 4204 3024 4260 ordinare
3065 4206 3351 4263 studebat.
3388 4209 3486 4263 Hic
3513 4217 3585 4252 211

1981 4291 2196 4347 etenim
2239 4292 2501 4362 quamvis
2530 4295 2679 4347 esset
2723 4294 2809 4347 vir
2862 4311 3093 4366 magna}
3149 4297 3506 4352 auctoritatis
3528 4299 3589 4353 et

1983 4379 2334 4452 prudentia},
2405 4380 2580 4435 nichil
2657 4385 2854 4437 tamen
2919 4401 2984 4438 ex
3046 4385 3281 4456 proprio
3337 4386 3586 4458 imperio

1981 4467 2207 4540 quamsi
2248 4476 2319 4509 “1
2351 4469 2532 4524 libera
2558 4473 2724 4526 utens
2743 4475 3025 4544 potestate
3042 4475 3313 4543 exercuit,
3335 4476 3436 4531 sed
3465 4492 3589 4531 om-

225 4567 677 4626 consommatio
732 4567 816 4622 sui
877 4583 1072 4621 cursus
1121 4563 1619 4636 appropinquaret
1653 4560 1719 4630 (c.
1756 4558 1865 4628 20),
1888 4547 1943 4607 D
1979 4556 2077 4610 nia
2108 4556 2405 4611 humiliter
2462 4561 2634 4631 atque
2675 4560 2989 4632 simpiciter
3017 4561 3155 4634 egit,
3187 4579 3588 4620 communem-

225 4658 506 4732 quadam
547 4660 716 4712 nocte
767 4655 1037 4729 apparuit
1090 4654 1143 4710 ei
1183 4653 1389 4708 beatus
1420 4647 1735 4706 Eucherius
1765 4661 1871 4718 per

1976 4662 2089 4717 que
2123 4662 2182 4698 se
2211 4645 2453 4701 subditis
2482 4650 2668 4705 studio
2696 4665 2906 4708 sanctae
2933 4652 3251 4708 dilectionis
3279 4654 3536 4710 exhibuit
3566 4671 3582 4726 ;

1571 4791 1805 4849 VARIIE
1866 4789 2156 4846 LECTION
2163 4790 2264 4846 ES.

311 4937 388 4972 ης
423 4929 459 4981 6
490 4929 572 4982 ait
595 4927 670 4983 Ε,
700 4925 769 4981 ν,
786 4924 874 4980 Μ,
951 4931 1022 4996 iss
1051 4920 1470 4996 sacerdotalem
1498 4918 1552 4971 3.
1583 4931 1724 4970 corr.
1748 4911 2107 4996 sacerdotale
2137 4916 2189 4968 2.
2241 4921 2338 4996 “1.9:
2364 4913 2603 4988 illutque
2633 4935 2769 4987 corr,
2785 4918 3047 4996 illudque
3067 4923 3122 4996 2.
3199 4929 3268 4964 195
3297 4938 3434 4996 corr.
3468 4927 3583 4982 Le.

229 5018 331 5074 sp.
357 5004 558 5074 temp.
629 5007 700 5040 m
729 4999 916 5074 des-unt
949 4994 1051 5050 Ch.
1131 5002 1200 5074 19]
1231 4992 1409 5074 xpi‘i.
1437 4993 1505 5074 3’.‘
1519 4985 1956 5074 corrijpiﬁni
1986 4985 2481 5074 Lmimglliﬂuwam
2507 4985 2652 5074 born
2686 4985 3022 5074 melliﬂuam
3053 4995 3106 5047 2.
3179 5001 3252 5074 399
3282 4995 3501 5074 aliquot
3535 4999 3585 5074 l.

232 5054 324 5116 Ξῖοί
351 5054 512 5126 corr:
540 5073 591 5137 1,
614 5087 640 5122 e
668 5068 993 5140 praecipius.
1072 5075 1140 5108 ιω
1173 5054 1428 5120 intentus
1447 5060 1566 5140 Oti.
1643 5054 1801 5140 ιοείίξἰ
1821 5072 1865 5109 s.
1895 5054 2130 5140 3.]‘enge
2159 5056 2313 5140 atiter
2343 5055 2442 5140 Ch.
2522 5069 2592 5100 203
2617 5078 2754 5140 corr.
2779 5063 3148 5140 proloquium
3177 5068 3232 5140 2._
3306 5054 3588 5140 =04‘desunt

238 5163 321 5217 ap
355 5141 469 5217 Cit.
579 5131 1168 5217 '925'c00p22rationem
1202 5140 1254 5193 2.
1385 5139 1457 5175 20°
1489 5131 1579 5185 die
1610 5143 1744 5217 vero
1772 5131 1825 5217 2..

230 5209 319 5261 τόν
357 5213 576 5284 reliqua
608 5209 934 5267 desunt—Ch.

1959 5134 2029 5167 107
2057 5127 2324 5182 exerticio
2360 5132 2408 5184 1.

1045 5218 1118 5252 είο
1163 5221 1392 5278 semper
1421 5218 1589 5259 mens
1617 5215 1754 5254 corr.
1794 5200 1814 5251 1
1857 5213 1961 5266 pro
1990 5214 2074 5253 m.
2107 5215 2151 5254 s.
2179 5216 2193 5268 ;
2232 5215 2400 5255 mens
2426 5218 2680 5273 superscr.
2714 5208 2768 5260 2.
2808 5205 2964 5263 deest.
2999 5207 3051 5262 3.

2526 5140 2597 5173 208
2628 5134 2704 5186 ita
2733 5132 2841 5188 vita
2864 5132 2938 5187 Ε.
2980 5134 3047 5188 V.
3079 5134 3165 5189 Μ.
3197 5135 3332 5190 deest
3362 5140 3409 5190 1.
3443 5142 3492 5190 2.
3529 5139 3583 5188 3.

3167 5214 3235 5248 211
3265 5206 3451 5260 desunt
3480 5204 3583 5260 Ch.

1804 5345 2026 5402 NOTIE.

314 5494 821 5569 (275)7Maternum
847 5493 1166 5569 quemdam
1202 5503 1432 5569 revera.
1460 5502 1493 5569 a
1547 5477 1870 5569 21:45,,Col‘o-

232 5551 439 5626 niernsi
453 5551 721 5621 Ecclesiae
743 5551 1037 5636 praeiuisse
1065 5564 1276 5618 docent
1331 5559 1569 5636 thatus
1608 5551 1872 5636 Mileti/ita:

229 5622 381 5697 Has"
421 5638 481 5692 in
537 5637 684 5692 libro
719 5622 790 5691 de
823 5636 1131 5691 schismate
1161 5622 1589 5689 Donatistarum
1616 5626 1658 5693 Ι,
1692 5625 1782 5690 23,
1814 5622 1872 5674 et

238 5709 669 5770 Constantinus
699 5707 760 5766 in
788 5708 955 5782 epist.
989 5707 1146 5782 apud
1169 5705 1374 5763 Euseb.
1417 5703 1497 5772 X,
1524 5705 1574 5758 5.
1606 5698 1872 5760 Interfuit

1973 5476 2212 5557 concilio
2237 5478 2574 5557 Arelatensi.
2598 5485 2852 5553 Mansill,
2866 5483 2992 5539 4'76.
3010 5479 3581 5557 Cir._Perieri_disqui-

1971 5549 2188 5628 s‘ilt‘iofde
2206 5551 2515 5628 prtedicato
2539 5557 2792 5625 primum
2812 5549 3117 5625 Evangelio
3131 5552 3191 5608 in
3203 5553 3431 5628 Belgica
3448 5549 3574 5613 Act.

1973 5620 2075 5680 SS.
2107 5619 2162 5674 S.
2193 5619 2272 5692 pt.
2305 5622 2398 5695 1V,
2433 5619 2688 5698 554-sqq.
