3960 6174
527 422 662 476 1019

1096 415 1417 472 IIERIGERI
1456 417 1540 473 ET
1576 418 1873 475 ANSELMI
1915 420 2134 475 GESTA
2173 419 2387 478 EPISC.
2428 419 2676 476 TANGR.
2713 419 2900 475 TRAJ.
2944 417 3027 473 ET
3068 416 3261 473 LEOD.

3634 432 3735 483 1020

535 542 595 597 in
637 539 910 594 omnibus
966 538 1143 594 etiam
1185 556 1311 611 qua;
1342 540 1722 612 probabiliter
1751 543 2004 611 gesserat
2029 556 2145 594 non
2174 545 2227 603 Α
2251 542 2443 594 autem
2481 557 2514 594 a
2538 539 2870 594 tenuissimo
2890 553 3094 594 somno
3113 536 3388 609 evigilans,
3402 540 3542 597 valde
3555 543 3736 615 quidem

517 645 682 688 suam
707 626 805 681 sed
831 626 1042 681 Christi
1063 628 1316 698 gloriam
1355 627 1635 699 quazsivit.
1672 627 2146 700 Quiqueminte“

513 719 722 770 caetera
750 717 1094 769 sanctarum
1120 716 1400 770 virtutum
1425 717 1694 771 exercitia
1716 727 1785 759 ³η
1813 717 2144 771 mitissimus

508 803 777 857 insistens
798 811 868 845 21³
893 821 1030 858 cons
1046 806 1320 859 olabatur
1338 805 1603 872 afflictos,
1626 806 1781 875 pavit
1812 823 1878 860 ex
1910 806 1998 859 his
2017 823 2143 877 quae

513 890 884 946 habebantur
902 909 1140 963 egenos,
1165 893 1390 948 vestivit
1407 894 1610 961 nudos,
1632 895 1880 949 redemit
1894 895 2144 966 captivos

517 979 766 1049 suscepit
798 981 1159 1052 peregrinos,
1191 983 1530 1036 errantibus
1561 983 1712 1037 viam
1743 983 1941 1038 salutis
1974 983 2145 1037 mise-

517 1066 823 1122 ricorditer
885 1070 1156 1137 ostendit,
1189 1070 1506 1141 desperatis
1537 1087 1702 1142 spem
1730 1071 1914 1126 venite
1943 1088 2142 1126 conse-

519 1156 766 1227 quendaz
793 1158 1116 1214 clementer
1142 1159 1432 1230 promisit,
1469 1163 1767 1216 currentes
1800 1160 1952 1215 viam
1979 1177 2144 1215 man-

526 1243 802 1300 datorum
861 1247 963 1302 Dei
995 1265 1228 1320 semper
1281 1249 1354 1303 ad
1411 1249 1703 1305 anteriora
1731 1259 1801 1292 ιιι
1832 1249 2058 1320 inpulit,
2088 1250 2144 1304 in

524 1340 597 1374 ³1⁵
623 1334 833 1388 eadem
865 1340 1234 1390 romorantes
1260 1337 1432 1391 verbo
1465 1338 1880 1393 exhortationis
1911 1338 2146 1408 instiga-

526 1421 612 1475 vit
651 1432 743 1486 215,
777 1427 834 1478 et
861 1426 1038 1480 modo
1079 1426 1362 1493 docendo,
1397 1428 1573 1483 modo
1606 1428 1982 1495 exhortando,
2018 1445 2146 1484 m0-

535 1512 609 1566 do
642 1514 1016 1583 sustinendo,
1047 1517 1222 1571 modo
1256 1515 1313 1569 in
1333 1525 1400 1558 ειθ
1415 1516 1676 1587 periculis
1701 1532 1760 1570 se
1791 1515 2139 1592 objiciendo,

2246 628 2410 683 laetus
2428 627 2498 684 de
2511 632 2738 683 ostensa
2754 627 2858 682 sibi
2873 626 3086 682 visione
3099 625 3299 692 extitit,
3315 627 3580 685 sedstatim
3594 634 3738 688 tamen

2249 718 2448 771 adesse
2479 725 2550 758 m
2576 717 2830 787 corporis
2854 715 3179 770 molestiam
3211 715 3393 783 sensit,
3431 718 3740 792 accercitoque

2246 806 2512 860 ministro
2539 822 2666 860 cum
2688 806 2809 876 ejus
2822 804 3187 876 adjuvamine
3207 812 3274 846 2³⁷
3291 804 3360 859 ad
3377 806 3604 861 cellulam
3620 808 3746 862 rediit

2245 898 2303 948 et
2329 910 2590 949 seorsum
2650 893 3031 948 familiaribus
3071 891 3351 964 discipulis
3394 893 3492 948 hoc
3516 895 3642 966 quod
3669 895 3746 950 sibi

2249 987 2544 1039 ostensum
2575 983 2763 1038 fuerat
2784 981 2979 1037 retulit
3005 981 3074 1054 (c.
3106 982 3217 1052 24).
3246 982 3340 1037 Die
3369 985 3542 1038 autem
3564 985 3750 1058 crastina

2249 1077 2564 1128 convocata
2577 1072 2651 1128 ad
2668 1089 2724 1126 se
2745 1073 2994 1127 fratrum
3017 1074 3260 1138 caterva,
3278 1071 3440 1142 erepit
3458 1087 3544 1127 eos
3563 1073 3749 1127 studiose

2248 1161 2319 1215 de
2352 1161 2488 1215 fidei
2518 1160 2850 1232 integritate
2877 1159 3195 1214 admonere
3223 1161 3280 1214 et
3299 1158 3508 1214 animos
3527 1159 3754 1214 eorumad

2249 1251 2482 1306 cmleste
2504 1248 2851 1304 desiderium
2877 1247 3304 1304 delectabilibus
3315 1247 3755 1312 verbisaccendere,

2257 1354 2323 1392 ac
2345 1354 2448 1410 per
2479 1342 2666 1392 totum
2715 1335 2871 1391 diem
2901 1336 3171 1391 salutaria
3201 1335 3419 1391 monita
3443 1335 3515 1390 eis
3542 1335 3653 1391 dare
3676 1353 3759 1390 non

2254 1443 2502 1493 cessans,
2525 1442 2702 1497 usque
2722 1433 2792 1466 228
2823 1425 2897 1479 ad
2929 1427 3190 1479 octavam
3220 1425 3418 1479 horam
3446 1423 3762 1495 subsequentis

2259 1514 2444 1570 noctis
2473 1530 2802 1569 sermonem
2833 1511 3286 1568 exhortatoriam
3305 1511 3578 1583 protraxit,
3592 1516 3640 1566 et
3652 1510 3763 1582 quod

531 1601 805 1656 omnibus
825 1603 1222 1658 indesinenter
1246 1605 1340 1676 pio
1366 1605 1646 1659 solamine
1674 1604 1919 1658 occurrit
1943 1605 2002 1674 (c.
2025 1589 2135 1675 23);
2168 1589 2212 1648 Β
2241 1603 2558 1676 creliquum
2585 1602 2764 1658 noctis
2790 1605 3106 1673 supererat,
3137 1601 3196 1656 in
3221 1599 3446 1672 psalmis
3473 1603 3524 1655 et
3549 1599 3700 1671 ymnis
3717 1607 3765 1641 2”

535 1688 632 1743 His
675 1707 812 1761 ergo
843 1696 1012 1763 atque
1043 1692 1166 1747 aliis
1195 1693 1527 1764 hujusmodi
1559 1694 1848 1748 bonorum
1895 1710 2139 1765 operum

535 1778 736 1833 studiis
763 1781 954 1848 fultus,
990 1781 1059 1835 ad
1093 1785 1350 1836 sanctam
1405 1786 1463 1836 et
1505 1782 1853 1837 laudabilem
1885 1786 2140 1836 senectu-

537 1871 656 1923 tem
689 1870 951 1940 pervenit
1001 1874 1059 1924 et
1099 1871 1242 1925 sicut
1289 1872 1674 1947 quadraginta
1717 1872 1839 1926 dies
1863 1872 2042 1942 jacuit
2079 1873 2137 1926 in

537 1959 862 2028 sepulchro,
894 1959 974 2013 ita
995 1959 1168 2014 etiam
1199 1961 1442 2016 totidem
1491 1977 1674 2016 annos
1701 1961 1913 2016 mansit
1953 1962 2012 2016 in
2048 1978 2136 2016 sa-

534 2047 809 2101 cerdotali
841 2047 1180 2103 ministerio.

543 2152 628 2206 14.
665 2150 905 2217 Qualiter
927 2171 1043 2207 eum
1074 2154 1381 2210 Eucherius
1403 2163 1453 2210 et
1472 2156 1718 2212 Valerius
1736 2156 1798 2210 de
1823 2157 1917 2210 hoc
1945 2157 2143 2211 mundo

1024 2243 1118 2296 per
1143 2229 1316 2282 visum
1345 2229 1667 2282 vocaverint.

613 2313 663 2365 Is
694 2312 886 2384 itaque
917 2313 1114 2368 solitus
1139 2318 1262 2370 erat
1293 2332 1394 2386 per
1417 2319 1758 2370 nocturnam
1778 2315 2032 2388 quietem
2063 2319 2148 2372 lo-

541 2413 678 2454 cum
704 2401 799 2455 ubi
832 2417 1075 2474 corpora
1104 2406 1434 2457 sanctorum
1492 2404 1858 2474 requiescunt
1913 2406 2148 2460 silenter

543 2487 919 2560 frequentare
938 2493 994 2545 et
1011 2490 1225 2546 ibidem
1250 2491 1460 2547 diutius
1478 2493 1535 2546 in
1568 2493 1828 2548 oratione
1849 2495 2001 2548 solus
2015 2511 2146 2565 per-

543 2577 744 2633 sistere
768 2587 859 2636 317.
883 2580 1043 2634 Unde
1083 2580 1222 2635 dum
1272 2581 1523 2652 quadam
1555 2586 1722 2637 nocte
1735 2584 1900 2654 juxta
1923 2600 2148 2638 morem

545 2667 798 2722 eandem
825 2668 1140 2723 tecclesiam
1169 2669 1432 2733 intraret,
1475 2671 1669 2742 ibique
1708 2671 1979 2743 prolixius
2008 2672 2148 2726 divi-

544 2771 650 2810 nas
682 2757 879 2811 laudes
907 2758 1242 2826 celebraret,
1275 2761 1426 2814 circa
1451 2761 1705 2816 mediam
1727 2764 1956 2816 noctem
1982 2761 2154 2832 coepit

546 2859 754 2899 somno
785 2847 1031 2916 gravari,
1064 2849 1216 2904 etab
1255 2849 1528 2905 instantia
1555 2865 1791 2920 precum
1823 2849 2153 2905 offendente

554 2933 751 3003 sepius
769 2935 966 3006 lingua
982 2935 1285 2990 retardari.
1321 2939 1392 2990 At
1412 2946 1484 2980 ³18
1512 2939 1605 2992 ille
1627 2938 1684 2992 in
1700 2938 1968 2994 subsellio
1999 2937 2154 3010 quod

547 3021 633 3079 ibi
659 3026 785 3079 erat
812 3023 1134 3091 considens,
1168 3025 1355 3080 inﬁxis
1396 3027 1469 3081 ad
1495 3036 1769 3097 genuam
1799 3026 2024 3092 cubitis,
2064 3027 2158 3081 in-

553 3113 646 3165 ter
675 3115 948 3184 utrasque
979 3129 1185 3168 manus
1231 3118 1494 3170 sanctum
1540 3120 1710 3186 caput
1758 3115 2056 3171 reclinavit
2105 3119 2164 3170 et

555 3201 854 3272 paululum
909 3218 1116 3257 somno
1191 3203 1400 3257 cedens
1461 3203 1725 3258 celeriter
1789 3203 2162 3267 obdormivit,

559 3289 875 3360 statimque
909 3295 1302 3360 apparuerunt
1331 3292 1383 3346 ei
1430 3308 1535 3363 per
1597 3292 1876 3347 visionem
1938 3295 2168 3347 sanctus

577 3376 892 3431 Eucharius
907 3377 1179 3432 etbeatus
1203 3379 1458 3434 Valerius
1482 3379 1806 3435 clarissimis
1831 3389 1900 3422 12°
1923 3380 2170 3436 vultibus

561 3465 957 3534 splendentes,
977 3467 1423 3521 sacerdotalibus
1443 3468 1635 3521 infulis
1659 3471 2043 3535 coruscantes,
2073 3486 2167 3522 co-

555 3565 731 3606 ronas
761 3553 1017 3624 singulas
1046 3555 1190 3608 rosis
1225 3559 1283 3609 et
1313 3564 1381 3597 m
1407 3555 1536 3610 liliis
1554 3573 1616 3610 ac
1648 3565 1716 3598 ηε
1739 3557 1958 3611 caeteris
1976 3557 2168 3612 odori-

555 3637 702 3694 feris
735 3641 976 3696 lloribus
1006 3651 1075 3684 ω
1101 3643 1350 3698 mirabili
1381 3647 1503 3698 arte
1537 3644 1757 3698 intean
1791 3643 1849 3697 in
1890 3645 2170 3717 capitibus

559 3732 877 3799 gestantes,
913 3732 1214 3786 consimile
1243 3737 1458 3788 sertum
1496 3734 1963 3788 demonstrantes
1991 3737 2049 3788 et
2083 3735 2166 3792 di-

552 3822 753 3874 centes
785 3835 798 3874 :
833 3819 994 3889 Ecce,
1037 3821 1304 3888 Materne,
1331 3824 1467 3877 sicut
1519 3823 1650 3878 olim
1683 3824 1779 3877 tibi
1804 3825 2168 3894 promisimus.

551 3907 636 3964 ita
684 3915 809 3964 ante
826 3910 969 3965 diem
998 3909 1346 3967 dormicionis
1395 3929 1501 3967 tua?
1543 3912 1797 3967 uisitandi
1819 3915 1994 3981 gratia
2024 3911 2094 3965 ad
2124 3918 2171 3965 te

552 3997 817 4055 venimus.
846 3999 1014 4056 Nunc
1041 4018 1162 4070 ergo
1192 4001 1366 4071 gaude
1393 4009 1443 4056 et
1473 4003 1670 4067 testare,
1705 4002 1838 4073 quia
1874 4001 1959 4054 die
1999 4004 2164 4055 tercia

552 4103 618 4141 ex
643 4088 740 4142 hoc
765 4089 938 4143 seculo
970 4091 1230 4159 migrabis
1260 4098 1310 4145 et
1339 4089 1410 4144 ad
1441 4090 1830 4145 znenarrabilia
1856 4090 2079 4144 Domini
2089 4091 2172 4144 tui

551 4176 754 4248 gaudia
781 4179 1050 4234 introibis.
1082 4178 1176 4234 En
1207 4196 1360 4237 cerne
1402 4189 1471 4222 εει
1515 4181 1756 4251 ρνιττηίίί
1783 4179 1867 4234 tui
1896 4180 2169 4250 incorrup-

551 4265 756 4321 tibilem
783 4283 1060 4337 coronam,
1101 4286 1220 4341 quae
1248 4288 1278 4323 a
1301 4270 1558 4341 paradiso
1595 4276 1863 4340 perpetuae
1900 4268 2166 4322 amenita-

553 4355 624 4408 iis
654 4363 724 4396 m
745 4363 820 4410 est
843 4365 1080 4429 sumpta,
1118 4365 1168 4413 et
1201 4359 1298 4412 tibi
1325 4377 1356 4412 a
1388 4358 1600 4414 Citristo
1613 4375 1708 4428 per
1721 4375 1814 4413 nos
1826 4356 2058 4427 famulos
2076 4355 2170 4410 de-

554 4442 791 4512 stinata;
821 4447 976 4516 cujus
1028 4449 1126 4514 [los
1166 4463 1463 4518 numquam
1507 4453 1806 4514 marcescet,
1865 4445 2016 4514 cujus
2039 4445 2168 4499 odor

556 4551 851 4607 numquam
901 4553 934 4589 a
959 4538 1225 4592 suavitate
1263 4536 1458 4605 deﬁcit,
1509 4537 1660 4608 wjus
1686 4535 2085 4606 perseverantia
2105 4535 2168 4602 ﬁ-

557 4641 682 4679 nem
721 4641 828 4678 non
858 4625 1029 4690 novit,
1076 4642 1240 4695 quam
1283 4633 1406 4694 post
1459 4625 1856 4696 corruptibilem
1887 4624 2166 4694 praesentis

557 4715 684 4768 vitae
718 4713 1190 4784 incorruptibiliter
1217 4713 1522 4783 possidebis,
1560 4721 1609 4768 et
1639 4715 1694 4767 in
1729 4717 2008 4784 conspectu
2037 4713 2165 4765 recis

557 4817 746 4871 regum
821 4817 943 4856 cum
1018 4819 1079 4855 ea
1147 4803 1468 4857 a’ternaliter
1539 4803 1808 4859 laureatas
1868 4816 2170 4872 persevera-

561 4890 666 4949 bis.
729 4889 825 4946 His
889 4889 1053 4946 dictis
1109 4905 1248 4947 mox
1313 4889 1718 4963 disparuerunt
1780 4889 1850 4962 (c.
1893 4889 2005 4959 24).
2072 4888 2170 4944 Ille

2253 1713 2289 1750 u
2314 1711 2371 1748 in
2414 1693 2685 1748 fratribus
2716 1690 3018 1761 transegit.
3044 1692 3176 1746 Post
3216 1691 3497 1762 pullorum
3526 1703 3639 1743 vero
3669 1704 3766 1742 can-

2252 1787 2405 1849 tum,
2437 1783 2689 1836 instante
2711 1782 2835 1851 jam
2865 1780 2979 1842 die,
3025 1779 3180 1834 venit
3234 1780 3472 1850 desuper
3516 1779 3646 1832 clara
3683 1792 3774 1834 vox.

2254 1871 2475 1926 cunctis
2505 1873 2602 1941 qui
2636 1869 2692 1923 in
2733 1869 2832 1922 illa
2862 1868 3070 1924 cellula
3122 1871 3290 1923 erant
3341 1865 3680 1930 audientibus,
3721 1863 3776 1916 di-

2259 1975 2396 2014 cens
2422 1975 2435 2012 :
2469 1957 2732 2025 Materne,
2765 1956 2949 2012 dilecte
2977 1956 3100 2024 Dei,
3131 1958 3272 2012 veni.
3307 1955 3412 2021 Qui
3438 1964 3504 1998 ’³ο
3530 1970 3644 2009 mox
3663 1949 3777 2023 quasi

2251 2048 2540 2103 assuetam
2569 2062 2766 2101 vocem
2797 2045 3056 2112 audiens,
3072 2061 3379 2101 conversus
3400 2044 3471 2100 ad
3488 2043 3778 2099 circumstan-

2245 2123 2335 2190 t'es
2367 2137 2573 2191 fratres
2603 2134 2681 2190 ait
2710 2151 2723 2189 :
2764 2134 2969 2200 Valete,
2997 2134 3153 2203 ﬁlioli
3180 2142 3250 2177 m
3282 2135 3389 2189 mei
3423 2139 3468 2188 et
3494 2132 3664 2188 viscera
3683 2143 3780 2180 mea

2255 2224 2375 2295 Ego
2399 2227 2536 2278 enim
2557 2225 2674 2295 jam
2695 2223 2958 2293 migrabo,
2986 2229 3034 2277 et
3055 2223 3117 2276 in
3139 2224 3393 2294 praesenti
3429 2219 3585 2275 seculo
3617 2215 3783 2287 amplius

2255 2315 2520 2368 vobiscum
2542 2323 2611 2355 =3!
2633 2329 2737 2366 non
2766 2329 2873 2367 ero.
2901 2313 2968 2365 Et
2995 2312 3118 2367 haec
3149 2311 3347 2366 dicens
3373 2318 3466 2376 2",
3490 2305 3778 2364 communio-

2259 2419 2395 2457 nem
2424 2401 2695 2457 dominici
2727 2401 3075 2457 sacramenti
3117 2400 3359 2472 accepit,
3388 2399 3665 2468 statimque
3689 2409 3778 2447 san-

2251 2495 2406 2545 ctam
2444 2491 2706 2546 animam
2747 2489 3162 2547 exalavitzPro
3177 2489 3335 2559 cujus
3356 2478 3790 2552 absolutionehiqui

2253 2582 2574 2651 praesentes
2604 2579 2853 2634 aderant
2887 2577 3086 2632 fideles
3111 2577 3433 2650 condignas
3455 2573 3688 2645 exequias
3700 2584 3795 2624 con~

2253 2669 2564 2739 pleverunt
2590 2677 2662 2710 ιδι
2685 2670 2743 2722 et
2767 2667 2890 2738 ejus
2917 2682 3126 2738 corpus
3178 2683 3302 2721 non
3357 2666 3523 2736 longe
3551 2678 3582 2717 a
3603 2656 3799 2730 reliquiis

2257 2759 2594 2811 sanctorum
2650 2754 2919 2811 Eucherii
2955 2771 3022 2810 ac
3071 2754 3290 2809 Valerii
3320 2750 3703 2809 honorabiliter
3727 2761 3799 2818 po-

2264 2845 2545 2904 suerunt].

2262 2973 2350 3028 15.
2405 2969 2488 3024 De
2540 2977 2652 3024 octo
2696 2978 2767 3012 980
2800 2971 3054 3041 episcopis
3099 2971 3198 3041 qui
3227 2969 3377 3024 beato
3401 2965 3634 3022 Materno
3660 2957 3806 3015 inserte

2727 3059 3417 3129 Tungrensisuccesserunt.

2190 3160 2238 3221 C
2338 3165 2557 3236 Illoque
2587 3165 2856 3220 humanis
2885 3167 3174 3237 exempto,
3203 3163 3488 3221 secundus
3515 3160 3563 3216 ei
3582 3154 3806 3214 cathedra!

2269 3254 2538 3326 praesedit
2568 3253 2819 3322 Navitus,
2849 3253 3057 3310 tercius
3077 3255 3406 3320 Marcellus,
3425 3245 3808 3335 quartusbletro-

2270 3343 2457 3414 polus,
2487 3341 2718 3414 quintus
2741 3341 3070 3411 Severinus,
3100 3346 3293 3396 sextus
3305 3337 3668 3400 Florentinus,

2270 3449 2399 3486 mus
2417 3431 2693 3485 Martinus
2726 3440 2818 3498 ³³⁵,
2842 3435 3070 3486 octavus
3099 3431 3400 3497 Maximus,
3430 3442 3606 3483 nonus
3628 3421 3816 3476 Valenti-

2269 3537 2395 3575 nus.
2430 3519 2538 3584 Qui
2567 3536 2816 3592 quorum
2848 3520 2932 3574 vel
2967 3519 3399 3590 imperatorum
3455 3516 3533 3570 vel
3582 3508 3815 3568 consulum

2270 3608 2581 3664 claruerint
2640 3608 3024 3680 temporibus,
3085 3624 3350 3679 quosque
3376 3605 3490 3659 vita
3519 3599 3811 3687 singulorllll‘

2269 3697 2536 3752 habuerit
2583 3696 2786 3764 exitus,
2838 3699 3092 3768 quotque
3142 3694 3360 3766 singuli
3408 3692 3570 3748 annis
3609 3683 3814 3744 ammini-

2269 3784 2572 3839 straverint
2604 3784 2860 3838 officium
2895 3783 3290 3854 pontificatus,
3349 3783 3437 3837 vel
3485 3778 3575 3834 ubi
3603 3783 3816 3862 quorum:

2270 3889 2381 3944 que
2417 3873 2488 3926 sit
2512 3873 2792 3941 tumulus,
2825 3889 2922 3926 seu
2959 3875 3249 3943 quantum
3279 3856 3819 3950 quisqueampliavcr.it

2269 3961 2544 4015 aacclesia:
2571 3979 2686 4016 suae
2717 3961 2957 4028 reditus,
2987 3959 3122 4033 quia
3151 3960 3334 4015 totius
3365 3957 3556 4013 Gallia:
3601 3953 3664 4008 ab
3693 3948 3820 4002 Hunis

2268 4049 2420 4104 facta
2454 4067 2574 4104 non
2619 4050 2806 4104 solum
2846 4052 3058 4104 nostra:
3089 4048 3191 4102 sed
3225 4048 3473 4103 aliarum
3505 4037 3819 4100 azcclesiarum

2268 4139 2520 4193 abolevit
2552 4138 2793 4206 eversio,
2824 4154 2928 4192 nec
2981 4154 3015 4192 a
3068 4136 3237 4191 nobis
3268 4135 3502 4191 lectoris
3533 4127 3734 4197 alicujus
3757 4136 3820 4173 re-

2274 4226 2467 4298 quirat
2492 4235 2563 4268 m
2597 4225 2837 4282 exactio.
2888 4225 3017 4280 Hoc
3052 4228 3280 4279 certum
3314 4229 3580 4279 tenemus
3616 4210 3819 4298 omnium

2271 4296 2662 4370 {ecclesiarum
2709 4315 2906 4384 copias
2935 4313 3301 4380 exuberasse,
3359 4313 3508 4366 circa
3553 4324 3617 4362 ea
3663 4296 3822 4384 scilicet

2187 4417 2239 4474 1)
2267 4407 2538 4478 tempora
2577 4420 2690 4476 quo
2757 4411 2826 4445 237
2887 4403 3030 4457 diva:
3078 4401 3391 4457 memoria:
3449 4401 3687 4454 Romano
3734 4384 3822 4478 0be

2272 4472 2521 4564 praerat
2552 4472 2964 4548 Cbnstantinus
2993 4493 3295 4562 angustus,
3353 4487 3560 4544 deinde
3589 4481 3675 4538 ﬁlii
3697 4472 3823 4549 ipsi“3

2272 4581 2555 4637 Constans
2577 4585 2636 4636 et
2661 4579 3048 4636 Constantius.

2273 4710 2361 4762 16.
2400 4706 2644 4772 Qualiter
2674 4709 2730 4760 in
2759 4705 2979 4759 diversis
3014 4703 3136 4757 locis
3162 4701 3451 4757 orthodoxi
3492 4699 3596 4756 viri
3623 4690 3824 4750 Arrium?

2839 4776 3008 4830 heresi
3033 4775 3348 4829 restiterint.

2343 4885 2466 4950 Quo
2484 4893 2556 4928 ³³⁸
2575 4883 2752 4942 etiam
2773 4887 3037 4954 tempore
3051 4877 3346 4936 inclinatis
3355 4873 3612 4949 religioni
3627 4863 3826 4926 christia-

1883 5079 2113 5136 VARDE
2156 5075 2559 5135 LECTIONES.

634 5265 706 5301 ω
731 5253 917 5311 desunt
940 5253 1043 5311 Ch.
1147 5261 1216 5297 ω
1249 5252 1514 5309 insistens
1543 5270 1679 5308 corr.
1709 5253 1963 5309 existens
1993 5258 2046 5309 2.

561 5335 636 5374 ἰτ
662 5329 892 5407 Initium
915 5327 1052 5407 deest
1099 5324 1226 5394 CIL,
1245 5327 1534 5407 sequentia
1563 5326 1734 5407 longe,
1751 5326 1924 5407 aliter.

563 5409 638 5444 ’³ο
662 5399 1009 5456 clarussimis
1039 5415 1178 5454 corr.
1211 5398 1537 5452 clarissimis
1567 5402 1618 5452 2.
1722 5406 1790 5438 ω
1823 5413 1906 5451 ac.
1942 5399 1994 5452 3.

2141 5263 2212 5296 tu
2245 5251 2523 5307 interiora
2551 5252 2603 5304 3.
2637 5247 2864 5322 potiora
2893 5245 2994 5322 C'_h.

2023 5334 2095 5368 ³18
2123 5324 2309 5378 desunt
2337 5323 2437 5381 C/t.

2099 5405 2169 5437 ιη
2201 5398 2259 5449 ει
2285 5399 2338 5452 3,
2441 5402 2512 5436 ω

3095 5253 3166 5288 115
3191 5245 3384 5299 desunt
3415 5241 3514 5298 Cb.
3598 5247 3767 5293 erasnm
3791 5228 3828 5299 ‘3:

2544 5295 2618 5363 ἶιθ
2637 5295 2864 5375 [infulis-
2879 5319 2952 5374 ad
2993 5318 3170 5390 jenua
3205 5333 3350 5390 corr.
3387 5319 3443 5390 l_.
3478 5295 3828 5390 e_ad_je}1-,i}ff'

2543 5370 2952 5465 εθηὶῖᾖῖἐῖίῖῖ
2993 5370 3086 5430 ’ίίέ
3105 5370 3192 5444 iis
3220 5370 3362 5465 ,νίτα
3388 5384 3557 5465 lim;
3593 5370 3829 5465 Vetti?!-

563 5454 884 5528 certeﬁvlr2.
920 5473 970 5527 3.
1048 5479 1120 5514 ηδ
1148 5468 1544 5523 ammenitatis
1572 5484 1711 5524 corr.
1744 5485 1936 5523 amen.
1972 5471 2025 5523 2:
2102 5475 2173 5508 m
2197 5466 2270 5520 ad
2292 5465 2413 5534 ejus
2439 5469 2486 5520 1.
2543 5454 2635 5506 ’ἳετ
2663 5461 3029 5534 adjuvamine
3053 5475 3194 5514 corr.
3208 5457 3506 5534 juvamine
3530 5459 3578 5508 2.
3647 5454 3830 5534 ²ξ⁸ξονζ·

569 5548 623 5599 1.
655 5561 682 5598 c
711 5559 925 5613 ausque
958 5547 1007 5596 1.
1102 5550 1174 5584 ²²ο
1198 5540 1428 5612 hymnis
1448 5544 1502 5598 2.
1536 5541 1588 5594 3.
1623 5611 1631 5613 _
1691 5547 1767 5613 33°
1795 5539 1979 5594 desunt
2009 5537 2112 5594 Ch.

567 5624 642 5659 ’δι
672 5609 896 5688 septem
922 5618 939 5667 1
979 5613 1067 5669 sed
1098 5609 1316 5688 ideniin
1346 5615 1580 5688 capitum
1609 5609 1780 5666 indice
1810 5613 1960 5688 octo.

2211 5545 2280 5578 ’³1
2308 5536 2407 5590 filii
2440 5540 2491 5593 2.
2527 5538 2578 5591 3.

2049 5617 2120 5652 ω
2147 5607 2287 5663 deest
2313 5607 2441 5668 011..

3255 5511 3765 5600 i"expleverunt?-

3659 5596 3720 5633 ’Π
3744 5595 3830 5657 quo

2682 5544 2754 5576 883
2788 5550 2905 5589 non
2935 5551 2987 5588 e.
3015 5549 3065 5587 v.
3101 5534 3154 5586 3.

2531 5615 2602 5652 εδσ
2633 5605 2876 5680 requirit
2904 5609 2952 5661 1.
2983 5607 3039 5662 3.
3071 5620 3206 5658 corr.
3243 5600 3499 5675 requirat
3516 5601 3566 5653 2.

570 5703 710 5745 corr.
736 5681 948 5762 'quibus
979 5689 1034 5743 2.
1109 5693 1182 5732 ³⁸⁸
1215 5681 1562 5756 ᾰεηιηίοὴη
1593 5683 1862 5757 sequentia
1892 5681 2045 5740 aliter
2065 5696 2327 5756 expressa.
