3960 6174
159 433 272 488 1021

1287 423 1614 482 HERICERI
1643 418 1862 480 GESTA
1890 420 2106 479 EPISC.
2131 419 2340 484 LEOD.

3366 437 3504 493 1022

155 570 234 610 nae
262 551 614 626 principibus
657 549 818 607 orbis
849 548 1028 624 (275),
1080 565 1143 606 ac
1190 564 1294 622 per
1345 549 1458 604 hoc
1506 551 1767 606 cessante
1793 552 1847 612 Α
1868 547 1982 603 suis
2005 546 2182 602 effera
2217 566 2362 622 gens
2391 529 2726 620 Hunoru‘m,
2760 566 2890 624 qua:
2937 569 3044 625 per
3075 557 3267 613 totum
3294 557 3505 614 diffusa

155 643 374 699 turbine
405 639 825 714 persecutionis
848 648 948 706 πο,
980 638 1429 695 exuberantibus
1479 638 1770 694 facultati-

153 731 246 786 bus
265 729 686 797 :ecclesiasticis,
713 732 941 800 quanto
966 727 1264 783 afﬂuentia
1281 727 1602 798 augebatur
1625 726 1766 780 divi-

156 819 719 884 tiarum,tantoluxus
735 826 812 860 ἰο
837 818 1099 872 fomenta
1139 816 1618 871 subministrabat
1641 815 1766 870 libi-

157 907 342 964 dinum
362 917 457 974 3“,
480 905 982 978 haecpotissimum
1000 906 1153 960 mala
1172 908 1481 976 superante
1500 903 1763 959 Arrianae

157 996 385 1069 perfidia
409 997 693 1063 hereseos,
730 1011 876 1066 quin
907 1004 980 1037 ω
1010 993 1178 1066 pullis
1207 992 1293 1047 sui
1323 993 1534 1048 erroris
1577 995 1766 1048 totum

157 1087 497 1157 resperserat
526 1084 726 1140 orbem
759 1084 1189 1141 Romanorum.
1219 1080 1320 1136 Cui
1359 1080 1506 1152 pesti
1552 1079 1767 1152 ubique

156 1174 397 1245 serpenti
425 1172 770 1228 resistebant
801 1170 1171 1243 potissimum
1207 1186 1241 1224 a
1297 1171 1445 1225 collo
1499 1170 1767 1225 ecclesiae

157 1267 208 1318 et
225 1266 378 1317 turre
400 1259 702 1316 veriDavid
731 1276 874 1331 quae
899 1258 1161 1314 edificata
1178 1262 1264 1314 est
1287 1273 1419 1312 cum
1435 1273 1765 1330 propugna-

157 1351 305 1416 culis,
359 1349 758 1421 dependentes
811 1346 971 1402 mille
1018 1347 1207 1424 clipei,
1242 1347 1435 1402 omnis
1473 1349 1770 1402 armatura

157 1439 383 1496 fortium
409 1437 598 1510 (Cant.
625 1454 702 1504 1v,
740 1435 827 1508 4),
865 1435 1130 1490 Silvester
1155 1435 1768 1501 Romanorum,Atha-

159 1529 339 1585 nasius
352 1523 1769 1588 Alexandrinorum,AmbrosiusMcdiolanensium

160 1618 431 1673 Maximus
457 1615 856 1681 Trevirorum,
901 1611 1142 1666 Hilarius
1177 1612 1562 1680 Pictavorum,
1591 1613 1774 1666 Marti-

160 1723 256 1760 nus
276 1703 934 1770 Turonorum,Anianus
954 1701 1449 1767 Aurelianenium,
1469 1699 1773 1755 Severinus

162 1792 602 1859 Coloniensium,
628 1790 918 1846 Eusebius
949 1789 1397 1844 Vercellensium
1433 1792 1491 1844 et
1512 1804 1656 1860 eque
1679 1787 1774 1842 alii

1868 640 1955 691 est
1980 636 2184 691 orbem
2227 638 2564 695 Romanum
2586 647 2685 692 ³48.
2736 638 2910 711 Cujus
2943 644 3082 698 ante
3123 661 3193 700 ea
3245 655 3316 689 ιη
3356 651 3504 702 tem-

1867 742 2010 796 pora
2041 725 2241 782 invisae
2278 728 2466 798 gentis
2493 731 2759 791 exortus,
2787 731 2851 783 ut
2894 747 3016 786 sese
3049 731 3165 786 fert
3193 735 3508 806 antiquitas

1867 813 2184 881 relationis,
2222 832 2329 870 nos
2360 833 2596 888 quoque
2633 817 2998 872 absolvemus
3028 823 3508 892 perpancis.Fer-

1866 907 1963 958 tur
1987 918 2247 973 namque
2280 921 2314 958 a
2343 903 2724 975 quibusdam,
2757 907 2912 977 quod
2943 911 3210 980 tempore
3242 910 3412 965 famis
3433 919 3507 953 ’⁸ο

1868 1011 1999 1068 quae
2029 992 2185 1046 facta
2216 993 2304 1046 est
2326 1000 2394 1034 2⁵1
2429 1009 2586 1047 anno
2623 992 2854 1049 decimo
2880 995 3104 1051 Claudii
3133 997 3281 1070 (Act.
3306 1017 3382 1066 x1,
3408 998 3500 1068 28)

1871 1079 2127 1144 Cazsaris,
2156 1080 2319 1151 cujus
2344 1084 2400 1135 et
2425 1080 2606 1135 Lucas
2630 1079 2697 1134 in
2721 1082 2938 1138 actibus
2967 1087 3366 1155 apostolorum
3384 1103 3507 1140 me-

1869 1168 2043 1224 minit
2069 1167 2245 1240 (379),
2280 1184 2410 1223 cum
2435 1177 2507 1210 ’δι
2549 1171 2611 1223 et
2666 1170 2866 1225 Petrus
2916 1172 3161 1229 Romam
3210 1175 3503 1247 ingressus

1869 1274 2093 1313 nonum
2122 1274 2346 1312 annum
2377 1261 2602 1328 ageret,
2641 1260 2702 1312 et
2733 1260 2938 1314 Paulus
2969 1277 3174 1317 omnes
3219 1263 3503 1319 {ecclesias

1871 1347 1944 1400 ad
1963 1345 2346 1401 elemosinam
2367 1345 2729 1418 pauperibus
2756 1351 3088 1403 sanctorum
3111 1351 3502 1406 Iherosolimis

1870 1433 2223 1490 mittendam
2259 1437 2528 1489 moneret
2559 1465 2630 1473 —-
2662 1435 2895 1490 modius
2925 1437 3084 1490 enim
3121 1454 3373 1493 annona}
3403 1455 3501 1492 sex

1873 1523 2129 1594 dragmis
2159 1523 2348 1578 aureis
2379 1526 2520 1595 aput
2545 1524 2811 1578 Greciam
2860 1524 3222 1578 vendebatur
3257 1556 3309 1564 —
3347 1542 3502 1592 cum,

1872 1612 2136 1684 inquam,
2156 1628 2225 1666 eo
2245 1615 2530 1683 tempore,
2550 1617 2615 1666 ut
2634 1614 2814 1666 Lucas
2837 1613 2975 1667 dicit
2997 1622 3091 1680 ω,
3109 1613 3375 1668 Claudius
3393 1630 3500 1686 pro

1873 1701 2073 1771 inopia
2095 1704 2284 1756 totum
2305 1701 2508 1755 orbem
2531 1701 2920 1772 proﬂigatura
2940 1718 3058 1756 non
3082 1703 3268 1757 solum
3290 1703 3503 1759 Judeos

1875 1789 2079 1861 expelli
2093 1789 2358 1860 jussisset
2383 1789 2456 1843 ab
2490 1789 2668 1855 Urbe,
2697 1789 2798 1843 sed
2825 1792 2883 1843 et
2907 1806 3114 1845 omnes
3159 1790 3501 1846 imbecillio-

160 1881 424 1937 catholici
456 1896 516 1936 ac
543 1878 816 1954 praeclari
854 1878 977 1949 ejus
1005 1877 1283 1949 temporis
1311 1876 1562 1950 episcopi
1602 1877 1772 1949 (276).
1796 1871 1848 1929 Β
1878 1895 1968 1933 res
1982 1886 2051 1920 πθ
2077 1893 2208 1932 cum
2232 1876 2367 1949 ipsis
2387 1877 2604 1944 Judeis,
2634 1881 2699 1932 ut
2720 1879 2926 1932 saltem
2949 1877 3258 1933 validiores
3281 1883 3505 1934 susten-

157 1972 231 2026 Ex
267 1969 476 2042 quibus
519 1966 881 2024 Athanasius
924 1968 1046 2022 toto
1107 1966 1247 2021 orbe
1288 1965 1542 2036 fugatur,
1595 1965 1694 2021 sed
1744 1983 1778 2020 a

154 2057 458 2115 Maximino
468 2057 840 2111 Trevirorum
855 2053 1284 2127 archiepiscopo
1311 2053 1598 2126 intrepide
1612 2053 1781 2112 susci-

153 2148 303 2218 pitur
327 2144 506 2217 (277).
538 2144 814 2200 Paulinus
843 2145 974 2215 post
1001 2159 1132 2197 eum
1168 2142 1471 2216 episcopus
1500 2159 1631 2197 cum
1660 2143 1776 2197 Ro-

154 2235 322 2290 diano
349 2233 507 2306 (278)
538 2235 593 2287 et
622 2232 844 2287 Hilario
876 2247 1022 2303 eque
1052 2230 1371 2286 Galliarum
1402 2231 1681 2303 episcopis
1714 2231 1774 2286 in

158 2323 345 2394 Frigia
367 2321 536 2376 exilio
564 2321 943 2388 damnantur,
973 2320 1068 2376 ubi
1091 2324 1150 2375 et
1180 2320 1452 2376 Paulinus
1479 2320 1776 2377 Treviren-

151 2411 220 2466 sis
249 2413 493 2467 exulans
523 2413 776 2466 mortem
809 2409 953 2465 obiit
982 2408 1118 2482 (An.
1155 2409 1307 2481 364).
1343 2410 1456 2464 Hac
1482 2418 1553 2452 ω
1581 2410 1773 2481 itaque

147 2499 265 2555 fece
299 2499 410 2554 sub
444 2497 638 2554 multis
667 2498 882 2554 deinde
904 2498 1359 2571 imperatoribus
1383 2514 1487 2570 per
1511 2497 1776 2554 christia-

147 2604 287 2644 num
329 2586 647 2658 imperium
674 2603 855 2658 usque
877 2586 951 2641 ad
972 2589 1243 2658 tempora
1270 2586 1524 2641 Valentis
1544 2586 1771 2659 augusti

151 2677 498 2748 pullulante,
518 2675 697 2730 videns
718 2675 1036 2730 Altissimus
1055 2675 1197 2747 quod
1224 2675 1398 2730 multa
1414 2676 1624 2729 malitia
1642 2683 1768 2730 esset

145 2766 428 2820 hominum
475 2771 525 2819 et
573 2771 767 2822 cuncta
811 2766 1058 2835 cogitatio
1097 2764 1276 2819 cordis
1313 2763 1543 2819 humani
1598 2762 1774 2835 prona

145 2862 276 2911 esset
302 2853 379 2908 ad
422 2851 629 2910 malum
657 2854 808 2909 omni
837 2859 1066 2924 tempore
1097 2851 1262 2923 (Gen.
1296 2869 1372 2920 vi,
1406 2853 1483 2924 5),
1526 2854 1624 2925 qui
1654 2854 1772 2924 pri-

147 2959 312 2997 mum
329 2959 440 3015 per
471 2958 754 3013 aquarum
777 2941 1056 2997 diluvium
1071 2950 1141 2984 ω
1163 2956 1403 2996 omnem
1427 2943 1775 3013 purgaverat

151 3034 390 3099 terram,
422 3047 498 3086 ne
522 3040 593 3073 ω
613 3030 1031 3086 commixtione
1060 3030 1316 3085 ﬁliorum
1349 3030 1474 3095 Dei,
1519 3031 1589 3086 de
1637 3030 1774 3085 Seth

152 3119 416 3176 videlicet
439 3123 903 3190 procreatarum,
931 3135 1063 3174 cum
1103 3119 1330 3174 ﬁliabus
1376 3118 1678 3173 hominum
1707 3135 1774 3174 ex

1876 1968 2141 2022 tarentur
2169 1966 2396 2039 reliquo
2423 1983 2600 2037 pane,
2642 1967 2832 2022 claudi
2871 1967 3096 2023 fecisset
3134 1967 3193 2022 in
3244 1969 3503 2040 quodam

1880 2055 2076 2110 abdito
2102 2057 2295 2122 terrae,
2330 2055 2610 2110 coaluisse
2642 2073 2826 2128 usque
2858 2057 2932 2111 ad
2974 2056 3304 2128 supradicta
3351 2060 3502 2111 tem-

1875 2159 2020 2215 pora
2048 2143 2106 2198 in
2138 2147 2376 2216 gentem
2407 2160 2691 2216 magnam
2723 2145 2986 2216 ,Ungros
3013 2145 3264 2217 denique
3294 2149 3502 2200 notum

1877 2237 1964 2287 est
1989 2234 2119 2288 huic
2150 2233 2322 2288 fama:
2351 2234 2632 2288 assentari
2658 2235 2827 2301 velle,
2856 2234 2953 2305 qui
2985 2237 3044 2288 et
3090 2235 3316 2305 jactant
3364 2251 3426 2290 se
3466 2251 3500 2288 a

1874 2321 2068 2376 Judeis
2089 2321 2377 2392 originem
2393 2321 2625 2376 ducere.
2651 2323 2730 2376 De
2753 2321 2930 2377 Hunis
2957 2325 3154 2376 autem
3173 2337 3305 2377 cum
3327 2323 3500 2376 multi

1874 2408 2323 2480 historiographi
2355 2409 2553 2479 assint,
2582 2409 2746 2464 testis
2774 2409 3103 2464 verissimus
3125 2426 3244 2481 prae
3272 2409 3496 2464 caeteris

1876 2499 2040 2554 adest
2066 2496 2331 2554 Iordanis
2356 2497 2682 2569 episcopus,
2716 2498 2842 2570 quis
2868 2515 3075 2554 eorum
3103 2499 3279 2553 fuerit
3307 2503 3491 2569 ortus,

1874 2587 1934 2642 in
1963 2586 2203 2642 historia
2226 2586 2297 2641 de
2324 2585 2500 2657 gestis
2539 2587 2866 2642 Gothorum
2907 2589 2995 2643 vel
3023 2587 3294 2642 Getarum
3336 2589 3496 2645 lucu-

1872 2675 2190 2731 lentissima
2215 2675 2372 2730 edita
2401 2675 2459 2729 in
2481 2674 2608 2730 hinc
2638 2676 2820 2731 verba
2847 2693 2861 2732 :

2007 2784 2090 2836 18.
2127 2780 2281 2846 Quod
2308 2781 2376 2854 ab
2398 2781 2690 2854 immundis
2711 2784 2990 2854 spiritibus
3014 2791 3064 2838 et
3089 2801 3152 2838 ex
3181 2786 3353 2854 magis

2228 2851 2533 2906 mulieribus
2547 2851 2829 2923 procreati
2853 2855 3131 2911 dicantur.

1943 2942 2244 3012 [Posteam
2263 2943 2458 2996 autem
2472 2956 2591 2996 non
2605 2942 2767 3013 longi
2787 2942 3068 3014 temporis
3086 2943 3481 3012 intervallum,

1873 3033 1938 3084 ut
1965 3029 2145 3083 refert
2176 3028 2462 3096 Horosius,
2485 3029 2786 3086 Hunorum
2809 3049 2952 3103 gens
2978 3048 3112 3086 cum
3143 3032 3305 3086 omni
3332 3031 3488 3086 fero-

1874 3123 2046 3178 citate
2078 3120 2327 3176 atrocidr
2347 3119 2557 3174 exarsit
2589 3119 2648 3174 in
2681 3121 2894 3176 Gothos
2924 3129 3015 3176 εει.
3062 3122 3207 3175 Nam
3250 3121 3378 3189 hos,
3423 3123 3485 3174 ut

152 3207 288 3264 Cain
323 3209 622 3282 generatis
637 3218 707 3252 ω
730 3207 1206 3280 coinquinaretur
1225 3208 1555 3279 progenies,
1578 3209 1649 3263 de
1664 3225 1777 3280 qua
1797 3219 1842 3280 α
1874 3212 2054 3267 refert
2081 3209 2412 3281 antiquitas,
2444 3208 2526 3262 ita
2555 3209 2875 3264 constitisse
2906 3210 3300 3281 comperimus
3333 3208 3482 3276 (Jor-

65 3339 70 3344 .
151 3311 252 3366 pro
281 3302 494 3354 nostra
519 3299 702 3354 salute
729 3314 970 3353 carnem
997 3297 1332 3353 decreverat
1349 3313 1578 3352 sumere
1611 3315 1623 3353 :
1655 3298 1776 3370 ipse

147 3385 235 3442 bis
266 3388 641 3460 temporibus
685 3387 811 3444 orbi
851 3388 1116 3443 Romano
1159 3390 1584 3460 praeparaverat
1626 3389 1774 3443 exci-

147 3473 334 3544 dium,
356 3493 435 3532 ne
463 3477 725 3533 secclesia
745 3493 865 3532 non
888 3477 1110 3532 habens
1138 3476 1426 3530 maculam
1455 3480 1552 3531 aut
1568 3493 1775 3549 rugam

149 3579 246 3618 suo
304 3565 597 3637 sanguine
645 3565 953 3636 redempta
1008 3568 1066 3619 et
1104 3581 1254 3636 aqua
1297 3563 1571 3634 baptismi
1606 3581 1776 3635 super

149 3651 344 3708 nivem
377 3653 909 3708 dealbataArriana
929 3651 1140 3708 diutius
1159 3653 1479 3708 fuscaretur
1510 3653 1772 3724 perﬁdia.

242 3745 336 3800 l7.
361 3741 448 3796 De
471 3741 659 3796 Hunis
670 3759 775 3813 per
802 3745 975 3796 totum
1001 3743 1279 3813 imperium
1310 3741 1680 3796 Romanorum

857 3829 968 3900 di/f
965 3831 1086 3883 usis.

217 3916 481 3974 Valentis
502 3917 682 3991 igitur
711 3918 1082 3990 imperatoris
1107 3921 1370 3990 tempore
1386 3919 1484 3991 qui
1510 3934 1776 3991 persecu-

154 4002 379 4061 tionem
394 4007 740 4063 novissimus
751 4015 823 4050 N6
847 4006 1115 4062 (ecclesiis
1134 4007 1428 4062 catholicis
1444 4024 1561 4062 non
1586 4007 1781 4062 timuit

159 4092 478 4165 intentare,
500 4101 560 4152 et
587 4097 660 4152 ab
687 4096 945 4152 Eudoxio
976 4096 1335 4151 beresiarche
1358 4105 1427 4139 2‘7
1458 4097 1777 4169 rebaptiza-

155 4182 242 4238 tus
269 4189 360 4242 est
382 4186 636 4242 Arriano
671 4186 972 4258 dogmate,
1001 4183 1245 4242 excitata
1286 4189 1371 4241 est
1411 4185 1482 4241 de
1526 4185 1776 4241 latibulis

1873 3301 2027 3367 dan.,
2061 3301 2146 3360 24)
2176 3315 2189 3353 :
2224 3297 2453 3352 Fimiler
2501 3305 2573 3339 αδδ
2618 3315 2718 3352 rex
2755 3299 3076 3354 Gothorum
3102 3306 3174 3340 256
3221 3296 3481 3352 Gadarici

1876 3387 2077 3460 magni
2107 3387 2274 3454 ﬁlius,
2299 3386 2396 3458 qui
2418 3389 2548 3456 post
2574 3402 2871 3458 egressum
2890 3387 3351 3442 Scantiaainsulae
3359 3386 3486 3456 jam

1876 3477 2077 3550 quinto
2111 3477 2235 3530 loco
2269 3478 2475 3530 tenens
2496 3482 2565 3516 257
2596 3476 2987 3546 principatum
3018 3476 3354 3541 Getharum,
3386 3474 3484 3546 qui

1877 3569 1935 3621 et
1963 3570 2145 3620 terras
2197 3565 2470 3619 Scithicas
2523 3581 2655 3618 cum
2702 3582 2805 3620 sua
2843 3569 3018 3636 gente
3069 3563 3383 3631 introisset,
3432 3562 3481 3616 si

1877 3657 1972 3709 cut
2000 3662 2071 3696 "8
2097 3670 2131 3707 a
2159 3653 2325 3708 nobis
2342 3652 2561 3707 dictum
2595 3655 2698 3719 est,
2733 3654 2992 3726 repperit
3034 3653 3095 3706 in
3127 3653 3339 3724 populo
3382 3668 3485 3708 suo

1877 3743 2155 3814 quasdam
2190 3757 2390 3812 magas
2432 3740 2725 3807 mulieres,
2779 3759 2922 3813 quas
2977 3741 3163 3812 patrio
3213 3756 3483 3795 sermone

1878 3829 2257 3884 Haliorunnas
2298 3830 2342 3884 is
2393 3828 2511 3898 ipse
2559 3829 2955 3899 cognominat,
3006 3845 3216 3899 easque
3265 3828 3487 3881 habens

1877 3920 2184 3989 suspectas,
2219 3917 2289 3971 de
2339 3915 2530 3971 medio
2572 3915 2654 3970 sui
2698 3916 3028 3987 proturbat,
3074 3917 3363 3986 longeque
3410 3915 3482 3968 ab

1879 4006 2132 4061 exercitu
2152 4022 2252 4060 suo
2293 4005 2538 4075 fugatas,
2586 4004 2648 4058 in
2685 4004 2995 4058 solitudine
3033 4003 3224 4075 coegit
3260 4018 3479 4058 errare.

1879 4095 2028 4159 Quas
2040 4093 2271 4165 spiritus
2291 4092 2582 4147 immundi
2601 4109 2706 4163 per
2719 4092 3025 4146 heremum
3042 4092 3315 4161 vagantes
3335 4090 3478 4144 dum

1876 4181 2150 4238 vidissent
2171 4185 2230 4237 et
2251 4199 2309 4238 se
2336 4198 2537 4237 earum
2559 4179 2950 4253 complexibus
2971 4180 3031 4235 in
3054 4179 3206 4234 coitu
3222 4178 3482 4235 miscuis-

1489 4357 1718 4412 VARLE
1759 4353 2157 4412 LECTIONES.

1007 4488 1079 4521 ἰο
1109 4479 1251 4535 luxis
1279 4483 1332 4540 3.

222 4485 298 4520 ω
326 4479 820 4551 persecutionibus
853 4482 902 4543 1.

663 4559 734 4594 ἰδ
765 4569 832 4606 ex
863 4567 933 4606 ea
962 4550 1315 4622 ingeneratis
1349 4555 1397 4608 1.
1435 4554 1486 4609 3.

159 4553 226 4588 ω
261 4567 381 4605 non
413 4556 468 4607 2.
505 4554 555 4606 3.

1445 4489 1514 4523 =41
1544 4498 1803 4551 superscr.
1837 4483 1889 4551 2.

1587 4550 1658 4594 3’46
1689 4550 2010 4607 novissimis
2043 4554 2091 4604 l.

2752 4485 2822 4519 24³
2868 4493 3007 4530 corr.
3052 4477 3101 4531 1.
3137 4493 3182 4530 e.
3217 4474 3481 4531 diluium.

1995 4488 2064 4521 2‘2
2091 4477 2511 4550 reliquaidesunt
2551 4476 2652 4532 Ch.

3176 4556 3248 4589 ιω
3280 4548 3488 4602 Roma-

2197 4549 2266 4591 m
2299 4549 2659 4604 heresiarclie
2689 4565 2827 4603 corr.
2869 4549 2978 4602 cha
3016 4550 3068 4603 2.

156 4633 296 4688 num
349 4639 491 4678 corr.
545 4627 594 4680 1.
638 4640 666 4676 e
709 4620 1144 4688 Romanorum;
1193 4625 1380 4678 totum
1427 4623 1716 4679 mundum
1767 4622 1972 4678 diffusa
2015 4625 2101 4677 est
2151 4624 2201 4676 3.
2279 4629 2350 4661 ω
2384 4623 2556 4675 antea
2618 4623 2665 4674 l.
2743 4628 2814 4660 =50
2861 4620 3046 4673 fames
3103 4621 3152 4674 1.
3228 4627 3298 4660 2⁵1
3342 4623 3486 4674 teste

155 4687 309 4746 Beda
334 4691 439 4747 Ch.

518 4701 589 4735 2⁸2
616 4693 803 4748 desunt
833 4693 935 4750 Ch.
1012 4701 1085 4735 2³³
1112 4693 1521 4751 imbecilliores
1550 4712 1684 4750 corr.
1719 4698 1768 4749 1.
1797 4694 2008 4749 imbec.
2085 4701 2156 4734 εει
2181 4691 2368 4747 desunt
2398 4689 2499 4746 Ch.

2575 4698 2647 4732 αδδ
2673 4689 2850 4746 ﬁlime
2883 4694 2930 4747 1.
2967 4693 3018 4747 3.
3051 4690 3092 4744 Β
3127 4693 3174 4745 1.
3204 4706 3342 4750 corr.
3375 4690 3488 4746 ﬁli-

154 4775 282 4818 mer
311 4767 364 4821 2.
394 4763 645 4820 ﬁlimeth
674 4766 715 4820 Β
740 4769 792 4822 2.
871 4773 942 4808 ²δ⁶
973 4781 1181 4821 erasum
1209 4768 1264 4821 2.
1342 4773 1412 4808 257
1440 4769 1647 4822 tenens
1675 4783 1812 4823 corr.
1846 4765 2083 4822 tenebat
2106 4769 2162 4825 2.
2238 4770 2310 4805 2⁵8
2337 4764 2414 4820 sic
2444 4765 2493 4818 1.
2530 4764 2584 4823 3.

1713 4940 1938 5001 NOTAE.

221 5057 384 5132 (275)
416 5057 635 5133 Eadem
675 5058 799 5115 fere
843 5058 972 5116 vide
1008 5059 1164 5133 apud
1204 5059 1363 5133 Sulp.
1408 5059 1682 5117 Severum
1716 5061 1775 5118 in
1805 5060 2091 5121 Dezilium
2110 5057 2562 5133 apud_Treverim
2587 5058 2744 5132 jussu
2791 5057 3153 5133 Constantini,
3185 5075 3292 5112 non
3336 5056 3478 5133 (ﬁlm-

147 5127 287 5187 Hist.
315 5127 525 5186 eccles.
561 5132 627 5196 ll,
656 5133 743 5185 35.

247 5205 313 5257 27
321 5203 379 5274 6)
427 5202 605 5274 Conf.
633 5201 789 5274 Sulp.
820 5201 1016 5274 Siever.
1048 5202 1114 5274 ll,
1152 5202 1242 5270 36,
1276 5204 1488 5259 37—45

243 5272 374 5356 2-77)
420 5272 682 5356 Cumnhis
729 5272 884 5353 conf.
940 5273 1189 5356 septima
1248 5277 1671 5356 quam'auctor
1713 5274 1772 5328 in

151 5344 401 5415 epistola
430 5360 534 5397 sua
565 5344 789 5415 Hugoni
819 5344 1118 5415 propoSuit
1149 5344 1388 5414 quaistio
1415 5347 1479 5400 de
1515 5348 1774 5416 probroso

151 5414 283 5470 Arii
311 5417 539 5487 interitu
564 5417 719 5487 quasi
747 5423 976 5486 tempore
1007 5413 1337 5484 Constantii,
1367 5419 1473 5486 ﬁlii
1507 5417 1776 5472 Constan—

156 5488 272 5555 tini,
315 5486 613 5541 secundum
655 5487 932 5542 bistoriam
977 5487 1384 5543 ecclesiasticam
1433 5491 1632 5557 extitit,
1682 5487 1776 5542 sub

157 5557 475 5613 Alexandro
503 5559 736 5628 episcopo
765 5573 862 5614 suo
906 5574 1024 5629 esse
1044 5574 1153 5614 non
1170 5560 1371 5629 potuit.
1409 5559 1592 5614 Obitus
1633 5561 1776 5615 enim

160 5629 450 5687 Alexandri
471 5627 680 5685 obitum?
695 5631 963 5700 praecessit
989 5627 1334 5686 Constantini
1353 5633 1508 5686 annis
1528 5634 1580 5686 8.
1600 5631 1777 5687 Atha-

164 5706 339 5757 nasius
407 5717 639 5773 namque
697 5702 793 5774 qui
841 5700 1156 5759 Alexandro
1217 5704 1480 5774 successit,
1530 5704 1775 5776 primum

1872 5135 2060 5187 stantii
2078 5129 2332 5203 pertulit,
2365 5129 2597 5203 quando
2618 5147 2741 5187 cum
2777 5130 3022 5186 Maximo
3075 5133 3309 5203 episcopo
3330 5129 3478 5203 *Τίθει

1868 5198 2120 5260 veroruin
2145 5209 2194 5258 et
2222 5198 2468 5260 Servitia
2500 5203 2848 5272 Tungrorum
2871 5211 2921 5256 et
2950 5203 3071 5257 aliis
3092 5198 3283 5255 multis
3316 5198 3472 5272 Cola-

1869 5278 2045 5338 m'ensi
2079 5274 2277 5349 synodo
2312 5276 2586 5349 interfuit,
2611 5268 2705 5349 ubi
2721 5274 2976 5349 ‘Ephrata
2991 5272 3224 5349 ejusdem
3252 5268 3480 5349 civitatis

1870 5339 2138 5417 episcopus
2177 5339 2462 5400 damnatus
2499 5339 2627 5415 fuit.
2669 5339 2793 5401 Cfr:
2832 5339 3061 5417 quoque
3105 5340 3293 5396 Ruﬁni
3336 5339 3473 5395 Hist.

1872 5419 2072 5472 ecclcs.
2108 5417 2167 5472 X.
2206 5420 2292 5472 13.
2331 5419 2394 5472 18
2422 5434 2548 5472 sua.

1872 5434 2072 5472 ecc1es.
2108 5434 2167 5482 Α,
2206 5434 2292 5483 1.5,
2331 5434 2394 5472 w
2422 5434 2548 5489 sqq.

1943 5488 2430 5566 'l‘plosano.
2508 5563 2516 5566 _
2591 5560 2626 5566 _
2687 5559 2702 5566 _
2793 5559 2803 5566 _
3058 5556 3096 5566 _

1943 5556 2098 5632 (279)
2135 5559 2265 5632 Haec
2296 5576 2363 5632 ex
2395 5563 2557 5632 parte
2590 5559 2846 5632 Bedaeiu
2879 5556 3026 5611 libro
3057 5556 3136 5632 De
3170 5572 3266 5611 sex
3296 5556 3482 5611 aetati-

1870 5627 1978 5711 bus
1986 5627 2205 5758 1pitundi
2230 5627 2422 5700 debet,
2450 5631 2548 5703 qui
2575 5630 2798 5689 Claudii
2814 5643 3033 5688 annum
3056 5627 3230 5685 fuisse
3258 5640 3481 5686 nonum

1872 5717 1982 5758 scri
2026 5719 2043 5758 1
2076 5743 2088 5757 .

1872 5717 2088 5758 SCI‘IDIE.
