3910 6174
133 385 234 445 1025
1187 382 1512 442 HERIGERI
1547 350 1765 442 GESTA
1802 382 2018 442 EPISC.
2061 383 2265 444 LEOD.
3243 395 3381 457 tces

128 508 195 562 est
223 505 406 576 editus,
439 505 709 563 nobiliter
750 507 937 576 natus,
989 504 1236 563 nobilius
1292 507 1677 573 conversatus,
1701 509 1756 568 Α
1780 506 1878 560 mis
1908 506 2110 562 Tolosae
2153 515 2224 550 θοι
2262 507 2439 578 facere
2477 510 2815 582 mentionem,
2856 529 2976 586 quae
3008 520 3068 570 ut
3108 515 3380 592 hucusque

128 595 407 666 pontiﬁcale
430 597 685 669 pelatum
707 596 880 669 gessit
901 596 1050 667 (284)
1085 612 1217 651 oves
1250 594 1570 651 dominicas
1607 594 1677 649 ab
1778 611 1884 648 non
1914 600 2109 662 rueret,
2142 599 2317 650 sancti
2357 596 2621 670 Exuperii
2650 602 2880 672 episcopi
2904 605 3094 658 merita
3114 611 3380 677 praestite-

128 683 414 739 insidiatore
438 685 573 755 lupo
604 688 661 739 et
687 684 950 756 rugiente
967 686 1134 739 leone
1151 683 1420 756 protexit,
1442 699 1546 755 pro
1568 682 1675 737 eis-
1776 688 1928 740 runt.
1980 683 2112 754 Ipsae
2166 684 2449 756 Hispaniae
2476 688 2597 757 jam
2636 688 2856 762 jamque
2874 694 3138 762 peritum
3167 704 3348 753 contre

132 773 254 843 dem,
279 771 375 828 etsi
403 773 626 845 gladius
664 790 781 828 non
812 772 1031 829 incubit
1054 772 1547 845 persequentium,
1576 788 1676 843 pa-
1776 773 2004 826 miscunt
2034 773 2363 828 recordantes
2393 778 2707 847 irruptionis
2737 780 3009 837 Ambricae
3033 791 3103 825 ²ο³
3134 791 3183 839 et
3228 787 3377 857 quic-

123 865 249 916 ratus
280 861 528 932 perferre
559 862 907 917 martirium.
945 864 1007 917 In
1051 862 1251 918 diebus
1276 862 1446 933 plane
1476 860 1563 915 sui
1597 878 1677 915 sa-
1774 863 1888 932 quit
1915 861 2014 915 alii
2037 860 2199 917 semel
2212 865 2361 933 passi
2385 871 2529 931 sunt,
2577 865 2681 920 illae
2721 884 2923 939 semper
2951 873 3137 928 timore
3155 875 3381 944 patiun-

122 950 321 1006 cerdotii
342 951 573 1032 placens
598 951 1317 1023 Deo,probatusinventus
1353 952 1458 1016 est,
1490 950 1677 1021 justus
1776 955 1881 1004 tur.
1914 947 2116 1006 Caetera
2150 957 2314 1015 taceo,
2356 969 2420 1007 ne
2450 953 2640 1009 videar
2683 955 2746 1010 de
2792 958 2904 1013 Dei
2950 960 3228 1032 desperare
3275 964 3381 1020 cle-

119 1038 168 1094 in
190 1022 431 1110 tempore
453 1022 812 1094 imminentis
840 1039 1150 1094 iracundiae
1177 1038 1368 1110 (Eccli,
1386 1054 1531 1105 mv,
1564 1037 1675 1111 l7),
1775 1042 1993 1095 mentia.
2029 1040 2171 1095 Olim
2201 1058 2234 1094 a
2262 1044 2404 1095 mari
2430 1042 2657 1098 Pontico
2689 1062 2851 1118 usque
2905 1047 2977 1101 ad
3011 1022 3176 1122 Alpes
3202 1051 3380 1109 Julia:

118 1143 344 1200 quarens
370 1142 477 1199 pro
503 1127 801 1183 barbarica
833 1127 1150 1200 irruptione
1180 1127 1307 1183 ﬁeri
1336 1126 1673 1183 reconcilia-
1774 1143 1880 1181 non
1908 1135 2060 1183 erant
2104 1135 2288 1185 nostra
2317 1147 2437 1201 quae
2465 1138 2649 1186 nostra
2694 1142 2838 1201 sunt,
2888 1145 2936 1190 et
2974 1154 3075 1208 per
3116 1156 3283 1196 annos
3313 1144 3383 1199 30

115 1214 202 1271 tio.
218 1215 496 1288 Ejusmodi
528 1216 687 1272 enim
705 1218 915 1272 multas
936 1233 1005 1273 ea
1024 1220 1369 1288 tempestate
1398 1216 1677 1272 Dominus
1772 1217 1955 1287 fracto
1983 1216 2231 1273 Danubii
2256 1218 2440 1289 limite,
2476 1221 2533 1273 in
2564 1220 2746 1275 mediis
2786 1225 2998 1294 imperii
3022 1225 3260 1283 Romani
3297 1247 3383 1285 re-

113 1304 421 1360 accenderat
444 1304 726 1373 lucernas,
745 1305 843 1377 qui
865 1308 924 1359 et
943 1304 1446 1361 errorismundani
1463 1306 1675 1378 pellere
1756 1308 2019 1378 .gionibus
2060 1310 2430 1380 pugnabatur.
2492 1309 2777 1367 Aruerunt
2820 1320 3078 1371 vetustate
3122 1318 3379 1385 lacrimae,

110 1395 316 1464 possent
341 1392 625 1461 tenebras,
652 1396 712 1448 et
738 1394 1003 1449 sevientis
1033 1394 1093 1450 in
1124 1397 1286 1450 tanto
1314 1394 1547 1450 turbine
1573 1394 1674 1449 tri-
1766 1401 1966 1469 prater
1977 1415 2178 1467 paucos
2223 1416 2366 1452 senes
2393 1414 2573 1454 omnes
2602 1402 2655 1454 in
2684 1404 2998 1472 captivitate
3026 1411 3076 1459 et
3111 1406 3382 1465 obsidione

108 1480 388 1537 bulationis
416 1481 686 1537 sedarent
715 1483 1014 1553 procellas.
1070 1483 1233 1539 Unde
1282 1483 1521 1556 quidam
1554 1500 1674 1538 me-
1773 1488 2036 1558 generati,
2069 1503 2176 1539 non
2209 1486 2601 1555 desiderabant,
2656 1507 2817 1561 quam
2849 1507 2953 1544 non
3002 1502 3281 1564 noverant,
3313 1497 3380 1551 li-

110 1568 334 1624 tricanus
358 1586 476 1625 non
506 1569 823 1643 incongrue
854 1571 925 1626 de
946 1570 1027 1626 eis
1056 1570 1242 1645 deque
1271 1572 1382 1628 hoc
1412 1580 1483 1615 "7
1522 1577 1677 1628 tem-
1779 1575 2077 1645 bertatem.]
2111 1576 2181 1629 Et
2205 1576 2340 1646 quia
2362 1591 2476 1629 non
2502 1575 2795 1649 peritpius
2814 1594 2918 1649 pro
2940 1580 3142 1652 impio,
3170 1585 3383 1641 multos

112 1673 230 1731 pore
263 1658 337 1713 sic
366 1658 445 1714 ait
474 1675 488 1714 :
1777 1665 2109 1718 sanctorum
2140 1665 2264 1717 tam
2291 1663 2632 1719 clericorum
2662 1682 2839 1737 quam
2863 1670 3282 1727 monachorum
3325 1676 3385 1729 et

170 1746 372 1803 Talibus
398 1747 646 1804 ecclesia:
667 1748 977 1819 fautoribus
1007 1750 1240 1822 undique
1266 1750 1420 1819 ﬁrme
1699 1810 1747 1825 ﬂ
1776 1752 2303 1807 sanctimonialium
2322 1752 2424 1806 sub
2440 1752 2550 1807 hoc
2565 1754 3145 1825 contigitoccubuisse
3163 1760 3381 1820 excidio

168 1835 374 1891 Obstant
400 1839 470 1891 im
479 1810 692 1908 bri/eris
712 1844 863 1893 vento
882 1810 1412 1911 quatiente‘pro'cellis
1698 1810 1749 1869 Β
1779 1840 1957 1921 Urbes
1974 1840 2376 1895 munitissima:
2402 1810 3387 1913 licetlongabbsidioneeverteban:

164 1926 407 1998 Desuper,
433 1934 485 1982 et
503 1934 718 1999 petram
748 1935 1012 2001 nequeunt
1034 1929 1306 2001 trepidare
1326 1930 1558 1987 ruinam.
1778 1932 1894 1997 tur,
1917 1930 2188 1985 incelesias
2211 1933 2542 1985 sanctorum
2566 1932 2972 2000 exurebantur,
2996 1936 3228 2008 altariaj
3240 1954 3382 2008 ngu-

107 2014 168 2070 Et
191 2014 257 2070 de
286 2016 393 2071 hoc
420 2016 743 2087 specialiter
772 2017 942 2073 beato
980 2017 1102 2073 viro
1134 2017 1286 2072 inter
1306 2016 1417 2073 alia
1448 2033 1461 2073 :
1778 2020 2030 2074 latorum
2052 2021 2186 2073 ante
2217 2034 2286 2073 ea
2308 2018 2672 2073 sacerdotum
2704 2019 2986 2091 sanguine
2997 2024 3386 2094 profanaban-

104 2101 360 2159 Servatius
376 2103 634 2158 servando
658 2104 817 2175 ﬁdem
842 2111 1019 2161 servat
1029 2112 1338 2176 pereuntem
1778 2111 1891 2175 tur,
1925 2106 2087 2178 pueri
2117 2106 2490 2178 innuptaeque
2536 2108 2741 2178 puellae
2794 2108 3244 2180 suffocabantur,
3276 2112 3363 2167 vir

106 2191 305 2246 Oranda
314 2192 574 2264 populum
593 2209 905 2249 conservans
930 2194 1069 2264 forte
1103 2194 1414 2265 Trajectum
1438 2192 1605 2266 (285).
1778 2194 1944 2267 gines
1964 2197 2080 2250 Deo
2095 2194 2295 2249 dicata:
2313 2195 2726 2266 stuprabantur
2741 2199 3108 2264 m,monachi
3122 2202 3179 2254 et
3195 2200 3384 2257 clerici

102 2280 160 2334 Et
184 2279 384 2335 beatus
411 2270 599 2353 Lupus
624 2282 957 2337 Tricassinae
988 2282 1145 2338 urbis
1168 2283 1468 2355 episc0pus
1781 2284 2028 2340 ludibrio
2083 2288 2141 2339 et
2166 2278 2991 2355 spectaculis’exponebantur,
3026 2290 3084 2341 et
3113 2288 3384 2345 omnibus

258 2369 405 2423 Dum
431 2369 563 2424 bella
583 2376 773 2425 cuncta
790 2371 1066 2442 perderent
1780 2371 1839 2427 in
1871 2389 2180 2428 commune
2213 2372 2435 2427 diversa
2461 2372 2740 2427 mortium
2771 2372 2942 2427 facies
2978 2374 3380 2433 adhibebatur.

262 2456 477 2513 Orando
511 2458 707 2515 Trecas
725 2461 920 2515 muniit
938 2458 1109 2532 (286).
1782 2463 1854 2516 Et
1875 2462 2011 2534 quia
2040 2462 2117 2517 sic
2144 2461 2335 2534 portio
2366 2461 2564 2532 populi
2610 2462 2819 2516 merita
2858 2465 2981 2517 erat
3027 2464 3384 2536 nequissimi,

153 2548 227 2603 Et
255 2547 613 2604 lheronimus
633 2549 706 2604 ad
736 2549 1072 2605 Geruntiam
1109 2549 1250 2621 (287)
1273 2548 1529 2605 scribens
1559 2547 1679 2621 epi-
1782 2567 1960 2623 usque
1987 2550 2061 2605 ad
2094 2550 2544 2605 internetionem
2558 2548 2780 2621 gladius
2810 2550 3065 2606 seviebat
3085 2553 3383 2614 Altissimi.

96 2637 289 2692 stolam
305 2638 693 2708 supermundi
713 2642 1111 2711 contemptum
1126 2638 1682 2710 (288),superhujus~
1783 2638 1946 2694 Unde
1976 2637 2218 2710 contigit
2240 2641 2505 2692 sanctum
2534 2637 2823 2693 Nicasium
2882 2639 3179 2696 Remensis
3228 2643 3386 2699 urbis

94 2724 1680 2799 modiquoqueclademlacrimabilesumpsitlamentum
1783 2728 2136 2800 episcopum,
2183 2726 2328 2782 sicut
2370 2730 2427 2780 et
2472 2725 2612 2780 alios
2653 2727 2885 2794 multos,
2924 2744 3057 2783 cum
3114 2731 3389 2803 Eutropia

92 2813 251 2886 Cujus
276 2814 400 2869 haec
428 2818 562 2870 sunt
585 2816 761 2871 verba
799 2832 813 2870 :
855 2815 1035 2882 [Quod
1083 2818 1199 2871 rari
1247 2817 1514 2888 hucusque
1553 2816 1679 2869 resi-
1780 2819 1981 2872 sancta
1996 2815 2220 2886 virgine
2238 2818 2296 2869 et
2324 2831 2544 2881 sorore,
2583 2814 2689 2869 hac
2720 2816 3021 2872 Hunorum
3056 2818 3385 2875 incursione

88 2902 284 2968 densus,
336 2920 445 2958 non
479 2905 649 2959 nostri
673 2906 872 2972 meriti,
925 2904 1014 2959 sed
1059 2904 1288 2961 Domini
1318 2903 1683 2960 misericordia
1780 2920 2079 2959 marmora
2104 2902 2373 2958 secclesiaa
2394 2902 2582 2957 imbre
2602 2904 2844 2974 preciosi
2872 2905 3166 2977 sanguinis
3188 2924 3389 2963 cruen-

87 2999 169 3046 est.
227 2991 652 3048 Innumerabiles
702 2999 750 3048 et
796 2994 1139 3063 ferocissimae
1183 2995 1420 3048 nationes
1467 2995 1680 3047 univer-
1780 2996 1928 3049 tasse
1955 2992 2125 3065 (289).
2161 2993 2273 3046 Nec
2304 2992 2490 3045 solum
2519 2991 2700 3045 nostri
2731 2992 2836 3046 hac
2856 2998 2989 3047 sunt
3003 3010 3157 3064 pena
3177 2997 3385 3051 multa-

85 3097 159 3135 sas
213 3080 429 3140 Gallias
476 3088 818 3153 occuparunt,
895 3084 1135 3156 quicquit
1188 3090 1326 3137 inter
1400 3082 1562 3154 Alpes
1633 3088 1750 3166 etC
1782 3080 2153 3151 ti,sedetiam
2182 3078 2439 3133 Arrianae
2486 3078 2821 3134 defensores
2863 3080 3148 3137 haereseos
3196 3083 3386 3152 Gothi,

82 3168 390 3238 Pyreneum
442 3175 536 3237 est,
600 3170 740 3242 quod
799 3187 990 3225 oceano
1045 3178 1095 3225 et
1163 3170 1312 3227 Βεηο
1367 3170 1678 3237 includitur,
1782 3171 1879 3245 qui
1904 3171 2005 3225 seli
2034 3168 2257 3225 Valenti
2275 3170 2515 3239 augusto
2540 3171 2597 3222 et
2626 3168 2905 3224 Romanis
2930 3170 2988 3224 in
3031 3170 3213 3225 Gallia
3231 3172 3391 3228 vide-

85 3257 299 3324 Quadus
364 3266 458 3327 ³⁸⁸,
512 3257 813 3315 Wandalus
850 3266 901 3313 et
950 3268 1023 3303 ’νο
1072 3260 1351 3327 Sarmata,
1412 3259 1553 3332 quod
1609 3268 1679 3302 39°
1782 3262 1993 3316 bantur
2013 3259 2275 3314 resistere
2311 3259 2367 3311 et
2388 3256 2582 3325 reniti,
2615 3258 2687 3312 ab
2721 3258 2898 3312 Hunis
2928 3259 3237 3315 crudeliter
3255 3264 3391 3317 sunt

78 3347 272 3416 Alani,
301 3346 550 3419 Gipedes,
584 3348 791 3404 Heruli
814 3356 886 3391 80°
928 3347 1187 3415 Saxones,
1244 3348 1676 3420 Burgundiones,
1782 3347 2078 3416 devastati,
2114 3350 2171 3401 et
2210 3344 2592 3402 Athanaricus
2628 3362 2833 3401 eorum
2866 3363 2965 3401 rex
2992 3364 3098 3419 pro
3125 3364 3194 3403 eo
3233 3348 3390 3422 quod

81 3436 373 3493 Alemanni
397 3442 466 3504 et,
500 3453 530 3491 ο
560 3435 785 3507 lugenda
817 3453 900 3493 res
923 3438 1187 3509 publica!
1214 3438 1381 3493 hostes
1427 3438 1685 3492 Pannoni
1781 3439 2029 3493 multum
2057 3435 2403 3507 sanguinem
2462 3434 2760 3490 innoxium
2820 3434 3240 3492 catholicorum
3271 3454 3389 3493 non

82 3532 445 3592 vastaverunt,
478 3526 675 3580 etenim
707 3526 888 3582 Assur
915 3529 1060 3582 venit
1089 3543 1210 3581 cum
1259 3528 1382 3582 illis.
1442 3527 1680 3596 Magon-
1782 3525 1976 3581 timuit
1998 3524 2566 3595 etl'undere,pulsusa
2589 3540 2772 3595 regno
2797 3525 3010 3578 meruit
3029 3525 3390 3583 exulare.Ve-

83 3613 253 3667 tiacus
274 3614 471 3669 nobilis
496 3614 764 3687 quondam
808 3616 1000 3670 civitas
1045 3623 1201 3687 capta
1244 3623 1405 3688 atque
1436 3615 1682 3670 subversa
1781 3631 1911 3670 rum
1932 3613 2249 3667 Hunifame
2268 3612 2551 3683 compulsi
2569 3628 2673 3682 per
2690 3612 2992 3667 avaritiam
3009 3612 3394 3669 MaximiaVa-

78 3706 147 3753 est
176 3708 228 3755 et
257 3704 317 3756 in
356 3702 594 3759 ecclesia
623 3703 800 3759 multa
836 3704 1111 3758 hominum
1170 3705 1345 3759 millia
1398 3706 1681 3772 trucicata,
1782 3704 1937 3758 lente
1957 3701 2146 3757 Galliis
2165 3700 2443 3773 prtefecti,
2468 3700 2648 3754 coacti
2676 3704 2810 3754 sunt
2843 3701 3240 3756 Romanorum
3260 3718 3392 3773 par-

90 3786 418 3861 Wangiones
467 3790 625 3861 longa
656 3792 924 3848 obsidione
963 3792 1138 3860 deleti,
1208 3792 1499 3848 Remorum
1557 3792 1682 3848 urbs
1782 3792 1934 3847 tibus
1950 3789 2229 3860 refragari
2252 3805 2521 3859 ,moxquc
2542 3788 2752 3842 iterum
2780 3788 2986 3842 Gallias
3008 3804 3307 3859 occupare,
3337 3795 3395 3846 et

63 3886 390 3949 prapotens,
421 3879 701 3948 Ambiani,
730 3881 1016 3950 Atrabate,
1058 3884 1380 3954 extremique
1408 3882 1684 3936 hominum
1788 3880 1959 3934 urbes
1976 3882 2032 3933 et
2048 3881 2235 3931 castra
2256 3892 2387 3930 cum
2404 3876 2604 3930 incolis
2619 3876 2833 3931 crudeli
2852 3875 2990 3930 cede
3005 3880 3227 3931 vastare
3245 3876 3393 3949 (290)

71 3963 304 4069 410,2”;
342 3968 653 4069 Toﬁnam’,
684 3969 930 4069 meefe’
962 3970 1377 4040 Argentoratus’
1406 3971 1685 4069 "nimam
1789 4008 1876 4060 22.
1920 4002 2074 4069 Quod
2104 4008 2317 4056 sanctus
2342 3999 2622 4055 Servatius
2655 3998 2883 4054 Romam
2927 3998 3118 4054 adierit
3168 4002 3218 4055 si
3262 4018 3391 4069 quo-

71 4054 119 4105 in
180 4055 567 4126 Germaniam,
612 4058 942 4130 Aquitaniae,
991 4076 1279 4131 novemque
1333 4060 1615 4131 populorm

1845 4054 2025 4129 “indito
2043 4054 2284 4128 oratione
2312 4054 2489 4128 valeat
2520 4071 2755 4125 Galliam
2798 4071 2863 4125 ab
2904 4077 2975 4112 ³0⁵
3032 4069 3217 4125 Hunis
3265 4054 3389 4126 libe-

71 4137 456 4212 Lugdunensis
483 4153 534 4202 et
558 4146 922 4203 Narbonensis
934 4148 1231 4218 provintiae
1248 4153 1454 4218 preter
1478 4163 1685 4219 paucas
1860 4163 2001 4201 rare.

72 4230 227 4287 urbes
248 4239 451 4291 cuncta
472 4234 732 4306 populata
762 4243 831 4277 θοι
862 4239 1026 4300 sunt;
1070 4252 1202 4307 quas
1246 4241 1294 4289 et
1352 4238 1489 4306 ipsas
1545 4236 1682 4305 foris
1862 4235 2119 4299 Quorum
2155 4232 2470 4286 adventum
2491 4232 2722 4285 sanctus
2739 4228 3026 4284 Servatius
3041 4229 3394 4301 Tungrensis

64 4317 286 4383 gladius
316 4325 467 4379 intus
488 4330 664 4380 vastat
684 4323 877 4395 fames.
922 4323 1052 4379 Non
1070 4339 1290 4396 possunt
1314 4324 1508 4396 absque
1524 4324 1685 4378 lacri-
1790 4324 2061 4381 azcclesiaz
2082 4322 2378 4394 episcopus
2397 4315 3149 4388 audiens(GestaS.Servatii,
3166 4317 3239 4372 cf.
3260 4318 3396 4373 Gan-

1392 4498 1627 4553 VARl/E
1676 4498 1963 4554 LECTION
1970 4497 2071 4552 ES.

122 4577 199 4641 ξπ
231 4569 387 4625 deest
425 4574 480 4630 3.
554 4579 625 4613 m
655 4569 813 4641 quod
840 4574 893 4626 2.
928 4573 980 4628 3.
1058 4577 1129 4613 ω
1156 4569 1293 4624 deest
1324 4574 1371 4625 l.
1401 4576 1515 4641 post
1544 4570 1651 4624 add
1685 4573 1741 4630 3.
1770 4576 1819 4624 et
1858 4572 1931 4641 ita
1958 4569 2021 4641 2.
2085 4576 2164 4641 300
2193 4564 2419 4641 A_lanigi
2445 4561 2868 4641 pedesherculi
2900 4566 2927 4641 l_
2978 4560 3114 4641 2._3.
3186 4572 3255 4606 θοι
3288 4580 3397 4641 po-

61 4639 266 4707 pulata
293 4657 441 4699 corr.
466 4634 742 4715 populata
772 4644 821 4697 2.
901 4650 972 4685 ιοι
1000 4641 1222 4697 Dolosa:
1244 4658 1382 4698 corr.
1401 4634 1626 4697 Tolosae
1653 4646 1703 4696 l.
1779 4649 1851 4683 808
1882 4639 2182 4695 Cimbricae
2209 4634 2463 4692 Hieronf
2509 4644 2579 4677 θοι
2599 4634 3008 4705 strupabantur
3041 4637 3087 4690 1.
3166 4642 3238 4677 θοι
3263 4634 3303 4689 a
3340 4640 3372 4690 3

1623 4790 1853 4849 NOTIE.

114 4913 288 4993 (384)
315 4913 655 4993 Sardicensi
701 4914 943 4993 eoncilio
986 4932 1039 4993 a_.
1070 4916 1196 4993 247,
1234 4914 1414 4993 _Mansi
1458 4915 1550 4993 Ill,
1593 4915 1683 4993 6],
1782 4982 1798 4993 θ
1856 4909 2006 4993 (287)
2037 4910 2291 4993 Epistula
2323 4911 2422 4993 123
2444 4908 2517 4963 ad
2538 4904 3159 4993 Ageruchiam,quam
3192 4904 3250 4993 in
3274 4904 3373 4993 qui

56 4976 188 5039 dein
217 4976 591 5068 Ariminensi
622 4986 820 5068 a.”359
851 4986 1111 5068 interfuit
1150 4976 1497 5067 Arianorum
1522 4976 1685 5068 fortis
1782 4976 2037 5068 busdam.
2047 4976 2339 5062 codicibus
2364 4976 2698 5068 Gerunt‘i'ai‘n
2725 4976 2934 5068 v'oeai‘i'
2956 4976 3238 5068 adpetant
3266 4976 3395 5031 edi-

54 5062 449 5129 Oppugnator
501 5058 808 5125 Servatius,
851 5058 1217 5127 Tungrorum
1259 5057 1575 5128 episcopus,
1622 5059 1686 5136 ut
1786 5056 1959 5108 tores.
1995 5053 2329 5123 Hieronymi
2355 5067 2490 5123 opp.
2525 5051 2618 5107 ed.
2649 5048 2884 5103 Vallarsi
2916 5048 2955 5102 Ι.
2981 5049 3070 5102 89.

52 5121 311 5204 ἓδιδίυτ
347 5130 509 5204 SulP-
563 5130 754 5204 §9V9r-
814 5130 880 5204 Π)
947 5131 1040 5204 4,42
1127 5127 1682 5204 pfr'UQeIFSCheQEEt
1857 5142 2000 5204 (288)
2041 5142 2119 5196 De
2152 5139 2529 5204 monogamia
2554 5137 2900 5192 inscribitur.

53 5142 311 5183 testatur
347 5142 509 5202 Sulp.
563 5142 754 5184 never.
814 5142 880 5211 ll,
947 5142 1039 5185 4’s.
1134 5142 1246 5183 uxr.
1320 5142 1682 5208 tienscnenut
1857 5142 2000 5210 (288)
2041 5142 2119 5196 De
2152 5142 2529 5211 monogamia
2554 5142 2900 5192 inscribitur.

50 5190 408 5299 βθῧῖφθηί·
455 5202 526 5257 de
560 5200 621 5260 δ·
659 5201 915 5256 Serm”
943 5201 1069 5255 Αοί·
1123 5199 1222 5254 SS-
1255 5200 1381 5257 Μδι·
1416 5201 1561 5253 ῖοπι·
1590 5198 1679 5251 ¹¹¹-
1855 5229 2009 5299 (289)
2047 5229 2235 5283 Passio
2286 5227 2384 5283 ss.
2419 5226 2675 5299 Nichasii
2700 5228 2757 5280 et
2796 5223 3080 5295 Eutropia:
3113 5222 3239 5275 Sur.
3270 5221 3385 5275 VIII

47 5263 80 5321 ί,
1855 5263 2009 5299 κιο-ι]
2040 5263 2068 5310 ἰ
2093 5263 2235 5310 (tactu
2288 5263 2384 5283 au.
2419 5263 2675 5307 AVIUIII?J||'
2700 5263 2757 5280 νυ
2796 5263 2835 5278 μ

47 5342 287 5413 ___(285)
326 5344 483 5399 Sunt
508 5359 702 5399 versus
729 5359 796 5398 ex
827 5341 1004 5413 ipsius
1039 5341 1284 5395 auctoris
1329 5340 1387 5395 S.
1428 5338 1683 5395 Ursmari
1786 5301 2347 5413 ‘Ofn‘nﬁv'ﬂfr‘ﬁeffj
2374 5299 2837 5413 Γῗεθςξιέωἷῗεθῖὶξ

42 5378 1200 5494 Viisefetzicadesumpumib11.2
1246 5413 1403 5494 609-.
1780 5385 2726 5494 ...£‘%?9.L£f:;,:::fii.s;.ita?)
2772 5384 2976 5439 eadem
3194 5396 3387 5436 π”ηυδ

115 5457 781 5556 ξΞ8’ἑ’)”ἓὲἕῦε“ἕῖι“’ἑ)ἵιὲ’
805 5457 1009 5556 me
1043 5457 1497 5556 έαλιπεαίςνυιρητ
1526 5480 1679 5556 seua
1779 5457 1921 5516 raso
1953 5458 2267 5515 derraucis
2296 5457 2479 5513 refert

36 5549 282 5623 Cuncta,
329 5560 442 5611 etc.
485 5562 621 5612 sunt
648 5549 1023 5613 verba'Beda:
1069 5554 1128 5610 in
1173 5549 1577 5628 Martyrologio
1608 5553 1680 5610 ad

34 5628 97 5675 ιγ
128 5628 277 5684 Kal.
311 5629 471 5701 Aug.
