3960 6174
472 362 611 423 1033

1034 351 1361 413 HERlGERl
1393 351 1478 411 ET
1514 350 1815 411 ιιΝειειιιι
1847 349 2068 410 GESTA
2106 349 2326 410 EPISC.
2362 349 2613 409 TUNGR.
2651 348 2837 409 TRAJ.
2876 348 2962 407 ET
2999 346 3204 406 LEOD.

3592 353 3699 410 1036

467 488 619 547 muti
646 495 717 533 ιδο
746 482 989 560 aperuit,
1020 483 1144 556 ipse
1191 482 1421 557 linguas
1467 482 1781 539 infantium
1833 481 2077 538 disertas
2099 487 2157 545 Α
2178 485 2342 538 ctum
2378 500 2445 538 ex
2474 484 2711 539 nomine
2741 482 3106 555 designatum
3139 496 3303 553 super
3338 481 3597 555 magnalia
3624 483 3707 539 Dei

465 577 625 635 fecit.
655 577 723 631 Et
747 590 879 631 cum
932 572 1151 629 diceret
1204 572 1491 645 propheta
1521 590 1533 627 :
1564 572 1705 627 Ecce
1733 574 1905 627 nescio
1935 571 2081 643 loqui

464 669 594 739 quia
630 681 767 736 puer
822 679 915 733 ego
942 671 1011 705 αι
1042 678 1201 718 sum:
1250 661 1404 729 Noli,
1437 661 1644 734 inquit,
1672 660 1843 716 dicere
1887 681 1917 714 «
1947 663 2073 732 quia

452 770 595 826 puer
630 769 769 822 sum,
798 771 828 804 ιο
867 753 995 825 quia
1016 751 1087 805 ad
1115 753 1295 807 omnia
1319 767 1437 822 quae
1461 752 1674 804 mittam
1697 756 1745 803 te
1766 750 1864 803 ibis
1892 756 1940 803 et
1956 766 2075 819 quae

461 840 786 897 mandavero
813 840 910 895 tibi
922 839 1148 912 loqueris
1173 839 1307 902 (Jer.
1328 855 1370 906 ι,
1387 841 1440 906 6,
1464 840 1542 909 7).
1579 840 1645 892 Et
1669 841 1731 892 ut
1754 838 2077 892 mirabilior

459 930 875 1002 praedicaretur
891 927 1190 1001 dispositio
1219 926 1650 999 Omnipotentis
1671 925 1847 980 etiam
1862 926 1924 980 in
1939 942 2077 997 gen-

458 1019 614 1074 tibus
637 1018 885 1081 discolis,
912 1017 1067 1073 sulco
1088 1026 1160 1060 m
1178 1019 1466 1073 terentem
1486 1014 1741 1070 dentalia
1771 1014 2074 1079 Quintium

461 1106 750 1163 Serenum
783 1108 865 1179 (31
880 1110 899 1161 1
914 1116 954 1178 ).

535 1194 766 1268 Trepzda
788 1201 911 1249 ante
931 1192 1082 1249 boves
1109 1193 1424 1248 dictatorem
1455 1202 1525 1235 ιη
1558 1192 1733 1247 induit
1761 1210 1916 1259 uxor,

530 1281 608 1337 Et
636 1290 729 1338 tua
760 1290 947 1339 aratra
972 1290 1043 1324 ιιι
1069 1281 1289 1336 domum
1315 1281 1468 1337 lictor
1499 1281 1642 1336 tulit.

458 1372 529 1427 Et
554 1389 672 1427 non
718 1372 893 1427 modo
922 1370 1262 1441 alienigena:
1283 1378 1355 1412 1³⁸
1386 1369 1579 1426 oculos
1625 1369 1811 1424 adhuc
1845 1370 2078 1441 apertos

453 1458 695 1514 habenti
709 1458 943 1514 resolvit
960 1459 1019 1513 in
1041 1459 1242 1513 laudes
1256 1475 1359 1514 ora
1378 1458 1905 1530 prophetaz,verum
1920 1458 2078 1529 quod

454 1547 767 1607 miriﬁcum
793 1548 902 1603 fuit
928 1548 1158 1603 cadenti
1184 1551 1243 1601 et
1266 1548 1340 1602 ad
1371 1546 1845 1603 maledicendum
1871 1562 2080 1618 prope-

454 1636 631 1705 ran'ti,
666 1636 841 1710 ipsius
866 1636 956 1691 cui
987 1635 1274 1690 insidebat
1302 1635 1562 1707 linguam
1609 1636 1681 1691 ad
1714 1635 2075 1707 loquendum

454 1725 731 1780 reseravit
759 1726 950 1780 asella:
983 1733 1073 1780 ιη.
1102 1725 1221 1791 Ille,
1252 1724 1516 1795 inquam,
1541 1723 1639 1796 qui
1670 1727 1793 1779 tam
1824 1723 1987 1777 miris
2017 1725 2076 1778 et

2180 571 2503 627 institueret
2525 581 2612 623 ιιο.
2644 574 2693 626 Is
2718 572 2911 643 itaque
2950 572 3161 626 multas
3203 569 3542 626 circumcirca
3561 574 3710 625 terras

2178 661 2687 728 lustraverat,bene
2698 662 2913 716 factam
2924 660 3213 715 civitatem
3229 659 3709 732 quesierat,tandem

2180 752 2384 806 Hoium
2422 752 2777 824 peraccessit,
2815 752 3105 807 civitatem
3150 768 3215 805 ex
3253 750 3473 805 nomine
3511 749 3712 803 demon-

2178 844 2357 895 strato
2378 841 2597 894 invenit
2612 849 2679 883 Ni
2715 840 2976 912 Amplius
2991 856 3320 912 progressus
3333 838 3400 892 ad
3420 837 3711 904 horientem,

2177 929 2412 983 beatum
2436 929 2755 1001 repperisse
2777 945 2836 984 se
2856 930 3086 983 laetatur
3102 927 3437 993 Johannem,
3447 926 3590 997 juxta
3604 941 3712 980 con-

2179 1018 2421 1089 dignum
2455 1018 2779 1088 angelicum
2810 1015 3083 1072 rationali
3113 1031 3286 1087 opere
3317 1015 3371 1070 iu
3420 1013 3611 1086 prsidio
3636 1030 3716 1069 suo

2174 1106 2459 1161 Tietantia
2489 1117 2559 1148 ιιι
2597 1107 2746 1179 (313)
2778 1105 3236 1161 incumbentem.
3270 1105 3337 1158 Et
3375 1121 3443 1158 ne
3471 1104 3599 1157 ullus
3622 1102 3718 1173 ejus

2178 1194 2374 1249 animo
2387 1197 2610 1267 scrupul
2619 1213 2682 1250 us
2692 1193 3354 1264 remaneret,temptavit
3365 1209 3433 1247 an
3446 1209 3507 1247 ex
3524 1191 3720 1247 nomine

2177 1283 2464 1355 reliquum
2509 1284 2780 1339 inditium
2831 1283 3186 1339 conveniret.
3220 1280 3402 1348 Salve,
3443 1280 3624 1352 inquit,
3658 1282 3722 1331 vir

2176 1375 2370 1442 Optime
2384 1373 2559 1443 Aqne.
2582 1372 2682 1428 Cui
2702 1389 2835 1427 cum
2857 1376 3164 1439 annueret,
3183 1374 3241 1425 et
3270 1372 3530 1425 salutatus
3548 1364 3722 1422 resalu-

2178 1462 2349 1527 taret,
2374 1462 2595 1516 cercior
2613 1462 2740 1531 jam
2769 1461 2952 1516 factus
2976 1462 3061 1516 vir
3108 1458 3516 1515 transmarinus
3540 1473 3552 1510 :
3580 1455 3722 1520 Bono,

2177 1547 2384 1619 inquit,
2412 1552 2561 1620 operi
2586 1552 2800 1615 insistis,
2832 1549 2995 1604 bonus
3018 1557 3068 1604 et
3098 1551 3206 1620 ipse
3232 1566 3265 1602 a
3296 1549 3407 1604 Deo
3434 1548 3724 1616 cognosceris.

2177 1637 2366 1693 Bonus
2390 1638 2462 1691 ad
2479 1646 2529 1693 te
2560 1642 2746 1692 missus
2763 1655 2881 1693 sum
2906 1638 3438 1706 nuntiusmisiforte,
3454 1635 3580 1707 quod
3590 1635 3725 1687 absit!

2174 1726 2346 1781 verbis
2364 1729 2739 1781 meisextiteris
2771 1726 3090 1782 incredulus.
3107 1725 3284 1797 Opera
3302 1734 3395 1781 tua
3410 1731 3458 1779 et
3472 1723 3725 1779 elemosinz

453 1812 841 1869 ineifabilibus
859 1811 2073 1884 signisomnibusgentibusiiunotescit,ipse
2105 1799 2155 1857 Β
2168 1816 2486 1887 placuerunt
2545 1817 2853 1882 Altissimo,
2909 1816 3057 1870 caelos
3121 1832 3331 1887 quoque
3385 1820 3473 1867 tua
3522 1813 3727 1882 frequens

452 1902 692 1958 beatum
704 1903 1029 1957 Johaunem
1044 1905 1284 1974 propter
1296 1903 1419 1972 ejus
1434 1901 1586 1955 forte
1599 1900 1879 1972 temporis
1892 1900 2074 1955 incre-

455 1990 621 2047 dulos
640 1990 1114 2064 praestantissime
1137 1989 1485 2057 miriﬁcavit,
1508 1992 1591 2057 ut,
1614 1988 1713 2062 qui
1740 1988 1843 2044 soli
1874 1990 2072 2044 omnia

455 2077 658 2134 scienti
707 2078 1271 2152 propter-conscium
1319 2077 1427 2133 sibi
1474 2093 1619 2149 opus
1671 2079 1892 2133 bonum
1947 2081 2072 2132 erat

453 2166 809 2233 notissimus,
834 2167 1176 2223 mirabiliter
1215 2167 1338 2239 ejus
1362 2166 1642 2238 temporis
1667 2166 2071 2222 ostenderetur

454 2253 822 2313 hominibus.

525 2347 619 2403 30.
641 2345 796 2412 Quod
810 2347 861 2400 ei
885 2362 919 2399 a
949 2346 1306 2399 transmarino
1330 2342 1561 2416 quodam
1576 2342 1900 2415 praedictum
1927 2343 1997 2396 sit

704 2451 823 2489 eum
849 2434 1095 2505 Trajecti
1120 2442 1191 2475 ιιι
1220 2435 1517 2505 episcopum
1543 2433 1814 2503 futurum.

521 2521 905 2595 Trajectensis
942 2530 1015 2565 m
1060 2522 1224 2576 sedes
1277 2521 1547 2594 episcopo
1596 2521 1855 2588 vacabat,
1888 2522 1947 2573 et
1991 2519 2067 2574 ad

454 2611 634 2669 alium
660 2611 1124 2667 substituendum
1140 2612 1324 2665 clerus
1343 2613 1401 2664 et
1416 2610 1665 2682 populus
1681 2610 2062 2675 confluxerat,

452 2700 616 2773 regia
628 2699 951 2755 sublimitas
963 2714 1138 2771 quem
1152 2699 1333 2753 vellen
1342 2701 1365 2751 t
1374 2701 1679 2765 annuerat,
1695 2697 2064 2753 sacerdotum

455 2791 515 2844 et
529 2789 878 2861 optimatum
900 2787 1150 2860 dignitas
1171 2786 1522 2843 auditorium
1543 2786 1840 2859 publicum
1868 2785 2065 2840 condi-

452 2882 635 2937 xerat.
663 2879 829 2935 Forte

448 2966 730 3024 Scinditur
764 2967 1020 3022 incertum
1062 2964 1245 3021 studia
1286 2966 1341 3018 in
1377 2967 1652 3020 contraria
1684 2960 2062 3035 vulgus(3l2),

451 3055 587 3131 quia
597 3055 837 3111 mirifice
852 3063 923 3098 ηε
936 3073 971 3111 a
990 3054 1240 3111 Domino
1254 3052 1587 3125 providetnr
1600 3052 1743 3108 alius
1755 3059 1845 3105 687.
1864 3053 2066 3106 Beatus

447 3145 760 3214 Iohannes,
801 3145 893 3200 cui
924 3147 1061 3200 tunc
1102 3123 1385 3216 temporis
1433 3158 1650 3197 nomen
1680 3144 1809 3197 erat
1843 3143 2062 3212 Agnus,
2092 3123 2139 3182 C

448 3236 611 3291 tanto
639 3239 698 3290 et
725 3250 987 3307 praesago
1019 3232 1296 3288 vocabulo
1329 3229 1553 3285 meritis
1598 3228 1977 3301 simplicitatis
2007 3232 2066 3283 et

448 3325 621 3382 castis
647 3323 1039 3396 respondebat
1068 3320 1361 3394 operibus.
1395 3318 1702 3374 lnsistebat
1749 3318 1910 3373 enim
1938 3316 2064 3389 agri

447 3417 707 3481 culturae,
756 3429 886 3485 qua:
918 3412 1040 3467 sola
1080 3410 1203 3464 fere
1252 3424 1346 3462 ars
1383 3406 1635 3463 exerceri
1665 3408 1818 3461 valet
1848 3405 2063 3477 absque

445 3501 626 3559 totius
651 3500 912 3556 criminis
935 3499 1086 3554 labe.
1109 3499 1224 3553 Hoc
1253 3500 1450 3551 autem
1474 3511 1620 3566 opus
1650 3510 1769 3549 non
1795 3492 2066 3565 egestatis

448 3592 680 3647 coactus
698 3586 943 3660 penuria
959 3586 1046 3640 vel
1077 3583 1434 3641 necessitatis
1466 3583 1703 3654 alicujus
1724 3581 2066 3635 constrictus

449 3677 669 3740 inedia,
696 3675 797 3731 sed
826 3691 933 3748 pro
961 3674 1083 3746 ejus
1112 3672 1394 3745 temporis
1425 3670 1843 3725 consuetudine
1870 3668 2069 3740 pocius

449 3764 811 3839 invigilando
829 3762 1331 3836 sequebatur.Non
1346 3763 1542 3816 autem
1555 3759 1675 3832 ipse
1692 3759 2067 3831 operabatur;

452 3855 663 3913 nobilis
684 3852 972 3926 siquidem
997 3855 1142 3919 erat,
1170 3853 1228 3905 et
1252 3848 1448 3904 multis
1470 3863 1820 3920 magnarum
1849 3862 2069 3920 posses-

459 3944 693 4002 sionum
717 3951 789 3985 m
800 3940 1081 3997 reditibus
1097 3939 1449 3996 abundabat.
1467 3937 1633 4002 Quod
1645 3953 1717 3991 ne
1729 3936 1980 3990 cuiforte
1991 3934 2074 3989 vi-

457 4033 664 4090 deatur
688 4029 1051 4102 ambiguum,
1065 4031 1351 4083 testantur
1362 4025 1537 4081 etiam
1551 4024 1769 4098 praedia
1780 4024 1850 4078 ab
1865 4023 2074 4078 eodem

455 4123 671 4178 nostris
691 4119 944 4176 acclesiie
965 4117 1194 4183 collata,
1209 4133 1244 4171 a
1262 4114 1579 4185 majoribus
1598 4113 1811 4169 nostris
1833 4115 1890 4166 et
1908 4111 2075 4167 nobis

457 4209 646 4268 adhuc
668 4223 945 4280 possessa,
964 4208 1024 4261 et
1044 4204 1115 4261 de
1135 4204 1343 4277 quibus
1360 4201 1715 4259 dominicam
1734 4200 2072 4256 decimatio-

459 4314 600 4356 nem
629 4299 842 4353 sanctas
869 4295 1092 4351 Cosme:
1123 4294 1337 4349 retinet
1365 4292 1644 4360 mcclesia,
1674 4308 1781 4365 pro
1812 4290 2074 4361 ejusdem

2161 1907 2469 1976 penetravit
2496 1908 2687 1970 oratio,
2715 1907 2906 1976 cuique
2925 1910 3053 1959 nota
3078 1910 3205 1958 sunt
3233 1905 3435 1967 omnia,
3463 1899 3728 1971 complacita

2171 2000 2247 2047 est
2275 2011 2393 2065 quae
2411 1995 2474 2048 in
2503 1992 2700 2049 abditis
2725 1999 2821 2047 tua
2845 1998 3024 2047 manet
3053 1994 3299 2046 intentio.
3333 1990 3409 2045 Et
3436 1991 3552 2061 quia
3567 1990 3733 2057 magni-

2168 2082 2269 2150 ﬁce
2291 2081 2525 2137 Domino
2548 2082 2856 2152 famularis,
2895 2083 3180 2151 magni/tce
3224 2081 3294 2135 ab
3324 2096 3380 2134 eo
3421 2077 3730 2132 honoraberis.

2168 2168 2385 2224 Mirum
2405 2173 2670 2224 servitutis
2700 2176 2807 2225 tua?
2832 2171 3189 2241 spectaculum
3219 2169 3503 2224 exhibuisti
3524 2163 3735 2235 angelicis

2169 2259 2461 2329 spiritibus,
2518 2259 2760 2313 mirabile
2833 2258 2896 2313 de
2977 2266 3027 2313 te
3096 2258 3402 2330 exemplum
3457 2253 3735 2327 praebebitur

2170 2348 2489 2402 hominibus.
2544 2348 2811 2418 Oppidum
2861 2348 3197 2418 Trajectense
3238 2347 3457 2417 proprio
3502 2342 3736 2397 viduatum

2169 2442 2245 2490 est
2271 2445 2506 2508 pastore,
2536 2438 2727 2491 statuit
2771 2435 3036 2491 Dominus
3075 2453 3133 2489 eo
3181 2434 3361 2504 ofﬁcii
3408 2440 3458 2487 te
3500 2430 3733 2486 sublimen

2169 2524 2386 2580 honore.
2419 2525 2506 2579 Ad
2550 2534 2619 2567 ιιι
2651 2525 2772 2579 haec
2822 2528 3053 2579 sanctus
3089 2524 3176 2578 vir
3222 2524 3416 2596 primo
3465 2516 3735 2589 obstupuit,

2170 2617 2524 2685 arrectaeque
2551 2629 2734 2668 comae
2765 2628 2869 2667 vox
2898 2612 3158 2667 faucibus
3199 2611 3415 2666 inhesit
3442 2608 3603 2678 (314),
3632 2620 3738 2676 per-

2168 2702 2515 2774 territusque
2538 2703 2620 2757 rei
2644 2702 2916 2769 novitate,
2935 2703 3174 2757 tandem
3204 2701 3284 2755 sic
3299 2715 3433 2754 voce
3449 2698 3737 2766 resumpta:

2164 2787 2315 2843 Mira
2336 2806 2538 2861 quoque
2562 2802 2657 2858 ιιι,
2687 2789 2894 2861 inquit,
2912 2789 3317 2861 pradicasmec
3342 2805 3458 2842 sum
3488 2782 3740 2840 incredulus

2166 2878 2246 2932 his
2274 2880 2489 2932 omnino
2514 2896 2634 2950 quae
2662 2895 2869 2932 narras.
2906 2878 3178 2950 Oppidum
3204 2878 3421 2951 quidem
3447 2875 3738 2945 Trajectense

2164 2980 2392 3019 vacuum
2422 2973 2496 3020 est
2515 2967 2787 3037 pontifice,
2813 2965 2904 3020 sed
2922 2983 3004 3020 me
3032 2966 3103 3020 ad
3130 2966 3186 3020 id
3215 2967 3439 3021 admitti
3458 2964 3664 3018 multum
3680 2960 3739 3012 vi-

2164 3052 2318 3108 detur
2345 3054 2415 3109 ab
2444 3071 2518 3109 re.
2546 3053 2641 3108 Me
2670 3056 2811 3108 enim
2843 3056 3032 3109 uxorio
3058 3056 3313 3109 innexum
3340 3052 3546 3110 uinculo
3573 3062 3736 3104 necesse

2164 3147 2237 3196 est
2254 3142 2420 3212 juxta
2447 3142 2761 3212 Apostolum
2784 3144 3019 3212 cogitare
3050 3165 3080 3194 ‹‹
3105 3161 3225 3215 quae
3243 3152 3371 3198 sunt
3406 3139 3601 3205 mundi,
3630 3152 3740 3209 quo-

2162 3230 2317 3283 modo
2341 3229 2583 3299 placeam
2613 3233 2771 3285 uxori
2791 3230 2838 3296 μ
2868 3230 2996 3286 Cor.
3024 3249 3120 3300 vn,
3141 3233 3250 3301 33).
3276 3252 3307 3280 »
3339 3229 3445 3287 Sed
3467 3244 3606 3282 nemo
3626 3223 3742 3279 mili-

2164 3322 2283 3371 tans
2299 3317 2413 3370 Deo
2432 3318 2674 3388 implicat
2700 3336 2754 3373 se
2778 3321 3008 3389 negotiis
3034 3319 3388 3387 secularibus,
3419 3326 3470 3373 et
3488 3332 3666 3371 necesse
3685 3318 3744 3366 est

2162 3407 2249 3463 his
2275 3424 2395 3463 eum
2406 3425 2615 3475 vacare,
2643 3411 2739 3481 qui
2760 3425 2926 3481 quam
2942 3413 3121 3464 suavis
3139 3416 3215 3465 est
3244 3405 3746 3477 Dominus(Sapienl.

2164 3512 2259 3563 xu,
2297 3496 2346 3569 1)
2395 3500 2540 3568 cupit
2584 3497 2780 3553 videre.
2824 3497 2955 3553 Non
3009 3501 3153 3553 enim
3207 3515 3440 3554 canones
3487 3494 3743 3550 antistitem

2166 3591 2429 3652 statuunt,
2459 3603 2565 3639 non
2623 3586 2789 3640 talem
2827 3593 3030 3642 statuta
3074 3586 3321 3641 Patrum
3368 3585 3551 3640 saltem
3578 3580 3642 3635 ad
3663 3579 3743 3633 cle-

2167 3692 2291 3728 rum
2318 3674 2633 3729 admittunt.
2666 3675 2886 3731 Liberos
2911 3685 2982 3717 ιιι
3011 3677 3204 3731 habere
3237 3677 3377 3730 mihi
3401 3674 3751 3743 contigit,qu°'

2170 3779 2295 3816 rum
2332 3765 2686 3835 prosperitati
2723 3772 2793 3805 ιω
2844 3771 2895 3817 et
2942 3764 3126 3818 usibus
3185 3763 3461 3820 intendere
3512 3762 3589 3815 le:
3624 3753 3749 3812 seculi

2170 3858 2361 3918 sancit,
2393 3857 2443 3904 et
2490 3866 2573 3905 eos
2621 3850 2838 3922 quidem
2878 3851 3111 3906 subditos
3167 3854 3226 3906 in
3278 3854 3429 3907 omni
3477 3841 3752 3912 castitateil

2176 3938 2318 3994 Tim.
2344 3955 2425 4007 ιιι,
2442 3940 2497 4009 4)
2527 3938 2816 4009 Apostolus
2834 3942 3104 4010 praecipit,
3133 3940 3222 3995 sed
3254 3941 3475 3996 domum
3493 3943 3608 3992 ante
3631 3930 3749 3988 ordio

2172 4026 2412 4081 nandam
2432 4044 2601 4081 canon
2631 4027 2932 4083 mandavit.
2952 4027 3033 4081 Et
3058 4030 3169 4083 haec
3198 4031 3385 4085 omnia
3414 4035 3517 4083 esto
3542 4018 3749 4095 suppedi-

2176 4120 2304 4182 tent,-
2327 4114 2466 4187 quod
2495 4119 2850 4172 necessarium
2881 4124 3061 4173 tamen
3079 4124 3173 4184 est,
3205 4117 3281 4171 ad
3312 4118 3369 4171 id
3389 4116 3521 4169 mihi
3545 4110 3748 4184 officim

2163 4203 2535 4275 peragendum
2580 4207 2800 4261 omnino
2848 4205 3007 4264 deest.
3038 4204 3211 4277 Opera
3260 4204 3460 4259 indolis
3488 4210 3556 4245 “7
3580 4210 3749 4254 summa

2174 4291 2242 4345 ab
2269 4292 2500 4363 apostolo
2531 4295 2587 4347 in
2621 4296 2922 4366 episcopum
2959 4294 3221 4363 deflorata
3253 4294 3464 4361 desunt,
3502 4284 3752 4347 sanctitatis

459 4385 643 4442 sancti
659 4385 762 4440 viri
780 4385 1094 4455 sepultura.
1111 4384 1261 4437 Dum
1282 4381 1459 4453 igitur
1484 4381 1690 4436 talibus
1714 4380 2148 4445 incumberetD
2162 4380 2453 4451 privilegia
2509 4385 2754 4452 stirpitus
2810 4382 3004 4437 absunt
3056 4392 3147 4447 ιη,
3185 4377 3689 4454 inreprehensibilem
3714 4367 3751 4441 (1

455 4472 773 4539 laboribus,
791 4470 1365 4545 supervenitquidam
1378 4469 1448 4524 de
1459 4469 1718 4541 partibus
1732 4468 2074 4523 transmari-

459 4562 552 4619 nis
563 4560 924 4635 peregrinus,
939 4559 1038 4632 qui
1059 4559 1276 4613 visione
1303 4558 1565 4629 angelica
1592 4558 1700 4612 fuit
1722 4558 1999 4625 monitus,
2014 4561 2076 4613 ut

460 4666 625 4708 mare
640 4648 933 4710 transiret,
950 4651 1009 4702 et
1020 4646 1310 4701 civitatem
1324 4646 1472 4700 bene
1489 4646 1802 4715 factam,ab
1817 4647 2069 4703 Antonio

462 4740 704 4812 augusto
732 4738 1124 4793 constructam
1152 4734 1598 4808 prieaccederet,
1632 4737 1692 4789 et
1716 4734 1904 4789 virum
1937 4752 2071 4791 san-

2176 4468 2326 4526 Tim.
2359 4486 2441 4537 ιιι,
2472 4471 2526 4543 2)
2565 4488 2649 4527 me
2673 4488 2782 4528 esse
2805 4488 2912 4527 non
2938 4478 3158 4526 autumo
3190 4480 3289 4539 ιω,
3320 4472 3500 4527 multis
3535 4485 3610 4522 me
3634 4461 3751 4518 vitii:

2176 4559 2442 4614 irretitum
2454 4562 2689 4617 conscius
2705 4562 2846 4615 mihi
2854 4563 2962 4632 ipse
2971 4561 3320 4631 condempno.
3340 4561 3469 4615 Non
3482 4557 3624 4613 astiti
3637 4551 3749 4605 ἰσόθ-

2172 4650 2443 4717 rantibus,
2460 4667 2567 4704 non
2586 4668 2705 4705 sum
2732 4667 3035 4723 compassus
3057 4653 3406 4719 merentibus,
3430 4666 3546 4704 cum
3565 4639 3749 4700 Martha

2160 4738 2481 4809 pauperibus
2500 4737 2704 4795 Christi
2720 4749 2790 4783 ιω
2806 4757 2912 4795 non
2932 4742 3259 4809 ministravi,
3284 4736 3601 4796 cumdllaria
3622 4726 3745 4784 verba

1799 4858 2029 4914 VARUE
2066 4858 2466 4917 LECTIONES.

532 4960 607 4996 48°
635 4953 864 5006 mutum
885 4952 934 5005 l.
962 4953 1016 5004 2.
1043 4963 1180 5005 corr.
1213 4946 1361 5003 muti
1390 4950 1443 5003 2.
1476 4956 1544 4991 ωι
1573 4946 1715 5004 deest
1748 4951 1797 5002 1.
1831 4957 1901 4990 m
1930 4948 2080 5004 fulco
2112 4953 2164 5005 3.
2195 4959 2265 4992 ιω
2296 4951 2372 5004 ita
2402 4968 2428 5004 e
2453 4949 2639 5007 Persio
2672 4952 3053 5009 restituendum
3078 4969 3091 5012 :
3125 4951 3413 5007 dicturam
3450 4954 3496 5007 1.
3523 4953 3571 5005 2.
3601 4951 3648 5003 3.
3689 4950 3742 4984 ⁴³⁴

464 5022 606 5081 dum
635 5024 919 5092 araturﬁl.
955 5020 1011 5075 2.
1043 5023 1096 5075 3.
1124 5028 1195 5062 ηδ
1222 5018 1545 5092 alienigene
1569 5034 1710 5076 corr.
1743 5019 2109 5092 aligenigene
2142 5025 2194 5074 2.
2227 5029 2298 5063 m
2330 5023 2656 5092 trajectensi
2684 5027 2732 5078 l.
2766 5028 2820 5082 2.
2852 5032 2921 5066 “7
2941 5013 3205 5080 deest'Ch.
3250 5032 3321 5066 m
3342 5024 3454 5078 mir
3480 5040 3493 5076 :
3520 5016 3744 5092 ﬁcissime

464 5097 519 5152 2.
547 5091 951 5151 miriﬁcissime
983 5096 1035 5148 3.
1059 5099 1129 5132 αθ
1167 5089 1500 5161 possionum
1537 5094 1586 5145 1.
1617 5094 1669 5145 2.
1705 5098 1774 5131 “0
1803 5089 2114 5147 instrueret
2138 5106 2277 5148 corr.
2310 5089 2635 5150 institueret
2669 5098 2718 5149 1.
2745 5095 3057 5150 instrueret
3078 5098 3130 5150 3.
3160 5103 3233 5136 NI
3265 5094 3424 5149 mine
3456 5091 3739 5147 monstrato

460 5165 684 5230 invenit
722 5168 774 5221 2.
800 5180 940 5219 corr.
974 5160 1299 5218 monstrato
1326 5165 1379 5217 3.
1434 5170 1504 5202 ιη
1532 5161 1803 5216 Tutantia
1835 5161 1933 5222 C’h.
1990 5171 2060 5205 ιω
2090 5167 2168 5218 at.
2205 5168 2255 5222 1.
2288 5174 2358 5205 4H
2390 5164 2535 5223 deest
2560 5169 2613 5222 3.
2672 5174 2743 5207 ιιι
2773 5167 3290 5222 Liberos—absunt
3314 5165 3499 5221 desunt
3542 5160 3617 5219 (lli
3687 5162 3741 5197 “‘

458 5244 828 5320 prosteritate
861 5246 911 5299 1.
944 5246 998 5299 2.
1027 5245 1082 5299 3.
1114 5239 1484 5312 prosteritate
1509 5256 1694 5298 ecorr.
1728 5246 1781 5298 2.
1813 5250 1883 5284 «ιτ
1910 5242 2123 5299 indotis
2146 5246 2196 5301 1.
2225 5248 2280 5299 2.
2313 5247 2367 5299 3.
2398 5253 2468 5286 “8
2499 5245 2833 5301 inauctumo
2869 5251 2916 5303 1.
2950 5237 3437 5320 ιη’ἑῖιῖἶβρίιὶιιι)
3469 5249 3515 5301 1.
3556 5248 3603 5300 2.

1997 5368 2226 5430 NOTAE.

520 5459 673 5533 (311)
704 5458 928 5533 ξετεῇιιε
949 5461 1002 5533 1,
1024 5460 1215 5533 73775.

522 5530 675 5602 (3:2)
701 5530 901 5603 Yirgil.
927 5530 1061 5589 Δια.
1083 5532 1151 5600 ιι,
1183 5531 1276 5603 39.

516 5599 669 5672 (313)
698 5599 843 5659 Villa
868 5604 956 5659 est
980 5599 1143 5677 Huyo
1168 5600 1374 5672 vicina,
1401 5599 1675 5676 Tyhange
1701 5600 1914 5662 Gallico
1940 5621 2045 5664 vo-

2153 5461 2357 5540 cabulo
2398 5462 2693 5540 bodierno
2725 5468 2990 5540 tempore
3025 5468 3386 5537 nuncupata.
3421 5449 3728 5520 CHAPEAV.

2225 5535 2366 5607 (3M)
2399 5536 2597 5609 Virgil.
2626 5536 2757 5596 JEn.
2789 5535 2881 5607 ιιι,
2911 5542 3004 5600 48.
3025 5540 3116 5610 ιγ,
3141 5535 3268 5598 280.
