3910 6174
185 388 296 444 1037
1229 379 1561 438 HERIGERI
1598 380 1825 439 GESTA
1862 378 2079 437 EPlSC.
2117 376 2326 439 LEDD.

3326 390 3345 443 Ι
3355 390 3464 447 038

175 505 328 562 dicina
352 519 447 559 non
465 500 687 560 attendi.
717 500 844 559 Ideo
879 501 946 558 ab
965 502 1148 559 activa
1172 504 1403 559 multum
1450 522 1533 560 me
1553 506 1735 561 desen-
1757 511 1814 570 Α
1837 504 2099 560 radicitus
2172 512 2328 560 terra
2380 500 2642 569 z’nlterere,
2691 509 2880 578 stirpes
2918 507 3229 579 producere,
3283 511 3471 579 ﬂorere

177 594 533 664 tirefateoroita
550 599 643 657 “0,
659 592 1081 663 contemplativa:
1111 609 1231 647 vero
1247 610 1525 665 nunquam
1552 595 1740 648 saltem
1834 596 2044 665 pariter
2084 599 2135 648 et
2186 595 2541 663 fructificare,
2596 597 2674 649 ita
2722 596 2940 652 videtur
3006 599 3472 656 inconsentaneum

177 682 390 737 delibasse
401 681 688 752 principia.
730 680 1102 748 Proferentem
1142 689 1211 724 ιει
1257 683 1433 754 inquit
1477 682 1741 754 apostolus
1840 683 1998 736 verba
2046 699 2167 753 qua
2188 682 2324 736 dicis
2376 685 2431 736 in
2456 700 2540 737 me
2560 684 2774 755 impleri
2788 702 2960 755 posse.
2991 687 3113 741 Mox
3144 686 3361 743 mirum
3405 687 3465 744 in

175 770 372 841 eumqui
391 768 669 823 secundum
708 767 871 840 ﬁdem
896 776 970 823 est
1003 777 1203 824 rectum
1230 788 1542 825 sermonem.
1572 770 1742 837 Quem

167 858 370 929 proferet
390 863 609 923 rectum,
642 859 738 929 qui
752 875 890 928 pene
919 873 1216 930 numquam
1233 858 1422 915 didicit
1438 860 1604 914 ultum
1628 867 1698 901 ιιι
1718 860 1746 912 ?

174 945 372 1001 Litteras
385 961 485 998 non
495 943 682 1012 didici,
696 963 974 1017 nunquam
992 945 1349 1012 studui,scnlis
1365 964 1470 1001 non
1494 948 1743 1017 interfui,

170 1033 330 1103 ferula
346 1049 673 1104 nequaquam
685 1049 878 1089 manus
893 1033 1140 1089 subduxi:
1164 1054 1197 1087 α
1223 1034 1351 1090 Non
1366 1036 1676 1105 neophitum
1696 1034 1746 1100 (1

175 1121 290 1175 Tim.
321 1137 396 1188 Ill,
428 1122 528 1190 6)»
556 1121 640 1175 ait
659 1121 954 1197 apostolus.
981 1120 1054 1176 Et
1077 1123 1338 1193 quomodo
1371 1124 1443 1177 ad
1452 1124 1747 1194 ponti/ica-

169 1219 259 1264 tum
281 1217 381 1265 tam
418 1212 680 1280 insperato
702 1210 850 1265 debet
897 1210 1198 1276 ascendere,
1240 1213 1332 1265 cui
1354 1228 1463 1267 non
1492 1213 1745 1283 contigit,

166 1299 367 1368 singulos
418 1298 615 1368 gradus
668 1299 1005 1369 singulariter
1059 1301 1480 1355 amministrasse
1504 1300 1532 1354 ?
1594 1299 1748 1366 Quo-

164 1385 291 1440 modo
339 1385 545 1440 tandem
579 1389 778 1458 poterit
829 1404 1076 1459 praeesse,
1128 1405 1220 1461 qui
1268 1405 1547 1460 nunquam
1595 1391 1748 1444 scivit

166 1474 333 1530 subesse
351 1475 378 1529 ?

164 1563 343 1618 Tantos
366 1564 455 1619 ille
490 1581 593 1619 suo
624 1566 934 1638 rumpebat
964 1574 1035 1608 ‘5!
1061 1568 1294 1638 pectore
1321 1569 1554 1638 questus
1576 1566 1751 1639 (315.)

164 1655 224 1707 At
240 1653 414 1708 senior
443 1654 687 1709 demum
711 1655 999 1710 subnectit
1026 1656 1167 1710 talia
1195 1655 1427 1711 dicens:

164 1740 417 1810 «Magnus
427 1742 701 1797 Dominus
717 1750 766 1798 et
790 1742 1074 1798 laudabilis
1100 1746 1337 1803 nimis,et
1359 1743 1752 1815 magnitudinis

1846 769 2089 824 modum
2120 770 2346 840 lignum
2403 771 2679 826 continuo
2743 774 3107 844 superﬁciem
3136 775 3461 843 inmutavit,

1846 857 2105 929 stirpitus
2130 865 2202 899 ιη
2223 861 2390 913 terrae
2419 859 2656 928 inhesit,
2676 862 2953 916 corticem
2975 862 3182 930 induit,
3206 865 3471 936 protinus

1845 946 2038 1013 viruit,
2070 947 2288 1009 floruit,
2343 951 2402 1002 et
2446 948 2814 1004 fructiﬁcavit
2838 959 2930 1005 «η.
2966 952 3012 1006 Ο
3033 951 3182 1008 mira
3210 954 3472 1024 potentia

1848 1035 2183 1102 conditoris,
2216 1052 2250 1091 ο
2282 1035 2589 1091 ineﬁ'abilis
2636 1039 2824 1109 gratia
2849 1039 3147 1107 creatoris,
3179 1057 3214 1095 ο
3242 1042 3472 1112 tempus

1848 1126 2220 1197 acceptabile,
2254 1126 2375 1181 dies
2399 1126 2773 1197 praedicanda
2786 1129 2999 1201 ubique
3018 1128 3030 1182 l
3056 1130 3266 1185 Felices
3286 1131 3345 1186 bi
3367 1131 3468 1203 qui

1847 1214 1972 1269 haec
2013 1218 2355 1269 meruerunt
2407 1215 2603 1270 videre
2631 1216 2826 1271 felices
2882 1221 2941 1272 et
2984 1234 3089 1273 nos
3132 1218 3178 1274 si
3227 1236 3345 1275 non
3394 1228 3465 1262 “7

1809 1328 1812 1331 λ
1851 1302 2289 1357 dsssimulemus
2318 1302 2574 1370 credere,
2602 1305 2740 1359 felix
2770 1309 2829 1360 et
2851 1322 2948 1361 rex
2968 1306 3128 1377 cujus
3146 1308 3270 1363 haec
3289 1309 3469 1365 conti-

1850 1393 2061 1463 gerunt
2107 1394 2399 1461 tempore,
2439 1390 2636 1447 felices
2686 1393 2927 1464 palatini
2975 1394 3183 1466 quibus
3205 1397 3475 1467 [contigit

1851 1478 2160 1533 interesse!
2198 1479 2349 1533 Felix
2380 1479 2565 1535 clerus
2603 1477 2705 1534 tdli
2730 1480 3026 1552 pontiﬁce,
3059 1481 3254 1537 felices
3273 1483 3473 1556 populi

1852 1568 2016 1620 tanto
2046 1567 2308 1637 pastore!
2343 1566 2677 1621 Renovatur
2706 1575 2777 1609 ιη
2798 1568 3103 1641 antiquum
3128 1568 3475 1624 miraculum

1850 1656 2198 1723 reparantur
2214 1654 2393 1725 virga:
2404 1656 2599 1710 Aaron
2617 1656 2963 1725 prmclarum
2989 1658 3341 1730 prodigium.
3375 1659 3477 1712 llla

1852 1741 2096 1813 legitimi
2118 1742 2292 1797 index
2308 1742 2416 1798 fuit
2435 1743 2764 1812 sacerdotii,
2779 1744 2902 1800 haec
2921 1744 3199 1818 insperati
3221 1751 3280 1801 et
3294 1745 3474 1811 dubii,

161 1832 257 1901 ejus
281 1850 377 1886 non
405 1839 478 1887 est
507 1833 633 1901 ﬁnis
662 1832 835 1903 (Psal.
868 1849 1046 1901 chiv,
1078 1833 1156 1904 3).
1200 1851 1231 1885 »
1273 1832 1383 1899 Qui
1408 1812 1589 1887 omnia
1618 1835 1755 1887 sicut
1775 1812 1827 1872 Β
1856 1812 1956 1886 sed
1988 1831 2259 1886 divinitus
2286 1832 2638 1887 mirabiliter
2657 1832 2869 1904 provisi
2893 1812 3269 1889 monstratrix
3292 1833 3479 1889 extitit

161 1919 253 1974 vult
262 1927 443 1991 potest,
483 1922 545 1977 ei
570 1938 777 1994 quoque
806 1921 864 1975 id
894 1922 1155 1993 perﬁcere
1181 1921 1498 1992 impossibile
1523 1938 1627 1975 non
1659 1928 1754 1987 est,

159 2009 405 2080 etquidem
429 2028 493 2066 ea:
527 2011 693 2066 nihilo
719 2019 909 2066 cuncta
948 2013 1167 2078 creavit,
1204 2010 1322 2082 ejus
1345 2012 1596 2081 potentiae
1638 2012 1757 2081 quis

160 2098 363 2153 resistit?
419 2098 635 2171 Quique
688 2099 831 2154 valet
879 2098 943 2154 de
980 2098 1242 2170 lapidibus
1289 2100 1554 2154 suscitare
1616 2099 1756 2168 ﬁlios

164 2184 371 2240 Abrahae
392 2195 482 2254 4⁵³,
518 2189 622 2258 ipse
638 2193 815 2258 potest
870 2188 1091 2243 scientia
1146 2205 1244 2241 sua
1273 2203 1328 2242 os
1360 2196 1511 2241 tuum
1536 2187 1750 2258 replere.

161 2270 369 2327 Tantum
411 2275 533 2345 ejus
574 2275 846 2346 majestati
882 2274 1049 2329 nichil
1090 2274 1312 2345 difﬁcile
1353 2276 1633 2341 existimes,
1666 2273 1755 2328 sed

158 2361 370 2416 credulus
394 2363 509 2434 (ing
523 2379 648 2419 uam
688 2363 896 2433 fidelem
923 2365 978 2416 in
1020 2365 1275 2418 creatoris
1310 2365 1519 2434 aperias
1548 2362 1748 2417 laudes.

158 2446 284 2504 Licet
326 2459 391 2491 ιιι
428 2453 583 2505 enim
620 2452 882 2523 propheta
913 2468 1215 2523 praeconem
1254 2467 1476 2505 summa:
1515 2452 1754 2506 veritatis

159 2536 325 2607 dignus
363 2556 628 2609 generare
654 2542 722 2593 sit
751 2539 982 2611 habitus,
1034 2547 1211 2595 tamen
1261 2541 1638 2595 taciturnitate
1679 2546 1753 2593 est

158 2623 471 2697 dampnatus,
537 2628 666 2699 quia
724 2627 897 2682 divini
938 2629 1195 2699 promissi
1239 2628 1486 2699 apparuit
1536 2627 1749 2681 dubius.

155 2710 505 2772 Consideravit
530 2717 728 2789 quippe
740 2733 927 2788 corpus
940 2734 1095 2771 suum
1115 2724 1434 2784 emortuum,
1466 2718 1755 2788 uxorisque

155 2802 483 2860 conditionem
547 2806 796 2876 effetam;
855 2822 949 2860 nec
1026 2807 1340 2861 retractavit
1415 2804 1753 2875 majestatem

153 2887 349 2946 Domini
359 2895 953 2965 omnipotentissimam.
968 2893 1034 2949 Si
1051 2896 1195 2948 enim
1214 2893 1393 2949 Deum
1412 2896 1661 2948 universa
1690 2910 1755 2947 ea:

161 2994 247 3031 non
279 2982 689 3037 subsistentibus
704 2983 891 3049 fecisse
914 2984 1046 3037 satis
1070 2981 1388 3049 adverteret,
1419 2986 1470 3035 et
1484 2980 1750 3035 stantibus

154 3065 321 3139 aliquit
341 3087 659 3143 componere
676 3072 849 3124 minus
863 3070 1171 3138 dubitasset,
1199 3077 1249 3125 et
1274 3073 1325 3124 si
1341 3069 1631 3139 indignum
1677 3085 1748 3137 se,

156 3157 263 3224 quia
281 3159 1131 3232 suantperspexitpravponderare
1175 3161 1491 3230 nequitiam,
1527 3158 1616 3213 sed
1644 3175 1751 3213 non

156 3242 382 3302 adversus
409 3248 520 3304 Dei
568 3248 751 3302 debuit
786 3254 985 3319 putare
1032 3247 1384 3302 clementiam.
1434 3270 1463 3297 ‹‹
1507 3246 1667 3315 Ecce,
1718 3265 1750 3298 ιδ

151 3329 304 3403 inquit
330 3335 607 3391 Dominus
628 3335 698 3390 ad
724 3335 898 3391 alium
919 3335 1235 3406 prophetam
1268 3353 1365 3390 sua
1393 3336 1496 3390 sibi
1521 3337 1752 3391 crimina

154 3419 509 3491 incsdcantem,
573 3431 627 3478 et
668 3424 783 3478 ideo
814 3442 847 3479 a
894 3425 1097 3479 visione
1141 3423 1267 3493 Dei,
1323 3431 1372 3478 et
1409 3423 1756 3494 magnalibus

147 3508 648 3575 ejusannuntiandis
657 3512 857 3584 trepide
867 3511 1747 3585 suspendentem,«Ecce,inquam,

150 3596 351 3654 calculus
379 3619 486 3674 quo
522 3604 681 3672 tetigi
730 3601 871 3656 labia
915 3608 1028 3670 tua,
1082 3608 1132 3657 et
1179 3603 1456 3672 auferetur
1499 3604 1753 3674 iniquitas

150 3691 227 3740 tu
254 3696 342 3744 ιιι.
377 3712 405 3739 ››
431 3690 548 3759 Ne,
582 3707 761 3763 queso,
792 3690 1002 3759 dubita,
1029 3690 1119 3747 sed
1159 3693 1501 3762 antiquorum
1526 3689 1752 3760 diligen-

152 3778 216 3825 ter
236 3776 481 3835 historias
502 3784 816 3852 pertracta,
848 3810 918 3823 —
937 3780 1188 3850 fortassis
1233 3782 1373 3834 enim
1411 3779 1619 3851 aliquas
1652 3780 1753 3835 sal-

150 3867 237 3917 tem
284 3869 476 3923 auditu
530 3870 846 3942 percepisti,
904 3869 1041 3941 quid
1096 3871 1152 3923 in
1204 3871 1277 3924 eis
1321 3868 1472 3923 aliud
1532 3870 1756 3940 antiqua

148 3961 313 4007 tonant
365 3957 666 4019 miracula,
733 3958 840 4010 nisi
898 3956 1026 4028 quia
1105 3956 1172 4010 ab
1240 3956 1591 4027 omnipotenti
1642 3954 1757 4010 Deo

148 4041 443 4099 mirabiliter
485 4046 658 4116 jussa
704 4046 961 4101 innatum
1002 4044 1107 4100 sibi
1147 4046 1384 4101 mutavit
1424 4050 1624 4099 statum
1664 4061 1759 4099 na-

151 4131 252 4182 tura
266 4129 294 4185 ?

146 4213 222 4271 31.
248 4215 386 4283 Quid
410 4220 485 4275 ad
507 4221 630 4278 haec
647 4219 739 4277 ille
760 4220 1105 4294 responderit,
1132 4221 1374 4295 quodque
1396 4219 1621 4278 baculus
1639 4221 1757 4293 ejus

658 4316 813 4365 terra
850 4311 995 4379 ﬁxus
1030 4312 1234 4380 floruit.

1858 1918 2160 1991 pontiﬁcii,
2188 1920 2297 1975 nisi
2350 1920 2510 1993 quod
2556 1919 2654 1976 illa
2703 1920 2873 1976 unius
2923 1921 3265 1978 dilationem
3295 1922 3480 1978 noctis

1859 2008 2099 2079 accepit,
2122 2008 2246 2063 haec
2268 2008 2328 2063 in
2362 2012 2667 2063 momento
2684 2009 3041 2065 fructiﬁcans
3084 1998 3474 2082 procrastinae

1860 2095 2079 2150 tionem
2097 2096 2317 2150 nullam
2336 2096 2557 2151 habuit.
2581 2096 2959 2153 lllaintldeles
2991 2097 3329 2162 confutavit,
3351 2099 3474 2154 haec

1855 2184 2073 2239 caelitus
2099 2183 2453 2239 destinatum
2494 2184 2569 2239 ad
2592 2201 2737 2257 opus
2769 2186 3008 2241 adduxit
3037 2195 3130 2241 ιιι.
3164 2187 3473 2257 Vulgatum

1856 2276 1944 2329 est
1969 2274 2080 2328 hoc
2093 2274 2320 2328 celebre
2343 2277 2482 2346 aput
2501 2275 2765 2330 omnium
2787 2291 2975 2341 aures,
2994 2277 3282 2348 perlatum
3295 2280 3381 2332 est
3400 2277 3475 2332 ad

1854 2361 2134 2434 plurimos
2176 2362 2345 2432 regni
2372 2362 2552 2418 totius
2595 2379 2881 2434 proceres.
2914 2363 3044 2419 Non
3074 2364 3245 2419 latuit
3273 2382 3474 2437 regem

1854 2450 2014 2505 fama
2043 2450 2190 2514 haec,
2214 2450 2368 2521 apud
2384 2450 2708 2521 Trajectum
2733 2454 3151 2523 congregatam
3175 2454 3477 2526 occupavit

1855 2538 2110 2609 plebem.
2129 2537 2447 2595 Confestim
2464 2542 2829 2611 properatur,
2854 2539 3066 2611 legatio
3092 2540 3303 2596 Hoium
3335 2541 3475 2596 diri-

1858 2625 2261 2696 gitur,'.beatus
2280 2626 2572 2681 Iohannes
2596 2643 2728 2682 cum
2749 2627 3140 2684 transmarino
3156 2628 3477 2694 invenitur,

1857 2713 2182 2784 Trajectum
2214 2730 2392 2785 usque
2418 2714 2522 2769 sub
2553 2714 2943 2771 admiratione
2971 2716 3237 2772 omnium
3263 2718 3484 2790 perdit.

1861 2805 2091 2856 cuntur.
2123 2802 2390 2873 Regnum
2435 2802 2869 2858 Austrifranciai
2896 2804 3262 2876 Dagoberlus
3292 2806 3483 2861 adhuc

1860 2890 2191 2945 adolescens
2214 2889 2659 2946 administrabat
2700 2891 2809 2961 (an.
2843 2893 2987 2960 622),
3016 2892 3328 2948 Lutharius
3356 2911 3481 2949 ma-

1856 2995 2024 3051 gnus,
2054 2980 2222 3049 pater
2251 2978 2395 3050 ejus,
2443 2979 2846 3034 monarcbiam
2874 2983 3124 3052 quatuor
3159 2997 3481 3052 regnorum

1854 3070 2085 3122 strenue
2114 3068 2267 3122 solus
2294 3067 2534 3139 regebat
2563 3067 2727 3139 (316).
2767 3067 2947 3140 Regia
2978 3067 3158 3139 igitur
3188 3074 3483 3142 prmcepta

1855 3155 2181 3224 edicuntur,
2213 3172 2305 3210 res
2333 3155 2394 3210 in
2448 3154 2731 3227 anticipiti
2788 3156 2979 3230 posita
3004 3157 3245 3213 solvitur
3280 3158 3481 3214 beatus

1855 3244 2147 3299 Iohannes
2177 3244 2252 3300 ad
2280 3244 2677 3315 episcopatum
2708 3245 3021 3301 assumitur
3048 3248 3207 3312 (circa
3220 3247 3479 3321 an.625).

1860 3331 2219 3387 consentitur
2233 3349 2266 3387 a
2281 3334 2522 3397 cunctis,
2537 3349 2744 3388 omnes
2756 3331 2974 3401 favent,
3008 3332 3259 3389 universi
3282 3333 3482 3390 laetan-

1860 3423 1953 3474 tur
1980 3419 2222 3474 Sanctus
2236 3418 2324 3474 vir
2337 3420 2475 3476 licet
2492 3420 2679 3476 adhuc
2692 3421 2861 3476 vellet
2874 3420 3217 3494 reniti,quia
3228 3424 3427 3478 tamen
3444 3440 3481 3479 a

1857 3508 2075 3563 cunctis
2101 3508 2331 3563 videbat
2350 3526 2410 3563 se
2440 3509 2837 3564 favorabiliter
2856 3509 3061 3583 excipi,
3092 3510 3399 3567 laetabatur
3417 3530 3478 3569 se

1856 3595 2007 3650 vinci
2028 3613 2062 3652 a
2080 3595 2456 3668 dispositione
2478 3596 2577 3652 Dei
2601 3600 2723 3652 tam
2736 3597 2888 3654 mira
2907 3600 2968 3652 et
2991 3597 3480 3670 ineﬂ'abiliJgitur

1858 3693 1929 3727 4⁸³
1951 3685 2025 3740 ab
2044 3685 2324 3740 universis
2339 3689 2607 3757 exceptus
2618 3701 2751 3741 cum
2769 3686 3479 3754 laudibus,electusintro-

1861 3774 2105 3841 nizatur,
2135 3773 2415 3829 adductus
2444 3773 2754 3842 extollitur,
2788 3775 3137 3830 acclamatus
3156 3776 3477 3833 sanctiﬁca-

1855 3865 1972 3930 tur,
2004 3861 2122 3917 sedi
2156 3861 2460 3934 impositus
2490 3878 2623 3918 cum
2656 3863 2982 3919 reverentia
3010 3863 3339 3932 obauditur,
3375 3883 3479 3921 no-

1860 3967 2113 4023 menque
2145 3950 2196 4006 ei
2226 3950 2520 4007 Iohannes
2576 3952 2927 4008 immutatur
2975 3961 3067 4009 “9.
3106 3952 3213 4017 Qui
3244 3954 3477 4025 qualem

1859 4046 2260 4113 quantumque
2289 4058 2348 4096 se
2379 4041 2602 4098 meritis
2631 4041 2953 4097 sanctitatis
2981 4041 3478 4109 ornaverit,armis

1858 4128 1993 4184 ﬁdei
2014 4128 2601 4197 induerit,virtutibus
2615 4129 2852 4202 optimis
2867 4130 3309 4197 decoravcrit,et
3320 4131 3477 4203 quod

1858 4215 1986 4290 pius
2013 4232 2188 4289 opere
2217 4216 2565 4288 impleverit,
2594 4232 2976 4289 quaecumque
3010 4217 3189 4289 digna
3206 4218 3476 4289 subjectis

1858 4304 2156 4377 implenda
2169 4304 2481 4374 mandarit,
2498 4304 2768 4360 omnibus
2783 4308 2870 4361 est
2885 4308 2943 4361 et
2960 4306 3070 4361 erit
3083 4306 3474 4379 perspicuum,

202 4396 402 4453 Albaec
417 4398 942 4455 beatuslohannes
958 4399 1525 4472 responditzHorum
1541 4399 1757 4471 quidem
1780 4404 1834 4464 D
1858 4393 1956 4467 qui
1988 4397 2109 4449 tam
2136 4394 2289 4449 mira
2318 4394 2618 4467 [immissa
2677 4395 2750 4451 ab
2784 4394 3198 4468 Omnipotente
3228 4394 3287 4451 in
3338 4412 3475 4452 eum

147 4481 264 4535 nihil
286 4487 424 4542 mihi
450 4494 529 4543 est
559 4487 806 4556 dubium,
845 4488 937 4545 sed
974 4491 1370 4559 comparatione
1416 4505 1623 4555 eorum,
1654 4504 1757 4559 per

147 4585 257 4635 quos
296 4576 379 4631 vel
420 4596 455 4631 a
486 4576 687 4649 quibus
725 4592 787 4633 ea
828 4584 976 4647 gesta
1028 4585 1152 4631 sunt
1196 4579 1446 4648 insignia,
1497 4593 1590 4647 ego
1635 4594 1753 4631 sum

152 4659 354 4728 inferior
381 4667 648 4721 multum.
679 4666 1018 4739 Pariterque
1068 4666 1361 4733 baculum,
1394 4682 1572 4738 quem
1600 4665 1751 4720 forte

150 4747 381 4821 tenebat,
415 4754 680 4827 inﬁgens
705 4763 776 4797 αι
805 4755 1018 4810 humo:
1049 4753 1224 4823 Sicut,
1266 4754 1475 4826 inquit,
1496 4754 1750 4825 perdiffi-

148 4835 228 4890 cile
277 4848 350 4898 est
402 4844 503 4900 hoc
555 4842 796 4916 amplius
838 4844 1058 4901 aridum
1114 4843 1256 4916 quod
1310 4845 1478 4899 cernis
1541 4843 1748 4912 lignum

1857 4483 2148 4553 completa
2172 4498 2291 4537 non
2323 4482 2536 4539 ducent
2560 4484 2923 4556 ambiguum.
2943 4485 3087 4540 Nam
3119 4488 3179 4540 et
3198 4484 3391 4556 ipsum
3411 4484 3475 4540 in

1857 4572 2019 4627 omni
2050 4587 2284 4626 morum
2311 4572 2618 4627 honestate
2647 4572 2995 4644 perfectum,
3027 4574 3475 4646 compluresha-

1852 4660 2042 4716 buisse
2089 4661 2373 4733 perfectos
2436 4664 2668 4716 constat
2742 4661 3074 4734 discipulos,
3146 4681 3215 4718 ex
3263 4663 3475 4735 quibus

1854 4768 2035 4807 unum
2056 4760 2126 4793 ιω
2145 4749 2473 4823 accepimus
2491 4750 2730 4805 beatum
2744 4749 2960 4805 scilicet
2972 4751 3281 4806 Mononem
3296 4751 3474 4826 (317),

1850 4840 2145 4913 responsis
2165 4840 2271 4895 sub
2295 4855 2364 4894 eo
2379 4837 2792 4895 aecclesiasticis
2812 4838 3129 4895 instantem
3150 4840 3477 4912 perfectum

1479 5012 1707 5069 VARIE
1748 5010 2038 5068 LECTION
2044 5008 2146 5066 ES.

207 5144 272 5208 διο
298 5137 438 5194 deest
478 5144 528 5200 1.
555 5140 621 5196 C.
647 5142 711 5196 D.
740 5145 789 5195 1.
826 5141 894 5196 1'.
926 5146 981 5198 2.
1058 5150 1125 5184 ιιι
1159 5138 1825 5196 Proferentem—ullum
1854 5137 2046 5194 desunt
2077 5135 2216 5208 Ch,
2261 5143 2349 5208 t3;
2387 5135 2702 5208 rumpepat
2759 5139 2808 5191 1.
2886 5144 2956 5179 ηε
3010 5132 3289 5208 Habrahae
3329 5139 3384 5191 2.
3420 5139 3474 5192 3.

149 5211 208 5245 ιιι
232 5207 559 5267 Licet—tua
586 5211 779 5268 desunt
808 5211 910 5269 Ch.

150 5282 210 5317 σιτ
236 5280 275 5334 si
310 5287 360 5338 ι,
438 5292 515 5326 ιη
550 5284 1194 5341 Renovatur—adduxit

991 5221 1062 5255 4η
1091 5212 1372 5282 inﬁngins
1404 5215 1478 5282 1.Δ
1535 5220 1607 5254 ηε
1637 5210 1893 5282 stirpilus
1920 5206 2396 5282 -~-_fructiﬁcavit_
2441 5206 2636 5282 errore
2649 5279 2660 5282 _
2683 5208 2916 5282 quodam
2973 5207 3287 5282 excedemnt
3331 5210 3388 5260 in
3422 5209 3472 5262 1.

1284 5290 1410 5339 sunt
1445 5280 1549 5339 Ch.
1627 5289 1699 5326 ιω
1734 5277 2334 5353 Igitur—immutatur
2359 5277 2553 5335 desunt
2589 5277 2694 5334 Cll.

2774 5289 2846 5322 “0
2874 5280 2934 5335 in
2958 5294 3140 5335 unum
3174 5280 3223 5332 l.

1641 5511 1645 5515 .
1724 5428 1952 5487 Nom.

213 5546 346 5619 (315)
373 5546 584 5623 Virgil.
611 5546 748 5609 an.
780 5549 869 5624 ιν,
901 5553 1025 5611 553.

217 5630 362 5705 (316)
393 5630 559 5689 Obiit
590 5648 649 5688 ιι.
679 5636 806 5691 828.

1933 5550 2080 5618 (317)
2109 5546 2237 5606 Visa
2268 5546 2326 5606 S.
2351 5546 2618 5606 Mononis
2648 5544 2782 5608 Sur.
2810 5543 2923 5614 VII,
2943 5545 3071 5605 783.
3095 5545 3373 5622 Herigero
3393 5566 3480 5607 re-

1863 5628 2088 5688 centior
2114 5632 2222 5687 est.
