3910 6174
544 421 686 479 ,1055

1150 416 1479 475 BERIGERI
1508 418 1592 474 ET
1613 416 1911 477 ANSELMI
1933 416 2155 477 GESTA

2256 415 2403 475 ⁵180.
2433 417 2696 477 TUNGB.
2720 418 2909 475 ΤΗΝ.
2932 418 3018 474 ΕΤ
3047 417 3241 477 LEOD.

3628 427 3731 488 1056

540 542 1016 614 Μέμφι-αα
1038 556 1137 595 nos
1156 539 1515 612 impugnandi
1563 547 1749 611 sperat
1782 557 1837 596 se
1891 542 2218 604 inoenisseA
2247 538 2411 597 dardi
2445 539 2621 596 vitam
2646 539 2785 596 satis
2823 540 3187 612 probabilem
3229 541 3342 614 regi
3374 544 3429 599 et
3454 543 3735 606 oblimetibus

543 630 770 697 aditum,
786 629 975 683 horror
1000 629 1109 683 erit
1138 630 1422 683 incassum.
1458 628 1658 685 Taliter
1686 637 1757 671 ουτ
1785 646 1925 683 emm
1969 631 2147 700 impu-
2245 628 2573 691 ostentavit,
2607 635 2862 700 eumque
2924 628 3108 685 vicem
3165 646 3321 685 suam
3347 633 3569 704 supplere
3582 639 3628 689 et
3648 641 3738 708 post

542 717 746 787 gnabat
767 724 837 760 000
857 722 1064 772 vastam
1092 716 1511 788 (Egyptiorum,
1545 717 1829 772 Thebaida.o
1855 723 1906 771 et
1944 716 2148 773 Nitriae
2242 735 2303 772 se
2333 717 2620 772 cathedrae
2650 734 2765 772 sua:
2792 718 3227 789 subrogandum
3253 735 3317 774 ex
3334 722 3533 776 nomine
3544 722 3736 795 designa-

541 807 817 863 heremum
879 805 1185 872 incolentes,
1241 821 1470 877 quorum
1510 822 1610 860 nos
1683 805 1840 860 donet
1882 804 2027 860 Deus
2068 805 2151 861 vel
2245 806 2327 859 vit
2375 805 2528 876 (351)
2570 806 2660 876 (an
2717 808 2863 878 661).
2935 808 3002 878 [Ο
3054 811 3296 877 quantus
3325 808 3389 862 de
3434 810 3537 879 ejus
3571 811 3739 867 abcessu

544 895 774 950 tenuiter
797 894 918 963 ﬁeri
956 892 1415 949 imitatores.Sunt
1437 894 1519 948 illi
1542 894 1688 949 mille
1737 894 1961 949 nocendi
1988 900 2146 957 artes,

540 988 667 1037 sunt
695 984 989 1038 innumerae
1014 983 1335 1038 insidiarum
1363 982 1605 1053 fraudes.
1630 981 1740 1039 Sed
1784 999 1893 1037 non
1940 985 2151 1052 ignora-

532 1088 663 1126 .mus
692 1074 986 1127 versutiam
1010 1072 1143 1143 ejus,
1174 1071 1272 1143 qui
1302 1074 1463 1126 etiam
1503 1088 1606 1142 per
1652 1086 1861 1127 muscas
1894 1088 2014 1125 suos
2047 1071 2147 1125 ali-

541 1158 755 1224 quando
786 1161 887 1214 init
914 1175 1237 1231 congressus.
1272 1159 1355 1214 At
1409 1175 1503 1214 nos
1556 1159 1755 1229 famuli
1814 1157 2018 1214 Christi
2050 1177 2151 1232 quo

536 1245 663 1316 phis
693 1248 1025 1313 incursando
1029 1249 1350 1319 premimur,
1377 1263 1435 1301 eo
1465 1249 1638 1317 magis
1666 1250 1997 1318 assurgimus
2028 1263 2153 1304 cum

544 1333 896 1391 reluctamur.
926 1334 1194 1407 Expertus
1225 1342 1441 1390 satanas
1472 1344 1543 1378 σου
1549 1337 1876 1407 pertimescit
1886 1338 2154 1407 principia

520 1431 688 1480 recte
715 1426 888 1479 vivere
920 1426 1282 1491 iniciantium,
1328 1424 1566 1495 vigilias,
1599 1428 1883 1492 orationes,
1914 1425 2152 1495 jejunio,

547 1514 1033 1581 mansuetudinem,
1082 1514 1427 1585 patientiam,
1459 1512 1819 1568 voluntariam
1862 1520 2158 1585 pauperta-

549 1610 672 1669 tem,
715 1618 866 1656 vanae
892 1602 1078 1672 gloriae
1105 1606 1482 1670 contenptum,
1515 1600 1892 1669 humilitatem,
1949 1602 2155 1656 miseri-

544 1690 786 1748 cordiam
805 1695 865 1745 et
890 1690 1160 1761 praecipue
1174 1705 1377 1760 purum
1403 1706 1527 1757 erga
1550 1687 1827 1743 Christum
1875 1706 2107 1744 amorem
2133 1717 2151 1757 ,-

544 1784 598 1836 et
618 1778 731 1834 ideo
758 1778 900 1833 sicut
926 1778 1001 1833 leo
1020 1779 1079 1831 in
1105 1777 1359 1848 spelunca
1409 1778 1707 1831 insidiatur
1758 1795 1821 1832 ex
1871 1779 2063 1845 oculto,
2096 1781 2156 1834 ut

2244 898 2475 950 exortus
2500 898 2585 950 est
2614 897 2826 951 luctus!
2854 912 2889 950 ο
2952 912 3131 967 quam
3158 899 3359 951 mestos
3381 897 3574 969 reliquit
3596 899 3742 970 quibus

2251 982 2476 1038 semina
2505 984 2829 1039 contulerat
2856 983 3007 1051 vitae,
3026 1000 3157 1038 cum
3173 982 3413 1038 viderent
3437 1002 3487 1040 se
3510 986 3588 1040 tali
3609 989 3741 1058 patre,

2253 1073 2415 1125 tanto
2477 1070 2714 1127 doctore
2757 1071 2991 1127 orbatos
3050 1078 3361 1126 remanere
3416 1073 3611 1135 ]0mnis
3650 1080 3744 1131 satis

2258 1156 2557 1228 utriusque
2596 1174 2760 1213 sexus
2787 1158 3049 1212 dolorem
3099 1157 3282 1213 cordis
3332 1158 3549 1214 lacrimis
3591 1161 3745 1225 testati,

2252 1249 2429 1316 atque
2460 1262 2595 1301 eum
2622 1246 3023 1317 prosequendo
3073 1247 3197 1302 haec
3253 1246 3438 1302 validis
3484 1248 3744 1304 clamoribus

2254 1334 2513 1405 proﬁteri
2546 1342 2637 1389 6“.
2679 1334 2844 1406 [Heu
2888 1337 3070 1390 miseri
3114 1335 3243 1407 quid
3292 1336 3453 1390 acturi
3487 1352 3650 1401 sumus,
3688 1338 3749 1408 qui

2256 1428 2470 1476 tantum
2481 1429 2761 1494 pastorem
2795 1425 3091 1489 amittimus
3117 1424 3147 1479 ?
3173 1423 3323 1479 Unde
3364 1426 3625 1494 recipiemus
3663 1440 3751 1477 con-

2254 1511 2587 1577 solationem,
2649 1528 2771 1566 cum
2834 1515 2943 1583 ipse
2985 1518 3115 1567 esset
3154 1514 3469 1584 praecipuum
3532 1519 3751 1567 nostram

2255 1616 2644 1670 erumpnarum
2675 1600 2912 1655 levamen
2937 1601 2965 1654 ‘l
3006 1599 3140 1666 Quis
3183 1600 3458 1655 medebitur
3501 1600 3635 1665 ultra,
3673 1616 3752 1653 cum

2257 1688 2363 1758 ipse
2414 1689 2585 1758 fuerit
2634 1687 2776 1743 solus
2833 1695 3142 1744 nostrorum
3214 1688 3447 1744 dolorum
3520 1687 3754 1742 medicina?

2258 1774 2367 1841 Qui
2392 1783 2463 1818 διδ
2494 1776 2643 1830 nobis
2690 1776 2810 1848 jam
2864 1775 3088 1849 denique
3125 1781 3289 1830 restat
3336 1775 3468 1830 locus
3512 1775 3674 1839 salutis,
3697 1776 3758 1844 qui

545 1884 641 1922 nos
666 1875 741 1909 οιο
764 1866 1023 1921 deterreat
1052 1884 1086 1920 a
1100 1867 1369 1937 preposito
1405 1873 1496 1919 607.
1523 1866 1652 1920 Haec
1717 1870 1775 1920 et
1814 1866 1903 1921 his
1946 1866 2227 1927 similiaB
2257 1865 2400 1919 tanti
2415 1864 2749 1919 destituimur
2764 1868 3053 1935 praesentia
3064 1867 3242 1936 patris
3269 1873 3337 1907 ιιι
3361 1864 3409 1925 ?]
3432 1863 3644 1928 Quorum
3674 1862 3755 1929 eju-

542 1971 648 2012 eos
661 1956 987 2011 exhortans
1013 1962 1105 2023 οη,
1140 1970 1346 2011 eorum
1392 1953 1618 2009 animos
1648 1954 1706 2010 in
1749 1954 1844 2010 Dei
1879 1955 2154 2027 obsequio

556 2044 906 2117 promtiores
914 2044 1177 2101 eﬂ'ecitet
1190 2047 1394 2099 contra
1413 2047 1621 2099 cuncta
1633 2045 2019 2115 temptamina
2038 2044 2158 2100 ani-

546 2133 876 2206 mequiores
904 2132 1175 2188 reddidit.
1208 2134 1343 2187 Post
1371 2132 1492 2188 hac
1540 2132 1862 2203 praepositis
1913 2148 2156 2203 operum

534 2221 1115 2294 -dispositis,qua3que
1146 2223 1338 2276 essent
1360 2220 1587 2291 ageuda
1617 2220 1987 2291 delegavit,et
2010 2222 2160 2277 Tun-

510 2326 682 2383 ..ει-οε
709 2310 794 2364 vel
814 2308 1140 2379 Traiectum
1170 2307 1422 2375 rediens,
1444 2307 1633 2363 officio
1655 2308 1930 2379 pastorali
1960 2309 2159 2381 invigi-

536 2398 790 2454 Jandum
812 2396 1418 2468 se.reimplicavit.Non
1432 2397 1681 2451 multum
1700 2396 1910 2452 deinde
1930 2400 2159 2469 tempus

550 2488 675 2540 erat
701 2485 984 2556 elapsum,
1018 2487 1078 2539 et
1100 2499 1200 2538 rex
1224 2482 1284 2537 in
1314 2482 1527 2538 foreste
1553 2500 1655 2538 sua
1683 2484 2040 2540 monasteria
2059 2502 2161 2540 sua

550 2575 881 2629 constructa
896 2570 1143 2637 audivit,
1162 2571 1475 2627 immensas
1501 2571 1887 2644 omnipotenti
1912 2574 2158 2629 Domino

541 2661 768 2730 gratias
778 2659 1074 2718 retulit.Et
1082 2659 1505 2733 quiarsecclesim
1516 2676 1663 2715 nova
1676 2662 1924 2718 materia
1937 2665 2159 2718 ornate:

548 2749 860 2825 episcopali
888 2748 1679 2821 indigebantbenedictione,
1711 2749 1888 2818 misit,
1919 2751 2156 2808 beatum

540 2838 895 2895 .Remaclum
924 2836 1246 2904 accersivit,
1274 2841 1332 2892 et
1352 2840 1472 2893 tam
1512 2854 1643 2893 eam
1672 2855 1802 2911 quae
1826 2839 2154 2897 Coloniensi

547 2926 883 2998 subjacebat
906 2926 1254 2999 parrochia,
1300 2942 1436 2981 cum
1481 2942 1765 2982 consensu
1819 2928 2157 2984 venerabilis

547 3014 1124 3086 Gumbertiejusdem
1152 3013 1308 3070 urbis
1362 3007 1771 3087 metropolitani,
1795 3033 1970 3088 quam
2025 3033 2156 3073 eam

538 3121 678 3178 .que
694 3107 918 3160 nostra
930 3103 1165 3172 adjacet
1181 3102 1412 3165 diocesi.
1435 3120 1469 3158 a
1498 3103 1668 3159 beato
1691 3105 1963 3160 Bemaclo
1986 3121 2158 3161 man-

2257 1953 2375 2007 latu
2406 1956 2636 2008 sanctus
2660 1954 2747 2008 vir
2772 1956 3091 2025 permotus,
3132 1956 3213 2010 sic
3256 1970 3353 2009 eos
3374 1956 3453 2008 est
3479 1951 3757 2007 consolatus:

2255 2039 2444 2096 Nolite
2472 2050 2564 2109 οισ,
2595 2059 2772 2114 queso,
2794 2042 2974 2111 ﬁlioli,
2987 2044 3321 2113 propositum
3353 2042 3619 2096 intentionis
3643 2036 3760 2091 animi

2254 2131 2361 2185 mei
2402 2132 2565 2185 tantis
2591 2130 3047 2201 persecutionibus
3099 2132 3364 2186 insectari.
3408 2128 3606 2184 Habetis
3646 2125 3763 2179 Deum

2254 2235 2412 2291 super
2439 2222 2617 2275 omnia
2647 2226 2918 2290 pastorem
2940 2226 2990 2274 et
3031 2227 3266 2291 patrem,
3295 2221 3350 2274 in
3370 2224 3600 2275 almum
3640 2217 3763 2269 vestri:

2260 2308 2603 2364 incommodis
2619 2309 2902 2378 benignum
2917 2309 3322 2364 consolatorem.
3350 2306 3650 2364 Providimus
3666 2320 3764 2355 m-

2258 2413 2359 2469 que
2407 2398 2754 2452 exterioribus
2814 2399 3002 2452 vestris
3079 2397 3367 2452 commodis
3413 2404 3477 2439 “7
3517 2395 3664 2464 ﬁlium
3704 2406 3765 2443 no-

2260 2492 2433 2540 strum
2462 2494 2532 2529 m
2559 2488 2617 2540 in
2643 2482 2888 2540 omnibus
2892 2486 3189 2556 probatum
3220 2483 3584 2548 Theodardum,
3601 2480 3769 2551 sagacis-

2258 2574 2462 2629 simum
2487 2573 2946 2643 invigililatorem,
2968 2580 3017 2628 et
3018 2589 3124 2645 pro
3145 2580 3305 2645 captu
3320 2572 3559 2642 erogandi
3579 2567 3767 2625 comis

2260 2664 2319 2716 in
2348 2668 2576 2733 tempore
2604 2663 2780 2717 tritici
2798 2660 3165 2733 ﬁdelissimum
3192 2662 3587 2732 dispensatorem.
3611 2654 3770 2727 thuia

2258 2750 2372 2821 ejus
2394 2752 2754 2822 prooisionem
2783 2751 2928 2806 vobis
2976 2750 3227 2820 sufﬁcere
3282 2766 3387 2804 non
3424 2747 3614 2819 difﬁdo,
3654 2744 3769 2798 luem

2256 2838 2458 2894 dilectae
2479 2838 2778 2894 solitudinis
2806 2838 2954 2894 adire
2973 2838 3225 2905 delibero,
3257 2844 3308 2892 et
3348 2838 3482 2892 solus
3529 2838 3579 2890 in
3615 2829 3774 2904 superli

2256 2929 2561 2999 Spectatoris
2598 2928 2762 2982 oculis
2778 2943 2983 2984 mecum
3012 2927 3261 2983 habitare
3285 2924 3543 2982 contendo.
3848 2972 3849 2999 ι

2259 3018 2328 3072 50
2358 3024 2450 3071 διο.
2473 3015 2765 3087 Responsio
2788 3016 2920 3084 ﬁlio:
2932 3030 3023 3070 um
3058 3032 3123 3069 ne
3151 3016 3253 3072 hoc
3283 3016 3427 3085 ﬁeret
3452 3010 3775 3084 γείναςωιιίιοπη
3848 3014 3849 3079 Ῠ

2326 3104 2484 3160 Tunc
2508 3103 2659 3159 forte
2700 3104 2799 3176 qui
2830 3104 3075 3159 aderant
3111 3103 3508 3175 prudentiores
3548 3095 3779 3157 intenth

532 3191 1116 3265 -davitsollempniter
1127 3190 1709 3262 consecrari,utcuius
1728 3192 2158 3263 expositionem
2178 3205 2225 3265 α
2259 3193 2398 3248 talia
2425 3197 2869 3266 prosequentes:
2900 3192 3058 3259 Vide,
3077 3198 3242 3264 pater
3270 3188 3673 3257 beatissime,m'de
3691 3180 3777 3257 quid

548 3284 611 3336 et
648 3279 905 3336 maxime
935 3278 1141 3334 .studio
1170 3278 1405 3334 fuerant
1430 3278 1748 3346 aedificatae,
1799 3280 1922 3351 ejus
1979 3280 2157 3336 etiam

546 3367 850 3439 diligentia
862 3366 1174 3438 pontiﬁcali
1190 3366 1550 3422 donarentur
1560 3367 2159 3434 benedictione.Quod

545 3454 631 3510 vir
662 3458 893 3511 sanctus
913 3452 1066 3509 illico
1094 3453 1656 3525 adimplevit,utpote
1677 3456 1775 3528 qui
1796 3457 1921 3527 regi
1945 3461 2004 3512 et
2020 3473 2156 3528 pro-

544 3541 773 3599 ceribus
793 3541 939 3597 adeo
965 3544 1092 3596 erat
1118 3546 1373 3607 carus,ut
1397 3543 1571 3598 nichil
1600 3544 1957 3615 praecipuum
1996 3545 2163 3600 fleret

536 3630 765 3703 absque
796 3629 1060 3685 consulto
1090 3628 1455 3700 ipsius.Unde
1484 3631 1728 3704 contigit
1757 3636 1840 3699 ut,
1858 3634 1991 3705 quia
2012 3634 2160 3691 tanti

526 3717 785 3777 .honoris
802 3720 871 3773 et
899 3717 1200 3790 dignitatis
1230 3719 1509 3789 apudeos
1538 3723 1664 3776 erat
1690 3722 1940 3786 habitus,
1964 3723 2161 3780 missa-

541 3824 674 3865 rum
690 3806 953 3880 ,peractis
976 3806 1336 3881 solempuiis,
1353 3808 1608 3864 traderet
1624 3812 1867 3883 utraque
1896 3812 2161 3869 cosnobia

526 3894 1127 3965 Grimoaldusmaior
1156 3895 1363 3952 domus
1396 3896 1601 3952 .eidem
1653 3898 1825 3956 beato
1883 3899 2004 3956 viro
2056 3918 2159 3957 sua

538 3983 1093 4057 deincepssollertia
1126 3984 1528 4055 gubernanda,
1554 3989 1616 4041 et
1662 4002 1907 4059 qumque
1958 4003 2157 4045 mana.

537 4073 681 4131 stico
702 4071 897 4130 ordini
918 4072 1257 4130 necessaria
1281 4072 1404 4143 ejus
1438 4074 1810 4146 suggestione
1844 4080 1902 4131 et
1952 4078 2157 4134 sollici-

530 4161 739 4220 tudine
755 4160 976 4234 aregia
1002 4160 1357 4217 sublimitate
1385 4162 1871 4224 administranda.

604 4269 698 4326 49.
732 4266 890 4334 Quod
911 4266 1184 4338 designato
1230 4283 1533 4393 successolre
1578 4269 1939 4326 heremiticam
1989 4273 2155 4326 vitam

1194 4355 1458 4393 expectem
1487 4381 1503 4393 .

1194 4355 1503 4411 expectent,

2257 3297 2410 3353 agas,
2442 3281 2671 3337 adtende
2727 3283 2817 3336 cui
2848 3298 2944 3336 nos
2998 3282 3313 3351 ignominiae
3350 3280 3556 3353 prodas.
3602 3277 3779 3343 θηρᾶν

2264 3377 2324 3425 ut
2341 3381 2570 3442 patrum
2609 3376 2813 3424 statuta
2830 3370 3140 3437 decernunt,
3172 3387 3329 3443 quem
3382 3367 3531 3424 semel
3566 3362 3775 3435 regenda!

2258 3460 2563 3530 susceperis,
2590 3460 2697 3513 nisi
2745 3459 3064 3527 inﬁrmitate
3091 3467 3328 3529 cogente,
3381 3463 3429 3514 et
3470 3456 3698 3512 ultroneus
3727 3465 3781 3502 rc-

2260 3548 2512 3602 nuntiare
2539 3563 2648 3601 non
2664 3548 3014 3617 permitteris.
3069 3546 3347 3613 Quamdiu
3385 3549 3517 3603 enim
3562 3544 3669 3596 vivit
3706 3538 3779 3607 cpi.

2256 3651 2460 3706 scapus,
2506 3648 2658 3706 quem
2709 3634 2777 3689 ab
2834 3634 3016 3706 ofﬁcio
3052 3651 3149 3690 suo
3197 3636 3469 3692 necessitas

2257 3739 2365 3777 non
2385 3725 2585 3779 crimen
2613 3723 3024 3799 abducit,alium
3039 3724 3152 3781 loco
3181 3725 3301 3795 eius
3321 3725 3435 3781 nisi
3462 3725 3563 3796 ipso
3586 3719 3781 3773 rerum

2257 3816 2308 3865 et
2325 3813 2518 3884 scripto
2536 3812 2864 3881 peticionem
2881 3812 3168 3883 probante,
3206 3812 3472 3869 ordinatio
3495 3809 3639 3866 multa

2257 3898 2453 3955 Etiam
2481 3907 2652 3956 mente
2680 3907 2852 3972 capto,
2889 3904 2940 3956 si
2993 3902 3278 3957 intervalla
3333 3900 3622 3970 egritudinis
3654 3892 3783 3948 habere

2253 3993 2329 4044 est
2377 3988 2581 4055 solitus,
2636 3989 2979 4045 nihilominus
3043 3992 3152 4044 nisi
3171 3991 3440 4060 peticione
3473 3987 3589 4043 data
3621 3981 3783 4039 ωνωιί.

2254 4077 2528 4132 nondebet
2556 4078 2828 4133 succedere
2854 4077 3018 4133 alius.
3047 4079 3347 4135 Enimvero
3375 4081 3424 4133 si
3448 4076 3581 4131 nullo
3620 4080 3782 4140 tempore

2255 4165 2328 4219 ad
2370 4182 2517 4221 sanae
2562 4167 2753 4222 mentis
2800 4165 2945 4221 redit
2985 4168 3252 4237 ofﬁcium,
3287 4182 3513 4239 persona
3561 4159 3697 4234 ﬁdeli!
3740 4168 3779 4206 ⁸(

2252 4255 2386 4310 vitae
2402 4254 2695 4325 probabilis
2716 4260 2791 4311 est
2820 4255 3081 4325 eligenda,
3108 4259 3207 4328 qui
3233 4258 3373 4312 vices
3400 4255 3509 4326 ejus
3550 4268 3601 4307 eo
3639 4248 3784 4301 vim“

2256 4348 2468 4399 tantum
2495 4343 2757 4415 suppleat,
2789 4350 2839 4398 et
2875 4344 3128 4415 defuncto
3152 4345 3401 4400 ordinari
3424 4344 3570 4414 digne
3588 4347 3781 4397 ειιεοακτ

604 4426 787 4519 igitur
810 4430 1042 4519 sanctus
1070 4427 1371 4519 sacerdos,
1389 4428 1551 4519 quod
1566 4445 1812 4519 semper
1848 4431 2050 4519 habuit
2094 4429 2155 4487 in
2181 4460 2233 4519 D
2257 4432 2451 4489 valeat.
2499 4430 2625 4487 Hac
2666 4432 2756 4487 via
2802 4432 3155 4502 promulgata
3190 4438 3440 4505 patrum,
3480 4434 3526 4487 si
3560 4419 3786 4519 secus-#3.

524 4518 692 4583 .voto,
716 4515 1063 4571 remotioris
1084 4514 1300 4572 scilicet
1323 4514 1454 4572 vitm
1474 4517 1876 4587 solitudinem,
1910 4518 1990 4574 sic
2036 4521 2153 4576 Deo
2181 4513 2222 4519 ⁷
2255 4522 2441 4590 egerit,
2470 4527 2522 4575 et
2546 4537 2765 4575 uxorem
2793 4521 3066 4575 dimissam
3095 4523 3350 4577 machari
3399 4522 3548 4591 facit,
3572 4524 3617 4573 et
3654 4513 3695 4569 ei
3721 4522 3783 4581 θυι

540 4606 837 4660 annuente
857 4606 1060 4658 nactus
1075 4606 1162 4658 est
1181 4604 1610 4678 occasionem.“
1625 4606 1753 4661 Vita
1772 4606 1931 4670 Rem,
1965 4623 2017 4666 c.
2048 4612 2156 4673 12.)
2255 4608 2531 4664 dimissam
2553 4608 2790 4677 dua-erit,
2811 4626 3002 4663 nomen
3031 4611 3225 4664 macchi
3230 4610 3430 4681 procul
3461 4608 3608 4662 dubio
3643 4605 3784 4669 W

531 4691 800 4749 Tandem
838 4691 975 4747 licet
1003 4690 1343 4748 difﬁcillime
1372 4693 1703 4766 impetravit
1720 4699 1970 4752 tamenn
1991 4712 2152 4769 rege,
2258 4695 2413 4751 tabit.
2436 4696 2561 4751 Hac
2592 4699 2818 4763 ratione,
2845 4703 3003 4767 pater
3046 4699 3404 4765 sanctissime,
3433 4695 3562 4762 vide,
3595 4692 3783 4765 quam

516 4784 603 4837 --ut
620 4780 769 4837 alius
794 4778 905 4835 sibi
932 4777 1286 4850 succederet,
1332 4782 1391 4836 et
1444 4779 1550 4838 sibi
1617 4780 1715 4838 diu
1761 4783 2152 4840 desideratam
2256 4792 2511 4857 gravetur
2555 4784 2827 4857 judicium
2905 4793 3079 4855 tuum,
3125 4785 3356 4843 adtende
3406 4790 3638 4857 quantm
3676 4776 3783 4845 [συθ

516 4868 841 4924 heremum
863 4866 1021 4924 adire
1043 4867 1263 4933 liceret,
1278 4868 1376 4925 ubi
1390 4874 1653 4927 remotus
1667 4879 1739 4916 ω
1761 4888 1796 4928 a
1812 4872 1963 4929 euris
1988 4888 2152 4929 secu-
2259 4880 2446 4929 nostra
2466 4873 2651 4929 subeat
2678 4872 3027 4946 dispendium.
3053 4872 3276 4930 Crimen
3294 4873 3395 4929 tibi
3415 4890 3517 4929 non
3544 4863 3782 4925 intenditur,

535 4954 749 5012 laribus
775 4956 1010 5014 liberius
1045 4956 1296 5015 inhiaret
1347 4959 1709 5030 caelestibus]
1739 4960 1936 5018 Sancti
1966 4960 2154 5017 'l‘beo-
2259 4979 2363 5036 quo
2394 4964 2663 5019 convictus
2687 4971 2773 5006 οιο·
2798 4962 3075 5036 deponaris
3089 4992 3107 5032 ,-
3139 4964 3472 5035 inﬁrmitatis
3496 4955 3782 5017 conditio”

1821 5135 2058 5195 VARUE
2112 5136 2521 5195 LECTIONES.

606 5260 677 5296 οοτ
703 5250 897 5308 desunt
920 5250 1022 5308 Ch.
1098 5259 1172 5295 θοι
1201 5256 1336 5308 ante
1367 5269 1473 5308 nos
1497 5252 1655 5308 cddit
1686 5256 1786 5310 vit.
1820 5254 1976 5311 Rem.
2054 5266 2128 5305 eos
2159 5260 2235 5314 ita
2265 5264 2362 5316 vit.
2384 5257 2456 5314 R.
2492 5258 2708 5315 sanitas
2734 5263 2785 5315 1.
2808 5264 2863 5317 2.
2888 5263 2943 5317 3.
3018 5267 3090 5304 σω
3131 5276 3233 5315 vos
3271 5266 3366 5315 vit.
3396 5256 3466 5313 Β.
3534 5261 3597 5299 *ιι
3623 5246 3781 5307 διδοῖ·

534 5324 692 5397 tatur
708 5325 803 5378 vit.
820 5322 915 5397 B._
939 5394 955 5397 _
975 5330 1047 5366 οη
1077 5322 1907 5397 expositioni}._dispositione
1930 5330 2028 5384 vit.
2054 5327 2124 5385 Β.
2159 5338 2230 5373 ⁸η
2260 5329 2502 5386 remotis
2527 5346 2671 5385 corr.
2708 5334 2759 5385 1.
2792 5331 2899 5386 alio
2924 5337 3222 5387 atramento
3249 5332 3520 5386 remotus.
3569 5333 3630 5367 ⁸η

536 5391 640 5450 0h.
720 5392 958 5474 σιιῇώὰ
993 5398 1125 5452 1..2.
1147 5391 1209 5451 ’3.
1288 5401 1360 5474 αξξ
1393 5391 1934 5474 Ιῖοιίιθ-ἔιοηθιιετθ
1979 5401 2038 5453 in
2089 5417 2208 5474 cap.
2241 5404 2332 5459 41.
2363 5401 2549 5456 desunt
2602 5401 2716 5474 fere
2757 5404 2941 5460 omnia
2972 5401 3073 5460 οι.
3150 5409 3225 5474 “7
3255 5397 3562 5474 commodis
3596 5400 3637 5452 1.
3660 5392 3703 5446 3-
3727 5398 3784 5438 ωο

520 5464 861 5521 ieommodis
887 5481 1027 5522 carr.
1060 5464 1387 5522 commodis
1413 5469 1468 5522 2.
1544 5474 1617 5511 οη
1648 5472 1912 5526 vestrum
1938 5474 1987 5527 1.
2019 5474 2073 5529 2.
2102 5464 2164 5529 3ῖ
2233 5480 2306 5515 οη
2337 5464 2776 5528 numerus'deest.
2812 5476 2866 5528 2.
2943 5483 3015 5517 διο
3046 5473 3325 5529 convictis
3358 5476 3404 5530 1.
3435 5473 3488 5531 2.
3519 5472 3567 5527 3.

2105 5638 2339 5698 NOTAE.

609 5754 759 5831 (351}
793 5758 876 5816 De
901 5753 1281 5819 abdicationis
1305 5761 1428 5821 tem
1442 5774 1591 5837 pore
1621 5760 1755 5822 vide
1782 5761 1965 5822 Veldii
1995 5773 2172 5841 supra
2196 5764 2493 5826 laudatam
2515 5767 3099 5828 commentationem.
