3910 6174
188 395 297 451 W

1184 375 1511 438 IERIGBRI
1536 376 1669 437 GBS
1680 378 1776 438 TA
1800 375 2019 440 EPISC.
2044 374 2253 438 που.

3305 388 3451 448 10110

195 520 422 589 αρςτσοαι,
445 526 548 586 quo
575 507 854 581 repudium
877 513 1148 564 ostentans
1176 506 1245 563 ab
1297 506 1477 578 officio
1522 521 1741 579 suspen-
1759 512 1816 570 Α
1838 521 1944 560 non
1964 521 2079 561 meo
2096 504 2332 576 judicio,
2346 504 2713 576 perfectorum
2749 513 2824 562 est
2869 512 2931 562 et
2947 505 3029 562 ab
3071 499 3295 582 incepta
3332 528 3450 569 non-

193 609 323 663 daris.
358 603 467 657 Ideo
482 601 793 672 petieionem
824 597 1304 653 abrenunciationis
1361 604 1486 663 tuae,
1536 597 1747 651 etiamsi

192 698 345 765 scripto
361 690 616 763 probetur,
655 687 1002 756 abdicamus;
1035 688 1130 758 qui
1151 687 1291 742 vices
1334 693 1453 739 tuas
1480 684 1738 757 suppleat,

187 783 343 837 nedum
359 780 443 851 qui
461 793 721 834 successor
752 784 802 831 te
853 778 970 831 vivo
1019 776 1236 843 existat,
1286 777 1434 828 omni
1454 774 1607 829 modo
1653 774 1741 826 in-

183 870 432 943 probamus.
481 866 698 920 Patrem
742 871 791 920 te
818 865 976 936 justa
1030 865 1347 919 successione
1401 862 1735 929 admisimus,

178 959 267 1032 ﬁlii
286 965 330 1013 et
354 973 449 1010 non
469 953 700 1010 adulteri
724 952 839 1010 dici
862 959 912 1007 et
937 969 1046 1007 esse
1063 954 1405 1024 percupinus.
1444 950 1743 1005 Aduertisti

170 1049 270 1117 jam
289 1045 376 1099 ubi
390 1048 730 1114 pergravetur
757 1040 1033 1112 juditium
1069 1048 1239 1106 tuum,
1270 1038 1482 1095 audias.
1535 1053 1742 1110 quasu-

178 1149 271 1188 mus
301 1141 383 1199 σει,
427 1130 517 1184 ubi
563 1131 867 1199 ignominia
927 1128 1269 1200 subsequente
1319 1132 1504 1182 nostra
1559 1128 1740 1196 capiat

172 1224 293 1292 fama
313 1218 651 1291 dispendium.
710 1217 830 1284 Quo
869 1217 1082 1272 obtentu
1129 1232 1224 1272 nos
1268 1215 1492 1283 deseras,
1550 1230 1738 1269 causas

172 1327 256 1364 non
274 1309 433 1378 habes,
448 1310 637 1380 primo
660 1312 789 1379 quia
818 1323 929 1363 non
954 1323 1138 1361 sumus
1170 1306 1488 1377 fornicarii,
1512 1311 1572 1357 ut
1605 1305 1739 1375 jure

167 1398 403 1454 debeamus
428 1405 530 1452 ate
553 1397 809 1470 relinqui.
858 1394 929 1449 In
972 1395 1247 1450 catholica:
1291 1394 1482 1449 matris
1533 1396 1735 1462 gremio

167 1505 193 1541 a
220 1495 261 1542 te
283 1504 449 1542 sumus
485 1488 704 1559 excepti,
735 1486 923 1556 faciles
967 1502 1125 1540 aures
1169 1500 1450 1557 nunquam
1495 1482 1731 1554 praebui-

162 1594 256 1631 mus
283 1592 513 1648 perverso
568 1575 825 1643 docmati,
874 1582 926 1629 et
974 1576 1026 1630 si
1076 1580 1205 1629 esset
1258 1573 1503 1644 fortassis
1556 1569 1735 1627 taliter

161 1671 378 1732 erratum,
411 1664 666 1720 debuerat
691 1673 829 1719 certe
849 1669 955 1720 ate
979 1680 1083 1718 esse
1130 1662 1463 1718 subventum.
1523 1659 1734 1716 Deinde

159 1760 207 1806 ut
228 1764 269 1807 te
286 1754 521 1823 conferas
544 1752 687 1821 alio,
707 1769 816 1807 non
844 1753 969 1807 hinc
996 1758 1185 1807 nostra
1227 1758 1275 1805 te
1303 1749 1586 1822 perturbat
1604 1766 1733 1821 per-

1837 591 2120 662 deelinare,
2150 600 2201 648 et
2239 594 2297 647 in
2325 593 2579 649 ulteriora
2599 594 2945 666 perfectionis
2990 612 3097 652 sese
3145 599 3436 670 extendere,

1837 681 2024 735 activae
2047 682 2172 734 vitae
2197 697 2320 735 cum
2354 680 2579 737 Martha
2603 684 2857 751 insistere,
2876 683 2949 740 ad
2977 685 3444 758 contemplativam

1838 784 1959 822 vero
1986 785 2105 823 cum
2144 766 2330 824 Maria
2378 770 2695 826 anhelanter
2746 774 3037 844 suspirare,
3087 780 3138 829 et
3180 776 3230 830 si
3281 773 3444 833 detlr

1839 856 2091 924 conditio,
2115 856 2182 913 ab
2210 860 2388 912 activa
2408 862 2591 929 potius
2645 861 2933 931 refragari,
2995 879 3153 934 quem
3206 870 3439 922 contem.

1826 944 2051 1016 platiese
2114 946 2467 1017 speculationi
2521 964 2629 1003 non
2703 949 3109 1005 inhiantissime‘
3152 955 3439 1024 exequari.

1837 1033 2067 1104 Gregem
2114 1036 2253 1091 mihi
2299 1037 2358 1090 in
2411 1036 2556 1091 vobis
2607 1040 2940 1094 commissum
3013 1041 3146 1107 rexi,
3205 1042 3449 1097 Domine

1834 1129 2164 1194 cooperante,
2227 1130 2289 1178 ut
2297 1126 2481 1196 potui,
2543 1123 2783 1181 laborem
2861 1142 3039 1182 meum
3088 1128 3451 1198 fructiﬁcasse

1833 1216 1958 1265 vota
1993 1213 2127 1265 uotis
2171 1211 2530 1270 accientulaoi.
2587 1212 2719 1268 Non
2772 1230 2859 1268 me
2911 1221 3048 1270 tenet
3090 1217 3318 1272 societas
3368 1225 3441 1261 ⁸³⁸

1836 1298 2130 1353 studiorum
2151 1307 2469 1369 vestrorum,
2499 1318 2595 1356 nec
2621 1318 2707 1356 me
2758 1302 2988 1374 oﬁ'endit
3028 1306 3283 1375 pravitas
3323 1323 3445 1379 quae

1831 1386 1982 1441 nulla
2009 1394 2083 1442 est
2107 1390 2376 1444 actionum
2420 1397 2744 1447 vestrarum.
2769 1389 3024 1463 Superest
3076 1400 3136 1447 ut
3185 1394 3442 1449 talentum

1831 1474 1974 1547 quod
1999 1479 2135 1531 uotis
2161 1479 2289 1533 meis
2315 1478 2371 1531 in
2403 1478 2550 1533 vobis
2596 1478 2805 1549 gaudeo
2847 1479 3267 1549 accumulatum,
3306 1482 3443 1537 alias

1830 1564 2104 1633 conferam
2166 1565 2637 1635 accumulandum,
2707 1575 2771 1622 ut
2853 1575 3026 1624 vestra
3078 1569 3443 1625 habsmdantia

1830 1653 2071 1724 inopiam
2113 1654 2354 1725 suppleat
2409 1655 2660 1712 aliorum.
2715 1654 2985 1711 Fecerunt
3062 1658 3245 1714 itidem
3319 1666 3446 1716 ante

1830 1745 2067 1811 tempora
2123 1748 2296 1796 uestra
2364 1745 2559 1811 sancti,
2615 1760 2843 1817 quorum
2882 1761 2978 1799 nos
3031 1761 3286 1817 suppares
3338 1763 3445 1802 esse

155 1843 340 1909 secutio,
368 1841 503 1913 quod
539 1843 647 1897 etsi
701 1841 1023 1897 concedatur
1049 1858 1083 1894 a
1110 1839 1370 1905 Domino,
1397 1839 1733 1907 inﬁrmorum
1755 1830 2011 1891 Bmm'ti
2026 1832 2588 1902 utinamxontingeret
2617 1833 2639 1885 Ι
2667 1832 2751 1889 vel
2777 1836 3019 1901 extremi,
3049 1850 3281 1906 quorum
3305 1850 3445 1890 non-

153 1946 238 1983 non
266 1933 388 1984 satis
396 1931 768 2000 perfectorum
796 1937 873 1984 est
904 1928 1220 1983 consultatio
1251 1930 1373 1982 ista.
1402 1926 1574 1983 Multi
1603 1943 1733 1980 san-

152 2026 322 2075 ctorum
365 2023 636 2091 patienter
689 2024 772 2073 usi
825 2027 953 2075 sunt
1017 2021 1291 2090 pravitate
1346 2018 1636 2084 malorum,
1681 2021 1732 2071 et

148 2122 299 2162 eorum
348 2111 671 2180 su/ferentia
729 2109 837 2164 illis
887 2109 1068 2163 extitit
1126 2106 1434 2177 disciplina.
1488 2105 1733 2176 Denique

147 2198 303 2251 exinde
322 2197 592 2267 fugiendi,
623 2214 730 2252 non
760 2198 1113 2269 equanimiter
1133 2194 1393 2268 portandi
1419 2202 1543 2249 sunt
1572 2192 1728 2260 mali,

147 2282 223 2337 ubi
234 2284 359 2339 nulli
381 2292 669 2357 supersunt
696 2287 794 2358 qui
821 2285 999 2357 aliquo
1054 2283 1209 2339 modo
1266 2283 1543 2337 lucrentur
1587 2282 1726 2337 boni.

142 2367 231 2425 Sed
249 2389 305 2427 ve
330 2374 498 2443 nobis,
541 2375 645 2448 qui
687 2391 809 2430 cum
861 2380 975 2440 tua,
1030 2388 1185 2445 quem
1234 2388 1339 2427 esse
1386 2380 1460 2414 ω
1522 2376 1733 2427 constat

136 2461 572 2531 perfectissimum,
596 2462 894 2532 praesentia
915 2461 1276 2528 destituimur,
1304 2466 1467 2515 tantae
1481 2460 1732 2530 infamiae

142 2549 412 2619 objicimur,
443 2560 505 2605 ut
534 2568 650 2606 non
683 2551 838 2605 modo
869 2557 918 2604 te
946 2566 1099 2621 super
1124 2548 1303 2605 studia
1331 2554 1514 2603 nostra
1538 2548 1731 2615 tedere,

141 2653 295 2692 verum
312 2643 501 2694 nostris
518 2641 718 2711 pravis
744 2639 1041 2694 actionibus
1062 2644 1111 2692 te
1133 2637 1381 2692 dicamur
1398 2638 1613 2707 fugare,
1635 2637 1736 2691 ubi

144 2724 307 2781 bonum
330 2731 603 2782 neminem
626 2744 887 2799 superesse
916 2728 1058 2781 tanti
1106 2728 1220 2781 viri
1269 2716 1489 2780 recessus
1542 2740 1732 2796 appro-

145 2812 266 2868 betur
310 2816 561 2875 clamare.
596 2816 704 2872 Nil
730 2817 877 2888 jam,
929 2815 1010 2869 nil
1031 2815 1260 2885 amplius
1297 2819 1480 2880 restat,
1522 2812 1729 2867 calum-

133 2905 360 2971 pnientur
384 2907 676 2979 maliloqui
702 2913 793 2973 6³³,
827 2911 1158 2974 augurentur
1202 2902 1468 2969 maledici,
1526 2917 1728 2956 succes-

1829 1917 1968 1972 nulli
1983 1918 2203 1987 majoris
2228 1921 2413 1989 gratia
2433 1921 2690 1977 utilitatis
2727 1921 2798 1976 ad
2824 1921 2958 1977 alias
2990 1924 3146 1992 passi
3163 1930 3296 1978 sunt
3334 1940 3441 1979 xe-

1828 2007 2011 2062 clesias
2026 2024 2081 2061 se
2098 2008 2363 2078 conferri,
2394 2009 2646 2064 nonnulli
2658 2012 2886 2080 potioris
2911 2011 3233 2079 confidentia
3262 2015 3443 2068 meriti

1828 2099 2249 2168 commigravere
2280 2097 2529 2154 ultronei.
2582 2098 2799 2153 Exinde
2842 2099 2934 2153 ubi
2969 2113 3027 2156 se
3056 2100 3436 2170 advertebant,

1829 2193 1924 2239 aut
1938 2202 2143 2258 parum
2182 2186 2450 2258 prodesse,
2510 2193 2609 2242 aut
2663 2203 2772 2241 non
2820 2187 3055 2242 multum
3107 2192 3439 2258 necessarios,

1829 2289 1939 2330 sese
1963 2274 2349 2330 subtrahebant
2376 2281 2428 2330 et
2474 2275 2771 2346 majoribus
2813 2275 3080 2331 laboribus
3125 2277 3439 2348 offerebant,

1829 2369 1881 2418 et
1909 2370 1973 2417 ut
1999 2362 2290 2433 fortissimi
2298 2362 2645 2434 praeliatores
2664 2363 2776 2419 Dei
2800 2364 2968 2418 teneri
3016 2365 3161 2419 intra
3205 2364 3440 2422 claustra

1830 2453 2168 2523 requietionis
2228 2450 2501 2519 nolebant,
2564 2451 2654 2507 sed
2700 2453 2756 2505 in
2843 2456 3086 2523 apertum
3131 2455 3445 2509 certaminis

1832 2557 2081 2611 campum
2102 2546 2289 2612 sponte
2308 2539 2679 2612 prosiliebant,
2707 2557 2815 2595 non
2842 2540 3126 2596 desertores
3141 2557 3345 2612 pugna,-
3369 2549 3441 2585 ωε

1828 2629 2122 2700 spiritualis
2148 2631 2342 2700 effecti,
2376 2646 2471 2684 nec
2489 2631 2829 2685 mercenariis
2864 2630 2934 2684 ab
2964 2634 3174 2703 aspectu
3200 2630 3447 2702 luporum

1828 2717 2337 2788 subterfugientibus
2404 2719 2773 2791 comparandi,
2821 2718 2912 2773 sed
2954 2719 3051 2773 ubi
3117 2725 3214 2776 aut
3270 2722 3449 2776 minus

1822 2809 2136 2879 proeliantes
2190 2809 2534 2880 ascipiebant,
2611 2815 2711 2864 aut
2782 2809 2950 2864 hostes
3031 2811 3090 2864 in
3149 2814 3453 2868 comminus-

1831 2898 2123 2951 insistentes
2149 2897 2543 2964 incumbebant,
2599 2896 2714 2952 illic
2740 2913 2794 2951 se
2835 2896 3053 2966 fortiter
3075 2914 3447 2971 congressuros

140 3006 255 3045 sares
276 2994 528 3062 fortassis
556 3001 678 3048 tuos
701 3010 807 3048 non
862 2992 1019 3046 modo
1075 2990 1367 3061 fugandos,
1424 2988 1515 3044 sed
1561 2988 1731 3044 morti
1832 2984 2158 3054 ingerebant.
2177 2982 2257 3038 Et
2278 2999 2392 3052 ego,
2425 2982 2597 3052 ﬁlioli,
2627 3000 2737 3038 non
2766 2984 2956 3041 horum
2983 3000 3069 3039 me
3092 2988 3449 3043 ostentatione

138 3078 444 3149 objitiendos,
474 3084 613 3137 dum
643 3089 694 3136 et
724 3088 781 3135 tu
810 3085 1048 3137 nostrum
1073 3082 1325 3149 regimem
1376 3078 1724 3148 subterfugis,
1750 3115 1797 3174 Ο
1829 3072 2064 3141 .mstollo,
2136 3088 2242 3174 non
2310 3072 2512 3126 meritis
2596 3072 2811 3127 illorum
2882 3086 3057 3127 vanus
3121 3073 3448 3174 conjectator

138 3167 353 3224 etbeatus
376 3170 678 3225 Amandus
707 3172 805 3243 qui
830 3174 880 3225 te
919 3171 1191 3241 praecessit
1209 3168 1486 3239 pulverem
1528 3166 1731 3238 pedum
1753 3160 1797 3174 "
1828 3164 2108 3234 aequipero.
2135 3160 2204 3217 Si
2236 3162 2551 3217 successoris
2569 3168 2900 3233 pretensum
2923 3177 3116 3216 nomen
3165 3161 3441 3233 abhorret,

136 3257 341 3313 recedens
360 3261 416 3313 in
445 3260 606 3315 nobis
644 3260 891 3313 excussit.
955 3257 1155 3312 Verum
1207 3257 1351 3312 Deus
1398 3256 1731 3326 omnipotens
1829 3252 2186 3322 cooperatoris
2235 3256 2287 3304 et
2335 3250 2742 3321 comprovisoris
2764 3249 3151 3306 commendatio
3203 3250 3439 3308 roboret.

136 3342 193 3395 ad
223 3347 639 3417 propitiandum
668 3355 739 3389 ω
798 3346 979 3415 facilis
1026 3352 1077 3400 et
1127 3344 1371 3411 clemens,
1417 3344 1733 3415 prophetam
1829 3338 1944 3394 Nec
1963 3340 2251 3409 praesentia
2290 3354 2411 3392 mea
2454 3353 2545 3393 vos
2563 3340 2766 3409 putetis
2797 3340 3067 3401 constitui,
3115 3355 3273 3412 quem
3327 3340 3449 3397 licet

132 3446 265 3502 super
311 3436 467 3491 edera
525 3436 743 3501 (Jonas,
773 3451 849 3502 ιν,
885 3436 971 3501 10)
1008 3440 1216 3505 repente
1265 3433 1507 3487 marcida
1546 3440 1618 3474 ω
1648 3434 1732 3486 in-

132 3534 324 3590 crepans
339 3527 754 3592 contristatum,
778 3522 1033 3594 approbat
1053 3538 1109 3578 se
1135 3538 1290 3593 super
1317 3538 1450 3594 opus
1506 3523 1733 3578 creatio-

131 3609 201 3662 nis
229 3626 333 3666 suae
384 3616 437 3668 si
464 3620 673 3686 pereat
716 3612 884 3668 multo
935 3628 1106 3679 magis
1163 3610 1639 3679 constristandum,
1687 3615 1739 3664 et

130 3698 265 3754 malle
279 3705 666 3771 penitentiam
693 3717 856 3773 quam
875 3706 1098 3754 mortem
1114 3705 1474 3770 peccatorum.

318 3793 378 3845 5|
419 3799 517 3845 m.
550 3789 697 3843 Item
731 3791 1009 3846 excusatio
1038 3786 1276 3858 ejusdem
1304 3788 1479 3842 sancti
1502 3788 1627 3843 viri.

183 3874 433 3932 Tandem
465 3876 861 3932 insectatione
883 3875 1329 3930 reclamantium
1359 3877 1594 3928 sanctus
1626 3873 1738 3927 Be-

128 3964 326 4019 maclus
355 3981 702 4028 concussus,
732 3968 994 4019 mentem
1049 3962 1285 4018 interim
1320 3961 1626 4018 moderato
1662 3960 1741 4016 si-

126 4049 284 4107 lentio
313 4055 669 4121 librabat,el.
692 4053 769 4107 sic
785 4052 846 4106 in
860 4052 985 4107 haec
1008 4053 1183 4107 verba
1199 4051 1495 4124 prorupit:
1527 4049 1735 4119 Nolite,

127 4139 194 4191 mi
211 4140 429 4211 fratres,
456 4143 637 4199 nolite
681 4144 755 4196 sic
784 4143 1026 4196 incusare
1053 4158 1156 4209 me,
1178 4148 1386 4212 patres.
1439 4138 1737 4195 Utilitatem

124 4236 334 4288 mtrem
366 4239 506 4304 aput
546 4246 641 4286 me
694 4230 997 4302 deplorare,
1044 4245 1155 4285 non
1197 4236 1275 4286 est
1328 4234 1388 4285 ut
1423 4227 1738 4293 deterream,

129 4315 369 4387 iniuriam
396 4337 530 4377 vero
558 4321 702 4374 hanc
729 4321 803 4374 sic
832 4318 1178 4390 expostulare,
1205 4335 1313 4374 non
1337 4325 1413 4372 est
1464 4325 1528 4373 ut
1577 4320 1739 4390 su/feo

1832 3427 1903 3482 ad
1929 3428 2063 3481 alios
2087 3426 2438 3494 instruendae,
2462 3433 2649 3481 nostra
2678 3434 2752 3469 m
2780 3443 2888 3482 non
2914 3428 3182 3498 continget
3208 3427 3451 3486 excedere

1833 3515 2040 3570 diocesi.
2062 3515 2261 3570 Aderit
2285 3517 2343 3569 in
2354 3515 2600 3586 proximo
2650 3514 2847 3583 aditus,
2908 3514 3195 3586 consulere,
3250 3518 3300 3571 si
3327 3519 3451 3590 quis

1833 3619 1926 3661 eos
1966 3605 2157 3675 excipit
2175 3610 2410 3672 eventus,
2438 3605 2539 3660 ubi
2586 3611 2638 3659 et
2667 3621 2774 3677 pro
2820 3608 3005 3661 vestris
3045 3613 3119 3649 ⁸³³
3161 3605 3455 3665 excessibus

1836 3695 2227 3750 intercessorem
2262 3694 2608 3765 omniumque
2634 3700 2709 3736 σει
2736 3700 3035 3750 vestrarum
3085 3699 3451 3753 necessitatum

1837 3797 1921 3836 me
1949 3788 2101 3837 tanto
2128 3781 2405 3837 sollicitius
2444 3781 2701 3836 habebitis
2748 3797 3053 3852 memorem,
3085 3792 3283 3856 quanto
3315 3801 3452 3841 con-

1835 3871 2030 3927 stiterit
2056 3872 2199 3924 curis
2212 3885 2297 3924 me
2305 3868 2656 3941 popularibus
2666 3872 3020 3940 remotiorem,
3042 3872 3114 3926 ad
3136 3870 3452 3930 divinitatis

1837 3960 2332 4031 contemplationem
2381 3959 2683 4030 suspensius
2723 3959 3076 4016 anhelantem.
3115 3959 3194 4015 Et
3235 3960 3452 4033 Moyses

1837 4052 1894 4105 in
1919 4056 2098 4105 monte
2131 4048 2336 4112 stabat,
2390 4063 2489 4103 nec
2527 4049 2694 4103 armis
2734 4048 2826 4104 sed
2862 4049 3111 4121 precibus
3149 4051 3449 4121 pugnabat,

1839 4146 1891 4195 et
1918 4138 2090 4194 Israel
2109 4154 2231 4193 cum
2277 4135 2548 4194 Amalech
2597 4137 2916 4207 conﬂigebat
2960 4136 3162 4209 (Exod.
3207 4139 3449 4214 xvn,9),

1841 4234 1988 4284 tanto
2014 4229 2152 4281 inter
2169 4224 2533 4298 prcliandum
2569 4226 2830 4297 superior,
2872 4231 3070 4299 quanto
3097 4225 3311 4299 Moyses
3337 4226 3453 4287 Deo

1841 4317 2154 4371 inoratione
2184 4316 2560 4388 propinquior,
2600 4321 2650 4370 et
2704 4332 2739 4370 a
2781 4316 3004 4387 strepitu
3031 4318 3455 4385 conﬂictantium

123 4421 244 4461 ram.
273 4408 407 4465 Non
459 4417 539 4453 σιτ
578 4425 687 4463 esse
712 4424 802 4463 vos
844 4408 1029 4464 devoto
1071 4407 1224 4480 (352)
1279 4407 1619 4478 fornicarios,
1681 4414 1741 4463 ut
1761 4402 1814 4463 D
1838 4405 2073 4462 hostium
2101 4411 2219 4460 erat
2264 4406 2533 4459 remotior.
2563 4401 2642 4459 Et
2670 4409 2801 4476 aput
2827 4421 2930 4473 me,
2964 4403 3251 4475 karissimi,
3282 4406 3453 4479 ﬁxum

122 4495 188 4549 sic
200 4498 346 4551 cordi
368 4499 642 4553 insederit
675 4495 1076 4568 relinquendos,
1102 4512 1210 4550 non
1237 4498 1294 4550 in
1349 4513 1626 4552 commune
1661 4498 1736 4552 sic

120 4599 279 4640 censeo
306 4584 704 4659 inprobandas,
726 4592 786 4639 ut
810 4602 986 4639 omnes
1036 4601 1141 4640 esse
1193 4599 1395 4641 necesse
1440 4587 1509 4640 sit
1554 4586 1735 4657 infru-

122 4679 325 4743 ctuosos,
365 4684 427 4730 ut
453 4683 509 4733 et
539 4692 671 4733 eum
700 4683 771 4717 ⁸³⁸
798 4674 1121 4730 considerem
1177 4674 1262 4729 hic
1296 4690 1477 4730 meum
1507 4674 1739 4731 laborem

116 4762 212 4816 sine
236 4764 425 4832 fructu
449 4781 593 4833 esse,
621 4764 755 4818 alias
779 4762 941 4820 velim
962 4779 1087 4819 cum
1103 4762 1291 4833 fructu
1308 4765 1562 4833 migrare.
1581 4763 1737 4833 Non,

114 4848 347 4921 inquam,
373 4855 695 4925 perfectum
724 4868 810 4909 me
834 4868 937 4908 esse
964 4856 1189 4918 constat,
1218 4851 1675 4924 perfectissimum
1701 4870 1734 4907 a

114 4952 222 4994 vero
239 4942 481 4998 multum
506 4941 784 4999 abhorret.
804 4939 914 4997 Sed
933 4948 994 4996 ut
1017 4947 1188 4996 vestra
1214 4948 1287 4984 οπο
1299 4946 1424 4995 utar
1444 4942 1732 5010 sententia,

1837 4505 1930 4564 est,
1963 4495 2042 4552 ibi
2081 4494 2275 4549 divinis
2326 4493 2594 4548 obtutibus
2624 4495 2944 4565 praesentius
2999 4494 3201 4565 herere,
3226 4496 3322 4552 ubi
3364 4502 3453 4554 tu-

1836 4585 2036 4641 multus
2056 4582 2381 4641 secularium
2409 4599 2517 4638 non
2545 4581 2761 4638 debeam
2789 4582 3030 4639 tollerare
3057 4592 3149 4639 0“.
3172 4584 3269 4642 Ad
3316 4587 3455 4647 hanc

1836 4688 1979 4746 spem
2002 4672 2182 4727 beatus
2209 4687 2295 4727 me
2338 4669 2614 4726 Johannes
2654 4668 2906 4727 Babtista
2962 4673 3225 4729 animavit
3254 4673 3454 4747 (Matii.

1838 4778 1920 4831 ιιι,
1948 4764 2019 4833 1),
2046 4762 2143 4834 qui
2163 4762 2220 4814 in
2250 4761 2363 4831 ipsa
2384 4757 2740 4815 teneritudine
2785 4776 3051 4816 annorum
3102 4761 3269 4836 elegit
3295 4767 3459 4837 etiam

1838 4854 1895 4905 in
1932 4848 2280 4905 conoescendo
2337 4848 2625 4904 bestiarum
2671 4851 2857 4921 potius
2912 4849 3091 4905 accola
3127 4868 3252 4922 esse,
3292 4846 3457 4927 quam

1837 4941 1977 4994 inter
2000 4940 2141 4994 cives
2159 4936 2267 4991 leni
2280 4944 2353 4979 ⁸³⁸
2388 4934 2581 4993 saltem
2616 4952 2854 4994 sermone
2881 4939 3051 4997 vitam
3066 4943 3453 5000 contaminare.

1413 5064 1654 5122 VARI/E
1706 5064 2115 5123 LECTIONES.

176 5200 243 5279 “3
269 5201 411 5269 qsl.
435 5200 497 5254 2.
523 5198 587 5252 3.
657 5203 734 5279 ff!
763 5210 905 5279 c_orr_.
932 5196 994 5279 1.Δ
1023 5200 1131 5279 ⁸6³³
1158 5192 1416 5279 malivoli
1446 5196 1649 5279 3.ωο²⁴
1680 5188 2125 5279 ριόρξὶίθᾼηάιιρ
2158 5191 2209 5247 1.
2250 5195 2358 5279 ΛΨ
2387 5193 2617 5279 corn-1.
2650 5186 2760 5279 olei
2776 5194 3117 5279 atramento:
3152 5197 3455 5279 imprecen-

116 5265 235 5323 liori
260 5262 439 5324 manu
466 5271 749 5341 appositus
775 5273 825 5323 l.
843 5267 995 5341 deest
1022 5270 1057 5323 2
1152 5274 1224 5309 ⁸³⁷
1250 5282 1354 5341 nos
1380 5270 1430 5321 1.
1506 5273 1580 5308 m
1610 5262 1811 5341 eccuni
1838 5268 1888 5320 1.
1920 5268 1975 5320 2.
2054 5270 2135 5341 m_
2160 5266 2447 5341 nostra_l.
2522 5270 2596 5341 9'0
2641 5262 2817 5341 solias
2846 5266 2901 5320 2.
2978 5270 3050 5341 Ψ

3090 5277 3345 5335 pungnaa
3372 5268 3451 5335 72.

113 5343 181 5410 σιξ
204 5343 397 5396 vestra
432 5330 517 5396 1.”
535 5330 649 5381 ’⁸³³
678 5338 890 5395 nostris
919 5343 967 5410 _l.
1048 5345 1119 5380 οθι
1148 5354 1260 5410 que
1283 5337 1425 5410 deest
1455 5341 1505 5392 1.
1553 5344 1655 5410 qm
1683 5336 1955 5410 hucusque
1984 5335 2167 5390 omnia
2186 5334 2535 5407 panedesunt
2560 5349 2651 5408 op.
2680 5330 2785 5391 Ch.
2862 5340 2936 5377 m
2966 5336 3041 5388 ita
3065 5330 3119 5389 ἱ.
3150 5330 3270 5389 Ιθῖιι
3306 5334 3457 5392 saltu

112 5407 307 5465 saltem
340 5416 395 5468 l.
427 5410 551 5468 levi
583 5411 787 5467 saltem
815 5414 868 5469 3.
897 5408 1018 5483 σι,
1054 5406 1206 5467 num.
1240 5408 1518 5483 legendum
1545 5406 1913 5466 Jerusalem"?
2154 5424 2167 5433 -
2194 5406 2201 5407 '
2586 5406 2609 5408 ‘
3450 5422 3455 5427 ι

1678 5528 1908 5594 NOTAE.

178 5657 330 5736 (352)
361 5654 406 5721 i.
440 5677 507 5737 (ι.
540 5653 820 5726 devoveo,
844 5657 1106 5717 affirmo.
