3960 6174
473 363 608 421 1059

1068 345 1393 408 HERIGERI
1428 345 1514 403 ET
1541 345 1840 404 ANSELMI
1873 343 2097 403 GESTA
2122 341 2343 402 EPISC.
2370 343 2624 408 TUNGR.
2659 347 2844 405 TBAJ.
2883 348 2968 405 ET
2992 347 3200 408 LEOD.

3588 362 3698 416 l060

467 481 546 539 Et
593 481 805 553 Moyses
858 481 1027 536 vitam
1065 478 1202 534 hanc
1274 475 1607 549 approbavit,
1662 477 1757 547 qui
1808 479 1863 530 in
1920 482 2083 530 vastae
2102 475 2304 542 Anon
2337 473 2409 528 ad
2436 475 2558 546 ejus
2573 476 3388 549 temperavitaspectum?Quis
3407 495 3510 534 non
3528 497 3714 539 merere

465 570 771 628 solitudinis
832 568 1036 624 deserto
1110 566 1220 622 Dei
1285 566 1544 639 colloquio
1608 565 1798 620 maluit
1842 564 2078 635 perfrui,

468 678 630 732 quam
665 659 1031 730 Egyptiorum
1055 657 1250 711 divinis
1279 657 1526 710 enervari
1585 663 1655 697 δεῖ
1715 652 1921 725 (Exod.
1977 655 2076 718 ιιι).

467 747 656 803 Helias
679 753 728 800 et
752 745 999 800 Heliseus
1047 743 1159 816 (IV
1208 743 1343 814 Reg.
1395 746 1454 814 ιι)
1506 743 1784 813 ceterique
1811 741 2082 811 praphetoe

467 834 868 900 dedicaverunt,
899 836 993 905 qui
1038 833 1199 902 hujus
1233 833 1452 888 thoricas
1506 829 1943 900 contemplatione
1994 831 2077 882 in-

469 925 642 993 signes
665 925 800 994 ipsos
818 921 1268 991 subjugaverunt,
1285 919 1602 974 Habraham
1624 919 1857 973 omnium
1876 917 2084 971 creden-

470 1012 614 1068 tium
627 1017 782 1082 pater
799 1009 904 1079 ﬁde
929 1011 1144 1080 eﬂ'ectus
1162 1007 1322 1074 (Gen.
1355 1025 1462 1076 xu;
1484 1006 1642 1062 Rom.
1675 1008 1873 1074 iv,16),
1895 1004 1966 1058 ad
1993 1005 2083 1058 hos

466 1115 553 1154 me
584 1101 827 1153 incitavit
865 1101 1099 1171 eﬂ‘ectus,
1121 1099 1277 1167 cujus
1301 1101 1351 1152 et
1381 1095 1672 1165 exemplum
1698 1103 1770 1136 ⁸³⁸
1816 1095 2080 1159 imitatus,

465 1189 643 1242 natali
665 1187 772 1242 solo
803 1204 1052 1258 egressus,
1084 1186 1324 1247 omnium
1368 1186 1677 1238 renuntiavi
1731 1182 2085 1253 cupiditatum

454 1276 828 1347 proventibus.
861 1274 1035 1347 Ipsius
1062 1274 1349 1328 salvatoris
1381 1274 1608 1329 Domini
1642 1272 1850 1342 factum
1881 1289 1964 1326 me
2017 1270 2087 1324 ad

469 1364 568 1418 hoc
600 1364 846 1431 adduxit,
869 1366 962 1435 qui
984 1363 1257 1417 diabolum
1293 1361 1648 1416 debellaturus
1675 1360 1950 1415 solitarius
1994 1360 2079 1412 lte-

469 1468 677 1506 remum
708 1451 1011 1507 adeundum
1048 1450 1275 1505 decrevit
1303 1449 1521 1517 (Matth.
1543 1448 1634 1514 ιν),
1682 1447 1830 1517 cuius
1889 1449 2088 1501 miseri-

469 1539 653 1594 cordia
682 1540 953 1607 concedat,
975 1540 1147 1610 pietas
1204 1545 1430 1605 annuat,
1481 1544 1539 1590 ut
1591 1543 1642 1591 et
1689 1552 1781 1604 ego
1830 1538 2087 1592 versutias

469 1625 588 1684 illic
617 1629 830 1698 antiqui
849 1628 1010 1682 hostis
1047 1625 1360 1698 proculcare
1408 1630 1455 1679 et
1494 1624 1557 1678 de
1609 1624 1715 1677 illic
1770 1623 2088 1679 instruendis

471 1716 627 1776 lucra
658 1715 930 1770 cumulare
963 1720 1013 1771 et
1045 1720 1232 1770 vestris
1261 1715 1344 1769 hic
1384 1713 1672 1768 commodis
1702 1729 1818 1766 mea
1849 1715 2088 1768 oratione

2182 563 2536 632 paupertatis
2561 581 2673 635 quo
2703 566 3082 636 premebatur
3111 573 3182 606 ω
3213 565 3403 632 oblito,
3432 571 3483 621 et
3517 568 3716 625 divitum

2184 649 2440 720 despexit
2469 652 2850 722 opulentiam,
2885 657 2945 708 et
2973 653 3032 706 in
3059 671 3160 708 sua
3190 654 3400 707 ltetatus
3419 659 3495 708 est
3521 672 3718 728 pauper-

2183 739 2346 792 tate?
2382 739 2515 803 Quis
2563 740 2830 795 laborum
2875 758 3053 796 onere
3101 758 3341 812 pressus,
3387 742 3494 812 eius
3532 761 3629 798 non
3656 749 3722 800 est

2183 825 2569 882 hortamentis
2597 831 2878 884 relevatus
2903 829 2930 883 ‘I
2962 829 3098 893 Quis
3123 831 3443 884 adolescens
3479 832 3724 886 incentivis

2185 914 2455 971 vitiorum
2499 933 2801 972 succensus
2845 927 2916 960 διο
2948 919 3222 975 et-carnis
3268 919 3585 986 titillatione,
3629 922 3726 991 ejus

2186 1004 2568 1060 saluberrima
2597 1006 3019 1061 ammonitione
3055 1023 3171 1062 non
3195 1007 3382 1061 statim
3402 1008 3569 1062 cultor
3584 1009 3728 1062 extitit

2187 1091 2478 1160 pudicitiae
2494 1093 2522 1148 ‘I
2541 1096 2588 1147 A
2612 1094 2842 1150 diabolo
2865 1099 3096 1150 vexatos
3113 1095 3366 1161 curabat,
3386 1095 3728 1150 nichilominus

2188 1183 2634 1254 cogitationibus
2653 1183 2862 1237 illicitis
2877 1183 3180 1238 distractos
3190 1183 3262 1236 ad
3276 1183 3730 1254 petramChristum

2189 1273 2380 1327 allisos
2395 1272 2465 1326 ab
2489 1271 2757 1343 operibus
2771 1271 3099 1326 cohibebat.
3117 1270 3342 1325 Sciebat
3357 1287 3462 1342 quo
3481 1271 3590 1342 quis
3608 1272 3730 1325 labo-

2185 1364 2344 1414 raret
2369 1359 2762 1425 incommodo,
2786 1363 2844 1413 et
2863 1376 2927 1412 ex
2946 1357 3072 1414 vita:
3096 1359 3319 1413 meritis
3349 1359 3550 1414 faciens
3567 1359 3732 1412 discre-

2187 1449 2432 1515 tionem,
2458 1464 2560 1518 pro
2591 1447 2930 1502 morborum
2949 1448 3223 1519 qualitate
3244 1448 3543 1502 adhibebat
3561 1455 3619 1488 M7
3639 1464 3732 1500 cor-

2187 1538 2538 1609 reptionem.
2559 1536 2863 1591 Crescebat
2881 1544 2952 1577 διε
2974 1535 3191 1590 ibidem
3227 1535 3403 1590 divini
3441 1535 3651 1590 fervoris
3667 1552 3735 1590 ar-

2188 1625 2314 1691 dor,
2350 1629 2407 1678 et
2436 1624 2766 1679 monasticte
2815 1624 3126 1695 disciplinas
3159 1624 3479 1679 inﬂexibilis
3507 1625 3659 1696 rigor.
3688 1627 3736 1678 Et

2189 1712 2435 1782 qualiter
2459 1729 2688 1784 quoque
2704 1713 2762 1766 in
2795 1713 3034 1784 reliquis
3057 1712 3302 1768 ofﬁcinis
3325 1717 3600 1786 septorum
3622 1713 3736 1767 inhi-

470 1803 686 1860 valcam
709 1805 978 1858 inservire.
1015 1804 1105 1859 Sic
1149 1821 1182 1858 a
1210 1803 1378 1859 beato
1412 1803 1682 1858 Remaclo
1731 1807 2084 1871 peroratum,
2111 1807 2163 1865 B
2188 1802 2654 1856 bitasitfacultas
2673 1803 2975 1875 peccandi,
3005 1803 3163 1858 testis
3182 1804 3425 1858 estcella
3457 1803 3740 1858 dormitoria

474 1893 555 1949 sic
591 1892 996 1947 insectantium
1030 1890 1326 1946 doloribus
1369 1892 1718 1958 consultum,
1759 1890 1836 1944 sic
1894 1892 2090 1962 queri-

473 1980 687 2036 moniis
742 1983 827 2033 est
884 1979 1266 2046 satisfactum,
1315 1980 1524 2034 deinde
1568 1998 1681 2052 quo
1760 1979 2091 2036 intenderat

473 2068 857 2125 acceleratum
888 2067 1104 2138 pariter
1132 2071 1191 2122 et
1219 2073 1582 2138 perventum.

653 2157 722 2211 52
737 2162 828 2210 σεο.
860 2153 1015 2221 Quod
1042 2155 1202 2208 multi
1225 2155 1341 2226 ejus
1370 2157 1616 2228 exemplis
1643 2159 1878 2213 seculum

1058 2244 1385 2316 reliquerunt
1414 2255 1506 2300 διο.

543 2332 856 2388 Audientes
880 2332 1002 2387 haec
1030 2332 1166 2387 vele
1195 2332 1383 2388 vicina
1413 2335 1499 2389 vel
1529 2351 1595 2388 ex
1635 2335 1870 2390 semotis
1901 2333 2092 2407 parti-

475 2419 582 2476 bus
637 2420 743 2474 viri
785 2420 998 2487 devoti,
1062 2419 1225 2492 [(Vit.
1285 2421 1526 2476 Remacli
1577 2440 1626 2479 c.
1686 2426 1796 2488 13.)
1836 2439 2089 2495 quorum

475 2509 624 2564 Deus
649 2508 918 2580 dignatus
945 2513 1032 2563 est
1051 2511 1225 2566 corda
1253 2513 1539 2582 tangere,]
1565 2516 1864 2584 coeperunt
1918 2512 2086 2566 undi-

477 2612 588 2669 que
608 2597 682 2652 ad
710 2614 846 2652 eum
875 2599 1026 2652 velut
1056 2614 1192 2668 apes
1222 2599 1295 2654 ad
1318 2599 1566 2654 alvearia
1595 2601 1910 2667 conﬂuere,
1940 2617 2089 2656 non-

476 2684 620 2740 nulli
639 2701 698 2738 se
723 2693 792 2727 “1
827 2684 1258 2757 Omnipotentis
1278 2687 1533 2742 servituti
1593 2688 1827 2754 addere,
1860 2691 1918 2743 et
1970 2687 2090 2742 leni

471 2773 615 2845 jugo
648 2773 855 2828 Christi
877 2775 1026 2829 colla
1052 2775 1414 2844 subnectere,
1460 2777 1636 2848 aliqui
1689 2794 1821 2833 vero
1876 2777 2089 2832 liberos

475 2878 608 2918 suos
629 2861 962 2918 liberalibus
975 2862 1035 2917 in
1050 2865 1382 2920 monasticis
1399 2865 1765 2921 instruendos
1777 2865 2092 2937 disciplinis

477 2953 537 3007 et
551 2950 665 3006 illic
676 2954 956 3022 perpetuo
970 2951 1340 3008 inservituros
1353 2954 1890 3021 contradere,multi
1912 2954 2091 3008 etiam

477 3039 551 3095 de
570 3039 936 3095 facultatibus
951 3043 1010 3094 et
1040 3040 1319 3095 reditibus
1348 3041 1462 3096 suis
1488 3047 1823 3098 sanctorum
1844 3042 2090 3097 necessi-

2189 1891 2449 1960 ejusdem
2482 1891 2615 1958 loci,
2641 1891 2798 1945 testis
2833 1895 2920 1945 est
2951 1895 3179 1946 sanctus
3201 1894 3420 1962 martyr
3438 1890 3740 1955 Lambertus,

2190 1978 2288 2049 qui
2305 1980 2499 2049 pulsus
2515 1979 2588 2034 ab
2601 1979 2889 2050 episcopio
2901 1980 3055 2034 hunc
3069 1980 3396 2052 specialiter
3414 1979 3742 2050 expetendum

2192 2066 2465 2134 decrevit,
2481 2067 2615 2140 quia
2631 2068 2847 2123 ibidem
2867 2072 3078 2123 sancta:
3100 2069 3398 2140 religionis
3412 2068 3675 2122 tramitem
3688 2067 3742 2120 ri-

2191 2154 2378 2225 gidius
2411 2157 2700 2211 observari
2736 2158 2973 2229 agnovit
3000 2159 3168 2230 (353),
3203 2158 3365 2212 testis
3395 2161 3452 2211 et
3477 2173 3600 2210 crux
3629 2154 3748 2227 apud

2194 2247 2402 2314 quam[
2419 2244 2714 2314 (STEPHANI
2740 2246 3214 2316 Vit.Lamb.,c.6.)
3232 2263 3366 2301 cum
3385 2246 3456 2300 ad
3475 2245 3748 2299 orationem

2192 2332 2388 2387 medio
2412 2334 2595 2388 noctis
2632 2338 2897 2405 tempore
2918 2335 3181 2401 surrexit,
3209 2335 3348 2407 quia
3366 2335 3524 2406 lapsu
3537 2341 3600 2374 δι’
3613 2331 3750 2386 calcei

2192 2420 2446 2492 quietem
2470 2429 2541 2463 650
2567 2421 2815 2476 fratrum
2853 2423 3045 2478 sonitu
3077 2432 3144 2465 651
3163 2423 3421 2489 incussit,
3446 2421 3751 2492 adiudicatus

2191 2525 2370 2580 usque
2414 2511 2809 2580 crepusculum
2858 2511 3034 2578 stetit,
3076 2512 3416 2582 psalmodiaa
3460 2515 3515 2564 et
3544 2507 3751 2564 orationi

2189 2599 2429 2665 vacavit,
2463 2598 2648 2670 frigus
2672 2599 2944 2670 reppulit,
2982 2599 3170 2654 nivem
3215 2599 3527 2664 restrinxit,
3565 2599 3751 2651 sanctus

2189 2701 2312 2739 esse
2345 2686 2934 2748 omnibusiunotuit.]
2960 2688 3170 2742 Verum
3202 2689 3328 2742 haec
3363 2687 3520 2742 alias.

2317 2776 2403 2830 54.
2447 2773 2603 2839 Quod
2627 2782 2888 2831 crescente
2917 2775 3166 2844 religione
3191 2782 3471 2830 creverunt
3500 2782 3564 2816 σει
3596 2789 3665 2827 res

2870 2864 3136 2920 aocclesia’.

2259 2952 2302 3021 [(
2316 2951 2424 3006 Vit.
2455 2951 2720 3015 Remacli,
2751 2969 2798 3006 c.
2843 2954 2953 3021 14.)
2999 2952 3306 3007 Crescente
3342 2953 3628 3024 religione,
3659 2965 3755 3003 cre-

2190 3040 2385 3094 scebat
2405 3043 2674 3095 etceusus
2695 3042 2991 3096 aacclesiaa.
3022 3044 3163 3096 Nam
3187 3041 3654 3096 audiensinclitus
3678 3052 3754 3090 rex

477 3129 691 3184 tatibus
724 3129 1178 3196 communicare,
1209 3129 1362 3185 inter
1393 3147 1537 3202 quos
1563 3133 1812 3187 domnus
1835 3136 1893 3186 et
1926 3136 2092 3204 pater
2123 3126 2170 3186 C
2192 3127 3479 3201 SigebertushujusmodiergaChristicultum
3497 3130 3763 3189 fervorem,

475 3218 800 3292 Papoleuus
812 3215 1032 3271 visendi
1057 3233 1191 3271 eum
1222 3219 1411 3289 gratia
1441 3219 1614 3286 venit,
1637 3221 1737 3275 sed
1765 3221 1885 3290 ejus
1905 3219 2089 3290 magi-

477 3306 650 3362 sterio
681 3306 962 3361 adherere
999 3321 1175 3375 quam
1205 3307 1394 3361 redire
1429 3308 1748 3364 contendit.
1785 3309 2094 3378 Susceptus

474 3393 672 3465 itaque
685 3410 719 3447 a
737 3393 908 3448 beato
932 3392 1201 3448 Remaclo
1216 3394 1714 3461 ofﬁciosissime,et
1727 3399 2094 3450 conversatus

477 3479 596 3536 illic
626 3480 842 3551 absque
875 3478 1214 3549 offensione,
1239 3485 1297 3535 et
1326 3481 1423 3553 qui
1445 3482 1813 3538 instruendus
1837 3486 2092 3551 venerat,

479 3568 678 3641 plures
705 3568 780 3622 ad
812 3565 1200 3624 imitationem
1227 3570 1311 3623 sui
1343 3569 1682 3625 aediﬁcabat.
1728 3570 1968 3625 Sanctus
2014 3571 2098 3625 vir

480 3655 639 3728 apud
667 3672 726 3710 se
753 3659 1095 3725 retractans,
1125 3675 1198 3713 ne
1224 3659 1374 3714 forte
1402 3674 1506 3730 pro
1538 3659 1647 3714 hoc
1670 3659 1792 3730 ipso
1819 3676 1951 3714 eum
1983 3660 2102 3714 Do-

477 3744 674 3802 minus
701 3745 927 3812 direxit,
964 3761 1081 3800 non
1105 3747 1282 3802 modo
1303 3763 1374 3801 ne
1401 3748 1474 3802 ab
1501 3763 1568 3802 eo
1592 3747 1914 3802 discederet
1935 3764 2100 3819 roga-

478 3834 584 3904 vit,
614 3850 818 3890 verum
849 3837 1092 3907 propter
1119 3834 1485 3908 disciplinam
1518 3836 1792 3892 fratribus
1826 3837 2101 3892 Malmun-

483 3924 629 3981 darii
651 3925 1080 3998 positismsalva
1096 3925 1156 3980 in
1179 3925 1447 3981 omnibus
1462 3927 1802 3981 auctoritate
1817 3928 2095 3997 praefecit.

480 4015 608 4088 Ipse
639 4014 944 4070 Stabulaus
967 4030 1224 4069 reversus
1255 4014 1330 4069 ad
1360 4015 1587 4085 majora
1627 4032 1687 4070 se
1734 4014 1942 4069 deinde
1982 4015 2098 4070 vir-

479 4106 672 4160 tutum
717 4118 898 4175 opera
938 4103 1201 4171 accinxit,
1245 4102 1446 4174 suique
1488 4103 1752 4175 exemplo
1792 4104 1986 4174 plures
2025 4105 2099 4159 ad

482 4197 879 4249 consectatum
899 4209 1135 4249 suorum
1149 4209 1392 4265 operum
1408 4191 1849 4256 animavit.Quis
1861 4201 1932 4235 N3
1947 4195 2100 4264 apud

483 4281 649 4336 illum
669 4281 969 4336 tristiciam
993 4298 1111 4336 non
1134 4281 1380 4336 mutavit
1399 4281 1458 4334 in
1472 4279 1781 4352 gaudium?
1799 4280 2098 4345 Quisiram

2193 3217 2370 3284 misit,
2394 3218 2628 3272 beatum
2677 3219 3013 3273 Remaclum
3060 3220 3412 3285 accersivit,]
3438 3222 3494 3273 et
3541 3231 3692 3289 supra
3720 3211 3763 3265 id

2195 3305 2351 3376 quod
2373 3304 2528 3377 prius
2557 3306 2816 3373 dederat,
2840 3307 3110 3379 quodque
3141 3310 3228 3361 vir
3254 3307 3657 3362 illustrissimus
3669 3302 3765 3357 Gri-

2195 3393 2460 3448 moaldus
2477 3393 2826 3465 adquisierat
2850 3397 3018 3465 1354),
3053 3396 3207 3449 unde
3230 3401 3290 3450 et
3325 3400 3563 3451 eatenus
3580 3391 3766 3446 victita-

2195 3486 2417 3549 verant,
2441 3499 2572 3536 cum
2605 3499 2888 3537 consensu
2909 3483 3168 3538 ﬁdelium
3189 3500 3435 3538 suorum
3462 3489 3576 3538 tam
3596 3481 3765 3552 episco-

2197 3586 2407 3641 porum
2439 3587 2614 3642 quam
2638 3575 2696 3624 et
2714 3587 3018 3643 procerum
3041 3572 3512 3643 supradictorum
3539 3571 3606 3624 ad
3618 3571 3765 3622 hono-

2198 3674 2325 3713 rem
2344 3663 2401 3713 et
2417 3660 2634 3713 cultum
2653 3663 2984 3714 sanctorum
3000 3662 3404 3730 apostolorum
3421 3659 3569 3716 Petri
3581 3662 3632 3712 et
3645 3651 3766 3710 Pauli

2200 3751 2259 3802 et
2273 3748 2455 3802 sancti
2471 3748 2716 3811 Martini,
2730 3748 2936 3819 quibus
2957 3749 3079 3820 ipsa
3100 3751 3227 3804 loca
3247 3754 3420 3805 erant
3454 3749 3648 3813 dicata,
3667 3759 3767 3797 con-

2198 3836 2367 3891 cessit
2387 3837 2554 3891 beato
2573 3837 2843 3891 Remaclo
2860 3841 2920 3891 et
2943 3837 3017 3892 ad
3042 3855 3173 3892 usus
3193 3855 3500 3894 servorum
3522 3835 3634 3902 Dei,
3657 3846 3765 3904 qua-

2197 3924 2352 3981 tinus
2368 3925 2618 3998 quietius
2642 3925 2910 3997 deinceps
2933 3927 3208 3994 viverent,
3237 3932 3323 3992 [et
3345 3929 3557 4000 absque
3587 3924 3769 3992 inpres-

2197 4013 2359 4070 sione
2394 4014 2713 4069 vicinorum
2735 4015 2969 4070 liberius
2985 4017 3089 4071 soli
3114 4017 3231 4071 Deo
3254 4019 3546 4082 vacarent,
3579 4025 3767 4068 mensu-

2195 4107 2466 4158 rareutur
2494 4103 2553 4158 in
2585 4103 2777 4174 girum
2809 4105 3104 4176 utriusque
3128 4105 3475 4160 monasterii
3504 4097 3766 4158 duodecim

2196 4193 2754 4266 leugae(355),]inter
2771 4203 2842 4236 ⁸⁵³
2872 4209 3118 4264 quarum
3145 4194 3365 4250 limites
3391 4188 3648 4266 quicquid
3666 4202 3768 4241 con-

2195 4280 2501 4350 tineretur,
2534 4283 2605 4337 ab
2627 4282 2760 4336 solis
2782 4283 3078 4354 utriusque
3113 4283 3372 4338 coanobii
3416 4280 3622 4337 colonis
3641 4290 3770 4331 exco-

485 4382 605 4423 uon
631 4367 915 4422 convertit
941 4367 1001 4421 in
1022 4384 1224 4439 pacem
1257 4368 1284 4422 ?
1311 4366 1449 4432 Quis
1479 4369 1740 4424 orbitatis
1770 4376 1840 4411 διδ
1865 4370 2084 4425 luctum
2107 4381 2158 4440 1)
2186 4371 2423 4426 lerelur.
2444 4370 2658 4426 Dicitur
2676 4373 2872 4425 autem
2895 4371 3064 4442 leuga
3082 4370 3382 4426 Gallorum
3401 4361 3762 4426 tantummodo

1801 4506 2036 4562 VARl/E
2067 4507 2469 4564 LECTIONES.

562 4588 798 4661 “Vi-corr.
831 4585 919 4661 l_._
956 4590 1027 4624 638
1058 4587 1142 4661 est
1169 4583 1206 4638 i.
1225 4587 1374 4661 1⁸3.
1402 4601 1611 4661 erasum
1639 4589 1692 4639 2.
1745 4593 1815 4661 039
1845 4603 2096 4661 numerus
2118 4589 2266 4661 LIII.
2288 4588 2577 4661 recentiori
2599 4605 2767 4646 manu
2798 4592 3065 4661 appositus
3101 4595 3146 4646 1.
3180 4589 3323 4644 deest
3354 4593 3411 4645 2.
3465 4598 3536 4631 σω
3562 4585 3768 4661 reliqucr

491 4653 547 4708 2.
623 4660 692 4694 ιιι
724 4652 863 4705 deest
892 4655 945 4706 3.
1022 4662 1092 4695 ω
1113 4654 1280 4723 juxta
1305 4655 1727 4710 institutionem
1754 4655 1813 4710 S.
1849 4658 2139 4713 Benedicti
2162 4659 2312 4713 addit
2335 4663 2431 4716 vit.
2464 4660 2618 4715 Rem.
2694 4669 2765 4702 M3
2795 4652 2996 4723 feliqua
3035 4663 3223 4718 desunt
3255 4661 3362 4720 Οιι.
3409 4671 3479 4702 ομ
3503 4652 3709 4716 orbatus
3726 4660 3766 4708 3.

594 4739 772 4805 ‘12P?-
802 4723 988 4805 deéju’l]
1018 4727 1112 4805 vnit.
1144 4724 1296 4805 Rem.
1375 4734 1445 4805 ff“
1474 4732 1818 4805 sucessus‘l.
1895 4736 1965 4770 σιτ
1997 4731 2310 4785 abhibebat
2346 4736 2394 4785 1.
2471 4740 2542 4805 ess
2586 4732 2808 4786 interea
2852 4723 3022 4790 addit.
3067 4737 3164 4787 vit.
3207 4733 3385 4805 Notg.
3463 4742 3532 4775 ω
3568 4731 3688 4785 lalsu
3728 4730 3764 4777 l.

488 4797 564 4837 “0
591 4794 851 4867 quietum
877 4797 925 4853 1.
949 4799 1001 4850 2.
1035 4801 1088 4852 3.
1164 4804 1233 4838 σει
1267 4797 1519 4852 sonitum
1563 4802 1612 4854 l.
1639 4802 1692 4853 2.
1725 4802 1778 4854 3.
1856 4807 1926 4842 δη
1959 4816 2154 4856 crever
2183 4806 2238 4856 2.
2313 4810 2384 4845 οδε
2416 4802 2619 4874 reliqua
2638 4805 2830 4874 paucis
2859 4806 3078 4876 exceptis
3111 4805 3305 4860 desunt
3327 4794 3438 4863 Ub.

2055 4899 2098 4954 N
2107 4898 2284 4955 OTx’E.

567 5012 725 5085 (353)
748 5011 868 5085 9n.
904 5012 1182 5085 Stephani
1212 5013 1318 5069 Vit.
1354 5015 1411 5072 S.
1441 5016 1732 5072 Lamberti
1766 5033 1816 5075 c.
1850 5021 1903 5085 5,
1938 5020 1990 5072 6.

565 5083 1161 5159 (35})_Germi_niacum
1191 5085 1402 5159 villam,
1424 5087 1492 5159 in
1524 5088 1752 5144 dimcesi
1784 5083 2055 5145 Remensi
2083 5108 2097 5159 ;

495 5153 954 5228 vid.'Grimoaldi
984 5156 1240 5228 tabulam
1272 5173 1365 5228 ap.
1392 5158 1647 5212 Mirusum
1678 5161 1719 5221 Ι,
1755 5164 1882 5217 281.

567 5227 731 5301 (355)Δ
748 5226 816 5279 Et
839 5226 962 5301 hinc
979 5243 1056 5301 ex
1078 5226 1275 5301 tabula
1305 5226 1588 5299 Sigeberti
1618 5230 1790 5301 regis,
1832 5231 1946 5285 vid.
1975 5233 2098 5288 Act.

500 5296 599 5372 εξ.
641 5298 806 5372 Febr.
857 5298 899 5362 l,
933 5300 1057 5372 235.
1105 5298 1285 5372 petita
1331 5296 1482 5366 sunt,
1517 5317 1589 5372 ex
1637 5296 1902 5372 qdahzec
1930 5305 2105 5360 verba

496 5367 700 5428 afferre
731 5368 900 5425 liceat
926 5387 939 5426 :
975 5367 1338 5426 Concessimus
1364 5400 1433 5411 —
1459 5369 1530 5425 ad
1550 5367 1796 5428 evitanda
1837 5377 2102 5432 consortia

2200 5019 2506 5095 mulierum,
2536 5029 2596 5074 ut
2622 5039 2819 5092 gyrum
2845 5021 3094 5093 gyrando
3138 5031 3187 5079 et
3219 5028 3275 5079 in
3304 5031 3639 5095 utrorumque
3656 5037 3764 5091 par-

2201 5092 2341 5146 tibus
2378 5097 2816 5166 monasteriorum
2851 5092 3299 5166 mensurarentur
3345 5098 3515 5166 spatia
3551 5092 3764 5166 dextror-

2201 5180 2318 5216 sum
2344 5163 2583 5228 saltibus,
2615 5182 2722 5219 non
2733 5167 2861 5235 plus
2883 5165 3164 5222 duodecim
3195 5161 3540 5234 millia—ribus,
3575 5172 3626 5218 ut
3665 5161 3764 5235 abs:

2202 5251 2302 5310 q_ue
2350 5237 2683 5310 impressione
2732 5233 2924 5310 populi
2973 5239 3056 5295 vel
3096 5240 3509 5296 tumultuationi
3550 5233 3760 5290 secutori.

2201 5305 2316 5361 Deo
2339 5305 2439 5362 soli
2466 5305 2767 5364 vacaretur.
