3960 6174
216 405 340 478 meis

695 542 785 606 56,
827 545 903 580 τοι
942 536 1135 592 Obitus
1176 539 1354 608 ipsius.

1075 407 1399 474 HERIGERI
1423 411 1643 473 GESTA
1670 415 2164 475 EPISCOPORUM
2198 414 2691 479 LEODIENSIUM.

3414 435 3548 492 1068

1845 545 1900 602 Α
1927 538 2086 612 quod
2100 539 2220 612 ipse
2235 541 2689 609 condiderat,est
2706 542 3130 613 sepultum.Ubi
3143 547 3546 621 etaliquandin

271 632 512 687 Posthas
532 631 725 686 dulces
751 631 1014 702 paternae
1043 625 1754 697 pietatisammonitiones
1769 631 1828 682 et
1921 626 2128 696 jacuit,
2161 632 2222 682 et
2243 646 2300 683 se
2329 644 2461 684 cum
2487 629 2737 685 Domino
2753 630 2940 688 vivere
2958 631 3250 690 miraculis
3275 640 3549 696 attestan-

201 724 445 776 extrema
464 718 714 774 caritatis
725 718 900 772 verba
915 731 1120 771 eorum
1141 732 1316 786 super
1332 725 1402 759 τοι
1424 734 1524 772 suo
1567 717 1825 772 discessu

207 824 485 864 merorem
519 807 755 874 sedavit,
789 809 894 861 eta
919 803 1323 859 contionando
1347 804 1579 876 quievit.
1601 803 1824 860 Deinde

205 897 420 953 modica
448 897 609 952 febre
661 897 936 967 pulsatus,
978 897 1036 947 et
1065 894 1423 948 sacrosancti
1463 891 1722 964 corporis
1767 895 1826 947 et

204 984 488 1057 sanguinis
516 985 718 1040 viatico
749 983 1148 1048 conﬁrmatus,
1185 980 1344 1036 inter
1372 982 1822 1037 karissimorum

206 1074 446 1129 ﬁliorum
465 1090 672 1128 manus
693 1074 844 1128 unde
867 1071 1123 1127 animam
1141 1087 1246 1125 suo
1275 1071 1536 1126 reddidit
1556 1079 1626 1114 τοι
1660 1086 1824 1125 crea-

207 1162 305 1217 tori
333 1164 505 1233 (circa.
526 1181 617 1216 an.
645 1165 799 1232 667),
835 1162 927 1216 ubi
961 1159 1062 1215 Dei
1093 1157 1421 1230 plurimum
1449 1160 1825 1214 insudaverat

203 1250 446 1304 servituti
473 1267 486 1316 ;
521 1266 684 1304 verus
708 1249 998 1303 lsrabelita
1015 1263 1281 1317 egressus
1304 1248 1380 1302 de
1410 1247 1658 1319 Egypto
1686 1263 1822 1317 spo-

200 1338 340 1392 liavit
355 1337 563 1409 (Exod.
603 1355 682 1404 ιιι,
711 1337 798 1404 22)
829 1336 1076 1391 vicinum
1109 1335 1411 1390 conditori
1438 1353 1541 1391 suo
1573 1336 1822 1391 foenera-

1927 714 2082 769 tibus
2097 714 2390 770 indicavit.
2417 716 2698 772 Successit
2718 717 2799 772 illi
2823 717 3070 776 domnus
3099 723 3443 793 apostolicus
3461 726 3546 780 vir

1927 802 2278 872 Papelonus,
2311 804 2471 875 cujus
2488 811 2560 846 τοῦ
2589 805 2852 875 superius
2892 807 3254 866 mentionem
3279 811 3542 872 fecimus.

1922 889 2147 944 Deinde
2164 889 2520 963 Sigilinusm
2535 893 2691 949 beati
2703 894 2882 966 patris
2909 897 3101 968 aequej
3112 897 3300 954 udicio
3332 917 3542 973 appro-

1922 979 2118 1034 batur.
2135 978 2392 1036 Subinde
2409 982 2702 1037 Goduinus
2715 983 2883 1038 annis
2897 987 2954 1040 et
2965 1001 3197 1042 morum
3207 989 3544 1046 maturitate

1921 1068 2251 1139 grandevus
2267 1069 2442 1141 (391),
2460 1071 2558 1142 qui
2574 1071 2752 1126 etiam
2769 1073 2949 1128 sancti
2961 1074 3064 1130 viri
3077 1091 3284 1148 corpus
3295 1080 3545 1136 transtu-

1921 1155 2011 1223 lit,
2042 1159 2100 1210 et
2127 1155 2188 1212 in
2224 1158 2481 1214 ecclesia
2504 1159 2661 1214 beati
2692 1159 2847 1215 Petri
2889 1161 3117 1230 locavit,
3140 1164 3350 1220 lectum
3391 1165 3543 1221 illius

1923 1260 2068 1300 auro
2101 1248 2464 1316 argentoque
2504 1247 2817 1302 decoravit.
2869 1248 2973 1304 Ubi
3006 1266 3110 1320 per
3160 1252 3282 1322 ejus
3328 1253 3542 1309 merita

1922 1335 2110 1388 multa
2138 1334 2419 1390 Dominus
2449 1351 2627 1407 usque
2645 1335 2704 1390 in
2725 1352 2978 1407 praesens
2991 1343 3265 1410 operatur
3289 1341 3540 1398 miracu-

196 1431 307 1481 lum
334 1431 647 1498 reportans
677 1427 976 1480 talentum.
1015 1424 1056 1494 [(
1073 1424 1193 1478 Vita
1217 1422 1286 1478 S.
1330 1424 1576 1492 Renacli,
1619 1442 1670 1479 e.
1703 1425 1817 1495 l6.)
1917 1423 2109 1477 lorum
2130 1423 2438 1492 beneﬁcia,
2470 1441 2720 1497 quorum
2757 1425 2975 1480 ibidem
3020 1430 3297 1498 congesta
3343 1431 3401 1483 et
3430 1431 3535 1486 de-

195 1513 864 1587 Corpusejushonoriﬁce
881 1515 1313 1578 curatum,cum
1346 1514 1535 1567 multa
1560 1513 1818 1568 melodia
1919 1512 2136 1584 scripta
2193 1516 2566 1568 conservatur
2609 1513 2774 1586 copia
2824 1514 2896 1568 ad
2936 1515 3169 1572 laudem
3201 1519 3260 1570 et
3286 1517 3540 1588 gloriam

193 1603 546 1674 psalmorum
577 1606 634 1656 et
651 1599 1014 1673 hymnorum]
1031 1599 1368 1655 inoratorio
1394 1601 1548 1656 beati
1562 1600 1812 1669 Martini,

1920 1600 2176 1656 nominis
2189 1602 2458 1673 sui,quod
2480 1607 2564 1658 est
2575 1603 2949 1658 benedictum
2963 1602 3022 1658 in
3037 1605 3538 1664 secula.Amen707.

395 1781 739 1838 CAPITULA
769 1781 947 1837 LIBRI
973 1780 1274 1837 SECUNDI
1308 1779 1682 1836 GESTORUM
1713 1777 2133 1835 PONTIFICUM
2163 1777 2617 1843 TUNGRENSIS,
2641 1778 3142 1838 TRAJECTENSIS
3168 1781 3321 1839 SIVE

1374 1850 1776 1909 LEODIENSIS
1821 1848 2224 1906 {ECCLESI/E.
2257 1858 2350 1905 τοο.

256 1999 296 2048 1.
338 1991 708 2049 Prooemium
727 1992 978 2064 opusculi
1003 1989 1334 2064 sequentis.

250 2087 296 2138 2.
327 2085 413 2138 De
443 2084 644 2137 sancto
671 2081 1031 2136 Theodardo.

245 2175 294 2227 3.
334 2173 422 2227 De
451 2173 652 2225 sancto
686 2169 1012 2226 Lamberto.

1836 1988 1889 2052 Β
1985 1989 2075 2041 25.
2110 1985 2192 2041 De
2236 1985 2464 2041 Nokero
2527 1983 2821 2059 episcopo,
2879 1991 2938 2045 et
2993 1992 3279 2062 quantum
3329 1995 3534 2054 omnia

1911 2074 2067 2146 apud
2093 2091 2198 2129 nos
2238 2073 2658 2134 melioraverit.

1980 2164 2070 2219 26.
2114 2162 2301 2227 Quam
2324 2162 2618 2234 sapienter
2641 2163 2938 2235 cuiusdam
2963 2167 3218 2238 potentis
3239 2168 3500 2241 cupidita

239 2262 290 2315 4.
330 2258 508 2324 Quod
564 2259 756 2328 pulsus
817 2258 886 2312 ab
949 2256 1294 2329 episcopatu
1371 2255 1794 2311 monasterium
1909 2253 2030 2304 tem
2059 2251 2335 2309 teluserit.

179 2347 401 2404 adierit.

237 2441 284 2494 5.
325 2437 596 2502 Qualiter
628 2435 704 2492 ibi
735 2437 1010 2509 probatus
1045 2434 1260 2490 fuerit.

238 2529 286 2581 6.
328 2527 599 2591 Qualiter
625 2526 814 2580 denuo
862 2526 936 2580 ad
989 2525 1392 2597 episcOpatum
1421 2527 1620 2596 raptus
1641 2523 1700 2580 in
1731 2542 1798 2580 eo

177 2624 238 2659 τοο
264 2616 498 2683 vixerit,
527 2619 586 2670 et
604 2614 939 2669 Texandrim
967 2613 1399 2686 praedicaverit.

237 2711 289 2762 7.
324 2704 594 2769 Qualiter
623 2721 656 2757 a
686 2702 918 2773 perﬁdis
948 2702 1020 2756 sit
1050 2703 1460 2774 interemptus.

244 2797 292 2848 8.
331 2796 490 2848 Item
513 2791 625 2846 alia
650 2791 720 2846 de
753 2791 960 2846 eodem
994 2789 1216 2861 opinio.

245 2885 293 2940 9.
336 2882 513 2946 Quod
563 2882 621 2936 in
652 2880 896 2936 Bawarri
930 2883 987 2933 et
1042 2887 1113 2921 τιο
1146 2894 1296 2950 pago
1337 2876 1794 2951 Wirzeburgensi

183 2971 247 3025 ad
275 2970 637 3026 memoriam
677 2970 724 3040 ej
737 2987 800 3023 us
828 2968 1164 3038 frequenter
1185 2966 1331 3020 ﬁunt
1351 2967 1650 3022 miracula.

251 3064 332 3117 10.
380 3059 537 3124 Quid
557 3059 709 3131 apud
731 3057 1009 3114 Lovinion
1031 3056 1104 3112 ad
1132 3056 1478 3112 memoriam
1505 3058 1626 3128 ejus
1654 3073 1791 3112 con-

186 3150 398 3222 tigerit.

252 3243 334 3297 ll.
379 3239 470 3292 De
494 3253 642 3310 equo
675 3237 732 3292 in
760 3233 988 3290 rabiem
1017 3249 1178 3288 verso
1212 3235 1269 3287 et
1297 3237 1547 3289 mortuo.

253 3333 339 3384 l2.
382 3329 471 3382 De
496 3327 751 3398 quodam
779 3323 881 3398 qui
908 3322 1117 3395 pedem
1142 3322 1360 3378 foribus
1387 3322 1655 3379 eecclesiae
1676 3323 1798 3396 ejus

182 3415 336 3472 illisit
367 3420 429 3470 et
457 3414 847 3486 putrefactum
878 3411 1087 3468 amisit.

247 3505 346 3562 13-
387 3507 468 3560 De
495 3521 563 3559 eo
587 3504 683 3577 qui
708 3501 930 3558 vomitu
961 3500 1179 3555 furtum
1197 3500 1474 3572 prodidit.

250 3598 348 3654 l4-
387 3597 470 3650 De
499 3595 796 3648 contracto
818 3589 1125 3646 manifeste
1150 3592 1368 3646 erecto.

251 3690 351 3740 15-
395 3683 590 3738 Oratio
623 3682 695 3737 ad
726 3683 992 3738 sanctum
1023 3679 1414 3735 Lambertum.

249 3773 346 3829 16.
388 3775 474 3829 De
509 3775 706 3826 sancto
755 3769 1034 3825 Huberto.

256 3869 340 3920 l7.
387 3864 473 3917 De
501 3864 698 3916 sancto
723 3857 1080 3914 Floreberto.

255 3956 343 4011 18.
386 3953 474 4008 De
501 3949 624 4005 aliis
653 3950 877 4020 septem
901 3944 1203 4018 episcopis.

1977 2342 2069 2395 27.
2103 2339 2183 2392 De
2216 2335 2488 2392 aecclesiis
2505 2339 2686 2395 sancti
2702 2340 2938 2398 Dionisii
2969 2345 3026 2398 et
3046 2343 3231 2401 sancti
3246 2345 3528 2405 Johannis

1905 2425 2311 2498 mvangelistte.

1975 2515 2066 2573 28.
2109 2514 2342 2579 Quanta
2355 2513 2584 2571 illicura
2599 2533 2740 2590 erga
2759 2519 3088 2577 educandos
3101 2537 3311 2593 pueros
3327 2522 3521 2582 fuerit.

1975 2607 2068 2659 29.
2111 2603 2219 2667 Qui
2252 2605 2312 2657 et
2330 2603 2527 2675 quales
2551 2606 2656 2660 sud
2687 2623 2755 2662 eo
2788 2609 3129 2665 coaluerint.

1974 2694 2063 2748 30.
2108 2691 2280 2756 Quod
2328 2692 2484 2748 mitis
2512 2693 2848 2765 humilibus,
2894 2699 3165 2756 terribilis
3212 2699 3388 2758 fuerit
3427 2721 3516 2760 su.

1901 2779 2113 2852 perbis.

1970 2874 2058 2926 31.
2103 2871 2185 2924 De
2218 2870 2480 2926 Baldrico
2507 2887 2798 2945 episcopo.

1969 2961 2056 3033 32,.
2106 2959 2184 3012 De
2207 2955 2566 3015 Walbodone
2605 2961 2896 3032 episcopo.

1968 3050 2056 3102 33.
2099 3045 2366 3110 Qualiter
2387 3048 2685 3120 episcopus
2715 3049 2895 3104 factus
2919 3047 3112 3106 fuerit.

1967 3136 2058 3191 34.
2101 3133 2260 3198 Quid
2313 3139 2638 3210 placaturus
2713 3137 3134 3210 imperatorem
3206 3138 3518 3198 Henricum

1819 3251 1867 3311 ρ
1897 3223 2118 3279 fecerit.

1972 3316 2059 3367 35.
2103 3313 2186 3367 De
2219 3315 2520 3371 vocatione
2545 3313 2686 3386 ejus.

1974 3403 2062 3457 36.
2104 3401 2187 3457 De
2218 3404 2492 3460 Durando
2521 3403 2811 3475 episcopo.

1974 3495 2063 3550 37.
2105 3491 2186 3546 De
2220 3491 2551 3566 Reginardo
2572 3492 2866 3565 episcopo.

1976 3582 2066 3635 38.
2104 3579 2187 3635 De
2218 3581 2494 3636 Nitbardo
2522 3580 2812 3653 episcopo.

1975 3670 2061 3724 39.
2104 3669 2188 3724 De
2215 3670 2435 3725 domno
2457 3669 2701 3724 Wazone
2726 3667 3018 3741 episcopo.

1973 3757 2064 3810 40.
2107 3756 2367 3822 Qualiter
2435 3757 2497 3812 in
2547 3757 2832 3812 scolarum
2898 3756 3231 3830 magisterio
3295 3778 3355 3819 se
3413 3764 3518 3820 ha-

1902 3845 2112 3902 buerit.

1972 3935 2064 3992 41.
2107 3934 2512 3993 Controversia
2553 3933 2728 4008 ipsius
2757 3934 2817 3992 in
2866 3936 3196 3995 Iohannem
3239 3940 3544 4014 ριέθροείν

255 4046 343 4098 19.
389 4043 474 4098 De
505 4040 801 4096 Francone
831 4037 1121 4110 episcopo,
1143 4039 1201 4092 et
1231 4035 1370 4110 quid
1386 4036 1508 4109 ejus
1539 4038 1802 4109 tempore
1902 4027 2049 4081 tum.

187 4113 484 4170 acciderit.
1652 4125 1674 4146 ο

255 4210 346 4262 20.
389 4205 474 4258 De
505 4201 800 4274 Stephano
833 4203 890 4254 et
925 4196 1184 4253 Richario
1219 4197 1514 4270 episcopis.

1975 4115 2064 4170 42.
2109 4113 2260 4180 Quid
2279 4133 2313 4172 a
2339 4112 2565 4171 rusticis
2593 4113 2666 4169 sit
2690 4129 3018 4188 perpessus.

1972 4202 2063 4257 43.
2106 4202 2274 4268 Quod
2331 4202 2661 4275 capellanus
2708 4202 3078 4275 imperatoris
3121 4204 3410 4262 Cuonradi
3441 4206 3518 4264 sit

257 4299 344 4350 21.
381 4292 692 4363 Exemplar
721 4287 1053 4346 testamenti
1084 4285 1277 4360 inzquo
1310 4288 1554 4342 testatur
1596 4284 1806 4340 Richa-
1904 4291 2158 4348 effectus,

187 4384 302 4440 rius
331 4383 700 4454 Stephanum
728 4377 1049 4435 condidisse
1089 4376 1459 4448 responsoria
1497 4376 1568 4431 de
1601 4375 1801 4430 sancta

189 4473 470 4530 trinitate.

259 4567 350 4619 22.
393 4570 463 4604 7H
495 4562 640 4616 Item
673 4559 742 4615 de
774 4557 1059 4615 Richario.

257 4658 347 4711 23.
389 4655 472 4709 De
503 4652 626 4707 aliis
654 4655 900 4724 quatuor
932 4649 1230 4722 episcopis.

255 4745 344 4798 24.
385 4744 466 4798 De
523 4739 848 4795 Everhardo
905 4739 1192 4810 episcopo,
1227 4739 1284 4793 et
1315 4737 1457 4811 quid
1496 4737 1598 4794 sub
1636 4752 1703 4791 eo
1734 4735 1794 4791 in

188 4833 448 4890 Calabria
477 4829 810 4902 contigerit.

1969 4381 2062 4438 44.
2105 4380 2272 4445 Quod
2299 4380 2551 4438 Judeum
2588 4379 2878 4437 sententia
2914 4381 3122 4439 veteris
3161 4383 3514 4442 Testamenti

1900 4469 2120 4526 revicit.

1822 4573 1875 4632 D
1969 4563 2038 4613 45
2081 4558 2266 4628 Quod,
2303 4559 2591 4615 defunctis
2615 4559 2939 4631 praepositis
2966 4561 3229 4619 Iohanne
3260 4564 3319 4619 et
3335 4563 3512 4622 Lam-

1897 4648 2088 4717 berto,
2127 4647 2469 4720 prtepositus
2494 4647 2759 4704 efﬁcitur.

1966 4738 2057 4792 46.
2099 4737 2445 4808 Prrepositus
2484 4735 2668 4791 factus
2709 4739 2772 4791 ut
2825 4755 2884 4793 se
2941 4738 3230 4812 habuerit,
3263 4746 3320 4798 et
3349 4743 3507 4816 quod

1894 4825 2273 4898 praebendam
2290 4826 2536 4881 fratrum
2563 4825 2978 4888 melioraverit.

1504 4965 1732 5021 VARIE
1765 4963 2164 5020 LECTIONES.

252 5104 325 5140 τοὶ
351 5095 486 5153 deest
517 5110 768 5150 numerus
801 5096 848 5146 l.
874 5090 929 5145 2.
1006 5096 1076 5130 τοι
1105 5087 1241 5142 deest
1277 5090 1324 5141 l.

185 5173 231 5224 l.
261 5170 430 5223 Addit
461 5173 514 5224 2.
547 5169 688 5219 hunc
715 5179 950 5219 versum:
995 5160 1146 5214 Libri
1171 5159 1235 5213 ﬁt
1261 5157 1434 5231 primi
1457 5158 1595 5231 linis
1621 5173 1777 5212 mors
1802 5172 1964 5231 sacra
1996 5154 2268 5231 Remacli.
2299 5159 2365 5231 3.,
2406 5155 2646 5231 Explicit
2692 5154 2841 5214 liber
2869 5159 3112 5231 primus.

1437 5093 1507 5127 τοι
1534 5084 1746 5140 redidit
1773 5087 1828 5140 2.

1939 5092 2011 5127 τοι
2043 5082 2134 5138 cui
2168 5086 2216 5138 l.
2280 5087 2331 5138 2.
2393 5088 2446 5140 3.
2523 5091 2595 5128 τοο
2627 5087 2920 5148 Sigolinus
2947 5089 3046 5148 vit.
3076 5087 3149 5147 R.
3260 5099 3332 5134 ’ποτ
3362 5092 3503 5148 deest

3191 5169 3262 5203 708
3315 5163 3498 5216 eccle-

178 5239 275 5294 sia
303 5241 432 5295 deest
467 5244 517 5295 1.
551 5235 838 5308 Incipiunt
865 5231 1122 5308 capitula,
1142 5224 1431 5302 sequentis
1456 5229 1583 5284 libri
1608 5232 1661 5284 2.
1696 5231 1750 5284 3.
1825 5235 1896 5270 τοο
1921 5229 1998 5283 ita
2024 5227 2076 5282 4.
2112 5224 2375 5300 invixerit
2403 5230 2450 5282 l.
2481 5224 2620 5283 deest
2648 5234 2700 5286 2.
2725 5234 2777 5287 3.
2839 5224 2912 5274 τῖο
2940 5229 3078 5286 deest
3112 5234 3160 5292 l,
3217 5239 3287 5274 7H
3319 5231 3498 5293 XXIII.

179 5313 232 5365 3.
266 5319 319 5365 et
345 5314 412 5367 ita
439 5303 690 5380 deinceps
713 5321 874 5378 usque
901 5319 1020 5374 cap.
1059 5303 1152 5358 45.

1745 5420 1971 5478 NOTAE.

253 5557 391 5628 (391)
419 5553 523 5613 Cui
543 5552 766 5610 litteras
789 5549 945 5607 dedit
968 5548 1040 5604 de
1069 5543 1420 5603 monasterio
1453 5543 1812 5618 Dagobertus
1839 5544 1886 5600 ll
1913 5558 2011 5597 rex
2043 5557 2097 5598 a.
2121 5546 2245 5601 677.

613 5679 867 5734 ΡΑτιιοι..
895 5672 1146 5732 CXXXIX.

3211 5670 3281 5728 34
