3960 6174
527 403 662 458 1067
1087 393 1409 453 HERIGEBI
1445 395 1529 452 ET
1567 394 1864 451 ANSELMI
1902 395 2120 450 GESTA
2161 394 2379 452 EPlSC.
2419 393 2672 451 TANGR.
2703 393 2889 452 TRAI.
2925 395 3008 449 ET
3046 391 3244 452 LEOD.
3633 405 3738 461 to“

518 532 520 534 '
595 523 685 577 47.
727 519 980 586 Qualiter
998 519 1284 576 exteriora
1309 519 1845 576 amministraverit.
2150 523 2207 582 Α
2314 523 2402 574 61.
2445 519 2610 583 Quod
2656 535 2856 590 regem
2905 520 3272 584 Francorum,
3340 534 3406 574 ne
3454 522 3745 595 Aquasgrani

594 612 684 666 48.
727 608 916 673 Qualis
947 608 1189 663 interius
1218 609 1416 665 fuerit.
2243 607 2543 662 invaderet
2559 624 2661 678 per
2690 608 2912 662 litteras
2934 606 3317 662 absterruerit.

590 698 678 750 49.
724 694 1172 759 Quoddefuneto
1188 695 1516 768 Reginardo
1541 695 2131 766 imperatorCuonra-
2308 701 2398 752 62.
2435 705 2506 739 717
2532 695 2838 767 Episcopus
2871 696 3296 751 Catalaunensis
3352 712 3469 751 eum
3513 714 3598 768 per
3640 701 3749 757 litte-

513 784 626 839 dus
649 783 812 838 illum
843 784 1177 856 episcopatu
1197 792 1269 825 ’τη
1303 785 1521 838 donare
1552 784 1815 838 voluerit.
2236 802 2327 840 ras
2348 785 2613 849 consulit,
2647 786 2784 857 quid
2827 786 2900 839 de
2954 784 3220 839 hereticis
3255 789 3466 840 censeat
3497 795 3747 858 agendum.

591 875 682 929 50.
721 880 792 915 ⁷η
817 872 1076 937 Qualiter
1106 873 1164 927 in
1195 873 1590 945 episcopatum
1619 874 1830 926 electus
1861 872 2058 932 fuerit.
2307 877 2396 930 63.
2439 882 2510 916 718
2562 874 2873 946 Responsio
2923 875 3064 944 ejus,
3109 889 3234 946 qua!
3282 874 3380 928 sibi
3408 890 3556 945 super
3581 875 3666 930 hoc
3693 893 3752 932 se-

590 963 678 1017 51.
719 970 788 1004 τη
814 961 979 1026 Quod
1011 961 1311 1034 episcopus
1333 962 1518 1016 factus
1544 961 1850 1032 vigilanter
1869 964 2129 1016 sanctam
2234 962 2369 1018 deat
2398 962 2708 1020 sententia.

518 1051 862 1122 religionem
884 1051 1291 1122 exequebatur.
2304 1054 2392 1108 64.
2437 1053 2516 1106 De
2549 1051 2815 1106 hereticis
2842 1067 3211 1124 nequaquam
3243 1052 3628 1109 interﬁciendis.

592 1143 679 1195 5'2.
723 1139 908 1204 Quam
952 1139 1142 1210 largus
1190 1140 1464 1212 cujusque
1525 1138 1753 1209 generis
1796 1138 2129 1194 hominibus
2301 1143 2392 1196 65.
2435 1141 2516 1194 De
2570 1139 2885 1212 apostolico
2948 1139 3209 1210 eligendo
3241 1140 3372 1212 quid
3413 1140 3508 1194 sibi
3555 1141 3754 1198 videatur

518 1228 691 1284 fuerit
719 1231 981 1298 tempore
1013 1227 1346 1282 sterilitatis.
2230 1244 2334 1300 per
2355 1227 2623 1282 nuntium
2656 1228 2996 1300 imperatori
3021 1227 3346 1298 respondet.

591 1321 681 1373 53.
723 1325 793 1359 7"
815 1316 896 1370 De
926 1316 1078 1370 bello
1133 1319 1191 1370 et
1237 1315 1485 1371 karitate
1539 1315 2010 1370 Wirdunensibus
2039 1316 2126 1370 in-
2302 1318 2390 1370 66.
2435 1315 3231 1386 lnsimilatusabimperatore
3261 1315 3392 1387 quid
3408 1315 3752 1388 Ieceritquidvc

511 1422 723 1478 pensa.
1296 1475 1306 1478 _
2230 1405 2616 1476 responderit.

532 1475 540 1532 Ῐ
593 1496 680 1549 54.
719 1493 884 1558 Quod
917 1492 1050 1547 belli
1080 1475 1488 1563 tempestatem
1533 1493 1788 1548 maxima
1846 1509 1910 1546 ex
1964 1496 2128 1564 parte
2302 1475 2390 1550 67.
2432 1501 2503 1536 τιο
2535 1493 2687 1557 Quos
2719 1493 2804 1547 vel
2839 1494 3036 1565 quales
3059 1492 3480 1565 praebendarios
3507 1493 3752 1549 constitue-

519 1581 739 1637 sedavit
762 1589 856 1636 τη.

765 1589 856 1636 ne,
2232 1581 2329 1637 rit.

590 1675 678 1726 55.
723 1671 887 1735 Quod
918 1671 1149 1725 castella
1175 1670 1520 1740 praedonum
1552 1670 1844 1724 everterit.
2303 1671 2370 1725 68
2411 1672 2490 1725 De
2524 1669 2774 1742 inpediis
2813 1669 2884 1724 ab
2923 1686 2990 1725 eo
3022 1669 3094 1724 ad
3141 1668 3380 1725 aediﬁcia
3413 1669 3545 1726 datis
3573 1673 3622 1724 et
3662 1669 3756 1722 vita

591 1761 678 1816 56.
725 1761 803 1815 De
838 1758 1114 1813 divisione
1143 1759 1460 1829 gratiarum
1484 1758 1617 1812 huic
1640 1757 1864 1812 homini
1895 1757 2125 1813 collata.
2230 1758 2354 1830 ejus
2382 1758 2758 1829 perfectione.

589 1850 675 1900 57.
720 1847 790 1901 Ut
819 1846 1158 1917 imperatori
1189 1846 1399 1917 injuste
1422 1849 1714 1918 suspectus
1744 1845 1938 1902 fuerit.
2146 1843 2199 1904 B
2298 1850 2387 1902 69.
2427 1847 2509 1900 De
2545 1846 2891 1901 imminente
2940 1847 3196 1918 corporis
3273 1848 3391 1918 ejus
3437 1846 3760 1902 dissolutione.

591 1937 678 1991 58.
722 1934 870 1999 Quid
899 1935 956 1988 in
995 1951 1164 1990 causa
1194 1934 1538 1989 Ravennatis
1576 1933 1827 2005 episc0pi
1854 1932 2122 1992 senserit.
2297 1940 2386 1992 70.
2431 1937 2508 1988 De
2535 1934 2896 1988 confessione
2927 1935 3051 2004 ejus
3081 1938 3138 1988 et
3170 1934 3457 1991 unctione.

585 2027 674 2079 39.
719 2023 976 2086 Qualiter
1006 2041 1038 2079 a
1062 2023 1352 2078 comitissa
1381 2023 1582 2079 Montis
1613 2027 1932 2078 castrorum
1980 2026 2126 2076 tem-
2299 2026 2387 2078 71.
2430 2022 2596 2086 Quod
2626 2023 2804 2077 abbas
2849 2022 3134 2089 Olbertus,
3167 2038 3240 2077 ne
3281 2028 3311 2076 7
3345 2023 3461 2078 dies
3487 2037 3635 2095 super
3666 2038 3763 2076 eum

511 2114 704 2186 ptatus
733 2111 924 2166 fuerit.
2224 2110 2464 2176 faceret,
2498 2109 2776 2164 exoravit.

582 2203 671 2256 60.
715 2198 881 2263 Quod
908 2199 1243 2255 sollicitatus
1275 2199 1348 2254 sit
1385 2215 1490 2270 per
1529 2199 1744 2254 litteras
1778 2202 1841 2253 ut
1867 2199 2125 2270 impera-
2295 2201 2383 2252 62.
2428 2197 2592 2261 Quod
2619 2197 2857 2268 Lethgia
2887 2199 3048 2252 tanto
3075 2200 3304 2269 pastore
3335 2198 3578 2253 orbatur.

513 2287 627 2346 tori
657 2287 970 2342 resisteret.
2296 2289 2384 2342 73.
2423 2286 2786 2357 Apostropha
2843 2286 2917 2342 ad
2968 2286 3291 2357 Lethgiam,
3341 2291 3400 2341 ut
3461 2285 3758 2358 relegionem

2223 2377 2422 2432 teneat
2451 2378 2826 2447 sanctamque
2852 2373 3153 2430 Coloniam
3191 2374 3467 2431 imitetur.
3517 2383 3546 2407 ⁸

1756 2545 2156 2602 EXPLICIUNT
2203 2545 2562 2602 CAPITULA.

1235 2724 1767 2834 INCIPIT
1838 2725 2272 2830 LIBER
2345 2723 3090 2835 SECUNDUS

1869 2937 2483 3028 GESTORUM

906 3145 1318 3202 PONTIFICUM
1355 3142 1810 3212 TUNGRENSIS,
1845 3142 2344 3198 TRAIECTENSIS
2377 3141 2528 3198 SIVE
2562 3143 3009 3200 LEODICENSIS
3046 3146 3448 3206 )ECCLESIIE.

1085 3319 1226 3404 I."0
1277 3311 1940 3403 PROCEMIUM
1995 3311 2564 3400 OPUSCULI
2609 3314 3276 3416 SEQUENTIS.

590 3521 881 3595 Superiori
917 3522 1208 3578 volumine
1245 3524 1406 3593 gesta
1443 3518 1867 3591 Tungrensium
1895 3519 2128 3590 pontifi-
2164 3524 2210 3583 C
2231 3519 2344 3574 Ida:
2376 3521 2718 3576 venerabilis
2743 3521 3068 3593 abbatissae,
3102 3542 3231 3599 qua:
3275 3527 3510 3599 regebat
3543 3524 3775 3580 monaste-

516 3627 650 3666 cum
683 3615 816 3664 sunt
859 3609 1102 3682 digesta,
1136 3626 1264 3681 quas
1305 3609 1551 3663 ﬁdeliter
1591 3611 1822 3662 servant
1859 3606 2126 3662 ordinem
2229 3608 2383 3663 rium
2405 3612 2618 3664 sanctae
2643 3610 2864 3666 Ceciliae
2885 3611 3120 3685 virginis
3149 3614 3207 3669 in
3235 3615 3495 3685 Colonia,
3515 3613 3631 3669 huic
3654 3607 3772 3682 Operi

495 3716 718 3767 ,eorum
749 3716 875 3770 quae
922 3687 1107 3753 relatu
1147 3698 1327 3768 digna
1371 3700 1538 3751 erant
1569 3700 1864 3768 gestorum
1912 3696 2026 3750 sive
2057 3705 2125 3740 ττι
2229 3701 2363 3751 sunt
2408 3714 2662 3765 annexa;
2695 3699 2854 3769 cujus
2899 3708 2992 3769 797,
3035 3706 3097 3756 ut
3127 3702 3247 3774 ipse
3307 3711 3378 3746 ἠδ
3411 3705 3652 3763 testatur,
3699 3711 3779 3751 sus-

517 3791 696 3852 dictu,
715 3793 829 3843 a2?
853 3791 1194 3842 memoratae
1212 3786 1362 3842 sedis
1398 3785 1700 3858 episcopis,
1726 3801 1976 3856 quorum
2006 3786 2129 3857 pri-
2228 3786 2381 3856 cepti
2409 3786 2620 3840 laboris
2663 3803 2831 3843 causa
2861 3789 2990 3843 talis
3026 3791 3153 3849 fuit.
3190 3793 3511 3866 Requiescit
3540 3791 3592 3844 in
3619 3786 3774 3842 eodem

491 3896 650 3947 .mus
690 3879 889 3932 beatus
933 3877 1220 3932 Maternus
1261 3884 1333 3918 τυ
1379 3873 1438 3929 in
1486 3873 1762 3929 cathedra
1803 3873 2127 3944 Tungrensi
2228 3879 2440 3929 sancta:
2475 3873 2712 3945 virginis
2747 3879 3101 3932 monasterio
3137 3896 3349 3952 corpus
3394 3879 3541 3936 beati
3567 3886 3631 3921 τη
3653 3874 3777 3929 Eber-

519 3969 641 4023 fere
675 3973 743 4023 20
783 3965 985 4022 habuit
1016 3983 1393 4022 successores.
1433 3962 1545 4018 Sed
1591 3963 1793 4017 beatus
1821 3962 2124 4031 Munult‘us,
2227 3962 2356 4032 gisi,
2393 3962 2490 4034 qui
2513 3963 2835 4034 Tungrensi
2867 3967 3136 4022 aecclesiaa
3173 3970 3409 4040 pragfuit
3453 3969 3553 4034 24;
3601 3961 3724 4036 quod
3755 3973 3777 4009 ἃ

521 4057 618 4129 qui
648 4061 706 4112 21
753 4054 958 4122 extitit,
1003 4071 1070 4110 ex
1115 4053 1458 4110 auctoritate
1509 4067 1800 4105 canonum
1841 4067 1876 4103 a
1911 4051 2128 4122 Tungri
2228 4049 2498 4103 Brunone
2545 4050 2995 4124 archiepiscopo,
3051 4055 3147 4126 qui
3188 4055 3305 4112 dux
3351 4055 3518 4112 fuisse
3563 4054 3774 4116 fertur,a

519 4146 716 4201 sedem
735 4132 1006 4216 episcopii
1026 4152 1097 4185 723
1121 4141 1358 4208 amovit,
1383 4144 1440 4195 et
1461 4139 1707 4194 eandem
1737 4138 2005 4208 Trajecti,
2029 4140 2127 4194 ubi
2225 4137 2566 4192 Trutmonia
2611 4138 2972 4196 Leodicensis
3006 4144 3287 4216 episcopii
3318 4145 3469 4213 villa,
3512 4142 3599 4197 ubi
3637 4135 3774 4208 sepul-

519 4240 657 4289 tunc
701 4233 978 4304 temporis
1033 4232 1224 4304 aptior
1258 4232 1416 4284 locus
1463 4231 1609 4293 erat,
1661 4226 1987 4294 constituit;
2030 4227 2127 4298 qui
2227 4225 2432 4279 chrum
2481 4225 2603 4296 ejus
2634 4227 2822 4281 adhuc
2863 4228 3138 4296 cernitur,
3181 4230 3314 4288 illuc
3344 4233 3663 4288 translatum
3686 4236 3771 4279 esse

523 4324 680 4377 locus
712 4322 949 4376 tandem
985 4319 1257 4392 episcopii
1300 4317 1498 4371 sedem
1538 4331 1714 4386 usque
1750 4314 1826 4369 ad
1862 4319 2125 4369 sanctum
2227 4314 2522 4369 affirmant
2570 4314 2748 4388 (392).
2774 4318 2851 4370 De
2892 4319 3050 4388 cujus
3103 4318 3217 4373 vita
3248 4322 3387 4393 quia
3412 4321 3574 4376 nichil
3608 4314 3773 4372 ibidem

523 4408 844 4462 Hubertum
865 4406 1124 4462 servavit.
1145 4407 1308 4476 Isque
1330 4406 1569 4474 propter
1590 4399 1910 4472 patrocinia
1943 4401 2125 4455 sancti
2226 4404 2569 4472 habebatur,
2589 4406 2795 4460 eadem
2819 4408 3161 4463 venerabilis
3182 4411 3469 4466 abbatissa
3493 4410 3582 4465 Ida
3607 4414 3773 4462 memo-

524 4497 777 4550 martiris
800 4495 1268 4565 Lamberti,aput
1289 4491 1566 4546 Leodium
1590 4490 1778 4544 vicum
1808 4489 2126 4560 publicum,
2228 4496 2421 4546 ratum
2453 4493 2814 4548 Leodicensis
2869 4497 3136 4552 aecclesiaz
3185 4501 3527 4554 canonicum
3557 4494 3772 4570 pudicum

523 4584 621 4639 ubi
646 4591 716 4626 ’ω
747 4601 924 4656 usque
954 4582 1125 4636 hodie
1166 4584 1514 4653 perseverat,
1569 4578 1748 4634 voluit
1789 4594 1910 4632 esse
1959 4583 2132 4651 caput
2230 4581 2551 4636 admodum
2581 4582 2996 4652 familiaritate,
3027 4586 3240 4659 quippe
3263 4606 3394 4660 qua:
3423 4603 3549 4642 eum
3577 4599 3634 4640 ex
3654 4591 3772 4635 sacro

497 4673 818 4748 .cpiscOpii.
854 4671 1134 4740 Deinceps
1165 4685 1295 4741 qua:
1323 4673 1642 4741 sequuntur
1671 4668 1836 4738 jussu
1867 4670 2130 4738 priorum
2153 4741 2194 4749 ﬁ
2229 4669 2391 4723 fonte
2445 4669 2755 4740 spiritualis
2814 4677 3004 4728 mater
3047 4681 3400 4749 susceperat,
3457 4679 3536 4731 est
3577 4681 3774 4744 agressa.

520 4741 632 4819 ldci
670 4741 831 4817 istius
878 4775 1032 4814 anno
1080 4756 1396 4812 Dominicze
1434 4756 1848 4812 incarnationis
1899 4760 2032 4812 1056
2065 4773 2132 4811 ex
2153 4741 2204 4800 D
2234 4760 2296 4812 ut
2323 4756 2368 4811 si
2400 4758 2537 4830 quid
2567 4759 2626 4814 in
2674 4760 3004 4816 Leodicensi
3026 4741 3283 4820 ecclesia
3308 4741 3773 4820 de'eodem‘sanclo

523 4851 758 4906 alterius
789 4842 1043 4922 opusculi
1072 4847 1288 4915 libello,
1329 4862 1502 4918 quem
1533 4845 1772 4918 quidam
1799 4860 1868 4899 ex
1900 4844 2136 4900 canoni-
2233 4845 2565 4915 haberetur,
2599 4848 2988 4905 conscriberet
3023 4854 3081 4905 et
3106 4852 3159 4906 ei
3193 4854 3426 4908 mittere
3461 4860 3529 4894 τιο
3578 4863 3676 4904 non
3696 4847 3776 4896 tar-

523 4938 604 4994 cis
631 4939 814 4994 sancti
830 4937 1120 4993 Lamberti
1141 4944 1212 4979 ἠε
1231 4935 1470 4991 nomine
1483 4933 1893 5005 composuit?"
1907 4933 2135 4989 monitu
2238 4934 2420 4990 deret.
2445 4934 2582 4999 Quae
2608 4937 2785 4994 etiam
2809 4954 2945 5011 sepe
2975 4943 3032 4995 et
3059 4942 3311 4998 multum
3343 4943 3413 4997 de
3439 4941 3545 4997 vita
3569 4941 3620 4994 et
3645 4928 3774 4990 mon"

1835 5057 2070 5112 VARIJE
2096 5056 2500 5118 LECTIONES.

495 5160 506 5164 _
595 5163 666 5197 m
702 5159 750 5210 1,
771 5156 832 5227 ﬁ.
859 5152 1361 5227 episcopum_‘_z_.__3_.
1397 5225 1410 5227 _
1441 5157 1514 5191 ⁷1³
1663 5153 1714 5205 3.
1792 5155 1862 5189 ἰιι
2167 5148 2460 5227 ἰιι-
2489 5157 2539 5205 et
2576 5153 2652 5227 ita
2681 5170 2844 5226 usque
2863 5154 3064 5227 (LXIII)
3084 5173 3185 5227 pro
3211 5157 3337 5212 LXI.
3446 5162 3512 5197 τη
3534 5146 3718 5224 sudavit
3739 5146 3770 5227 t-

490 5234 583 5288 '2,
657 5234 726 5268 ’δι”
767 5219 990 5280 ιχνῖδ.
1059 5219 1358 5294 θεείιχνιι.
1389 5225 1510 5277 3.et
1540 5222 1616 5275 ita
1647 5219 1896 5291 usquead
1925 5219 2047 5272 LXX
2064 5220 2189 5289 (pro
2236 5219 2430 5291 LXVI).
2484 5230 2579 5294 771°
2611 5225 2686 5278 ita
2720 5219 2884 5281 dmi
2913 5232 2964 5283 3.
3040 5219 3114 5269 “lio
3159 5229 3301 5284 deest
3350 5231 3402 5282 2.
3463 5229 3513 5282 4.
3582 5229 3641 5264 πί
3681 5219 3771 5294 sine

529 5305 580 5354 1.
655 5307 726 5340 τυ
753 5296 1036 5352 martinus
1066 5300 1114 5350 1.
1137 5293 1191 5348 2.
1225 5310 1361 5346 corr.
1401 5308 1521 5346 ma:
1550 5295 1573 5344 t
1601 5309 1612 5346 :
1639 5308 1745 5345 nus
1775 5296 1826 5344 2.
1933 5297 2005 5331 ⁷³³
2033 5307 2144 5360 epu
2181 5295 2199 5344 1
2266 5298 2314 5344 et
2339 5294 2412 5345 sic
2458 5293 2697 5366 deinceps
2768 5305 2839 5338 72‘
2869 5298 2947 5352 ibi
2982 5303 3031 5358 1,
3078 5303 3132 5353 2.
3174 5315 3314 5355 corr.
3363 5296 3456 5353 ubi
3500 5295 3550 5350 2,
3619 5297 3677 5332 τη
3715 5291 3770 5336 αα

526 5375 578 5426 1.
603 5369 657 5425 2.
685 5367 990 5424 Alexandri
1012 5369 1062 5421 3.
1091 5368 1145 5420 4.
1174 5365 1476 5418 Anselmus
1507 5361 1609 5420 Ch.
1689 5370 1760 5402 ⁷³⁸
1784 5361 1923 5416 deest
1956 5365 2006 5416 1.
2034 5364 2085 5414 2.
2117 5366 2168 5417 3.
2245 5369 2315 5403 727
2365 5363 2524 5426 cuius
2567 5395 2640 5407 —
2683 5368 3006 5424 studuimus
3045 5369 3230 5426 ἀεεαηε
3277 5370 3372 5426 σὴ,
3445 5375 3512 5409 m
3540 5366 3644 5426 ipsa
3670 5361 3706 5414 1,
3731 5355 3770 5406 2.

521 5444 575 5498 3.

603 5369 657 5425 2.
685 5367 990 5442 Alexandri
1012 5369 1062 5421 3.
1091 5368 1145 5420 4.
1174 5365 1476 5442 Anselmus
1507 5361 1609 5420 Ch.
1689 5370 1764 5442 τεῇ
1784 5361 1923 5442 deest
2117 5366 2168 5417 3.
2224 5369 2315 5442 “7‘27
2365 5363 2524 5442 cujus
2567 5355 2647 5407 -Ῑ
2683 5355 3230 5426 εῐιιᾶιιὶωιιέᾱεδαητ
3277 5370 3372 5428 Ch.
3445 5375 3512 5409 ‘m
3540 5366 3644 5438 ipsa
3670 5361 3706 5414 ί.
3731 5355 3771 5406 ἳ·

649 5449 720 5483 τιο
758 5441 862 5495 alio
883 5444 1179 5494 atramento
1209 5439 1264 5491 in
1295 5435 1537 5504 margine
1565 5435 1858 5505 oppositum
1894 5436 1942 5486 1.
2019 5439 2092 5472 ’⁷³0
2123 5435 2388 5488 emittere
2409 5436 2466 5489 4.

589 5638 733 5718 (392)
783 5638 909 5696 Vid.
963 5636 1218 5695 Anselmi
1283 5635 1505 5692 litteras
1553 5632 1627 5690 ad
1683 5631 1991 5688 Annonem
