1980 3087
246 224 309 252 1071
540 219 702 248 HERIGERI
714 219 759 248 ἘΓ
778 220 926 249 ANSELMI
941 220 1050 248 GESTA
1064 220 1173 251 EPISC.
1187 221 1311 250 TANGR.
1328 221 1422 251 TRAJ.
1438 222 1479 250 ET
1496 221 1596 251 LEOD.
1798 227 1848 255 l072

243 285 326 320 putus
338 281 474 315 culmine,
505 289 571 309 cum
596 281 864 318 iureprehensibilis
880 281 946 310 vitae
960 280 1054 318 gratia
1064 284 1091 313 Α
1103 290 1175 317 pora
1187 282 1330 317 (STEPHAN.
1350 283 1405 310 Vit.
1419 283 1451 312 S.
1469 283 1561 311 Lamb.
1578 292 1602 311 c.
1621 284 1658 318 6);
1669 284 1752 320 sicque
1762 286 1856 313 alterum

244 329 273 356 in
286 328 346 364 ipso
362 326 446 355 bonis
460 326 628 354 hominibus
646 328 775 354 eluceret
800 326 955 360 imitanda,
982 327 1053 354 adeo
1102 327 1368 363 contemptusignis
1377 328 1447 355 caelo
1460 328 1633 361 transmisit,
1647 329 1751 356 alterius
1758 329 1862 358 vitamad

242 372 335 408 pravis
348 371 544 407 quorumdam
558 371 689 398 moribus
706 373 769 398 erat
783 370 934 404 invidiosa,
952 371 1000 407 qui
1017 371 1054 399 ad
1104 371 1229 407 majores
1242 372 1434 399 certaminum
1450 372 1562 399 labores
1571 372 1686 408 frigoris
1699 373 1826 402 inmanitas
1834 374 1865 402 in-

240 419 354 445 tentam
369 416 544 452 quandoque
558 415 684 443 devoluti
700 417 767 442 sunt
785 415 941 449 insaniam,
960 416 992 442 ut
1007 423 1053 442 re-
1102 416 1188 443 terim
1205 416 1351 451 parcendo
1367 416 1563 448 servavit.0ui
1576 417 1643 444 licet
1655 419 1762 453 propter
1771 419 1863 446 salutem

241 470 309 497 gem
322 469 407 489 suum
421 460 580 488 Hildricum
601 464 637 481 ἰω
653 460 773 487 nomine
789 459 979 487 innocentem
998 460 1052 487 ob-
1102 461 1261 487 multorum
1274 469 1291 487 a
1301 460 1392 496 gloria
1405 461 1510 488 caelesti
1520 462 1669 496 paululum
1683 461 1717 488 sit
1724 461 1815 490 delatus
1824 471 1865 490 non

240 507 410 534 truncarent
426 506 482 541 (an.
500 505 573 537 673),
590 506 620 532 et
647 505 725 532 hunc
760 506 891 531 sanctum
913 504 1006 531 virum
1035 512 1053 531 a

239 550 306 578 sede
339 549 498 586 pontiﬁcali
534 549 658 584 dejicere
699 557 761 576 non
795 549 1053 583 perhorrescerent

1102 507 1199 533 tamen
1212 505 1359 533 communi
1370 505 1476 533 sanctis
1487 506 1653 534 martiribus
1661 507 1783 541 praeciosa
1795 509 1864 534 morte

1100 558 1154 577 nec
1167 549 1318 584 multiplici
1326 550 1494 577 certaminis
1502 550 1596 577 fructu
1606 550 1721 578 tandem
1728 553 1764 578 est
1773 551 1865 578 frauda-

237 595 366 630 (Gonssc.
385 594 442 622 Vit.
456 594 555 622 Lamb.
570 602 594 620 c.
616 593 657 628 2).

257 640 283 668 4.
301 638 378 671 Quod
388 638 485 674 pulsus
503 638 537 665 ab
553 638 705 672 episcopatu
718 638 909 664 monasterium
923 636 1032 672 adjecit.

274 683 331 710 Hac
341 683 389 710 ille
403 682 619 718 gratantissime
641 681 820 709 contumelia
834 681 1051 717 accepta,quip-

239 735 275 763 pe
291 727 339 762 qui
350 727 412 762 jam
428 727 537 754 dudum
552 727 628 754 ultro
646 725 827 753 transitorios
842 726 968 752 honores
984 733 1051 751 eva-

244 771 314 798 sisse
331 771 495 804 exobtabat,
512 771 560 798 ubi
576 770 757 807 potissimum
769 771 883 796 sanctos
897 769 971 796 viros
987 777 1050 796 mo-

238 816 355 843 nasticae
375 815 601 843 conversationis
626 814 720 841 studio
751 814 861 841 fervere
888 814 1049 846 constabat,

238 859 391 887 Stabulaus
415 859 626 886 monasterium
643 866 659 885 a
673 859 772 885 sancto
788 858 923 885 Remaclo
939 862 975 878 ⁷³⁵
991 858 1049 884 ins-

236 903 354 931 titutum
368 904 440 931 adiit
454 908 499 931 ⁷⁵⁵.
517 903 629 938 Quique
652 904 768 929 strenue
793 904 914 930 noverat
932 910 1048 937 praesse,

237 950 268 975 ut
283 948 394 975 abbatis
406 950 479 983 (393)
494 947 617 983 imperio
633 947 749 974 subesse
764 947 817 974 sibi
827 940 1084 982 liceretexpetiitB

236 994 265 1020 et
274 992 409 1027 optinuit,
419 993 505 1027 atque
513 991 622 1019 ibidem
634 1000 685 1027 per
695 992 807 1026 septem
819 999 912 1018 annos
920 992 1049 1017 sanctam

236 1039 265 1064 et
278 1036 441 1072 angelicam
449 1040 484 1057 ⁷⁵⁷
499 1035 753 1063 conversationem
762 1035 792 1062 in
804 1039 840 1056 ⁷⁵⁸
849 1034 1005 1067 laboribus,
1018 1034 1048 1061 in

229 1081 358 1116 jejuniis,
376 1080 404 1107 in
418 1080 521 1116 vigiliis
545 1081 573 1106 et
597 1079 789 1112 orationibus,
812 1079 841 1106 in
872 1079 1001 1111 caritate,
1018 1078 1047 1105 in

234 1125 390 1161 pacientia,
406 1124 498 1151 immo
507 1123 583 1150 7s11in
596 1123 678 1150 omni
692 1123 833 1149 virtutum
845 1122 940 1157 exegit
954 1122 1049 1149 obser-

235 1169 334 1196 vantia
347 1169 474 1199 (Gonasc.
496 1168 556 1195 Vit.
572 1167 666 1195 Lamb.
681 1174 709 1195 ο.
722 1168 759 1199 3).

454 1212 579 1244 Qualiter
598 1211 635 1238 ibi
645 1211 773 1246 probatus
791 1211 884 1245 fuerit.

271 1248 363 1284 (112111.)
390 1248 519 1283 Cumque
542 1248 625 1274 nocte
645 1246 789 1282 quadam,
809 1254 866 1281 qua
890 1247 1047 1281 tempestas

234 1292 367 1321 hiemalis
382 1292 465 1319 solito
481 1290 738 1327 aspcriorl‘rigoris
751 1292 779 1317 et
794 1289 904 1317 nivium
924 1290 1046 1317 horrore

234 1335 394 1369 incanduit,
411 1336 453 1363 vir
469 1335 518 1363 Dei
541 1344 573 1363 ex
600 1335 747 1362 carissimo
776 1343 826 1362 suo
853 1334 901 1361 illo
919 1342 970 1361 usu
986 1333 1046 1360 fra-

234 1383 312 1409 trum
326 1380 439 1416 vigilias
451 1381 481 1408 in
501 1380 551 1407 Dei
580 1379 710 1407 laudibus
727 1380 861 1414 pergeret
875 1378 1043 1413 anticipare,

235 1436 252 1454 a
266 1434 353 1453 manu
370 1425 416 1461 pic
431 1424 592 1452 festinantis
617 1424 712 1451 subito
729 1423 840 1450 calceus
858 1425 900 1450 est
921 1423 1044 1457 elapsus,

233 1472 318 1506 atque
334 1469 499 1505 aliquantus
511 1468 631 1504 perinde
649 1476 735 1494 sonus
749 1476 765 1494 ει
780 1469 862 1503 patre
877 1465 1045 1494 monasterii

233 1517 276 1542 est
290 1507 412 1541 auditus.
432 1514 513 1548 [sque
527 1514 624 1539 statim
654 1520 719 1539 cum
741 1512 790 1547 qui
809 1511 905 1538 taliter
919 1511 1044 1537 fratrum

231 1559 365 1594 fregisset
390 1557 549 1590 silentium,
575 1556 755 1591 adjudicatus
777 1560 814 1576 759
836 1556 879 1582 est
901 1554 977 1582 cruci
993 1554 1045 1582 sub

232 1603 298 1631 divo
314 1602 414 1638 positos
433 1617 468 1621 -—
495 1609 564 1628 nam
580 1600 642 1627 haec
665 1601 726 1626 erat
752 1599 862 1626 ibidem
878 1598 1045 1634 hujusmodi

232 1646 413 1682 corrigendis
430 1645 591 1672 excessibus
605 1648 641 1665 ⁷αο
656 1643 987 1680 disciplina—nesciens
1002 1644 1045 1670 ta-

233 1699 303 1719 men
312 1692 355 1718 cui
367 1691 421 1717 hoc
432 1688 762 1724 imperaret,‘iuilexibili
772 1687 880 1715 addicit
891 1687 1043 1714 sententia.

234 1736 294 1768 Ille,
310 1735 436 1762 velocius
451 1742 539 1769 quam
555 1733 577 1760 si
593 1731 1046 1768 prosperajuberentur,abbatis

234 1779 329 1807 edicta
341 1777 466 1810 facessit,
495 1778 523 1804 et
543 1778 574 1803 ut
600 1778 662 1803 erat
675 1777 735 1803 solo
752 1776 869 1803 indutus
883 1775 985 1809 cilicio,
1001 1783 1047 1810 pe-

1099 595 1155 621 tus.
1181 594 1298 629 Tegitur
1316 593 1380 621 nive
1403 594 1496 629 magis
1518 602 1607 630 quam
1632 596 1715 628 veste,
1735 597 1762 622 ut
1781 595 1865 623 dictum

1101 640 1143 666 est
1156 643 1201 672 70',
1217 639 1442 666 sacratissimum
1464 639 1635 666 venerabilis
1659 639 1708 666 viri
1726 647 1819 675 corpus,
1843 648 1867 667 eo

1101 691 1190 718 usque
1197 684 1264 710 ante
1273 691 1386 710 crucem
1396 691 1518 710 manens
1527 682 1616 710 fixum
1625 685 1654 710 et
1666 683 1809 716 immobile,
1817 683 1868 711 dum

1100 727 1205 755 fratres
1221 727 1338 762 expletis
1348 727 1453 763 vigiliis
1465 729 1495 754 ut
1506 727 1646 763 frigentia
1667 728 1795 755 caloribus
1806 736 1866 755 cura-

1100 774 1167 799 rent
1178 780 1310 807 corpora,
1327 780 1403 798 nunc
1418 776 1454 792 τσι
1469 772 1499 798 in
1518 772 1652 799 conclave
1667 776 1701 792 7“
1716 772 1755 799 his
1767 773 1868 807 aptatum

1101 816 1197 844 usibus
1217 824 1279 843 sese
1303 815 1465 849 conferunt,
1490 816 1730 852 consideratisque
1754 816 1868 849 omnibus,

1100 861 1193 888 solum
1213 861 1302 888 abbas
1322 859 1512 894 deprehendit
1531 860 1631 887 abesse
1648 860 1870 887 beatumLamber—

1100 907 1162 932 tum
1182 905 1307 939 (Gonnsc.
1323 904 1378 931 Vit.
1390 903 1484 932 Lamb.
1496 911 1520 931 c.
1533 903 1577 939 3);
1595 904 1677 939 cujus
1689 904 1810 932 absentia
1819 912 1868 931 cau-

1099 957 1144 976 sas
1157 948 1316 983 requirens,
1328 948 1446 983 agnovit
1460 957 1476 975 a
1490 949 1684 976 referentibus
1699 957 1759 976 eum
1773 956 1824 975 esse
1834 948 1869 984 qui

1098 992 1186 1028 ipsius
1198 993 1278 1027 jussu
1293 1000 1408 1020 crucem
1423 993 1599 1028 intempesta
1625 997 1663 1014 ⁷η
1688 995 1766 1021 nocte
1781 993 1871 1024 adierit,

1098 1044 1165 1063 eum
1181 1045 1256 1072 pene
1272 1040 1307 1057 767
1318 1037 1428 1064 nudum
1440 1038 1468 1064 et
1478 1036 1676 1064 discalciatum
1689 1037 1749 1064 nive
1758 1038 1784 1064 et
1790 1036 1873 1072 {rigore

1098 1081 1284 1108 intollerabili
1299 1085 1334 1102 7“
1356 1081 1444 1108 etiam
1465 1081 1581 1111 vestitis.
1604 1081 1775 1116 jamdudum
1797 1088 1875 1107 excru-

1098 1125 1178 1152 ciari.
1192 1125 1320 1152 Curritur
1331 1125 1424 1159 ocius;
1441 1125 1573 1153 sacerdos
1588 1125 1640 1153 Dei
1656 1126 1767 1153 vixdum
1782 1124 1875 1160 agnosci

1097 1170 1195 1196 valens
1209 1169 1366 1196 extrahitur
1379 1169 1476 1196 media
1492 1169 1541 1196 illa
1563 1169 1674 1197 nivium
1693 1169 1830 1202 densitate,
1843 1176 1875 1194 an

1097 1216 1199 1249 tusque
1210 1218 1245 1235 τοο
1258 1214 1330 1241 sacri
1344 1214 1401 1241 acsi
1413 1214 1442 1241 in
1460 1215 1584 1241 mortem
1603 1214 1730 1249 rigentes
1742 1222 1795 1249 prie
1804 1213 1874 1248 ﬁgere

1096 1258 1220 1293 copiosis
1234 1258 1347 1293 ignibus
1364 1258 1565 1292 admoventur,
1590 1267 1651 1285 non
1668 1258 1728 1285 sine
1741 1257 1823 1285 multa
1833 1257 1876 1283 tre-

1097 1303 1173 1329 trum
1187 1304 1215 1330 et
1239 1302 1351 1329 abbatis
1375 1303 1500 1330 maxime
1527 1303 1699 1338 penitentia,
1718 1311 1746 1331 se
1759 1310 1841 1334 reum,
1853 1309 1875 1327 se

1095 1347 1267 1383 sacrilegum
1282 1347 1490 1383 ingeminantis
1503 1352 1549 1381 ⁷⁷0,
1567 1347 1615 1383 qui
1631 1348 1702 1375 talia
1727 1347 1755 1374 in
1767 1348 1876 1374 sanctum

1094 1391 1187 1418 virum
1199 1391 1329 1426 judicare
1345 1391 1581 1427 prmsumpsisset.
1607 1393 1665 1419 Nec
1687 1392 1764 1427 prius
1787 1389 1876 1418 abstitit

1094 1436 1229 1463 sedulitas
1242 1436 1378 1464 fraternae
1395 1437 1517 1472 pietatis,
1534 1437 1628 1463 donec
1648 1444 1715 1463 cum
1730 1435 1778 1463 Dei
1792 1433 1876 1462 auxilio

1095 1481 1186 1507 multa
1197 1480 1361 1508 adhibendo
1375 1481 1505 1508 fomeuta
1512 1481 1655 1508 afﬂictum
1668 1488 1770 1516 corpus
1779 1478 1878 1516 pristim

1093 1524 1291 1552 incolomitate
1301 1526 1493 1561 redintegrat.

1055 1580 1077 1610 α
1094 1570 1120 1596 6.
1138 1568 1259 1602 Qualiter
1272 1570 1357 1610 denug
1371 1570 1407 1597 ad
1416 1571 1594 1610 episcopatum
1610 1574 1705 1610 raptus
1720 1571 1751 1597 in
1761 1577 1789 1596 eo
1804 1567 1880 1595 etimit

1287 1609 1311 1632 et
1331 1606 1485 1633 Texandn'a:
1502 1606 1620 1641 praedico
1625 1607 1704 1633 verit.

1130 1640 1192 1667 Non
1206 1641 1296 1668 multo
1311 1643 1374 1677 post
1386 1637 1512 1677 (Gonnsc'.
1531 1641 1586 1669 Vit.
1598 1641 1693 1669 Lamb.
1705 1649 1729 1669 c.
1741 1639 1772 1676 4)
1783 1637 1877 1667 devotio

1094 1683 1220 1712 ﬁliorum
1234 1685 1421 1721 Trajectensis
1453 1686 1572 1713 ecclesiae
1591 1685 1691 1713 amissi
1713 1684 1829 1721 pastoris
1841 1681 1879 1709 sed

1095 1729 1149 1756 vivi
1164 1729 1326 1765 dampnum
1346 1738 1409 1757 sero
1425 1734 1459 1751 ⁷⁷1
1485 1730 1684 1758 reminiscitur
1704 1734 1749 1757 ⁷⁷².
1768 1727 1878 1756 Tandem

1097 1773 1258 1801 detrectans
1261 1774 1365 1810 jugum
1375 1774 1538 1810 impiissimi
1548 1773 1776 1810 supplantatoris
1787 1777 1829 1806 ⁷⁷³,
1843 1770 1879 1807 qui

1096 1817 1295 1853 indignissime
1305 1826 1371 1845 oves
1381 1818 1546 1846 Dominicas
1555 1827 1607 1854 per
1619 1820 1737 1854 septem
1751 1825 1834 1846 annos
1844 1822 1881 1842 ve-

1096 1863 1222 1896 xaverat,
1238 1862 1381 1890 domuum
1395 1863 1582 1891 Lambertum
1594 1863 1774 1891 unanimiter
1788 1860 1834 1888 sibi
1846 1867 1882 1887 re-

1097 1908 1218 1941 poscunt
1226 1910 1260 1927 ⁷⁷⁷
1272 1906 1448 1943 episcopum.
1456 1906 1550 1938 Quem
1557 1907 1605 1935 diu
1615 1908 1798 1943 multumque
1809 1904 1881 1933 recla-

1099 1951 1353 1987 mantem,~majori
1366 1950 1501 1979 violentia
1508 1960 1596 1987 quam
1605 1954 1696 1980 antea
1705 1949 1882 1988 expulsusfue-

1098 1995 1145 2026 rit,
1162 1996 1197 2023 de
1212 1995 1388 2023 monasterio
1412 1997 1573 2023 extractum
1595 1996 1632 2023 ad
1654 1996 1755 2024 sedem
1770 1990 1884 2031 episcopii

1098 2039 1250 2073 reducunt,
1265 2041 1473 2077 exceptumque
1488 2040 1604 2076 egregio
1618 2040 1689 2068 hinc
1707 2041 1765 2068 Deo
1780 2037 1884 2067 servien-

1099 2083 1182 2118 tium,
1192 2084 1258 2111 hiuc
1273 2092 1433 2120 pauperum
1449 2085 1552 2112 Christi
1566 2084 1729 2121 triumpho,
1745 2085 1842 2112 iterum
1854 2083 1881 2101 7“

1100 2127 1129 2155 in
1145 2129 1281 2156 cathedra
1295 2128 1453 2164 pontiﬁcali
1469 2129 1635 2157 sublimant.
1652 2130 1728 2157 Tum
1744 2137 1806 2156 vero
1815 2133 1887 2163 quﬂn'

236 1824 321 1851 dibus
337 1822 420 1850 nudis
432 1829 532 1849 coram
557 1829 643 1848 cruce
668 1821 778 1848 mundo
807 1820 956 1847 cruciﬁxus
984 1827 1046 1846 car-

235 1869 338 1904 nisque
351 1866 508 1899 desideriis,
534 1873 620 1893 orans
645 1866 673 1892 et
695 1865 820 1900 psallens
843 1864 1046 1899 perseveravit.

235 1913 301 1941 Stat
313 1912 404 1939 instar
418 1910 509 1938 crucis
535 1911 602 1937 ante
623 1909 735 1945 positm,
764 1910 822 1936 stat
850 1909 936 1943 plane
952 1909 1048 1936 vivens

238 1956 341 1985 Christi
357 1955 461 1989 hostia,
478 1953 604 1982 offerens
619 1954 688 1981 caelo
702 1957 737 1974 ⁷⁸⁷
748 1953 931 1981 suavissimas
946 1953 1049 1980 odores

239 2000 432 2034 oboedientius,
449 1999 519 2027 dum
533 2000 562 2026 et
581 1997 774 2034 obrigescenti
795 2005 856 2033 pra:
872 1998 970 2033 algore
985 2005 1049 2024 cor-

239 2047 357 2083 pusculo
371 2044 574 2076 incumbentes
588 2042 702 2070 fortiter
717 2042 911 2078 comtempnit
926 2041 1050 2075 nives,et

241 2090 409 2128 psalmodiis:
420 2094 455 2110 τω
467 2088 671 2116 uichilominus
683 2086 821 2123 persolvit
829 2087 1050 2122 munus,procul

243 2135 330 2162 dubio
340 2134 379 2161 sic
390 2132 513 2160 creatori
526 2140 576 2159 suo
587 2132 679 2159 multo
696 2130 849 2166 acceptius.
862 2131 932 2158 Vere
946 2130 1050 2158 eodem

244 2177 347 2212 spiritu
363 2177 439 2203 hunc
457 2178 588 2203 nostrum
598 2177 627 2203 et
636 2184 670 2203 ex
681 2175 804 2210 hocjam
814 2174 954 2211 supplicio
973 2183 1050 2202 mar-
1101 2175 1161 2200 tam
1178 2174 1323 2209 utriusque
1338 2173 1413 2209 vitae,
1427 2174 1659 2210 contemplativa:
1677 2173 1782 2202 scilicet
1796 2174 1822 2199 et
1830 2169 1884 2198 acli-

247 2220 629 2247 tiremiuflammatumesse
641 2219 893 2255 crediderim,quo
903 2219 1051 2247 craticula-
1103 2227 1154 2252 vae,
1177 2219 1387 2254 perfectionem
1416 2223 1558 2247 assecuth
1581 2219 1682 2254 fuerit,
1706 2228 1725 2247 a
1752 2215 1889 2253 majoribus

247 2267 294 2293 tus
308 2265 355 2291 ille
364 2264 664 2292 Laurenciusosstuans
674 2264 956 2292 interiusexteriores
969 2264 1054 2292 ﬂam—
1065 2272 1092 2302 D
1104 2263 1207 2290 nostris
1222 2263 1384 2299 conscripta
1404 2263 1553 2291 evidenter
1578 2263 1669 2299 ipsius
1689 2264 1814 2292 declarat
1826 2259 1886 2286 Vita:

249 2317 313 2337 mas
321 2308 441 2335 calcavit
450 2309 549 2335 victor.
563 2308 691 2340 Quorum
699 2317 750 2345 par
760 2309 959 2344 fidesilloigue
968 2317 1055 2345 quem
1105 2316 1192 2344 quam
1207 2308 1251 2335 his
1265 2308 1314 2343 qui
1326 2316 1384 2335 non
1404 2308 1511 2344 legere,
1531 2308 1593 2336 haec
1618 2307 1794 2344 compendio
1812 2302 1890 2333 scribi-

251 2353 387 2381 dominus
401 2353 482 2380 Jesus
496 2352 525 2380 iu
541 2354 631 2380 terras
656 2353 742 2386 misit,
763 2353 951 2381 vehementer
964 2354 1056 2389 ignita
1106 2361 1179 2387 mus,
1196 2352 1281 2379 simul
1293 2361 1328 2379 ne
1344 2352 1584 2387 gloriosissimum
1595 2354 1755 2388 patronum
1767 2352 1887 2378 nostrum,

252 2398 289 2426 ad
306 2397 434 2433 dispares
453 2405 552 2433 pcenas
566 2396 648 2433 quasi
663 2397 840 2425 insensibilia
854 2398 981 2426 reddidit
996 2406 1056 2426 cor-
1106 2398 1151 2425 cui
1166 2397 1257 2425 multo
1272 2397 1415 2433 ampliora
1437 2397 1587 2432 debemus,
1602 2397 1718 2425 silentio
1733 2392 1888 2433 praeterisse

908 2461 1025 2489 VARl/E
1040 2461 1238 2489 LECTIONES.

287 2505 367 2542 mpm
378 2506 394 2532 2
405 2508 497 2541 postea
510 2513 581 2532 corr.
591 2505 771 2542 VKildericum
787 2505 906 2542 nomine
922 2505 1013 2533 filium
1028 2506 1161 2534 Clodovci
1177 2506 1435 2542 ﬁliamqDagoberti
1451 2507 1526 2534 obtr.
1543 2511 1578 2528 7"
1594 2506 1753 2535 vocabulum
1770 2505 1890 2534 erasmn‘l.

251 2545 287 2563 7W
301 2541 361 2569 adit
376 2542 402 2568 4.
429 2544 464 2561 ⁷³⁷
479 2541 674 2578 evangelicam
690 2542 721 2578 4.
744 2545 779 2562 738
793 2541 980 2578 inlaberibus
993 2556 1029 2562 —-
1042 2543 1132 2569 immo
1147 2542 1242 2578 desunt
1258 2541 1309 2570 Ch.
1328 2541 1368 2563 ⁷⁷⁵9
1382 2542 1561 2578 adjudicatns
1577 2545 1620 2570 est
1635 2545 1657 2570 1.
1672 2543 1889 2578 adjudicatussu-

247 2586 347 2614 perser.
365 2579 389 2603 et
403 2580 548 2615 postcorr.
559 2575 738 2615 adjudicauit
793 2576 971 2611 adjudicatus
991 2579 1032 2604 est
1047 2580 1072 2605 3.
1089 2579 1122 2615 4.
1140 2578 1209 2615 deest
1225 2577 1275 2606 Ch.
1301 2582 1336 2615 76ft
1347 2578 1389 2605 sic.
1409 2575 1436 2604 4.
1453 2581 1477 2605 et
1493 2577 1543 2606 C/l.
1560 2578 1628 2606 deest
1644 2581 1666 2605 l.
1685 2575 1717 2606 2:
1729 2580 1754 2611 3,
1791 2581 1822 2598 7“
1836 2575 1889 2615 {1695‘

251 2611 277 2642 Β.
289 2615 321 2651 ﬁt.
359 2611 575 2651 mpsalmodiae
591 2614 615 2638 1.
644 2614 846 2651 ⁷6³,ειφθνερῃ2
896 2616 930 2632 ⁷³⁷
943 2621 1046 2651 erasum
1062 2616 1087 2641 2.
1104 2613 1173 2640 deest
1188 2614 1214 2640 4.
1240 2617 1287 2651 ,⁷6⁵
1303 2614 1383 2651 »ειεινιξ
1395 2615 1430 2651 _l>.
1449 2615 1475 2641 3.
1496 2622 1565 2642 corr.
1582 2614 1720 2641 conclaue
1733 2616 1759 2641 2.
1775 2612 1889 2651 conclave

250 2651 267 2677 4
282 2648 333 2676 Ch.
371 2647 548 2683 "timpesta
561 2655 630 2674 corr.
646 2647 820 2682 intempesta
835 2650 861 2677 2.
901 2652 935 2668 767
952 2648 1024 2683 pede
1042 2651 1065 2676 l.
1083 2650 1108 2676 2.
1126 2651 1141 2676 3
1190 2652 1226 2669 ⁷6³
1239 2648 1424 2676 iutollerabili
1436 2658 1504 2676 corr.
1521 2649 1694 2677 intolerabili
1711 2651 1736 2676 2.
1775 2652 1808 2669 τη
1826 2647 1890 2683 artus

250 2686 277 2713 3.
292 2686 319 2712 4.
335 2683 383 2712 Ch.
395 2680 504 2712 corn-2.
521 2682 597 2709 arius
612 2684 636 2708 l.
675 2686 711 2703 ⁷⁷0
726 2680 793 2720 corr.
810 2680 1016 2718 ingeminantis
1028 2686 1055 2711 2.
1072 2684 1140 2711 idem
1155 2685 1181 2712 4.
1208 2683 1257 2712 Ch.
1283 2684 1466 2720 ingeminans
1490 2687 1513 2713 t.
1543 2687 1570 2714 3.
1625 2689 1657 2706 7‘"
1691 2692 1757 2713 vero
1784 2685 1807 2711 l.
1831 2684 1855 2710 2.
1868 2680 1889 2706 3-

284 2724 320 2741 77!
333 2720 471 2757 damnum
486 2726 553 2746 vero
569 2725 674 2757 erasum
688 2720 714 2745 2.
728 2718 774 2745 ubz’
780 2722 842 2753 post
855 2726 924 2757 corr.
937 2720 1138 2757 reminiscens;
1154 2720 1307 2748 reminitur
1317 2718 1348 2748 3.
1388 2724 1423 2742 ⁷⁷³
1442 2720 1633 2757 supplantoris
1653 2722 1678 2750 l.
1717 2723 1752 2741 ⁷⁷6
1775 2721 1831 2755 post
1845 2724 1889 2744 car.

245 2755 372 2793 reposcit
382 2757 409 2784 2.
446 2758 482 2775 ⁷⁷⁵
498 2762 600 2782 uerum
618 2755 644 2781 l.
660 2756 685 2782 3.
694 2757 757 2790 post
769 2762 839 2782 corr.
857 2754 964 2782 iterum
982 2755 1010 2783 2.

280 2851 349 2891 (393)
359 2850 493 2884 Goduiui,
508 2850 531 2878 si
545 2850 616 2888 quid
628 2850 659 2879 in
670 2850 756 2879 rebus
770 2852 830 2879 tam
845 2850 961 2878 incertis
976 2815 1195 2882 stagiggeAiicet.

219 2929 388 2988 ⁸1..

387 2988 407 3007 *μ
