3960 6174
213 383 343 442 mm
1077 369 1376 432 ANSELMI
1411 371 1632 431 GESTA
1667 368 2172 433 EPISCOPORUM
2209 374 2694 440 LEODIENSIUM.
3414 392 3549 450 1074

223 507 532 564 videmur.
559 495 952 559 Toxandriam
989 499 1229 556 eatenus
1255 498 1534 556 idolatria:
1561 498 1818 555 deditam
1849 503 1905 563 Α
1937 502 2160 568 autem,
2209 503 2594 562 inmanissimi
2632 507 3000 580 perpetrator
3045 509 3276 568 sceleris
3305 514 3550 587 turpiter

210 592 554 653 constantior
610 601 791 663 quam
844 592 984 644 tunc
1041 604 1178 642 cum
1223 590 1325 643 sub
1385 588 1607 644 nivibus
1642 592 1821 643 staret
1927 591 2138 663 egestis
2182 599 2253 634 τεο
2297 594 2602 663 intestinis,
2646 602 2780 654 ante
2831 601 3122 671 expletum
3169 619 3390 659 annum
3431 605 3546 661 vita

204 684 445 756 (GODBSC-
488 680 599 735 να·
633 677 826 733 Ῑιαπῑι·
859 693 910 734 ου
945 679 1020 743 6),
1066 675 1236 731 fortis
1274 677 1520 732 bellator
1548 676 1820 746 aggredi—
1923 679 2200 750 privatus,
2234 685 2452 736 aeterna
2473 687 2664 738 morte
2689 689 2776 739 est
2798 686 3134 756 damnatus;
3167 690 3360 744 caeteri
3391 692 3545 747 nihi-

199 775 285 828 tur
334 768 647 824 confodere
700 783 770 822 eo
819 766 995 821 verbo
1066 765 1226 835 quod
1271 768 1358 820 est
1404 763 1821 837 penetrabilius
1922 767 2180 823 lominus
2226 785 2450 838 omnes,
2483 771 2580 843 qui
2614 772 2738 827 neci
2779 774 3048 829 antistitis
3079 776 3415 845 interfuere,
3445 780 3540 834 alii

200 860 348 918 omni
379 857 574 930 gladio
605 856 800 928 (Hebr.
844 872 920 910 1v.
972 853 1094 923 l2);
1151 870 1261 908 nec
1291 869 1479 922 mora,
1520 857 1818 908 annuente
1918 855 2076 911 inter
2099 873 2159 911 se
2191 857 2533 913 dimicantes
2576 876 2635 914 se
2667 860 2820 931 ipsos
2848 862 3220 930 interemere,
3254 865 3348 920 alii
3378 883 3410 920 a
3437 867 3536 921 de-

198 949 290 1006 Dei
319 947 530 1020 gratia,
561 945 832 1002 silvestris
865 944 967 1000 illa
996 943 1402 998 humanorum
1433 942 1699 998 cordium
1731 942 1817 997 fe-
1918 945 2190 1002 monibus
2224 947 2410 1002 vexati
2438 947 2767 1004 miserabile
2797 953 3184 1022 spectaculum
3219 953 3428 1008 divinae
3451 955 3535 1008 ul-

200 1037 326 1093 ritas
354 1034 729 1098 mansuescit,
773 1037 831 1089 et
858 1035 1018 1088 vasta
1067 1030 1327 1087 solitudo
1366 1049 1494 1104 quae
1523 1039 1594 1073 77°
1640 1031 1818 1086 nichil
1920 1033 2002 1089 tio
2018 1033 2106 1088 nis
2137 1033 2196 1088 in
2226 1052 2286 1089 se
2313 1035 2651 1090 hominibus
2680 1039 2980 1108 praebuere
3011 1051 3075 1111 (ε.
3113 1039 3220 1111 14).
3261 1039 3396 1095 Po’st
3431 1042 3535 1097 ali-

196 1125 338 1181 aliud
367 1127 530 1179 retro
559 1137 734 1196 quam
760 1121 994 1177 miricas
1015 1123 1280 1176 noverat.
1309 1135 1376 1176 ex
1395 1119 1628 1174 Domini
1642 1120 1817 1175 bene-
1917 1125 2062 1195 quot
2074 1126 2268 1177 autem
2288 1140 2472 1179 annos
2489 1124 2880 1181 sacerdotibus
2892 1127 3200 1200 multisque
3212 1129 3336 1184 aliis
3348 1132 3532 1186 Deum

195 1213 439 1270 dictione
477 1213 735 1268 caade
753 1219 846 1279 777,
877 1209 1149 1275 abietem,
1176 1208 1392 1279 pinum
1418 1217 1490 1252 778
1515 1212 1574 1264 et
1596 1209 1812 1264 buxum
1920 1211 2265 1267 timentibus
2299 1213 2618 1268 revelatum
2649 1218 2732 1268 est
2761 1233 2794 1269 a
2832 1216 3080 1271 Domino
3110 1233 3316 1289 corpus
3341 1235 3530 1273 sacra-

193 1302 336 1372 (Isai.
365 1303 648 1369 1.x,13lse
676 1299 959 1371 suscipere
981 1299 1251 1366 lzrtatur;
1288 1298 1614 1370 mediisque
1636 1298 1813 1353 inter-
1920 1298 2217 1354 tissimum
2275 1301 2334 1355 in
2378 1302 2569 1356 locum
2614 1302 2913 1374 passionis,
2967 1304 3179 1360 scilicet
3232 1306 3531 1373 Lcodium,

188 1392 376 1463 jacens
437 1389 743 1462 paludibus
781 1403 919 1460 ager
946 1395 1016 1428 776
1051 1385 1149 1441 diu
1194 1386 1419 1442 sterilis
1463 1390 1522 1440 et
1558 1387 1814 1442 infecun-
1915 1389 2222 1444 transferri
2245 1389 2482 1445 debere.
2503 1391 3012 1454 Quodﬁdelissime
3035 1393 3257 1449 abeato
3277 1395 3530 1451 Huberto

195 1480 307 1547 dus,
329 1478 483 1534 alius
512 1480 805 1543 centenos,
821 1475 960 1531 alius
980 1491 1329 1549 sexagenos,
1364 1475 1508 1530 alius
1529 1475 1813 1548 trigenos,
1924 1493 2251 1534 successore
2278 1478 2401 1548 ejus
2433 1482 2519 1534 est
2549 1479 2952 1550 adimpletum.
2986 1481 3128 1535 Nam
3158 1490 3230 1524 790
3261 1483 3532 1538 effossum

193 1567 436 1625 Domino
463 1566 735 1621 fertiliter
763 1564 950 1620 reddit
986 1564 1202 1618 fructus
1235 1562 1473 1634 (Matth.
1499 1581 1620 1629 xm,
1641 1564 1715 1635 8).
1930 1566 2112 1622 humo
2145 1567 2595 1623 sacratissimum
2616 1584 2977 1640 corpus,non
2999 1573 3337 1642 corruptum
3353 1574 3409 1625 et
3430 1571 3536 1626 mi-

433 1662 488 1711 7.
527 1653 771 1722 Qualiter
800 1673 831 1708 a
852 1653 1068 1726 perﬁdis
1091 1655 1158 1707 sit
1184 1655 1562 1724 interemptus.
1924 1654 2006 1709 ris
2035 1655 2312 1710 odoribus
2342 1673 2667 1729 respersum
2697 1661 2995 1728 repertum
3021 1661 3131 1726 est;
3165 1660 3535 1732 levatumque

251 1744 487 1800 Talibus
515 1744 792 1798 virtutum
824 1741 1111 1798 exerciciis
1150 1749 1223 1783 779
1257 1742 1338 1796 ad
1369 1740 1687 1814 gloriosum
1719 1760 1813 1799 ve-
1844 1754 1895 1814 Β
1919 1743 2055 1798 inde
2095 1743 2155 1798 in
2185 1745 2422 1810 feretro,
2456 1745 2516 1799 in
2566 1746 2758 1799 locum
2800 1762 2913 1817 quo
2959 1763 3113 1801 nunc
3139 1747 3367 1814 colitur,
3398 1764 3532 1804 cum

191 1834 334 1890 nitur
369 1830 732 1899 martirium,
766 1848 877 1903 quo
927 1829 1053 1885 vitae
1104 1830 1464 1901 ingressum,
1498 1830 1704 1886 mortis
1727 1849 1817 1886 ex-
1915 1831 2080 1887 omni
2111 1833 2336 1888 honore
2359 1836 2444 1888 est
2459 1833 2831 1905 deportatum
2856 1835 3072 1890 790.Ubi
3092 1835 3245 1890 inter
3273 1837 3533 1892 eundum

189 1925 323 1980 itum
357 1923 551 1978 victor
583 1919 802 1976 invenit
836 1919 1084 1991 (Gonnsc.
1121 1919 1238 1974 Vit.
1274 1918 1467 1975 Lamb.
1504 1936 1552 1974 c.
1584 1925 1653 1986 ‘7).
1684 1921 1812 1976 Vio-
1914 1937 2021 1992 per
2038 1921 2528 1977 illuminationem
2548 1920 3535 1994 cecietclaudicurationem,marti-

187 2013 390 2068 latores
453 2013 514 2066 et
560 2023 891 2082 pervasores
920 2016 990 2050 τεο
1028 2024 1233 2064 rerum
1279 2006 1812 2064 secclesiasticarum
1914 2008 1994 2064 ris
2011 2008 2095 2064 sui
2114 2008 2391 2064 virtutem
2412 2009 3127 2067 Dominusconﬂuentibus
3144 2012 3400 2084 undique
3417 2017 3534 2068 tur-

197 2100 326 2158 duos
354 2101 574 2156 fratres
605 2096 776 2169 aliqui
805 2114 870 2152 ex
903 2095 1253 2168 propinquis
1282 2095 1467 2150 sancti
1491 2095 1810 2166 Lamberti,
1912 2097 2001 2154 bis
2025 2098 2297 2171 dignatus
2315 2102 2400 2153 est
2413 2097 2662 2169 amplius
2677 2099 2987 2155 declarare.
3005 2101 3080 2156 Ex
3093 2101 3533 2172 quoinnumera

189 2191 300 2262 ipso
327 2186 653 2253 nesciente,
681 2185 1021 2241 interfecere
1044 2203 1057 2254 ;
1097 2184 1264 2258 quod
1285 2179 1472 2251 Dod‘o,
1515 2184 1813 2254 proximus
1913 2187 1987 2241 ad
2005 2189 2298 2243 tumulum
2322 2188 2466 2258 ejus,
2498 2190 2622 2242 tum
2649 2191 2783 2243 ante
2803 2205 2928 2256 nos,
2951 2192 3074 2244 tum
3092 2192 3292 2244 nostra
3309 2207 3533 2246 memo-

190 2295 409 2345 eorum,
432 2275 643 2332 eodem
674 2277 936 2346 tempore
956 2276 1297 2345 praepotens
1326 2271 1385 2325 in
1415 2271 1591 2327 domo
1623 2273 1809 2344 regia,
1912 2276 2002 2331 ria
2031 2282 2258 2333 ostensa
2291 2280 2426 2334 sunt
2457 2277 2757 2343 miracula,
2793 2296 2918 2351 quin
2949 2295 3053 2350 pro
3087 2281 3174 2334 sui
3205 2282 3530 2336 numerosi-

188 2384 294 2423 non
319 2365 472 2422 alias
518 2381 692 2436 quam
734 2363 792 2418 in
832 2362 1016 2436 ipsum
1049 2361 1397 2434 episcopum
1435 2361 1659 2417 censuit
1689 2379 1810 2417 esse
1913 2367 2032 2420 tate
2051 2366 2299 2421 minime
2321 2368 2455 2420 sunt
2477 2366 2964 2440 conscripta.Quo
2980 2377 3048 2411 791
3067 2369 3242 2424 modo
3267 2369 3402 2423 vivit
3420 2369 3532 2426 illic

185 2453 598 2512 vindicandum
631 2461 723 2507 781.
783 2451 1163 2524 Collectisque
1208 2466 1329 2504 non
1366 2450 1564 2521 paucis
1602 2450 1676 2506 ad
1700 2451 1811 2506 hoc
1911 2453 2011 2508 ubi
2052 2453 2209 2522 vivit,
2249 2455 2346 2526 qui
2379 2456 2465 2508 tot
2496 2453 2788 2510 miraculis
2816 2457 2969 2524 vivit,
3007 2457 3106 2512 ubi
3137 2473 3344 2528 corpus
3371 2475 3534 2514 mor-

187 2545 400 2601 facinus
421 2541 677 2598 militum
707 2541 906 2614 copiis,
931 2540 989 2595 in
1011 2538 1355 2613 pontiﬁcem
1387 2555 1518 2593 cum
1542 2556 1674 2620 rara
1704 2540 1806 2595 do-
1908 2546 2078 2598 tuum
2108 2541 2462 2615 requiescit?
2507 2543 2632 2598 Non
2661 2559 2799 2616 ergo
2846 2545 3041 2616 pigeat
3077 2548 3336 2600 sanctam
3367 2546 3532 2603 Colo-

186 2634 567 2690 mesticorum
588 2646 766 2684 manu
781 2629 1078 2684 tuncforte
1094 2625 1295 2681 Leodii
1314 2630 1804 2697 commorantem,
1911 2631 2094 2699 niam,
2123 2631 2326 2686 multis
2352 2630 2657 2686 martirum
2704 2632 2935 2688 milibus
2964 2633 3322 2705 insignitam,
3355 2635 3532 2690 etiam

200 2727 253 2778 ut
281 2723 458 2794 lupus
494 2719 552 2774 in
577 2736 708 2774 oves
737 2717 934 2773 insilit.
967 2717 1034 2773 Et
1063 2714 1259 2787 pri‘mo
1289 2715 1536 2770 diluculo
1562 2717 1804 2771 domum
1906 2719 2060 2774 hunc
2090 2719 2230 2773 ﬁlia:
2276 2734 2391 2772 sua:
2435 2719 2695 2773 venerari
2745 2723 3079 2791 patronum,
3120 2722 3183 2774 ut
3212 2726 3445 2776 censeat
3473 2739 3531 2776 se

190 2810 471 2884 praesulis,
507 2824 680 2880 quam
714 2806 907 2860 videre
930 2803 1194 2860 nonnulli
1228 2805 1349 2858 tota
1378 2801 1474 2858 illa
1500 2809 1669 2860 nocte
1701 2821 1805 2860 cae-
1903 2807 1956 2862 ei
1988 2807 2322 2863 debitorem
2355 2807 2508 2878 apud
2527 2807 2712 2862 Deum
2731 2808 2789 2861 in
2813 2824 2982 2879 prece
3001 2817 3094 2875 τοὶ,
3115 2807 3214 2880 qui
3242 2810 3389 2863 tanti
3413 2810 3532 2865 fue-

191 2899 307 2954 lesti
332 2897 565 2952 lumine
589 2896 770 2950 instar
791 2892 1107 2949 Dominicas
1123 2892 1310 2946 crucis
1330 2891 1802 2963 insigniri,auda-
1902 2894 1978 2950 rit
2007 2895 2164 2966 apud
2200 2911 2334 2950 eam
2361 2911 2490 2967 qum
2519 2912 2635 2949 suae
2655 2903 2726 2938 ’ωδ
2751 2896 2878 2952 urbi
2896 2896 3163 2967 praesidet
3185 2897 3526 2953 (ecclesiam.

190 2987 450 3041 cissimus
477 2985 871 3057 praesumptor
893 2982 1250 3035 armatorum
1279 2979 1456 3034 cinxit
1477 2981 1799 3037 obsidione.
2236 2988 2288 3039 8.
2340 2983 2468 3038 Item
2503 2984 2610 3038 alia
2631 2983 2694 3038 de
2713 2985 2888 3040 eodem
2909 2987 3084 3054 opinio
3111 2992 3202 3037 τοι.

189 3079 254 3132 At
272 3077 356 3131 vir
371 3070 1186 3138 Deiintrinsecussomno,cui
1198 3073 1328 3142 post
1347 3069 1565 3142 vigilias
1584 3071 1806 3127 defessa
1834 3064 1880 3127 C
1976 3073 2132 3128 Huic
2162 3073 2502 3129 beatissimo
2551 3072 2671 3127 viro
2708 3073 3106 3128 testimonium
3135 3072 3402 3143 perhibet
3427 3075 3530 3129 Re-

190 3167 460 3222 memhra
473 3158 1188 3230 reclinaverat,improviso
1205 3160 1809 3216 tumultuantiumfra-
1908 3161 2045 3234 gino
2073 3162 2262 3218 abbas
2294 3161 2765 3229 Prumiensis,ita
2794 3161 3050 3217 scribens
3079 3162 3231 3215 inter
3244 3161 3526 3216 caeterain

190 3271 319 3326 gore
355 3250 809 3324 expergiscitur;
845 3236 1154 3319 statimque
1174 3247 1350 3302 nichil
1369 3247 1538 3302 reniti
1562 3251 1650 3304 vel
1669 3267 1810 3305 con-
1908 3250 2201 3306 chronicis
2231 3253 2366 3320 suis,
2381 3268 2508 3324 quae
2524 3250 2758 3321 aprimo
2779 3249 3194 3305 incarnationis
3213 3249 3526 3305 Dominica:

187 3340 478 3398 tramorili
511 3355 784 3410 querens,
818 3353 952 3392 cum
993 3339 1050 3390 et
1073 3338 1366 3407 posset,—
1406 3337 1622 3393 sciebat
1651 3338 1810 3393 enim
1909 3356 2064 3395 anno
2079 3342 2333 3412 usquein
2349 3341 2858 3412 nongentesimum
2873 3338 3529 3409 octavumejusdemDo-

187 3433 313 3505 quia
355 3439 433 3473 73!
475 3430 783 3484 bellatores
826 3425 1036 3481 Christi
1088 3427 1354 3497 exemplo
1400 3427 1659 3499 magistri
1690 3446 1810 3485 mo.
1911 3429 2055 3484 mini
2071 3446 2294 3486 annum
2311 3428 3528 3500 extenditzuTempore,inquitm,Vigiliipa-

186 3522 404 3579 riendo
439 3536 613 3591 quam
653 3516 975 3590 pugnando
1032 3519 1246 3569 norunt
1274 3515 1502 3571 vincere
1525 3549 1595 3558 —
1623 3521 1811 3573 totum
1900 3533 1990 3589 pa:
2007 3518 2192 3572 habita
2214 3526 2290 3574 est
2315 3519 2548 3589 synodus
2567 3526 2638 3560 τοῦ
2662 3517 2930 3589 Aquileiae
2951 3523 3135 3572 contra
3152 3517 3531 3588 hereticos,qui

185 3627 314 3683 corp
337 3627 402 3665 ns
434 3609 494 3663 in
557 3606 821 3663 oratione
871 3607 1263 3675 prosternens,
1305 3605 1642 3675 preciosam
1672 3623 1810 3663 con-
1918 3607 2128 3661 beatam
2149 3606 2394 3662 Mariam
2419 3608 2588 3662 solum
2617 3614 2687 3648 797
2711 3607 3002 3673 hominem,
3033 3622 3139 3660 non
3168 3604 3325 3660 deum
3354 3607 3527 3660 homi-

185 3696 550 3757 staniissime
579 3698 836 3751 mortem
866 3691 1143 3764 operitur.
1184 3693 1298 3747 Nec
1321 3709 1507 3762 mora,
1547 3695 1810 3752 adversa-
1911 3712 2034 3750 nem
2057 3699 2301 3766 genuisse
2333 3695 2704 3766 afﬁrmabant.
2732 3693 2798 3748 In
2827 3710 2935 3766 qua
2954 3694 3137 3749 sinodo
3157 3694 3410 3749 catholica
3434 3695 3527 3749 in-

187 3789 283 3845 riis
309 3804 386 3843 ex
423 3784 587 3841 omni
609 3786 774 3856 parte
807 3780 1057 3854 parietes
1089 3781 1299 3836 domus
1320 3781 1808 3855 inrumpentibus,
1908 3787 2158 3841 stitutum
2189 3793 2268 3842 est
2292 3794 2354 3840 ut
2377 3785 2571 3839 Maria
2602 3799 2808 3855 semper
2831 3785 2981 3854 virgo
3013 3783 3311 3838 Theodocos
3327 3784 3526 3840 dicere-

196 3877 364 3934 multi
397 3878 539 3930 ante
566 3882 636 3916 788
668 3875 964 3944 pastorem
990 3870 1405 3927 trucidantium
1425 3873 1581 3929 ferro
1616 3874 1689 3929 ad
1709 3891 1812 3930 cas-
1909 3882 2020 3941 tur,
2053 3877 2182 3946 quia
2227 3890 2338 3929 non
2371 3874 2540 3928 solum
2593 3874 2879 3940 hominem,
2920 3872 3009 3927 sed
3045 3888 3236 3927 verum
3275 3871 3450 3926 Deum
3474 3882 3523 3927 et

194 3967 310 4023 lum
365 3962 813 4037 praemittuntur
846 3961 1136 4031 martyres
1173 3967 1265 4024 ⁷⁸4,
1297 3961 1651 4034 tandemque
1690 3963 1811 4034 ipse
1907 3965 2179 4020 hominem
2227 3965 2412 4036 genuit
2437 3971 2529 4016 τοῦ.
2571 3963 2660 4018 Εα
2714 3970 3015 4034 tempestate
3039 3969 3110 4004 τοο
3137 3961 3326 4018 claruit
3363 3961 3523 4016 Lam-

197 4059 365 4127 pater
393 4051 785 4116 venerandus,
817 4051 880 4103 ut
906 4050 1033 4102 erat
1051 4048 1171 4102 solo
1196 4047 1546 4115 ﬁxus,laetali
1576 4053 1812 4107 vulnere
1913 4055 2091 4109 bertus
2115 4053 2444 4123 Tungrensis
2487 4052 2730 4107 ecclesiae
2757 4051 3028 4121 episcopus
3052 4051 3212 4121 (394).
3249 4049 3357 4117 Qui
3392 4050 3522 4106 dum

199 4148 282 4200 est
312 4142 645 4206 con-fectus;
673 4138 868 4210 sicque
890 4153 1022 4192 cum
1041 4136 1303 4193 oratione
1315 4138 1580 4209 spiritum
1597 4139 1816 4195 afﬂavit
1910 4143 2116 4214 regiam
2135 4143 2354 4198 domum
2381 4141 2486 4196 zelo
2513 4141 2791 4211 religionis
2832 4153 3076 4196 accensus
3104 4142 3415 4212 increpassct
3453 4173 3519 4180 —

208 4232 336 4288 vitae
359 4231 528 4302 (circa
558 4237 648 4282 an.
682 4227 830 4298 709).
865 4226 978 4280 Nec
1020 4228 1106 4280 est
1143 4225 1524 4283 dubitandum
1556 4230 1809 4302 (Gonasc.
1922 4231 1999 4286 sic
2018 4231 2199 4287 habet
2223 4230 2456 4287 alterius
2506 4230 2692 4285 adhuc
2721 4229 3016 4300 scripturae
3049 4228 3251 4284 relatio
3290 4227 3457 4284 nobis
3487 4247 3521 4283 a

219 4321 328 4375 Vit.
357 4317 552 4375 Lamb.
586 4333 634 4372 c.
657 4315 746 4387 11)
785 4315 924 4388 quin
965 4317 1226 4369 sanctam
1269 4316 1522 4372 martiris
1551 4319 1812 4375 animam
1911 4319 2202 4394 prioribus
2231 4320 2432 4375 relicta
2462 4317 2700 4391 (395)—
2724 4334 2815 4374 rex
2843 4318 3109 4390 Pippinus
3136 4326 3207 4361 800
3236 4323 3366 4375 tunc
3388 4326 3521 4374 tem-

202 4406 542 4482 exceperint
572 4413 643 4448 τοι
678 4404 875 4459 laudes
904 4403 1204 4475 angelicas,
1230 4404 1391 4476 cujus
1404 4407 1663 4464 cadaveri
1694 4426 1812 4464 non
1839 4423 1892 4482 D
1904 4409 2055 4482 poris
2102 4408 2474 4462 monarchiam
2535 4408 2687 4476 regni
2738 4411 2938 4473 tenens,
2980 4423 3208 4461 sororem
3247 4411 3526 4463 memorati

201 4499 514 4554 defuerunt
540 4503 612 4538 ’τοο
650 4494 905 4550 οωΙεεῐθε
936 4493 1359 4566 exequiaa,quae
1379 4513 1447 4551 eo
1472 4504 1542 4539 787
1573 4499 1682 4554 loci
1714 4500 1812 4554 ubi
1910 4497 2172 4564 Dodonis,
2207 4498 2456 4566 legitimée
2483 4495 2706 4566 coniugi
2733 4494 2957 4567 pelicem
2982 4495 3284 4562 induxerat,
3325 4502 3372 4552 et
3397 4515 3522 4552 sua-

202 4588 460 4659 primum
497 4585 849 4655 sepulturam
891 4581 1115 4649 habuit,
1145 4582 1409 4639 videlicet
1444 4586 1709 4657 Trajecti,
1738 4590 1810 4644 ab
1910 4585 2063 4640 dente
2105 4585 2316 4640 diabolo
2345 4584 2514 4639 licitos
2545 4601 2749 4639 amores
2775 4584 2977 4640 illicitis
2991 4592 3382 4656 postposuerat.
3410 4587 3520 4642 Pro

201 4673 424 4730 idoneis
479 4671 720 4728 testibus
762 4673 895 4726 sunt
933 4674 1244 4741 compertae
1293 4673 1357 4742 (ο.
1412 4675 1518 4744 13).
1552 4677 1712 4731 Dodo
1740 4685 1810 4720 788
1911 4693 2020 4747 qua
2067 4690 2123 4728 re
2174 4675 2259 4727 hic
2300 4673 2439 4728 solus
2491 4675 2805 4728 auctoritate
2851 4674 3176 4732 sacerdotali
3226 4677 3521 4748 principem

1546 4799 1780 4854 VARle
1841 4795 2129 4854 LECTION
2138 4795 2239 4852 ES.

273 4878 346 4951 77f
366 4884 494 4952 qum
535 4895 603 4910 —
629 4882 766 4952 ager
791 4865 977 4952 desunt
1006 4863 1107 4920 Ch.
1164 4873 1235 4907 777
1274 4868 1554 4952 ercdrum.
1577 4875 1656 4952 1.“
1687 4877 1755 4913 878
1786 4873 1860 4952 ita
1887 4867 2162 4952 legendum
2191 4866 2479 4952 oraculgal‘.
2516 4868 2748 4952 spinam
2784 4871 2831 4952 1.
2866 4873 2917 4922 2.
2940 4871 3215 4952 _3.A4.n779
3247 4870 3523 4952 exercitus

210 4946 258 4995 1.
291 4936 445 4996 ciciis
474 4957 502 4994 e
539 4936 686 4993 corr.
708 4944 753 4993 2.
835 4945 906 5012 789
924 4951 1291 5006 persuasores
1327 4942 1373 4995 1.
1435 4948 1504 4982 78!
1531 4941 1910 5012 judicandum
1933 4936 1990 5005 ⁷1,
2022 4944 2073 4994 2.
2099 4940 2149 5012 3.
2228 4945 2298 4980 τω
2327 4936 2479 5009 quod
2507 4936 2567 4992 4Ῑ
2637 4947 2706 4980 783
2737 4942 2909 4993 antea
2930 4944 2980 5012 1.
3011 4944 3064 4997 2.
3099 4943 3149 4996 3.
3179 4946 3312 4996 ante
3333 4944 3385 4998 4.
3419 4940 3518 4998 0h.

205 5020 274 5052 τει
300 5012 566 5084 martires
595 5026 736 5084 corr.
765 5011 1047 5084 martyres
1076 5012 1147 5084 2._
1207 5015 1278 5050 735
1301 5009 1720 5084 erceper'untl.
1798 5020 1868 5055 786
1895 5009 2186 5084 defuerint
2209 5012 2263 5063 4.
2315 5016 2382 5050 737
2415 5025 2548 5064 eum
2585 5015 2632 5064 1.
2658 5015 2710 5068 2.
2746 5015 2799 5084 3.
2830 5017 2899 5051 ⁷⁸⁸
2929 5010 3149 5084 Βο1οᾹ1.
3229 5021 3300 5054 789
3331 5013 3522 5084 egistis

209 5088 257 5156 i.
336 5091 402 5125 τοο
427 5083 670 5156 Na_m_—
707 5079 1070 5152 deportatum
1109 5079 1296 5156 desunt
1328 5079 1455 5136 Chf
1485 5091 1562 5156 “ft
1589 5083 1789 5156 reliqua
1820 5084 2006 5138 desunt
2032 5080 2145 5156 _C_h.
2223 5087 2294 5156 ’τέ’
2324 5097 2577 5151 ρι’ωεεεῐιε
2608 5098 2726 5136 esse
2779 5083 2853 5156 4-._
2877 5153 2889 5156 _
2910 5089 2980 5124 798
3011 5082 3118 5141 sui.
3153 5085 3205 5139 4.
3285 5079 3522 5137 τοιίἰεεί-

205 5154 420 5208 deratur
450 5152 552 5208 Ch.
579 5152 674 5205 hoc
692 5151 972 5224 captiti?“
1002 5151 1296 5222 quondam
1318 5159 1438 5224 post
1457 5154 1583 5209 add.
1616 5159 1669 5212 2.
1689 5151 1761 5198 τινα
1774 5156 1876 5210 sub
1904 5153 2223 5209 Justiniano
2255 5151 2607 5222 imperatore
2627 5160 2751 5224 post
2782 5152 2890 5207 add
2914 5157 2966 5211 2.
3011 5162 3081 5196 ποτ
3113 5171 3231 5209 non
3258 5157 3451 5224 solum
3468 5157 3517 5207 l.

209 5171 420 5208 aeramr
450 5171 552 5208 un.
579 5171 674 5205 noc
692 5171 865 5221 caput.
909 5171 972 5191 ινδ
1002 5171 1296 5222 quondam
1343 5171 1438 5207 ωδε
1457 5171 1583 5209 ααα.
1616 5171 1669 5212 2.
1689 5171 1876 5210 msun
1904 5171 2223 5209 Jusumano
2255 5171 2607 5222 imperatore
2627 5171 2751 5224 post
2782 5171 2886 5207 aaa
2914 5171 2966 5211 2.
3011 5171 3079 5196 W7
3113 5171 3231 5209 non
3258 5171 3440 5209 scium
3468 5171 3517 5207 -ι.

209 5232 282 5298 οἶδ
317 5226 375 5280 Et
401 5224 656 5297 sequitur
675 5228 794 5294 post
814 5221 938 5277 add.
967 5225 1021 5277 2.
1073 5229 1146 5263 τοο
1177 5224 1280 5278 sub
1300 5171 1621 5283 .(ustiniano
1654 5227 1882 5282 minore
1909 5227 2098 5281 Leone
2124 5226 2182 5278 et
2206 5223 2448 5295 Tyberio
2477 5232 2602 5297 post
2626 5224 2749 5280 add.
2782 5230 2834 5281 2.
2887 5233 2958 5268 800
2977 5225 3204 5298 pipinus
3228 5241 3365 5281 corr.
3399 5222 3521 5295 pip-

207 5295 373 5367 pinus
389 5302 440 5352 2.

253 5439 422 5520 "(3.94)
442 5437 631 5520 Minus
653 5435 1272 5520 accurate‘R‘eg‘inonis
1321 5439 1496 5520 verba
1535 5366 2220 5520 reddidigngictorqm,
2265 5435 2362 5520 qui
2412 5438 2840 5520 Aquileiensem
2882 5436 3167 5520 synodum
3209 5454 3241 5520 ε)
3270 5440 3396 5520 δθξ,
3427 5434 3518 5520 Υἱ-

361 5507 897 5635 ἓέρεξῑθιζιφΐὲἲῗε
925 5507 1185 5562 habitam
1214 5526 1336 5564 esse
1367 5509 1679 5581 scripserit,
1702 5511 1828 5582 jam
1859 5511 2090 5566 monuit
2119 5507 2410 5584 Suysliens
2439 5507 2498 5564 in
2538 5507 2955 5567 commentario
2993 5507 3062 5562 de
3094 5507 3153 5562 S.
3216 5509 3519 5566 Lambcrto

265 5596 325 5646 c.
447 5624 462 5636 .
539 5593 610 5649 ep
644 5619 655 5631 .
728 5621 741 5643 ,
885 5621 896 5632 .
1002 5644 1012 5649 Α
2839 5647 2854 5649 ᾼ
2874 5647 2890 5649 _

293 5621 607 5723 asses:
619 5621 752 5722 ξιιέἒ
777 5621 919 5705 alii:
942 5644 1178 5706 edocuit
1203 5649 1403 5707 Hirsch
1433 5648 1493 5708 in
1527 5653 2023 5712 commentatione
2053 5654 2126 5710 de
2153 5653 2460 5729 Sigobert‘o
2487 5653 2710 5710 Gembl.
2740 5665 2802 5725 ρ,
2829 5647 2954 5706 nos.
