3960 6174
251 299 380 371 lori

1086 292 1401 362 'ANSELMI
1443 299 1661 361 essm
1698 299 2188 362 EPISCOPORUM
2225 287 2724 368 Leonmnsmit.

3443 306 3580 370 1078

249 431 345 487 ille
377 419 608 486 evidens
637 424 913 485 omnibus
935 427 1324 500 spectaculum
1340 425 1518 496 dedit,
1548 442 1708 481 sacra
1730 427 1858 482 loca
1879 427 1936 489 Α
1955 429 2267 483 ternarum
2341 426 2492 500 stipe
2577 428 3036 487 elemosinarum
3114 429 3395 499 alebatur,
3469 444 3578 486 nec

251 537 362 577 non
401 517 649 574 revereri
681 519 971 588 quantum
1001 514 1075 570 sit
1092 515 1348 586 periculi.

466 611 550 664 l3.
582 606 666 661 De
695 622 755 660 eo
794 607 894 678 qui
926 606 1130 658 vomitu
1153 605 1364 674 furtum
1378 603 1636 674 prodidit.

316 699 477 770 Pleps
493 696 758 766 ejusdem
775 693 1118 767 parrochias,
1143 691 1287 747 sicut
1303 691 1688 748 etvicinarum
1701 692 1852 749 circa

252 788 577 861 regionum,
613 785 813 840 solent
851 798 1232 855 quaecumque
1256 783 1490 854 possunt
1513 782 1657 836 alter
1685 781 1850 837 alteri

247 875 561 947 subripere,
591 889 924 934 annonam,
960 874 1175 926 vestem
1202 887 1302 925 seu
1327 870 1647 941 quamlibet
1675 870 1850 926 aliam

241 963 730 1037 subpellectilem;
761 960 860 1017 ubi
883 962 1084 1032 aperte
1096 961 1412 1030 nequeunt,
1430 959 1677 1013 latenter
1693 959 1849 1015 invo-

243 1057 372 1121 lare,
399 1052 649 1124 pecudes
681 1049 794 1104 sibi
826 1049 1093 1121 abigere;
1120 1048 1190 1102 de
1211 1050 1420 1102 caetero
1453 1064 1559 1103 nec
1587 1048 1846 1103 bannum

243 1138 568 1206 sacerdotis,
621 1154 732 1193 nec
773 1141 1063 1193 terrorem
1105 1137 1347 1208 alicujus
1385 1138 1705 1208 potestatis,
1749 1139 1847 1211 qui

241 1227 517 1301 ejusmodi
533 1226 852 1282 sceleribus
864 1226 1257 1298 prohibendis,
1287 1242 1360 1281 ne
1375 1226 1563 1281 dicam
1580 1234 1648 1270 8³1
1662 1243 1846 1296 rarus,

241 1318 410 1372 immo
425 1316 614 1371 nullus
633 1317 744 1382 est,
769 1314 1154 1370 reformidare
1171 1323 1261 1370 ⁸³³.
1297 1315 1582 1370 Factiosus
1611 1316 1848 1388 quidam

241 1423 375 1461 unus
405 1406 478 1460 de
509 1403 725 1459 talibus
747 1419 993 1475 porcum
1025 1403 1210 1458 vicino
1240 1403 1531 1459 sublatum
1564 1421 1696 1459 cum
1727 1404 1850 1460 aliis

241 1492 444 1549 similia
470 1508 669 1548 secum
697 1491 941 1546 actitare
965 1491 1145 1546 solitis
1167 1495 1398 1546 coxerat
1417 1495 1476 1546 et
1491 1493 1844 1548 comederat.

241 1584 470 1638 Postera
499 1581 614 1649 die,
651 1596 784 1652 qua:
813 1579 1118 1635 Dominica
1153 1580 1496 1648 habebatur,
1532 1583 1745 1654 populo
1777 1582 1851 1638 ad

238 1671 548 1727 ecclesiam
567 1671 980 1736 concurrente,
995 1668 1123 1736 iste,
1138 1668 1416 1724 licetfacti
1429 1669 1754 1741 conscius,p
1764 1686 1850 1725 ro-

1956 515 2193 570 aliunde
2215 516 2412 570 vivere
2444 521 2702 573 noverat.
2729 520 2892 574 Unde
2924 518 3232 591 contingit,
3260 537 3393 575 cum
3423 520 3575 576 inter

1952 603 2166 659 fratres
2229 620 2428 659 sermo
2496 604 2776 662 incideret
2841 609 2913 661 de
2975 608 3279 679 gyrovagis
3337 607 3573 679 quibus—

1953 690 2112 757 dam,
2145 691 2390 763 signain
2413 709 2536 748 sese
2561 701 2632 736 83°
2664 696 2817 750 facta
2843 695 3281 761 mentientibus,
3306 699 3370 750 ut
3396 695 3440 749 si
3464 695 3569 751 iste

1952 783 2179 860 erectus
2199 781 2376 848 foret,
2397 781 2519 836 sine
2550 781 2722 838 dubio
2751 785 2860 839 hoc
2879 783 3034 838 credi
3057 785 3269 839 debere
3289 800 3570 838 assevera-

1950 870 2135 933 retur,
2167 869 2385 940 quippe
2431 870 2527 941 qui
2564 885 2682 941 prae
2714 871 2896 926 nimia
2927 871 3315 942 simplicitate,
3349 872 3568 927 nedum

1948 955 2173 1026 aliquid
2200 955 2470 1028 ﬁngeret,
2492 959 2663 1030 longe
2695 959 2852 1031 prius
2876 959 2994 1014 falli
3017 977 3192 1032 quam
3218 960 3416 1014 fallere
3433 975 3568 1030 pos-

1949 1046 2058 1099 set.
2085 1044 2298 1099 Taliter
2343 1046 2498 1116 apud
2531 1063 2635 1102 nos
2666 1050 2892 1118 septem
2913 1049 3097 1119 ‘paulo
3139 1050 3264 1120 plus
3306 1048 3566 1104 minusve

1948 1136 2322 1188 conversatus
2353 1135 2540 1202 annis,
2559 1135 2812 1207 quadam
2831 1135 2970 1203 vice,
2986 1136 3128 1191 sicut
3151 1140 3276 1191 erat
3290 1136 3489 1191 hilaris
3507 1139 3566 1192 et

1951 1222 2026 1276 ad
2059 1220 2387 1277 exhibenda
2413 1223 2548 1278 talia
2573 1223 2758 1294 agilis,
2777 1225 2878 1278 sed
2907 1229 3116 1280 caetera
3141 1225 3383 1280 omnino
3408 1227 3562 1280 clau-

1951 1309 2060 1365 dus
2081 1311 2140 1365 et
2161 1310 2386 1378 debilis,
2410 1312 2485 1366 ad
2514 1328 2780 1366 mensam
2808 1311 3082 1367 fratribus
3107 1329 3414 1375 occurrere
3448 1313 3563 1368 fes-

1950 1398 2164 1464 tinans,
2197 1399 2446 1472 criptam
2478 1400 2539 1454 in
2579 1416 2693 1472 qua
2727 1400 2908 1454 sancti
2939 1401 3192 1456 martiris
3221 1404 3307 1455 est
3330 1417 3562 1456 mauso-

1952 1489 2108 1542 leum
2137 1489 2331 1560 pergit
2360 1490 2652 1544 claudere.
2704 1490 2942 1544 Venitur
3005 1491 3079 1545 ad
3102 1489 3317 1545 sinistri
3371 1490 3564 1544 lateris

1949 1576 2204 1630 hostium
2236 1577 2326 1631 cui
2364 1577 2504 1632 dum
2535 1578 2776 1632 summis
2807 1578 3034 1633 innixus
3065 1577 3336 1644 articulis,
3371 1594 3564 1650 pessu-

1954 1666 2074 1719 lum
2115 1665 2332 1720 obdere
2367 1666 2654 1728 tenderet,
2701 1666 2879 1721 sensit
2917 1666 3196 1736 paulatim
3241 1682 3447 1720 nervos
3491 1675 3562 1709 διο

239 1761 354 1834 pius
377 1759 548 1815 altari
573 1758 1250 1830 cancellosinpudenter,
1269 1759 1424 1814 unde
1443 1759 1708 1814 omnium
1723 1777 1852 1816 ocu-
1877 1757 1925 1816 B
1949 1753 2149 1820 laxari,
2206 1754 2392 1825 tybias
2425 1770 2459 1808 ἃ
2498 1755 2652 1810 coxis
2701 1754 2802 1825 di8j
2817 1754 2974 1825 ungi,
3022 1754 3167 1810 adeo
3204 1758 3265 1809 ut
3293 1771 3409 1809 non
3433 1753 3563 1824 jam

239 1850 299 1904 lis
321 1848 633 1920 contiguus
664 1851 836 1914 esset,
881 1847 1082 1903 astitit.
1115 1848 1496 1903 Proclamatio
1529 1849 1603 1903 ad
1628 1849 1848 1920 presbi-

241 1943 418 1994 terum
460 1938 532 1993 de
559 1937 772 1992 sublati
790 1936 950 2008 porci
979 1937 1233 2009 dampno
1268 1938 1596 2008 perfertur;
1625 1938 1851 1992 statim-

241 2044 342 2098 que
372 2027 448 2082 ab
478 2043 572 2093 eo,
595 2025 640 2080 si
670 2026 798 2098 quis
823 2025 944 2095 ejus
981 2025 1061 2080 rei
1095 2025 1154 2079 in
1175 2025 1324 2080 facto
1355 2043 1453 2081 seu
1491 2027 1853 2082 conscientia

237 2133 359 2170 reus
381 2115 478 2183 sit,
511 2114 813 2170 bannitur.
842 2113 1248 2169 Dissimulante
1277 2113 1374 2170 illo
1405 2115 1674 2170 videlicet
1697 2133 1850 2188 pras-

241 2202 382 2260 done
413 2207 474 2259 et
507 2202 635 2258 aliis
665 2202 802 2258 facti
827 2201 1088 2270 consciis,
1117 2204 1444 2258 conclamat
1474 2204 1638 2276 pleps
1663 2204 1853 2259 omnis

239 2309 362 2348 cum
395 2293 727 2361 sacerdote,
756 2308 928 2347 orans
954 2295 1017 2346 ut
1047 2291 1464 2363 omnipotentis
1489 2293 1594 2348 Dei
1627 2292 1850 2349 miseri-

239 2381 428 2436 cordia
440 2385 685 2454 prOpter
701 2383 1049 2453 praesentem
1061 2383 1390 2436 sanctorum
1407 2381 1758 2436 memoriam
1771 2385 1852 2436 ta-

236 2471 371 2525 lium
389 2471 744 2542 prmdonum
769 2468 866 2523 diu
883 2486 999 2524 non
1026 2469 1240 2524 sineret
1259 2470 1528 2525 homines
1550 2471 1730 2525 latere
1748 2487 1847 2525 ne-

237 2558 606 2631 quitiam.Vix
625 2558 763 2612 dum
783 2558 906 2612 haec
919 2557 1090 2612 verba
1101 2558 1552 2630 compleverant,
1571 2575 1702 2613 cum
1717 2574 1848 2614 ecce

236 2648 428 2719 praedo
462 2647 559 2702 ille
589 2646 933 2702 temerarius
957 2647 1282 2717 abjuratam
1315 2664 1447 2702 cum
1474 2648 1725 2703 obsceno
1747 2663 1846 2702 vo-

237 2736 373 2791 mitu
401 2736 562 2807 cepit
593 2736 853 2807 praedam
878 2735 1113 2790 reicere.
1150 2736 1407 2808 Namque
1435 2737 1635 2791 ferunt
1660 2735 1758 2807 qui
1773 2743 1844 2779 ⁸³³

237 2823 447 2891 videre,
487 2825 671 2879 multa
699 2823 880 2878 suillae
911 2823 1097 2878 carnis
1121 2823 1301 2878 frusta
1328 2841 1458 2879 cum
1483 2827 1651 2895 parte
1683 2823 1844 2895 pedis

238 2929 380 2984 quas,
403 2912 594 2986 pridie
624 2915 985 2983 consumpta,
1004 2913 1127 2983 jam
1154 2911 1373 2984 digesta
1395 2929 1517 2968 esse
1548 2914 1840 2985 poterant,

238 3016 330 3056 ore
366 3002 495 3072 ejus
527 3000 1045 3071 efﬂuere.Turpius
1062 3000 1277 3055 factum
1309 3001 1461 3073 turpi
1495 3001 1842 3071 prodentem
1866 3015 1913 3076 α

239 3105 454 3144 nausea
483 3090 780 3160 expellunt
809 3088 879 3143 ab
902 3089 1174 3156 aecclesia,
1207 3105 1312 3144 nec
1349 3089 1633 3144 absistunt
1659 3089 1842 3145 donec

237 3177 558 3232 evidentius
568 3177 782 3233 fatetur
794 3177 1170 3248 ubi,quando,
1191 3177 1423 3248 quicum
1439 3177 1693 3232 eundem
1709 3194 1840 3250 por-

235 3281 364 3321 cum
381 3265 648 3338 abegerit
675 3274 766 3320 εει.
802 3267 911 3320 Pro
937 3265 1266 3336 hujusmodi
1293 3265 1584 3320 miraculis
1605 3267 1839 3323 Domini

237 3373 350 3410 non
364 3371 545 3427 parva
561 3356 748 3410 eidem
770 3357 893 3410 loco
911 3359 1167 3410 servatur
1183 3355 1526 3422 reverentia,
1547 3354 1838 3429 nichilque

237 3444 532 3511 indecens,
550 3444 962 3517 quodinultum
975 3442 1066 3510 sit,
1082 3443 1233 3499 circa
1246 3444 1494 3499 eandem
1519 3445 1836 3500 (ecclesiam

236 3533 346 3588 sive
377 3531 591 3588 atrium
609 3533 730 3604 ejus
751 3533 993 3588 credunt
1014 3549 1177 3603 posse
1198 3533 1536 3603 contingere
1563 3541 1653 3588 ³³⁸.
1674 3534 1834 3590 Idem

207 3621 518 3691 presbiter
569 3620 766 3676 ovibus
808 3619 1139 3692 ueterisque
1169 3621 1480 3693 pecudibus
1523 3621 1636 3676 suis
1678 3621 1834 3678 idem

239 3709 445 3764 atrium
478 3712 719 3782 propter
747 3709 1018 3764 timorem
1049 3709 1364 3765 vicinorum
1394 3710 1604 3782 praedis
1632 3711 1837 3768 inhan-

239 3797 402 3865 tium,
437 3798 512 3853 ad
541 3814 749 3870 pascua
781 3797 1039 3870 pervium
1075 3798 1309 3866 fecerat,
1335 3799 1435 3854 sed
1471 3815 1674 3854 eorum
1707 3800 1838 3856 ani-

241 3887 476 3942 malium
490 3886 724 3958 aliquod
745 3887 843 3941 diu
864 3887 1050 3942 vivere
1071 3903 1257 3958 posse,
1277 3891 1515 3959 propter
1540 3889 1696 3959 quod
1711 3890 1836 3944 cal-

241 3967 353 4021 lem
385 3966 648 4022 illicitum
679 3967 866 4038 sepius
883 3983 984 4038 per
1002 3967 1211 4021 atrium
1231 3967 1536 4034 trivissent,
1562 3969 1833 4041 negabat.

499 4058 583 4111 14.
624 4055 708 4110 De
757 4061 1026 4110 contracto
1067 4055 1352 4124 manifeste
1394 4061 1582 4112 erecto.

311 4145 497 4200 Liceat
532 4151 604 4186 ⁸⁸⁸
635 4144 820 4199 adhuc
852 4143 925 4198 ad
961 4143 1192 4198 laudem
1233 4148 1290 4199 et
1330 4144 1573 4215 gloriam
1602 4145 1838 4202 Domini

246 4233 604 4306 martirisque
646 4233 769 4304 ejus
820 4231 1064 4304 preciosi
1115 4249 1294 4286 unum
1325 4249 1625 4302 enarrare,
1679 4236 1839 4307 cujus

1951 1841 2328 1897 articulorum
2371 1843 2747 1900 amminiculo
2794 1842 3035 1914 subrigi,
3079 1843 3180 1897 sed
3211 1843 3256 1897 si
3290 1852 3357 1885 διί
3391 1861 3451 1898 se
3481 1843 3564 1899 ita

1952 1945 2119 2001 posse
2143 1932 2428 1999 crederet,
2459 1934 2610 1987 totus
2650 1931 2710 1986 in
2758 1931 3042 1985 directum
3089 1932 3163 1986 ad
3205 1933 3316 1987 hoc
3346 1934 3563 1987 valeret

1952 2036 2270 2091 assurgere.
2303 2020 2537 2077 Miratur
2555 2037 2621 2075 ac
2651 2022 2844 2090 stupet
2864 2018 3204 2090 simplicitas
3229 2020 3560 2076 adolescen-

1952 2107 2056 2162 tuli
2079 2124 2290 2163 novam
2323 2109 2384 2164 in
2415 2125 2474 2163 se
2505 2112 2660 2164 recte
2701 2107 3009 2162 incedendi
3055 2109 3403 2178 potentiam,
3455 2126 3562 2175 nec

1954 2195 2108 2249 unde
2131 2195 2237 2250 sibi
2253 2197 2363 2250 hoc
2376 2195 2686 2268 contigerit
2704 2203 2776 2237 ⁸η
2791 2195 3116 2266 intelligere
3138 2199 3350 2264 valens,
3369 2198 3559 2253 nescio

1954 2281 2164 2338 timore
2192 2300 2266 2338 an
2293 2285 2538 2356 pudore,
2559 2301 2685 2340 rem
2715 2283 3158 2354 nullipublicat;
3188 2284 3233 2339 it
3262 2294 3332 2328 διδ
3365 2286 3561 2359 itaque

1952 2369 2240 2427 incassum
2276 2373 2538 2429 scabellis
2583 2372 2944 2444 aliquandiu,
2985 2374 3168 2428 multo
3199 2391 3353 2429 nunc
3383 2391 3561 2446 quam

1951 2463 2084 2516 ante
2118 2478 2248 2517 vere
2275 2461 2481 2518 debilis
2505 2459 2886 2532 inpotentior.
2913 2461 2985 2516 At
3011 2470 3080 2503 8H
3103 2462 3336 2518 tandem
3353 2480 3419 2518 ex
3441 2480 3564 2520 ma-

1950 2547 2253 2605 triculariis
2275 2552 2594 2622 quemdam
2627 2551 2700 2605 ad
2724 2565 2784 2604 se
2803 2553 3024 2606 secreto
3040 2552 3345 2620 advocans,
3370 2553 3562 2610 eidem

1950 2637 2088 2708 quid
2139 2639 2396 2694 donante
2438 2641 2554 2694 Deo
2611 2641 2807 2710 posset
2853 2639 3124 2695 ostendit.
3174 2641 3271 2696 llle
3303 2642 3561 2713 primum

1947 2741 2069 2796 pra:
2100 2743 2312 2798 pavore
2339 2727 2422 2782 rei
2459 2728 2749 2782 inusitatas
2783 2727 3031 2798 fugiens,
3067 2731 3167 2785 sed
3201 2731 3444 2787 subinde
3473 2748 3561 2787 re-

1946 2815 2192 2888 sumptis
2219 2816 2436 2871 viribus
2455 2816 2704 2877 rediens.
2742 2819 2972 2886 tempus
3004 2821 3062 2872 et
3088 2818 3355 2874 ordinem
3387 2837 3555 2876 cura-

1945 2901 2118 2958 tionis
2146 2903 2464 2974 inquisivit,
2499 2904 2596 2958 illo
2627 2903 2916 2973 simpliter
2952 2911 3227 2961 narrante
3257 2909 3552 2979 cognovit,

1946 2991 2112 3046 nobis
2144 2991 2421 3057 narravit,
2459 2995 2516 3046 et
2546 3009 2612 3046 ex
2635 2991 2730 3046 illo
2768 2992 3029 3047 scabellis
3058 2994 3116 3048 in
3145 2994 3366 3050 virtutis
3395 2997 3554 3051 testi-

1943 3079 2143 3134 monio
2177 3083 2312 3134 ante
2346 3079 2604 3134 martiris
2632 3081 2922 3135 tumulum
2963 3081 3270 3150 derelictis,
3299 3085 3556 3139 novellos

1943 3165 2147 3222 baculo
2182 3170 2546 3223 sustentante
2578 3167 2775 3224 didicit
2803 3185 3004 3241 regere
3027 3186 3271 3241 gressus.
3309 3171 3552 3228 Contra-

1941 3258 2098 3311 ctum
2146 3256 2307 3328 prius
2349 3260 2408 3312 et
2452 3262 2581 3330 post
2626 3262 2882 3314 erectum
2928 3260 3195 3329 vidimus,
3244 3261 3553 3335 aliquantis

1940 3359 2074 3399 cum
2098 3349 2304 3418 postea
2326 3348 2496 3402 annis
2524 3347 2724 3404 vixisse
2745 3348 3011 3414 vidimus,
3034 3350 3281 3406 scabella
3299 3351 3358 3406 in
3389 3353 3553 3407 testi-

1938 3434 2208 3489 monium
2243 3434 2470 3490 virtutis
2483 3435 2819 3491 retinemus.
2846 3437 2974 3492 Haec
2991 3436 3118 3493 ideo
3148 3455 3264 3494 non
3282 3439 3548 3511 dicimus,

1939 3525 2002 3576 ut
2031 3522 2355 3579 cottidiana
2386 3525 2484 3580 Dei
2515 3525 2573 3579 in
2587 3541 2684 3580 eos
2711 3526 2783 3580 ob
2797 3527 3243 3589 sanctimartiris
3272 3529 3547 3586 meritum

1937 3609 2226 3666 beneficia
2255 3616 2570 3668 extenuare
2601 3614 3005 3688 velimus,quee
3037 3619 3122 3672 tot
3143 3633 3207 3671 ac
3237 3620 3395 3672 tanta
3417 3623 3551 3682 sunt

1938 3703 2001 3754 ut
2040 3702 2332 3755 humanus
2363 3719 2432 3756 ea
2454 3702 2543 3756 vix
2565 3703 3058 3774 comprehendere
3081 3705 3266 3760 valeat
3296 3707 3546 3776 animus,

1937 3791 2039 3846 sed
2072 3795 2136 3845 ut
2164 3789 2252 3844 his
2284 3791 2382 3862 qui
2403 3807 2552 3846 nova
2581 3794 2638 3845 et
2664 3791 2937 3846 inusitata
2970 3792 3168 3857 mirari
3201 3810 3546 3858 consuevere

1939 3879 2078 3934 satis
2107 3879 2450 3945 faceremus,
2475 3881 2531 3932 et
2558 3880 2618 3932 ut
2644 3896 2793 3934 nova
2816 3882 3197 3937 memorando
3230 3882 3301 3936 ad
3325 3882 3548 3954 disque-

1939 3968 2126 4023 reuda
2159 3967 2475 4023 cottidiana
2516 3967 2913 4024 studiosorum
2960 3969 3286 4025 sollicitudo
3327 3971 3546 4035 excita-

1938 4061 2118 4112 retur.
3243 4114 3248 4120 .
3296 4117 3298 4120 ,

2193 4148 2278 4199 15.
2323 4143 2514 4201 Oratio
2551 4146 2625 4201 ad
2657 4152 2901 4202 sanctum
2931 4146 3293 4202 Lambertum.

2011 4234 2138 4287 Jam
2189 4232 2262 4286 ad
2307 4236 2362 4288 te
2403 4237 2600 4289 noster
2658 4238 2916 4290 vertatur
2959 4244 3029 4277 διδ
3077 4253 3292 4304 sermo,
3341 4239 3549 4294 martir

249 4326 433 4378 nostra
473 4319 763 4378 memoria
804 4319 950 4393 gesti
986 4319 1043 4374 in
1097 4321 1368 4392 praesenti
1421 4322 1698 4391 aacclesia,
1741 4323 1839 4379 ubi
1862 4326 1914 4384 D
1943 4320 2152 4376 Christi
2181 4321 2398 4389 inclite,
2432 4325 2789 4379 servulorum
2819 4340 3016 4396 preces
3037 4339 3111 4379 ne
3135 4325 3449 4382 adverseris
3478 4336 3549 4370 διδ

246 4411 632 4466 venerandum
659 4409 782 4481 ejus
820 4408 1126 4481 requiescit
1161 4426 1388 4481 corpus,
1426 4412 1514 4464 tot
1561 4427 1681 4466 esse
1709 4428 1842 4482 pos-

247 4503 368 4554 sunt
391 4503 583 4566 testes,
615 4501 756 4570 quot
781 4497 879 4569 qui
917 4499 1026 4552 hoc
1054 4497 1211 4553 idem
1233 4498 1437 4553 ‘videre
1457 4502 1589 4552 sunt
1620 4516 1841 4571 supers-

246 4587 382 4643 tites.
425 4587 901 4642 Adulescentulus
951 4585 1185 4658 quidam
1245 4604 1278 4640 a
1319 4586 1524 4658 primis
1571 4589 1839 4658 puericiae

251 4675 401 4731 annis
421 4677 654 4732 claudus
684 4683 753 4718 887
787 4675 1105 4731 eecclesiam
1151 4679 1210 4730 et
1239 4690 1607 4747 quocumque
1638 4692 1842 4747 proce-

251 4763 493 4821 deremus
522 4781 656 4821 cum
679 4763 941 4820 scabellis
972 4767 1309 4837 perreptare
1339 4771 1431 4831 888,
1464 4767 1522 4818 et
1552 4764 1840 4819 continuis

250 4858 450 4925 septem
487 4853 656 4910 annis
681 4870 822 4926 erga
853 4854 1020 4925 signa
1049 4853 1352 4925 pulsanda,
1380 4852 1570 4908 hostia
1591 4853 1838 4910 seranda

251 4943 299 4994 et
328 4944 651 5015 reseranda,
679 4943 914 4999 sedulus
941 4958 1061 4997 esse
1083 4941 1342 5010 solebat;
1369 4941 1606 4996 cottidie
1637 4958 1706 4997 ex
1725 4942 1838 4996 fra-

1945 4410 2202 4465 obsecro.
2235 4410 2316 4464 Tu
2341 4411 2505 4466 fonte
2536 4412 2867 4484 evangelica
2891 4413 3182 4484 majorum
3213 4414 3407 4486 rigans
3441 4434 3550 4488 pe-

1942 4501 2123 4564 ctora,
2165 4501 2382 4554 terram
2415 4499 2584 4554 simul
2606 4502 2869 4572 precioso
2893 4502 3142 4574 irrigasti
3167 4505 3450 4576 sanguine
3480 4515 3549 4549 8‘7

1944 4585 2190 4658 Spiritus
2217 4589 2421 4642 caelum
2457 4589 2729 4660 possidet,
2777 4594 2930 4645 terra
2957 4594 3145 4647 servat
3171 4593 3410 4662 cineres,
3448 4611 3553 4649 nos

1945 4676 2182 4730 eosdem
2216 4693 2585 4748 veneramur,
2618 4680 2715 4751 qui
2755 4683 2921 4736 terra
2961 4685 3018 4737 et
3045 4681 3189 4737 cinis
3217 4699 3431 4752 sumus,
3491 4690 3554 4740 ut

1945 4767 2181 4837 peccata
2227 4767 2582 4822 servulorum
2635 4785 2762 4841 quae
2821 4777 2891 4812 διε
2940 4776 3284 4843 exsuperant
3309 4773 3554 4835 harenas

1944 4869 2192 4909 numero
2244 4857 2301 4909 et
2343 4856 2602 4928 pondere
2644 4865 2738 4924 δίε,
2789 4861 2888 4914 tuo
2921 4865 3160 4933 precatu
3206 4861 3415 4917 deleas.
3449 4864 3556 4918 Per

1939 4946 2107 4998 tuum
2139 4952 2218 4988 διο
2249 4961 2363 5017 quo
2385 4946 2537 5001 hanc
2556 4947 2873 5004 (ecclesiam
2886 4948 3164 5022 fundasti,
3185 4954 3402 5024 pastor,
3425 4968 3553 5006 san-

1570 5076 1805 5133 VARIIE
1840 5076 2132 5135 LECTION
2139 5079 2240 5135 ES.

303 5203 369 5274 αξι-
394 5215 464 5254 ne
509 5199 702 5254 dicam
745 5197 934 5274 desunt
979 5201 1041 5274 4.
1093 5205 1183 5274 ﬁt”
1213 5196 1482 5274 hucusque
1518 5195 1707 5274 desltnt
1737 5199 1915 5274 omnia
1965 5215 2051 5268 ap.
2091 5197 2201 5274 Δ(Ζνι.
2236 5207 2349 5274 ,ἦξε
2401 5200 2551 5271 quod
2587 5201 2644 5255 4.
2712 5208 2795 5274 ﬁ"
2827 5202 3035 5258 abierit
3066 5208 3115 5256 1.
3193 5210 3260 5244 881
3292 5205 3560 5274 sequentia

249 5263 586 5325 desiderantur
611 5288 695 5340 ap.
735 5269 838 5325 Ch.
917 5277 988 5312 εδδ
1019 5269 1245 5324 initium
1271 5263 1410 5322 deest
1438 5284 1526 5342 ap.
1583 5267 1683 5325 Ch.
1709 5270 1921 5342 reliqua
1951 5263 2165 5342 omnino
2215 5263 2499 5342 differunt.
2569 5279 2639 5314 887
2689 5272 2831 5330 deest
2873 5278 2924 5331 3.
2976 5275 3031 5328 4.
3107 5280 3188 5318 8'8
3231 5275 3325 5330 sic.
3350 5263 3413 5327 ’4
3455 5271 3558 5328 Ch.

255 5344 616 5414 pertemptare
637 5339 698 5395 1.
743 5345 796 5397 2.
825 5343 874 5414 3.
953 5347 1026 5383 8"
1058 5356 1122 5394 se
1153 5343 1209 5394 4.
1324 5348 1396 5381 διο
1419 5339 1577 5394 deest.
1611 5343 1664 5396 3.
1697 5341 1750 5394 4.

253 5478 470 5610 ἓίβῖηιὲιι
496 5482 598 5540 Ch.
676 5493 746 5526 846
779 5482 1098 5538 adverseris
1133 5486 1182 5538 1.

255 5344 616 5414 pertemptare
651 5345 698 5395 1.
743 5345 796 5397 2.
825 5343 874 5397 3.
953 5347 1026 5383 8"
1058 5356 1122 5394 se
1153 5343 1209 5394 4.
1324 5348 1396 5381 διο
1419 5342 1577 5394 deest.
1611 5343 1664 5396 3.
1697 5342 1750 5394 4.
1863 5348 1932 5383 8M
1962 5342 2059 5395 sic.
2089 5342 2140 5394 4.
2255 5351 2326 5384 δι’
2353 5342 2677 5414 contigeret
2712 5349 2760 5399 1.
2785 5348 2839 5399 2.
2950 5351 3022 5384 θη
3049 5360 3083 5395 sa

253 5412 388 5483 “fac
412 5413 464 5466 4.
519 5421 612 5483 7w
637 5414 710 5467 sic
739 5415 792 5467 4.
829 5413 870 5483 Β
923 5416 972 5466 1.
1019 5415 1073 5483 2.
1115 5413 1424 5466 veneratur
1443 5415 1600 5483 _l.g2.
1645 5415 1696 5467 3.
1739 5413 1914 5482 capita
1963 5415 2169 5467 15-18
2213 5411 2494 5483 deﬁciente
2543 5415 2661 5470 cod.
2697 5416 2737 5468 C
2765 5430 2828 5468 ex
2857 5415 2896 5466 Β
2942 5416 2988 5467 1.
3031 5416 3083 5468 2.

1261 5489 1330 5526 ειτ
1362 5498 1406 5538 s.
1439 5481 1475 5538 i.
1504 5481 1557 5537 4.
1633 5489 1703 5524 διε
1734 5481 1860 5555 quae
1885 5510 1961 5526 —
1988 5483 2246 5553 pondere
2278 5481 2467 5540 desunt
2499 5484 2558 5540 Β.
2597 5491 2643 5542 1.
2671 5490 2723 5541 2,

2255 5340 2326 5414 si:
2353 5340 2677 5414 contigeret
2712 5349 2760 5399 1.
2785 5348 2839 5399 2.
2950 5351 3022 5384 θη
3049 5344 3126 5398 sic
3155 5345 3207 5399 4.
3243 5344 3306 5396 ut
3336 5345 3386 5397 1.
3418 5349 3471 5399 2.
3507 5349 3561 5399 3.

3195 5432 3248 5469 se
3270 5417 3400 5468 νοιςιὶ
3405 5417 3557 5470 tuisse

2805 5491 2876 5526 διο
2903 5485 2976 5566 sic
3004 5485 3054 5538 4.
3089 5488 3144 5542 te
3186 5491 3232 5543 1.
3261 5490 3313 5541 2.
3341 5491 3390 5542 3.
3425 5501 3561 5540 eum
