3910 6174
462 344 601 402 10⁸19
1065 342 1392 402 HERIGER!
1413 341 1504 400 ΕΤ
1529 341 1829 402 ΑΝεΕιΜῐ
1855 340 2006 401 GES'l

2123 341 2316 401 EPISC.
2345 342 2597 401 TANGR.
2625 342 2814 402 TRAJ.
2841 340 2926 407 ΕΤ
2954 341 3160 404 LEOD.
3567 357 3667 416 loco

469 468 735 544 guinem,
769 465 984 544 quippe
1030 467 1220 544 ipsam
1247 477 1320 514 διο
1353 487 1421 528 ex
1444 470 1692 527 minima
1719 471 1903 528 ferme
1931 488 2064 528 exe-
2083 466 2138 526 Δ
2182 467 2371 539 operis
2410 468 2734 528 intentione
2763 469 2988 547 evagati
3028 489 3238 540 sumus,
3266 472 3427 546 petita
3461 476 3595 536 vesia
3619 483 3674 540 ad

469 559 1276 634 quastimaioribusmramus,
1294 562 1450 632 quod
1465 562 1748 628 enutristi,
1768 564 2062 634 plustuere
2161 558 2522 629 propositum
2554 562 2882 621 redeamus.

460 650 751 724 precibus.
782 649 905 706 Non
949 659 1018 694 ιιι
1051 651 1302 722 petimus
1333 651 1531 724 augeri
1569 653 1883 708 fundorum
1912 670 1977 708 ex
1995 661 2065 695 θη
2617 655 2702 708 16.
2733 652 2818 707 De
2839 659 3019 708 sancto
3045 652 3305 725 Experto.

460 736 794 807 reditibus;
822 738 996 794 fuerit
1018 739 1130 794 hoc
1158 748 1229 782 858
1257 740 1544 811 majorum
1573 742 1833 797 moribus
1859 741 2066 814 prmdi-
2239 735 2417 809 Igitur
2437 739 2912 796 successitsancto
2937 742 3236 799 Lamberto
3248 746 3680 819 venerabilispater

462 830 680 894 torum,
709 825 952 883 scientia
976 828 1341 900 pollentium,
1369 846 1494 884 rem
1513 830 1731 886 auxisse
1756 830 2066 902 publicam.
2167 827 2452 897 Hupertus
2480 841 2594 900 (an.
2626 828 2751 900 708)
2779 829 2840 883 in
2863 830 3068 886 ordine
3096 832 3388 904 episcopali
3406 834 3681 904 tricesimus;

461 917 570 972 Nos
593 915 849 972 minores
863 916 1110 972 sufﬁciat
1132 919 1334 974 talium
1350 920 1438 972 vel
1458 920 1629 991 longe
1656 920 1816 991 sequi
1835 918 2072 990 vestigia
2168 916 2328 986 cujus
2351 915 2524 971 vitam
2548 917 2643 988 qui
2657 918 2883 988 plenius
2907 936 3072 975 nosse
3093 923 3304 987 volunt,
3319 922 3388 977 ad
3403 923 3560 979 Vitam
3579 926 3684 995 ejus,

456 1005 562 1061 sub
592 1007 857 1077 tepatre,
891 1008 948 1061 te
969 1009 1159 1061 tutore
1184 1010 1356 1079 teque
1375 1007 1808 1080 dulciprsesule.
1844 1008 2069 1062 Nullam
2167 1021 2297 1076 quae
2343 1004 2646 1060 virtutibus
2704 1008 2878 1078 plena
2918 1010 3060 1078 aput
3105 1025 3208 1063 nos
3261 1010 3486 1066 habetur
3528 1014 3690 1070 descri-

461 1097 695 1150 tuarum
727 1095 918 1150 ovium
953 1095 1172 1168 peccati
1193 1096 1461 1168 contagio
1482 1105 1554 1138 858
1585 1097 1736 1152 sinas
1765 1113 1884 1152 esse
1911 1113 2005 1152 mo

2168 1096 2266 1164 pta
2314 1095 2487 1162 (398),
2557 1099 2876 1151 recurrant.
2945 1098 3056 1153 Sed
3110 1115 3182 1153 ne
3225 1115 3326 1154 nos
3361 1117 3481 1155 eum
3517 1100 3686 1158 silentio

459 1184 679 1252 bidam,
699 1183 800 1239 sed
820 1187 879 1240 et
895 1183 942 1238 si
964 1201 1078 1256 qua
1105 1185 1335 1240 mortali
1375 1185 1504 1240 labe
1535 1188 1621 1240 est
1638 1187 1918 1252 confecta,
1934 1202 2065 1258 per-
2166 1181 2492 1253 prwterisse
2520 1182 2842 1248 videamur,
2862 1187 3092 1240 tantum
3113 1187 3182 1241 de
3204 1202 3270 1241 eo
3287 1186 3538 1254 dicamus,
3553 1207 3693 1262 quau-

455 1275 716 1329 lamenta
775 1272 1130 1341 paenitentiae
1157 1277 1256 1329 tuo
1286 1273 1416 1330 ovili
1442 1290 1637 1330 rursus
1663 1275 1899 1346 dignam
1945 1291 2066 1330 esse
2165 1273 2291 1326 tum
2343 1271 2652 1328 scientibus
2705 1290 2824 1328 non
2878 1274 2951 1328 sit
2990 1291 3319 1342 onerosum,
3367 1293 3461 1332 nec
3505 1278 3690 1333 omnino

456 1361 652 1417 tacito.
704 1362 938 1432 Depelle
980 1369 1050 1404 85¢
1104 1361 1359 1434 primum
1395 1362 1689 1435 turgidam
1721 1379 1850 1418 cum
1896 1363 2069 1419 livida
2167 1359 2572 1431 ignorantibus
2627 1363 2956 1420 obscurum.
3017 1364 3116 1419 Hic
3173 1381 3303 1420 cum
3358 1365 3548 1420 ossibus
3581 1366 3696 1422 beati

457 1450 580 1507 ﬁlia
605 1450 958 1524 superbiam.
992 1449 1154 1505 Absit
1191 1450 1296 1518 ira,
1321 1452 1512 1507 absint
1547 1452 1699 1519 odia,
1733 1455 1954 1507 nullum
1982 1453 2066 1506 lo-
2168 1448 2458 1503 Lamberti
2488 1448 2638 1513 (399)
2661 1449 2943 1506 Leodium
2962 1453 3450 1508 transtulitsedem
3465 1453 3693 1525 episcopii,

461 1556 598 1595 cum
633 1539 692 1595 in
721 1538 993 1595 fraternis
1023 1539 1300 1596 cordibus
1343 1542 1556 1596 habeat
1585 1541 1890 1597 discordia.
1913 1541 2070 1597 Foris
2170 1554 2296 1608 quae
2344 1539 2582 1592 eatenus
2625 1539 2946 1595 habebatur
2977 1540 3242 1610 Trajecti.
3280 1543 3398 1613 Ipse
3423 1541 3633 1613 primum
3655 1541 3697 1596 in

460 1646 695 1703 pugnae,
738 1628 896 1684 intus
941 1628 1079 1684 rixae
1108 1636 1203 1696 8⁸⁸,
1239 1633 1337 1685 tuo
1370 1630 1695 1686 interventu
1732 1631 1930 1686 omnia
1959 1631 2073 1686 sint
2166 1625 2373 1682 humili
2404 1626 2637 1694 Leodio,
2684 1627 2803 1683 Deo
2835 1629 3174 1700 opitulante,
3237 1630 3514 1702 religionis
3559 1630 3699 1700 posuit

465 1721 694 1792 pacata.
730 1716 933 1789 Fugiet
981 1735 1113 1772 cum
1152 1718 1336 1773 sodali
1395 1721 1530 1790 gula
1570 1719 1756 1792 turpis
1801 1719 2067 1787 ebrietas,
2091 1783 2138 1792 _
2168 1714 2832 1782 fundamentum,unam
2850 1719 3076 1772 tantum
3098 1717 3698 1784 secclesiamordinando,

467 1783 682 1861 cedant
741 1807 800 1860 et
814 1783 1084 1860 vinvicem
1139 1783 1484 1878 pugnantia,
1531 1783 1693 1860 luxus
1722 1809 1780 1860 et
1811 1783 2068 1873 avaritia,
2091 1783 2141 1842 Β
2170 1803 2534 1875 eandemque
2547 1820 2652 1875 pro
2666 1805 2942 1876 temporis
2955 1807 3345 1877 oportunitate
3364 1807 3701 1862 fabricisciete-

463 1895 635 1949 cedat
663 1894 722 1950 et
746 1891 950 1960 libido,
978 1891 1312 1948 animarum
1347 1893 1506 1949 mille
1521 1894 1714 1949 ferens
1745 1894 2071 1965 naufragia.
2171 1893 2364 1964 risque
2393 1892 2720 1964 insignibus
2752 1895 3116 1950 adornanda.
3147 1897 3246 1951 Jus
3273 1896 3429 1952 civile
3457 1894 3702 1968 oppidanis

463 1983 694 2050 Obtine,
722 1997 1070 2055 quaesumus,
1121 1998 1294 2054 prece
1353 1985 1454 2038 tua
1496 1982 1603 2038 tibi
1636 1982 2009 2038 servientibus
2041 1999 2075 2038 a
2171 1981 2394 2045 tribuit,
2421 1980 2598 2036 vitam
2634 1984 2692 2037 et
2731 1999 2926 2038 mores
2972 1983 3236 2056 ipsorum
3269 1984 3557 2055 disciplinas.
3582 1985 3705 2038 freno

463 2074 581 2129 Deo
594 2087 791 2127 veram
813 2086 943 2126 cum
957 2069 1263 2142 pacientiae
1281 2071 1642 2143 benignitate
1662 2071 2072 2129 humilitatem.
2172 2069 2500 2141 composuit
2535 2069 2765 2126 Libram
2780 2071 2967 2142 panis,
2984 2073 3196 2127 libram
3218 2073 3353 2138 vini,
3379 2072 3708 2142 mediumque,

466 2160 694 2216 Karitas
723 2177 845 2215 non
861 2158 1069 2214 fictain
1090 2159 1258 2215 nobis
1271 2176 1405 2214 cum
1426 2160 1688 2215 fraterna
1705 2163 1916 2232 regnet
1944 2176 2078 2215 con-
2173 2175 2303 2232 quae
2340 2157 2642 2213 nobiscum
2665 2164 3038 2230 perseverant
3068 2178 3253 2232 usque
3274 2161 3458 2227 hodie,
3484 2160 3713 2230 sapienter

465 2251 681 2318 cordia,
722 2267 832 2323 pax
885 2248 1130 2305 interior
1175 2249 1461 2305 exteriora
1511 2251 1664 2305 bella
1702 2249 1960 2304 derideat
1980 2258 2074 2316 856,
2175 2246 2471 2304 constituit
2501 2255 2592 2301 θοι.
2623 2248 2882 2304 Tandem
2904 2248 3103 2303 multis
3133 2248 3432 2304 virtutibus
3463 2250 3649 2321 plenus,
3672 2246 3712 2300 in

475 2355 609 2395 cum
643 2337 868 2394 sincera
885 2336 1199 2392 sobrietate
1228 2337 1377 2393 adsit
1399 2337 1509 2392 cibi
1532 2338 1919 2408 temperantia
1943 2355 2075 2394 caro
2175 2338 2466 2392 senectute
2501 2336 2656 2390 bona
2685 2336 2946 2408 migrans
2977 2337 3050 2392 ad
3077 2337 3393 2393 Dominum
3427 2339 3528 2405 (an.
3557 2335 3670 2398 7'27).
3693 2351 3717 2388 a

468 2426 570 2483 Dei
593 2425 880 2496 adjutorio
908 2424 1184 2480 castitatis
1211 2426 1518 2480 edometur
1546 2425 1789 2496 legibus.
1812 2427 1918 2483 Pro
1946 2443 2074 2482 am-
2175 2427 2366 2480 semet
2393 2424 2667 2480 dictatam
2689 2425 2747 2479 in
2776 2424 3031 2492 ecclesia,
3064 2443 3195 2497 quae
3220 2443 3370 2481 nunc
3389 2429 3470 2481 est
3486 2423 3718 2497 apostolo-

470 2514 596 2571 bitu
626 2517 995 2569 terrenarum
1043 2513 1328 2585 appetitus
1375 2511 1567 2570 veniat
1621 2515 1932 2570 caelestium
1973 2532 2078 2588 pro
2176 2529 2304 2568 rum
2328 2513 2622 2585 principis,
2646 2514 2800 2584 apud
2821 2531 2926 2568 nos
2952 2515 3172 2586 accepit
3188 2516 3549 2587 sepulturam.
3569 2515 3619 2566 ln
3639 2526 3721 2583 qua

472 2617 674 2657 amore
703 2600 1006 2673 prasentis
1037 2600 1208 2656 seculi
1235 2617 1554 2672 numquam
1573 2601 2070 2659 dormitethorror
2176 2617 2306 2657 cum
2342 2604 2472 2674 post
2518 2602 2882 2674 septuaginta
2928 2619 3114 2658 annos
3143 2619 3385 2674 corpore
3403 2603 3519 2672 jam
3564 2601 3720 2654 futura

467 2689 692 2762 judicii,
721 2688 1008 2762 praedonis
1032 2689 1255 2745 ferrum
1282 2690 1532 2744 retunde
1553 2698 1623 2732 8"
1650 2690 1901 2759 visibilis,
1929 2694 2080 2747 mul-
2177 2689 2809 2761 resurrectionisgloria
2831 2690 3512 2755 demutatoinveniretur,
3535 2689 3722 2744 obtentu

468 2781 647 2852 toque
677 2777 866 2849 magis
892 2778 1088 2834 hostes
1115 2793 1318 2850 preme
1351 2785 1422 2820 εδδ
1450 2778 1780 2834 invisibiles.
1808 2779 1903 2834 lsti
1920 2779 2076 2836 enim
2178 2776 2482 2844 Ludowici,
2518 2777 2620 2833 ﬁlii
2649 2778 3062 2850 KaroliMagni,
3081 2779 3137 2833 in
3169 2797 3385 2852 pagum
3406 2779 3721 2834 Arduennam

472 2869 686 2924 necant
739 2865 966 2922 animas
1007 2874 1099 2933 ευ,
1158 2865 1240 2921 illi
1269 2865 1380 2921 nisi
1423 2867 1707 2923 exteriora
1736 2869 1964 2936 tollant,
1999 2869 2080 2924 nil
2179 2871 2264 2924 est
2289 2869 2596 2924 translatus
2629 2869 2779 2942 (400)
2838 2871 2947 2938 (an.
3001 2872 3145 2939 825),
3203 2872 3395 2943 ibique
3444 2889 3506 2927 ex
3533 2877 3594 2911 θοι
3623 2864 3724 2922 satis

474 2958 660 3029 agunt
687 2954 953 3027 amplius.
989 2955 1296 3012 Neminem
1328 2955 1399 3010 de
1422 2972 1598 3028 grege
1627 2960 1728 3013 tuo
1761 2957 2084 3013 Vehemoht
2178 2957 2384 3029 amplis
2415 2956 2690 3013 reditibus
2730 2958 2986 3014 ﬁdelium
3032 2959 3340 3015 devotione
3397 2957 3583 3014 oblatis
3625 2969 3724 3027 pro-

475 3043 626 3117 (Job.
656 3045 843 3114 XLJO)
870 3043 1021 3100 illius
1043 3043 1443 3112 crudelissimi,
1470 3046 1679 3101 obnixe
1701 3047 2084 3120 deprecamur
2103 3099 2148 3120 Α
2180 3043 2373 3114 prium
2416 3044 2496 3100 illi
2544 3045 2844 3100 conditum
2903 3048 2989 3100 est
3041 3047 3466 3102 monasterium
3490 3046 3617 3115 (401)
3638 3043 3725 3113 (an.

481 3133 637 3190 sinas
667 3136 902 3206 gutture
953 3134 1252 3190 absorberi
1293 3141 1398 3202 80°;
1434 3135 1533 3190 sed
1572 3133 1616 3189 si
1647 3152 1820 3207 quem
1850 3133 2149 3192 tuorum“I
2183 3133 2328 3206 817).

482 3222 754 3279 dentibus
776 3221 1106 3294 arripuerit,
1143 3238 1277 3278 eum
1308 3239 1416 3294 pro
1442 3223 1554 3278 tuis
1596 3223 1816 3279 meritis
1840 3224 2090 3280 circum-
2600 3227 2683 3278 l7.
2715 3222 2798 3277 De
2830 3230 3012 3279 sancto
3049 3223 3380 3280 Floreberto.

487 3310 792 3384 plectentis
817 3309 1062 3367 armillas
1094 3310 1282 3382 gratia
1308 3326 1411 3382 per
1451 3312 1699 3367 maxillae
1727 3313 1994 3368 foramen
2021 3313 2089 3368 li-
2261 3312 2396 3366 Post
2421 3312 2575 3366 hunc
2607 3313 2665 3366 31
2700 3311 3094 3382 episcopatum
3134 3313 3388 3385 suscepit
3409 3311 3730 3372 Florebertus,

484 3402 674 3458 heret.
707 3402 822 3457 Ora
850 3409 918 3443 εει
949 3417 1055 3473 pro
1095 3400 1392 3473 spiritibus
1423 3417 1649 3469 eorum,
1677 3420 1819 3475 quos
1855 3403 1958 3458 tibi
1985 3405 2093 3458 hac
2191 3398 2375 3454 dictus
2390 3399 2646 3471 quidem,
2679 3403 2742 3454 ut
2771 3401 3065 3472 vulgatum
3084 3405 3195 3464 est,
3227 3397 3733 3457 sancliantecessoris

486 3488 547 3542 id
568 3489 776 3544 eadem
796 3489 1036 3544 ecclesia
1065 3489 2094 3563 Dominusaggregavitmretroactis
2191 3487 2340 3542 titius
2387 3488 2550 3557 (402).
2611 3489 2793 3552 Quem
2852 3489 2896 3543 si
2950 3489 3203 3544 carnalis
3256 3490 3409 3544 idem
3455 3493 3602 3561 pater
3634 3488 3731 3538 ante

488 3577 869 3649 temporibus.
905 3579 1019 3634 Ora
1057 3580 1353 3650 postremo
1402 3595 1507 3651 pro
1541 3578 1809 3635 omnibus
1837 3581 1895 3632 et
1939 3577 2091 3632 viam
2190 3579 2386 3632 sancte
2436 3576 2734 3649 religionis
2788 3578 3085 3649 generavit
3143 3578 3437 3644 habitum,
3489 3574 3642 3632 nichil
3683 3572 3731 3626 de

488 3665 769 3723 universa
791 3665 984 3722 carnis
1015 3665 1312 3740 ingressis,
1343 3670 1403 3722 et
1432 3667 1729 3724 modernis
1759 3667 1856 3740 qui
1885 3668 2092 3722 eodem
2191 3665 2471 3738 dignitate
2501 3665 2772 3738 derogari
2820 3669 3008 3736 potest
3029 3667 3294 3722 alterutri
3320 3683 3334 3734 ;
3368 3666 3451 3721 sin
3466 3681 3587 3720 vero
3611 3660 3732 3732 spiri-

489 3754 806 3821 tendimus,
830 3758 889 3811 et
915 3755 1209 3827 sequentis
1231 3755 1335 3812 aevi
1351 3755 1616 3828 posteris,
1635 3754 2093 3812 utomnessimul
2190 3754 2360 3810 tualis
2381 3753 2528 3808 alter
2565 3753 2728 3809 alteri
2777 3754 2927 3825 patri
2987 3757 3111 3810 erat
3160 3755 3335 3822 ﬁlius,
3391 3753 3554 3810 nichil
3597 3750 3732 3810 obest,

490 3843 564 3899 ab
588 3841 886 3900 auditione
900 3844 1057 3900 mala
1075 3842 1392 3900 liberemur
1408 3844 1468 3899 in
1497 3845 1745 3900 adventu
1763 3843 1988 3916 judicia.
2023 3843 2094 3898 Ut
2191 3841 2374 3898 immo
2397 3844 2644 3898 multum
2663 3843 2917 3914 prodest,
2931 3842 3262 3914 spirituales
3281 3843 3428 3899 ﬁlios
3445 3843 3490 3898 si
3503 3840 3645 3898 bonis
3662 3853 3733 3908 pl-

486 3931 599 3988 hoc
629 3931 833 4006 possis,
875 3935 1017 4005 aput
1058 3931 1517 4006 primogenitum
1560 3950 1728 3989 suum
1776 3931 2009 4003 adjuvet
2033 3934 2092 3987 te
2192 3931 2374 3987 tribus
2428 3929 2740 4002 contigerit
2799 3930 3124 3986 succedere.
3183 3931 3363 4002 Hujus
3408 3945 3599 4002 corpus
3639 3939 3734 3980 cum

489 4015 2091 4094 Theodocheoptimamamquedebettibisuisquetecum
2193 4021 2362 4076 Petro
2387 4024 2445 4075 et
2489 4019 2783 4075 Audoleco
2819 4025 2913 4086 οοσ,
2947 4019 3041 4092 qui
3092 4019 3266 4076 occisi
3309 4022 3443 4075 sunt
3467 4030 3587 4074 cum
3609 4016 3734 4071 beato

490 4107 747 4209 servulis.
773 4109 1065 4166 Concedat
1086 4125 1192 4166 nos
1221 4109 1377 4209 idem
1409 4109 1606 4164 vestris
1634 4110 1854 4164 meritis
1884 4124 1990 4209 nos
2011 4110 2094 4166 ita
2114 4150 2167 4209 Β
2193 4107 2529 4209 bamberto,
2578 4125 2695 4163 uno
2744 4107 3133 4181 compositum
3174 4112 3264 4163 est
3303 4108 3589 4180 sepulchro
3625 4097 3734 4173 (403)

490 4197 598 4253 sibi
622 4197 832 4265 vivere,
864 4199 930 4253 ut
943 4199 1204 4269 placatus
1227 4198 1396 4254 nabis
1414 4201 1692 4271 appareat
1707 4199 1765 4253 in
1783 4198 2092 4254 novissimo
2114 4196 2161 4209 ⁴“’
2191 4196 2306 4270 (αη.
2332 4198 2477 4268 746).

492 4285 733 4342 districti
763 4286 858 4342 die
905 4286 1223 4354 examinis;
1251 4286 1343 4342 cui
1373 4287 1446 4342 sit
1458 4287 1590 4342 eum
1613 4289 1832 4343 aeterno
1855 4288 2022 4342 Patre
2038 4290 2096 4342 et
2648 4290 2732 4344 l8.
2756 4287 2840 4343 .De
2868 4287 2988 4342 aliis
3012 4290 3043 4340 7
3067 4286 3346 4356 episcopis.

491 4373 707 4446 Spiritu
732 4377 931 4430 sancto
962 4377 1086 4431 laus
1115 4378 1176 4431 et
1211 4374 1398 4448 gloria
1417 4392 1522 4447 per
1550 4375 1778 4431 inﬁnita
1798 4377 1989 4430 secula
2008 4393 2095 4431 se-
2264 4375 2606 4432 Tricesimus
2660 4375 2944 4431 secundus
2986 4374 3135 4429 sedit
3178 4373 3511 4448 Fulgaricus
3546 4379 3606 4415 “7
3629 4368 3741 4441 (404)

491 4461 967 4518 culorum.Amen
997 4471 1089 4518 ιω.
1115 4465 1244 4521 Jam
1273 4464 1496 4520 dudum
1522 4463 1750 4536 longius
1789 4480 1825 4519 a
1853 4463 2096 4535 suscepti
2203 4464 2316 4535 (an.
2343 4468 2489 4533 769),
2509 4466 2630 4519 3303
2658 4462 2991 4536 Agilfridus,
3015 4460 3087 4516 ad
3128 4477 3308 4533 quem
3324 4457 3739 4526 Karolushlugnlls

1769 4591 2008 4649 VARI/1?.
2056 4589 2462 4648 LECTIONES.

519 4722 631 4798 .90
655 4716 730 4771 sic
751 4715 807 4772 4.
829 4713 954 4788 ipsa
987 4717 1034 4772 l.
1068 4717 1129 4772 2.
1177 4718 1233 4774 3.
1307 4722 1376 4759 ιιι
1406 4717 1480 4774 sic
1519 4718 1574 4774 4.
1622 4734 1728 4774 nos
1767 4722 1816 4774 1.
1843 4723 1897 4776 2.
1927 4723 1980 4776 3.
2023 4735 2141 4774 non
2170 4746 2243 4761 αι-
2268 4717 2509 4791 praesule
2545 4719 2731 4774 desunt
2761 4719 2802 4774 Β
2845 4723 2890 4772 1.
2927 4723 2977 4773 2.
3037 4726 3127 4798 .852
3150 4735 3177 4773 e
3217 4733 3410 4773 rasura
3439 4721 3504 4796 2..
3557 4719 3617 4758 ⁸⁸⁸
3641 4723 3740 4834 ςυο

519 4801 675 4834 II?an
696 4787 736 4834 Β
781 4790 828 4834 1.
860 4789 911 4834 2-
989 4793 1062 4830 886
1093 4787 1308 4834 reuelle
1338 4789 1390 4834 ι-
1433 4789 1472 4834 Β
1506 4793 1556 4834 4-
1584 4792 1638 4834 9.-
1715 4795 1786 4832 855
1813 4789 2112 4834 snnianhir
2145 4790 2351 4834 addunt
2379 4791 2417 4834 Β
2451 4794 2501 4834 1,
2532 4793 2585 4834 9-
2661 4797 2732 4831 856
2769 4789 2981 4834 bellare
3005 4789 3188 4834 rideat
3215 4793 3261 4834 Ι-
3288 4789 3436 4834 bella
3464 4784 3626 4834 rideat
3707 4781 3739 4830 ί-

483 4785 675 4860 rigine
695 4787 736 4844 B
781 4790 828 4844 1.
851 4781 911 4843 '2.
989 4793 1062 4844 .3“
1093 4787 1308 4860 repelle
1338 4789 1390 4842 ι.
1432 4789 1472 4844 Β
1506 4793 1556 4846 1.
1584 4792 1638 4846 2.
1715 4795 1786 4832 εδδ
1813 4789 2112 4871 sapiantur
2145 4781 2351 4866 addunt
2379 4791 2417 4844 Β
2451 4794 2502 4844 1.
2532 4793 2585 4846 2.
2661 4797 2732 4870 9⁵⁸
2765 4789 2981 4871 bellare
3002 4787 3188 4844 rideat
3215 4793 3262 4846 1.
3287 4789 3436 4844 bella
3463 4784 3626 4864 rideat
3649 4781 3681 4834 Β
3707 4781 3739 4830 ί-

485 4858 541 4901 9-
617 4864 689 4900 an
714 4854 966 4901 rnnnnﬂn
988 4856 1101 4901 RL
1144 4861 1197 4901 9-
1276 4865 1349 4901 sua
1378 4856 1518 4901 dom
1547 4864 1577 4901 ῃ
1628 4860 1662 4901 Α
1759 4867 1831 4901 m
1857 4877 2112 4901 animum
2146 4862 2180 4901 Α
2278 4869 2348 4901 suo
2378 4861 2672 4901 nhmrhnm
2711 4864 2757 4901 4-
2837 4867 2904 4901 θαι
2938 4877 2989 4901 m
3016 4859 3350 4901 ς-ρηηρηνίιιης
3375 4859 3517 4901 Imm
3540 4849 3742 4901 ιίιῆετισιι

485 4851 570 4916 2Ϊ
617 4864 689 4900 8⁵⁷
713 4854 966 4914 reconde
988 4856 1031 4914 Β
1055 4859 1103 4912 1.
1144 4851 1198 4915 Ξ.
1276 4857 1349 4902 ⁸³⁸
1378 4856 1518 4916 deest
1547 4864 1599 4918 3.
1628 4860 1682 4916 4.
1759 4867 1831 4904 “9
1856 4851 2112 4916 a'nimam
2146 4862 2200 4918 4.
2278 4863 2348 4904 860
2378 4860 2676 4917 obsorberi
2711 4864 2760 4915 1.
2837 4867 2904 4902 θοι
2937 4862 2991 4913 in
3012 4859 3350 4931 sequentibus
3375 4859 3517 4927 longe
3540 4851 3741 4924 ᾱίπσωιε

485 4921 556 5014 ἓ.
584 4926 1243 5014 βξίρίεξίᾰξναίξιζ.
1282 4999 1300 5014 θ
1321 4936 1397 5014 ml
1421 4931 1795 5014 congregavit
1822 4935 2008 5014 ‘3..4._
2040 4940 2110 5014 ξοδ
2131 4931 2330 5014 Passio
2361 4930 2664 5014 Lamberti
2681 4930 2891 5014 linitur
2928 4931 3185 5002 praesulis
3215 4931 3363 4987 alm:
3397 4932 3452 4984 in
3477 4925 3684 4994 margine
3702 4920 3741 4972 2ο

482 5005 558 5044 ⁸⁸⁸
581 4997 829 5058 instituit
855 4998 918 5059 Β.
949 5003 1000 5059 1.
1034 5003 1087 5058 2.
1163 5007 1236 5045 ’κ
1259 4999 1400 5058 deest
1418 5005 1476 5060 4.
1533 4997 1626 5047 ’διο
1640 4997 1937 5060 Ἇηᾶοιθιο
1969 5003 2009 5059 Β
2043 5008 2092 5059 1.
2129 5008 2182 5060 2.
2259 5011 2329 5047 δεῖ
2361 5002 2651 5060 Fulcarius
2681 5003 2740 5057 Β.
2785 5006 2837 5059 1.

555 5243 702 5318 (398)
735 5241 863 5300 Vict.
919 5241 1502 5318 $.‘Hubertithtam
1537 5242 1610 5298 ab
1645 5246 1882 5300 auctore
1908 5261 2098 5302 comvo
2201 5251 2328 5303 918.
2406 5317 2410 5318 ν
3263 5315 3288 5318 μ
3336 5315 3374 5318 __
3422 5313 3434 5318 _
3521 5308 3552 5318 η

487 5306 767 5388 κί’ίῐηέω
795 5314 951 5388 ΕΡυά
978 5314 1239 5388 aurium,
1269 5314 1358 5381 νιν
1389 5318 1498 5388 455;,
1571 5385 1595 5388 _
1645 5386 1686 5388 ﬂ
1733 5386 1744 5388 _
2271 5317 2420 5388 (402)
2454 5318 2571 5372 Hoc
2599 5319 2844 5373 testatur
2872 5320 3071 5373 auctor
3085 5315 3224 5370 Vitae
3256 5315 3314 5372 S.
3335 5308 3576 5372 Huberti,
3595 5306 3743 5362 Flore-

561 5385 706 5460 (8'99)
742 5385 999 5460 anhela
1033 5387 1391 5460 praesulatus.
1419 5385 1532 5441 Vit.
1565 5385 1622 5444 S.
1644 5386 1880 5442 Hubert.
2202 5388 2353 5445 berti
2383 5385 2636 5460 aequalis.
2671 5388 2816 5460 Sur.
2841 5390 2882 5446 Ι.
2915 5390 2952 5442 l.
2994 5405 3053 5460 ρ.
3071 5391 3158 5460 52.

583 5457 1241 5540 ἐρρὶὲῖέοξέἔτενῐθδθ·
1446 5529 1474 5540 ,,
1541 5527 1632 5540 ..η
1691 5523 1735 5540 ..
1784 5526 1799 5540 .
1893 5529 1926 5540 ..
1989 5531 2000 5540 .
2268 5457 2854 5540 (ἔρξ’.)ῗίξίλὲοιοξδ·
2904 5457 3348 5540 Mitt-"1:37.7-

591 5512 721 5603 4Qt)
755 5512 870 5603 Cir.
901 5512 1212 5603 materiam
1239 5527 1578 5603 monasterii
1597 5528 1658 5603 _S.
1691 5523 2096 5603 Habertian-
2443 5512 2877 5603 A‘dﬁFulcarium
3274 5512 3646 5603 Tungrensoln
3669 5512 3740 5567 ἀεο

495 5593 855 5672 dalginensis
877 5612 974 5672 ap.
993 5597 1249 5657 Mai-tene
1261 5599 1319 5656 et
1330 5597 1569 5659 Durand
1593 5598 1776 5657 incol.
1804 5598 2077 5675 ampl.Vl,
2201 5593 2287 5658 dit
2303 5593 2613 5675 epistolam
2642 5593 2970 5658 Zacharias'
2985 5593 3138 5675 papa
3163 5599 3316 5657 circa
3344 5593 3534 5656 5575!.
