3960 6182
517 430 646 487 1001

1105 422 1441 483 HERIGERI
1469 423 1552 481 ET
1587 420 1902 483 ANSELMI
1929 422 2150 482 GESTA
2176 422 2393 483 EPlSC.
2425 424 2679 484 TANGR.
2706 429 2891 486 ΤΚΛ).
2926 430 3010 485 ΕΤ
3041 428 3241 487 LEOD.

3607 443 3703 500 l09'2

502 548 662 607 diem
682 545 950 604 mcclesias
968 545 1030 602 in
1053 546 1281 602 honore
1310 549 1525 603 sanctis
1545 546 1727 602 crucis
1741 547 2123 603 fundamenta
2150 554 2206 615 Α
2227 546 2382 611 unde
2414 550 2478 602 15
2508 547 2782 606 fratribus
2799 550 2975 606 victus
3000 553 3061 606 et
3078 549 3300 607 vestitus
3326 551 3498 609 solatia
3548 560 3705 629 pende.

498 638 711 695 ibidem
745 637 935 692 locare
956 634 1199 699 studuit,
1220 635 1571 691 beneficium
1623 636 1780 708 quod
1839 652 1907 690 ex
1962 636 2119 690 dono

500 724 752 798 episcopi
776 725 1032 793 tenebat,
1064 723 1200 781 illuc
1230 724 1561 792 destinavit,
1593 728 1727 779 voto
1759 723 1994 797 insuper
2018 724 2123 778 ad-

506 812 648 869 dens
667 813 927 886 quicquit
970 812 1041 867 de
1093 829 1195 867 suo
1244 813 1334 867 vel
1389 812 1633 867 haberet
1684 813 1774 867 vel
1821 812 2122 867 habiturus

504 904 672 959 esset.
705 901 917 957 Verum
947 900 1045 956 ubi
1075 899 1256 971 impio
1284 900 1415 970 jam
1461 899 1614 955 dicto
1642 900 1932 971 pervasori
1959 915 2120 955 com-

506 994 737 1064 pertum
764 992 851 1045 est
880 1006 948 1045 eo
977 989 1088 1045 loci
1127 987 1359 1044 fundari
1388 987 1732 1057 aecclesiam,
1782 989 1881 1044 ubi
1926 1005 2120 1045 arcem

504 1076 612 1133 sibi
630 1094 777 1133 vana
820 1093 922 1148 spe
953 1077 1210 1132 futuram
1240 1085 1311 1119 οη
1363 1077 1779 1148 spoponderat,
1820 1094 1941 1132 non
1996 1078 2119 1132 sine

506 1166 704 1222 multis
741 1166 989 1239 querelis
1018 1167 1193 1237 atque
1212 1164 1484 1220 conviciis
1513 1165 1760 1220 recurrit
1793 1165 1868 1220 ad
1898 1166 2116 1238 episco-

484 1288 487 1289 ν
504 1270 647 1328 pum
670 1273 687 1321 ;
719 1256 879 1311 illum
902 1253 1159 1327 perﬂdize
1172 1255 1401 1309 accusat
1415 1256 1473 1307 et
1493 1252 1709 1308 fraudis
1726 1254 2117 1309 Alemannicse

505 1344 605 1418 qui
639 1344 991 1400 sententiam
1021 1345 1318 1407 mutasset,
1359 1344 1533 1413 atque
1588 1342 1685 1395 ubi
1714 1342 1833 1414 ipse
1876 1343 2115 1398 domum

504 1433 871 1505 postulasset,
894 1430 975 1486 ibi
1001 1430 1173 1487 fallax
1206 1429 1525 1501 promissor
1544 1430 1861 1485 mcclesiam
1885 1431 2117 1487 fundari

504 1536 643 1576 man
652 1520 860 1578 dasset.
874 1519 1183 1591 Episcopus
1195 1519 1389 1573 autem
1403 1521 1606 1573 contra
1618 1518 1802 1589 magis
1816 1522 1876 1573 ut
1887 1535 2116 1575 morem

506 1610 738 1680 gereret
757 1607 1160 1678 armipotentis
1185 1614 1257 1648 πο
1301 1621 1587 1677 personae,
1620 1622 1796 1678 quam
1832 1606 2115 1662 deservire

516 1698 715 1753 volens
736 1695 1077 1763 falatiaa,diu
1106 1696 1308 1749 manet
1326 1694 1385 1748 in
1417 1694 1831 1750 dissimulando
1884 1696 2007 1766 ejus
2030 1695 2115 1749 rei

522 1784 977 1853 conscientiam;
1026 1786 1198 1855 atque
1244 1782 1316 1838 ad
1357 1782 1821 1838 satisfaciendum
1854 1783 1927 1851 ei,
1958 1784 2120 1855 cujus

484 1874 766 1932 "moribus
793 1874 1046 1929 habebat
1070 1872 1376 1939 deservire,
1402 1872 1461 1926 in
1493 1872 1592 1927 tali
1618 1872 1895 1943 temporis
1918 1889 2116 1928 neces-
2148 1855 2199 1914 Β

506 1964 696 2033 sitate,
728 1963 852 2036 ipso
896 1965 1203 2035 praesente,
1227 1965 1619 2017 memoratum
1664 1962 1925 2017 accersiri
1944 1963 2116 2033 jussit

502 2050 903 2125 praepositum,
926 2051 1065 2123 quid
1102 2052 1307 2118 struat,
1339 2066 1454 2121 qua
1473 2066 1591 2122 spe.
1626 2066 1741 2122 qua
1768 2050 1989 2119 tidntia,
2013 2067 2112 2106 cu-

495 2141 662 2213 jusve
682 2141 846 2212 jussu
875 2141 985 2196 hoc
1015 2139 1254 2211 cmperit
1280 2146 1373 2207 9³⁷,
1421 2156 1538 2194 non
1570 2139 1691 2194 sine
1720 2140 1903 2194 multa
1952 2140 2114 2211 quasi

500 2228 905 2301 indignatione
934 2227 1168 2299 rogitat.
1194 2227 1290 2281 llle
1304 2228 1499 2281 autem
1520 2243 1651 2281 cum
1671 2243 1902 2281 summa
1921 2227 2116 2282 humi-

503 2316 688 2385 litate,
720 2317 879 2372 nullo
904 2313 1250 2371 temeritatis
1276 2313 1600 2385 studio,pro
1628 2314 1837 2370 nullius
1862 2314 1995 2370 odio
2020 2323 2113 2383 σεε,

504 2406 689 2461 immo
743 2404 855 2459 hoc
900 2403 974 2458 ob
1020 2402 1425 2474 Redemptoris
1490 2402 1726 2474 ejusque
1781 2404 2114 2459 reverenda

506 2491 691 2547 crucis
719 2489 1035 2563 impensius
1078 2489 1396 2560 optinenda
1446 2488 1740 2561 suffragia,
1791 2490 1865 2545 ad
1904 2500 1976 2533 989
2004 2491 2114 2546 hoc

499 2595 623 2636 sese
662 2594 788 2634 esse
807 2578 1131 2634 adductum
1152 2577 1486 2649 respondet.
1508 2576 1757 2646 Terram,
1789 2577 1997 2650 inquit,
2021 2577 2115 2633 ibi-

491 2666 557 2724 de
570 2685 627 2723 γη
653 2668 837 2724 inveni
864 2682 1093 2723 vacuam
1105 2683 1207 2737 per
1219 2666 1416 2721 multos
1434 2682 1599 2720 annos
1614 2666 1847 2736 alicujus
1862 2667 2118 2721 utilitatis

504 2758 835 2823 immunem;
867 2757 1040 2811 visum
1094 2760 1169 2809 est
1209 2754 1348 2809 mihi
1414 2753 1562 2809 illam
1618 2755 1869 2811 ecclesiae
1921 2762 2119 2809 sanctae

503 2847 697 2913 erucis,
751 2845 907 2916 cujus
958 2850 1008 2898 et
1029 2843 1389 2914 fundamenta
1431 2851 1637 2897 struere
1684 2844 1834 2913 ccepi,
1886 2845 2121 2898 maxime

454 2988 460 2994 .
505 2951 613 2991 esse
641 2935 908 2991 idoneam.
945 2931 1100 2999 Quod
1128 2932 1179 2987 si
1207 2940 1279 2975 οιο
1328 2931 1484 2986 aliter
1510 2938 1714 3000 vestrae,
1746 2932 1936 2986 domne
1972 2949 2118 3002 prte-

503 3022 612 3093 sul,
643 3022 787 3081 sedet
812 3023 1101 3089 sententiae,
1158 3022 1266 3077 sive
1293 3020 1475 3092 placet
1526 3020 1712 3074 domus
1762 3019 1869 3074 Dei
1916 3020 2118 3090 funda-

2224 637 2445 692 rentur.

2293 747 2383 800 27.
2413 743 2496 797 De
2518 745 2743 799 ecclesiis
2778 748 2958 802 sancti
2980 746 3231 816 Dyonisii
3247 752 3293 800 et
3317 748 3466 801 sancti
3487 749 3707 811 Johannis.

2291 831 2418 887 Alia
2446 832 2854 889 nichilominus
2874 833 3047 906 ipsius
3064 834 3417 890 amminiculo
3441 837 3624 892 condita
3648 844 3710 894 est

2221 921 2462 975 ecclesia
2491 937 2525 976 a
2568 918 2846 977 Nithardo
2902 922 3138 977 custode
3191 922 3408 993 majoris
3446 925 3643 980 ecclesiae
3672 926 3711 981 in

2219 1006 2445 1063 honore
2476 1009 2633 1064 beati
2682 1011 2953 1081 martyris
2981 1008 3251 1082 Dyonisii.
3307 1012 3363 1063 ln
3399 1026 3497 1081 qua
3531 1012 3714 1082 primum

2221 1097 2455 1168 quidem
2489 1101 2558 1153 20
2580 1100 2883 1170 aggregati
2915 1107 2987 1141 Μ
3008 1102 3142 1153 sunt
3167 1099 3431 1165 canonici,
3451 1101 3713 1169 procedente

2219 1200 2355 1240 vero
2375 1190 2640 1258 tempore
2667 1187 2875 1242 additis
2888 1187 3090 1241 decem
3107 1186 3167 1241 in
3185 1187 3715 1259 tricenariumipsorum

2219 1290 2496 1329 numerus
2525 1275 2790 1332 excrevit.
2824 1277 2949 1346 Ipse
2984 1291 3120 1330 vero
3147 1277 3414 1347 praeterea
3434 1291 3520 1329 suo
3546 1276 3717 1330 nomine

2219 1362 2516 1417 ecclesiam
2531 1363 2588 1417 in
2606 1363 2828 1419 honore
2844 1363 2998 1419 beati
3016 1362 3302 1420 Johannis
3314 1361 3623 1434 evangelista
3632 1380 3724 1419 con-

2218 1450 2421 1505 struxit
2447 1454 2584 1520 (457)
2610 1454 2667 1505 et
2693 1451 2995 1520 dedicavit,
3041 1456 3108 1508 30
3142 1452 3345 1505 fratres
3388 1450 3641 1505 canonicos
3674 1451 3722 1503 ad

2216 1537 2580 1593 serviendum
2615 1541 2729 1593 Deo
2758 1539 3065 1606 ordinavit,
3090 1539 3299 1594 fundos
3337 1555 3369 1593 a
3392 1556 3446 1594 se
3488 1537 3727 1609 adquisitus

2218 1626 2372 1680 unde
2399 1626 2687 1681 sufficiens
2716 1627 2824 1682 illis
2848 1627 3026 1682 victus
3075 1631 3134 1682 et
3160 1628 3388 1682 vestitus
3431 1630 3572 1691 esset,
3599 1625 3727 1694 depu-

2217 1712 2376 1780 tavit,
2410 1730 2729 1787 corpusque
2759 1732 2953 1783 suum,
2985 1715 3141 1787 quod
3170 1718 3231 1770 et
3257 1715 3462 1770 factum
3492 1713 3728 1777 cernimus,

2218 1800 2435 1857 ibidem
2452 1804 2683 1876 sepeliri
2710 1804 3027 1859 mandavit.

2216 1928 2284 1983 28
2338 1934 2430 1984 ³⁸⁷.
2504 1925 2719 1993 Quanta
2786 1927 2873 1983 illi
2920 1946 3047 2005 cura
3094 1943 3227 2000 erga
3273 1926 3548 1984 educandos
3588 1942 3731 1997 pueros

2926 2017 3114 2085 fuerit.

2286 2138 2529 2194 Maxima
2555 2139 2636 2194 illi
2683 2140 2833 2194 circa
2863 2140 3191 2195 educandos
3224 2156 3426 2213 pueros
3453 2142 3562 2194 erat
3584 2137 3740 2192 sollici-

2214 2225 2377 2293 tudo,
2402 2226 2759 2299 eosdemque
2789 2243 2922 2282 cum
2952 2228 3363 2284 tecclesiasticis
3392 2225 3657 2296 disciplinis
3680 2223 3740 2276 in-

2216 2314 2541 2381 struendos,
2588 2315 2732 2370 adeo
2793 2318 2857 2370 ut
2901 2332 3271 2389 quocumque
3322 2316 3404 2370 vel
3452 2314 3517 2369 ad
3548 2312 3746 2385 proxima

2218 2401 2305 2455 vel
2336 2400 2409 2455 ad
2437 2400 2715 2473 loginqua
2745 2403 2872 2458 loca
2902 2402 3053 2475 (458)
3084 2406 3374 2475 pergeret,
3410 2402 3626 2456 scolares
3646 2398 3746 2453 ado-

2217 2490 2521 2557 lescentes,
2544 2489 2642 2561 qui
2666 2489 2764 2544 uni
2790 2506 2859 2545 ex
2908 2492 3224 2563 capellanis
3258 2491 3360 2545 sub
3398 2489 3649 2546 artissima
3666 2502 3749 2540 non

2220 2576 2388 2631 aliter
2417 2593 2594 2649 quam
2627 2578 2685 2633 in
2726 2578 2893 2633 scolis
2933 2583 3212 2650 parerent
3261 2577 3561 2651 disciplina,
3606 2589 3749 2630 secum

2222 2665 2480 2733 duceret,
2506 2682 2758 2737 cumque
2800 2666 2891 2721 his
2919 2666 3203 2721 librorum
3266 2666 3484 2738 copiam
3516 2668 3753 2733 ceteraque

2221 2770 2386 2808 arma
2410 2754 2654 2809 scolaria
2678 2754 3036 2809 circumferri
3066 2755 3305 2810 faceret.
3335 2754 3528 2825 Sicque
3553 2751 3695 2805 ﬁebat
3712 2752 3753 2802 ut

2220 2858 2365 2913 quos
2394 2844 2738 2915 plerumque
2768 2843 2939 2897 rudes
2959 2847 3017 2898 et
3044 2843 3351 2899 illiteratos
3375 2859 3409 2898 a
3447 2843 3659 2897 claustro
3683 2836 3756 2891 ab-

2222 2930 2493 2999 duxisset,
2525 2936 2583 2986 et
2607 2932 2759 3002 ipsos
2789 2949 2937 3004 quos
2964 2932 3122 3005 prius
3147 2932 3453 3005 magistros
3477 2929 3755 2986 habuerant.

2222 3018 2281 3074 in
2299 3020 2621 3075 litterarum
2649 3020 3002 3092 perfectione
3016 3022 3328 3077 redeuntes
3349 3013 3756 3091 superarent.Sed

508 3118 691 3168 menta
738 3114 795 3165 in
824 3110 1143 3181 praedonum
1189 3111 1508 3165 commutari
1543 3109 1836 3178 refugium,
1881 3109 1964 3163 nil
2007 3126 2123 3163 mea
2155 3113 2423 3172 Cvereor
2453 3125 2525 3162 ne
2552 3109 2955 3181 hujuscemodi
2980 3127 3040 3165 se
3083 3113 3363 3165 tueantur
3390 3108 3648 3178 exemplo,
3691 3100 3758 3174 qui

513 3200 760 3256 intererit
779 3207 848 3242 ἰι
874 3200 1022 3254 bona
1045 3197 1367 3266 voluntatis;
1398 3199 1447 3251 si
1472 3214 1578 3268 qua
1608 3203 1682 3250 est
1710 3212 1776 3252 ea:
1795 3214 1898 3266 me,
1928 3215 2121 3252 merces

504 3288 650 3346 milii
674 3306 708 3344 a
738 3287 852 3343 Deo
872 3304 979 3342 non
1006 3286 1190 3341 deerit.
1224 3284 1292 3340 Si
1315 3286 1431 3356 quis
1469 3291 1648 3341 autem
1697 3302 1763 3339 ne
1798 3284 1908 3339 haec
1937 3284 2119 3340 a'ccle-

504 3378 598 3433 siae
618 3378 676 3430 in
702 3376 897 3431 honore
919 3375 1027 3429 Dei
1051 3378 1443 3428 consummetur
1468 3381 1539 3413 οη
1567 3371 2007 3443 obstiterit,super
2022 3374 2119 3427 hoc

496 3471 706 3535 peccati
734 3464 988 3517 immunis
1010 3462 1176 3531 [esse]
1204 3477 1310 3515 non
1324 3462 1544 3531 poterit.
1566 3460 1822 3515 Audiens
1848 3461 1959 3515 hoc
1997 3460 2119 3533 epi-

504 3567 730 3624 scopus,
753 3552 880 3621 jam
894 3549 1091 3605 sedato
1115 3550 1292 3617 vultu,
1319 3547 1480 3619 quasi
1507 3547 1654 3602 iram
1668 3548 1994 3620 reprimens
2014 3566 2026 3604 :
2046 3548 2120 3605 Si

505 3640 635 3713 quid
659 3639 829 3708 aliud,
861 3638 1072 3711 inquit,
1101 3637 1175 3692 ibi
1199 3638 1448 3708 cepisses,
1492 3654 1592 3707 pro
1617 3643 1757 3691 certo
1795 3637 1850 3691 id
1906 3638 2116 3708 frustra

506 3735 655 3798 esset,
702 3727 932 3800 ﬁdesque
961 3728 1133 3781 amico
1177 3726 1460 3797 promissis
1508 3725 1818 3779 inconvulsa
1860 3733 2115 3782 maneret.

504 3817 590 3873 At
617 3832 761 3874 nunc
794 3814 1227 3889 quandoquidem
1270 3814 1507 3869 salvator
1542 3816 1712 3869 crucis
1767 3831 1877 3869 suae
1922 3814 2115 3869 vexillo

505 3907 646 3963 hunc
694 3906 865 3963 locum
909 3922 1011 3977 per
1064 3912 1112 3958 te
1157 3903 1429 3960 destinare
1488 3903 1675 3966 voluit,
1724 3902 1865 3975 quod
1915 3905 2121 3974 cepisti

514 3997 882 4052 inconcussum
952 3992 1400 4061 conservabimus,
1450 3994 1611 4046 immo
1658 4008 1776 4063 quan
1815 3993 2117 4063 poterimus

503 4083 867 4156 supplementa
890 4081 1363 4154 suppeditabimus.
1394 4080 1674 4152 Injuriam
1699 4098 1928 4153 namque
1958 4080 2119 4137 Crea-

506 4175 616 4230 tori
654 4172 964 4243 infcrimus,
1004 4173 1053 4226 si
1090 4170 1393 4243 posthabito
1442 4178 1513 4212 οη
1543 4186 1600 4224 eo
1667 4178 1738 4212 9N
1768 4186 1911 4241 spem
1964 4187 2118 4224 vanae

502 4262 696 4318 salutis
721 4264 779 4317 in
829 4263 1003 4318 armis
1030 4261 1306 4315 hominum
1324 4260 1676 4331 pomerimus.
1725 4261 1809 4314 Ita
1856 4260 2114 4331 profecto

504 4349 671 4405 dolus
692 4349 815 4421 ejus
844 4346 943 4421 qui
965 4350 1092 4420 jam
1118 4348 1325 4421 rapina
1353 4348 1538 4403 animi
1566 4351 1896 4420 pervaserat
1917 4349 2115 4403 aeccle-

2221 3196 2569 3251 cscolaribus
2602 3197 2705 3252 alis
2734 3197 2793 3252 in
2827 3197 3011 3252 curias
3061 3215 3272 3270 regum
3328 3202 3386 3253 et
3429 3197 3761 3268 episcoporum

2222 3288 2474 3356 querunt
2487 3300 2649 3339 erum
2658 3285 3042 3357 pere,et,disci
3047 3287 3223 3358 plina:
3228 3288 3251 3357 j
3262 3302 3438 3359 ugum
3451 3282 3764 3339 detrectantes

2218 3371 2435 3427 levitati
2450 3372 2712 3428 animum
2728 3372 2867 3429 dare
2883 3374 3417 3447 contendunt,quos
3431 3389 3534 3445 ego
3547 3379 3610 3414 θη
3621 3367 3765 3425 felices

2211 3460 2619 3532 judicaverim,
2643 3461 2687 3516 si
2712 3461 2771 3517 in
2797 3463 2955 3517 nullo
2973 3462 3043 3517 ab
3066 3462 3231 3518 istius
3261 3461 3506 3534 exempli
3530 3456 3766 3529 disciplina

2220 3548 2842 3606 exorbitaverint.Nam
2861 3551 2908 3605 si
2938 3567 3092 3606 nunc
3118 3552 3402 3625 temporis
3443 3550 3588 3605 inter
3607 3541 3765 3615 strepi-

2219 3640 2309 3693 tus
2338 3637 2628 3693 curiarum
2659 3638 2850 3694 studia
2896 3639 3184 3695 bonarum
3217 3642 3441 3696 arcium
3486 3640 3614 3693 haut
3652 3647 3767 3688 secus

2218 3743 2398 3799 quam
2422 3728 2482 3781 in
2503 3728 2733 3782 claustri
2755 3736 2825 3770 N9
2864 3729 3055 3801 quiete
3077 3730 3408 3785 constiterit
3428 3723 3680 3791 valere,de
3703 3735 3765 3774 ne

2218 3815 2468 3871 missiOri
2498 3816 2572 3871 ad
2598 3816 2883 3872 arciorem
2932 3817 3188 3873 discendi
3222 3818 3379 3874 viam
3412 3834 3527 3873 non
3549 3824 3769 3885 negamus

2217 3904 2509 3960 convolari
2533 3904 2764 3960 debere.
2800 3904 2898 3961 Sin
2930 3909 3124 3960 autem
3138 3907 3318 3977 longe
3336 3909 3422 3961 est
3444 3921 3531 3961 res
3545 3920 3574 3957 e
3591 3903 3769 3956 contra-

2217 3992 2326 4062 rio,
2358 3994 2540 4048 immo
2569 3993 2705 4064 quia
2734 4002 2808 4036 πο
2838 3996 2946 4056 est,
2999 4000 3182 4049 cesset
3234 3996 3390 4049 ultra
3439 3993 3627 4049 lasciva
3671 3988 3770 4042 tetas

2216 4080 2390 4136 falsas
2405 4079 2656 4136 instabili
2666 4081 2769 4137 tati
2782 4098 2898 4136 suae
2916 4097 3113 4137 causas
3126 4079 3642 4153 praetendere,quia
3656 4070 3769 4146 quod

2217 4170 2278 4226 in
2310 4170 2729 4243 tranquillitate
2758 4170 2988 4226 claustri
3019 4172 3299 4243 neglexit,
3332 4187 3531 4227 verum
3560 4171 3636 4223 est
3658 4158 3771 4236 quod

2217 4274 2588 4331 nequaquam
2602 4258 2661 4312 in
2677 4259 3081 4314 tumultuantis
3099 4260 3279 4315 seculi
3293 4260 3520 4315 turbine
3535 4253 3687 4328 possit
3707 4265 3770 4303 as-

2217 4348 2400 4420 sequi,
2419 4363 2712 4419 quamque
2735 4356 2804 4389 οδί
2833 4364 2866 4403 o
2888 4348 2934 4402 si
2961 4347 3170 4403 nostris
3191 4347 3554 4420 temporibus
3576 4347 3681 4399 tam
3701 4355 3774 4393 alr

499 4436 1115 4506 siastica,laudabiliter
1141 4436 1278 4493 satis
1305 4436 1631 4508 splendida,
1655 4436 1973 4492 admodum
1997 4453 2115 4492 non
2138 4477 2191 4536 Β
2217 4452 2317 4491 rea
2344 4438 2579 4508 possent
2591 4436 2845 4491 revocari
2875 4437 3086 4504 secula,
3110 4440 3173 4491 ut
3200 4438 3264 4492 in
3291 4436 3523 4509 capellis
3550 4439 3653 4488 tam
3690 4428 3770 4482 im-

474 4524 728 4589 .fraude,
758 4525 1159 4581 sedindustria
1190 4525 1477 4598 pontificis
1504 4525 1907 4597 compescitur.
1956 4525 2113 4579 [Edi-

500 4614 698 4670 flcium
722 4614 990 4670 mcclesia:
1023 4630 1153 4669 cum
1185 4615 1432 4668 claustro
1464 4616 1521 4668 et
1550 4617 1820 4685 congruis
1846 4629 1952 4685 pro
1984 4615 2111 4669 loco

501 4703 750 4761 ofﬁcinis
770 4706 1218 4760 consummatur
1246 4710 1318 4745 οιι
1330 4702 1651 4775 eademque
1674 4701 1733 4756 in
1754 4702 1977 4758 honore
1988 4719 2116 4758 san-

499 4796 609 4852 θιω
636 4794 820 4852 crucis
861 4792 1151 4860 dedicata,
1202 4791 1360 4865 agris
1420 4794 1478 4848 et
1534 4790 1773 4848 decimis
1819 4791 2108 4861 donatur;

2216 4525 2500 4598 peratoris
2522 4541 2704 4597 quam
2718 4524 3122 4598 episcoporum
3153 4526 3238 4581 nil
3262 4526 3451 4599 magis
3467 4520 3774 4597 appeteretur

2215 4630 2394 4687 quam
2422 4630 2555 4668 cum
2588 4613 2913 4669 litterarum
2931 4613 3117 4668 studio
3144 4631 3385 4670 morum
3410 4604 3772 4683 disciplinast.“

2215 4719 2368 4758 nunc
2398 4701 2535 4775 quia
2554 4709 2626 4745 9⁸³
2654 4702 2830 4774 longe
2872 4717 2965 4757 res
2989 4706 3075 4757 est
3103 4706 3447 4773 contra,nos
3489 4711 3693 4775 quoque
3716 4688 3770 4749 ad

2213 4795 2480 4847 nostmm
2509 4790 2835 4847 Notkerum
2872 4794 3260 4850 revertamur.

1820 4917 2051 4975 VARUE
2109 4917 2398 4975 LECTION
2407 4917 2508 4976 ES.

573 5035 645 5071 ⁸³⁸
673 5027 814 5085 deest
852 5030 904 5084 3.
937 5031 993 5083 4.

501 5106 576 5142 ἰο
602 5099 743 5155 deest
765 5102 816 5159 1.
847 5103 901 5155 2.
936 5102 990 5156 3.

1103 5025 1518 5098 marmipotis
1569 5029 1619 5083 1.
1669 5031 1722 5083 2.
1776 5030 1828 5082 3.

1100 5106 1171 5141 οη
1193 5097 1393 5153 interit
1415 5102 1461 5153 1.
1482 5103 1537 5155 2.
1560 5101 1612 5152 3.

1022 5249 1094 5283 m
1121 5240 1344 5295 clustris
1375 5243 1425 5310 1,
1456 5243 1513 5307 2,
1545 5242 1598 5294 3.
1712 5247 1784 5282 οδο
1815 5239 1971 5312 quod
2002 5239 2059 5299 4.

468 5246 556 5299 1.
598 5259 739 5317 ergo
765 5246 822 5314 2,
854 5246 906 5300 3.

1947 5033 2019 5069 ουτ
2068 5024 2306 5097 cceperit
2350 5031 2399 5080 1.
2432 5030 2487 5084 2.

1729 5106 1801 5139 Μ
1830 5100 2334 5152 consummaretur
2360 5099 2416 5153 4.

499 5173 775 5229 omissum.
853 5178 925 5213 οιι
954 5168 1369 5225 conﬂrmaatur
1391 5172 1444 5224 4.
1522 5177 1593 5211 οιο
1606 5168 1912 5224 duodecim
1933 5168 2267 5241 congregati
2287 5171 2340 5237 3,
2370 5170 2425 5223 4.
2537 5176 2605 5210 οιτ
2626 5168 2704 5224 det

505 5246 556 5299 1.
598 5259 739 5312 ergo
765 5246 822 5312 2,
854 5246 906 5300 3.
1022 5249 1094 5283 N9
1121 5240 1344 5295 clustris
1375 5243 1425 5310 1,
1456 5243 1513 5307 2,
1545 5242 1598 5294 3.
1712 5247 1784 5282 οδο
1815 5239 1971 5312 quod
2002 5243 2059 5299 4.
2169 5247 2239 5284 ⁸⁸1
2281 5255 2639 5312 quamquam
2669 5244 2704 5297 4

2597 5034 2669 5070 οδε
2695 5026 2883 5084 studio
2905 5043 3041 5085 corr.
3076 5022 3209 5084 odio
3234 5033 3286 5086 l.
3400 5036 3470 5071 ’θ’
3498 5023 3565 5082 ab
3598 5027 3643 5079 1.
3668 5022 3711 5076 2.
3730 5016 3771 5070 3.

2525 5104 2596 5139 οη
2637 5106 2706 5174 ξιι
2738 5099 2941 5174 ejus}.
2973 5103 3022 5174 2.
3058 5104 3262 5174 3._p98t
3290 5116 3469 5174 υᾳςευι
3497 5086 3773 5174 dans/ib?

2537 5176 2605 5210 9‘7
2626 5163 2835 5227 deest'2.
2852 5168 3082 5225 Omnino
3102 5163 3287 5241 differt
3316 5170 3417 5231 σιι.
3524 5174 3589 5211 ⁸⁸⁸
3613 5163 3675 5220 πῖ
3697 5163 3773 5215 δι’

2537 5256 2639 5296 .am
2669 5244 2725 5297 4.
2838 5249 2909 5284 οδε
2932 5240 3085 5314 quod
3118 5244 3179 5298 4.

2042 5406 2272 5465 NOT1E.

569 5515 1151 5583 (457)]!onasterium
1182 5514 1241 5571 S.
1282 5513 1522 5570 Joannis
1551 5512 1611 5570 in
1662 5514 1854 5570 Insula
1891 5513 2115 5570 noviter

496 5592 635 5659 ante
665 5586 954 5659 civitatem
983 5586 1447 5659 constructumin
1465 5586 1768 5659 privilegio
1783 5585 2113 5658 Ottonislll,

501 5657 595 5729 die
624 5661 657 5717 9
678 5657 1004 5735 April.997,
1035 5659 1171 5717 dato
1214 5658 1430 5731 legitur
1449 5657 1808 5730 {Chape'avn
1842 5659 1887 5727 Ι,
1913 5660 2038 5715 210.

2290 5512 2443 5590 (458)
2473 5515 2641 5590 Anno
2700 5518 2975 5590 987£_l_e.qg.
3016 5516 3267 5590 Romam
3313 5517 3444 5590 iter,
3472 5513 3616 5590 fecit.
3645 5513 3770 5590 Aug.

2211 5579 2519 5715 iIl.)a;3bie'ns.
2550 5587 2723 5657 Mon.,
2755 5588 2842 5648 ιν.
2878 5579 2992 5645 Ci‘r.
3017 5590 3143 5645 Vita
3166 5588 3227 5647 S.
3283 5585 3591 5654 Adalberti,
3625 5597 3670 5638 c.
3693 5579 3768 5646 22,
