3960 6174
219 389 332 448 1093

423 551 514 604 29.
547 546 728 614 Quiet
754 546 933 620 quales
956 545 1050 602 sub
1073 563 1129 603 eo
1155 546 1449 602 coaluerint
1480 552 1571 599 οδε.

273 693 398 746 Cum
419 690 492 745 ad
513 690 808 744 honorem
843 689 1112 744 acclesia
1138 706 1250 742 sua
1278 692 1400 742 tam
1429 686 1737 757 diligenter
1750 688 1808 739 et

213 780 466 851 ingenuos
481 781 538 832 et
551 794 652 832 eos
674 777 775 848 qui
798 779 986 832 essent
1002 794 1069 831 ex
1083 776 1239 830 ﬁdeli
1262 775 1488 830 familia
1509 773 1777 828 acclesia
1789 813 1805 840 ,

212 882 428 940 quorum
447 867 768 920 nonnullos
799 881 930 937 sepe
972 881 1005 919 a
1038 864 1474 936 pragnantibus
1505 863 1681 916 etiam
1710 877 1804 915 cx-

211 955 524 1026 postulasset
545 953 858 1020 matribus,
894 956 1012 1007 tam
1038 952 1352 1024 diligenter
1400 951 1638 1006 alendos
1686 965 1806 1004 esse

211 1045 460 1107 censeret,
485 1044 626 1095 tunc
640 1040 890 1095 aliarum
909 1039 1320 1095 nichilominus
1351 1037 1499 1092 filios
1524 1036 1805 1093 acclesia-

211 1146 340 1196 rum,
358 1130 451 1200 qui
470 1129 580 1184 sibi
595 1128 916 1184 astudiosis
936 1124 1808 1195 committerenturcoepiscopis

211 1219 306 1273 sive
349 1217 711 1289 parentibus,
755 1220 1052 1288 gratanter
1108 1215 1471 1287 suscipiebat.
1534 1213 1806 1284 Multique

210 1309 410 1361 tantam
433 1304 586 1376 apud
606 1319 746 1358 eum
768 1305 884 1359 Deo
909 1305 1164 1358 donante
1185 1303 1426 1357 assecuti
1456 1305 1588 1355 sunt
1615 1301 1804 1370 perfe-

213 1393 467 1460 ctionem,
491 1395 556 1446 ut
586 1391 790 1447 idonei
815 1394 1068 1446 rectores
1101 1391 1307 1445 ﬁerent
1337 1390 1687 1445 animarum.
1733 1391 1808 1443 Ex

211 1481 307 1536 illis
324 1481 476 1536 enim
509 1480 714 1535 multa
752 1480 1019 1535 acclesia
1051 1495 1109 1533 se
1141 1478 1347 1549 gavisa
1387 1481 1521 1532 sunt
1550 1481 1810 1549 pastores

211 1569 427 1636 habere,
451 1585 704 1641 quarum
753 1567 1186 1638 Salzburgensis
1225 1566 1487 1621 acclesia
1515 1565 1807 1636 archiepi-

211 1674 430 1730 scopum
451 1656 709 1711 habebat
737 1659 1079 1722 Gunterum,
1097 1654 1526 1710 Cameracensis
1557 1655 1700 1708 duos
1726 1654 1808 1708 al-

213 1750 388 1800 terum
443 1746 608 1800 alteri
652 1745 1078 1811 succedentem,
1131 1743 1533 1798 Ruothardum
1568 1743 1722 1814 (459)
1753 1746 1811 1797 et

1042 379 1344 444 ANSELMI
1387 375 1608 441 GESl‘A
1652 383 2139 440 EPlSCOPORUM
2179 383 2666 445 LEODlENSlUH.

3385 400 3520 466 £09}

1828 509 1886 568 Α
1906 506 2158 562 Boemia
2178 507 2470 564 civitatem
2489 509 2882 578 transmissus,
2926 527 3059 569 cum
3090 516 3375 574 nonnulla
3399 518 3506 576 ibi-

1911 593 2046 648 dem
2075 594 2414 652 Christianae
2445 597 2747 670 religionis
2776 601 3129 658 documenta
3153 603 3422 675 dedisset,
3443 609 3517 665 ad

1911 698 2017 736 nos
2041 699 2174 738 cum
2209 685 2461 740 maximo
2485 687 2708 742 honore
2740 691 3034 744 remeavit.
3052 689 3205 747 Multi
3231 700 3516 764 praterea

1909 774 2014 826 sub
2040 776 2204 828 tanto
2239 778 2399 845 patre
2436 776 2694 845 enutriti,
2736 779 3021 849 religione
3056 783 3114 834 et
3144 781 3344 837 studiis
3375 784 3518 840 libe-

1909 859 2124 914 ralibus
2146 861 2369 916 diversa
2395 863 2751 920 illustravere
2784 868 2933 933 loca,
2962 883 3094 922 cum
3118 869 3174 923 in
3193 887 3294 925 suo
3308 880 3379 914 959
3393 873 3517 945 qui-

1911 949 2047 1002 dem
2061 951 2186 1003 loco
2204 949 2462 1022 quicquit
2475 951 2652 1007 ubivis
2664 954 2835 1008 studii
2850 956 2938 1008 vel
2951 957 3245 1028 religionis
3266 961 3520 1030 esset,vi-

1911 1052 2052 1106 gere
2081 1037 2526 1095 adlaboraverit.
2549 1041 2706 1096 ldem
2738 1044 3011 1112 prudenti
3039 1046 3275 1103 consilio
3295 1050 3518 1120 praedia

1911 1125 2185 1180 acclesia
2206 1127 2263 1180 in
2283 1130 2398 1182 tres
2412 1136 2482 1170 96°
2505 1145 2699 1200 aquas
2715 1131 3021 1202 porciones
3035 1133 3239 1202 divisit,
3267 1152 3515 1208 quarum

1913 1229 2092 1267 unam
2106 1213 2220 1267 suis
2243 1217 2300 1268 et
2336 1232 2727 1271 successorum
2762 1218 2973 1286 usibus,
3007 1221 3514 1281 alteramDeoser-

1911 1301 2197 1356 vientibus
2227 1318 2332 1373 per
2369 1303 2649 1358 acclesias
2669 1307 2724 1358 et
2745 1308 3232 1376 permonasteria,
3273 1312 3514 1367 terciam

1910 1388 1998 1442 his
2026 1389 2121 1460 qui
2162 1391 2437 1447 miliciam
2468 1395 2804 1447 exercerent
2846 1395 3144 1450 concessit.
3196 1396 3512 1472 Multosque

1910 1477 2132 1532 consilii
2160 1482 2218 1533 et
2246 1479 2536 1534 bonarum
2567 1480 2785 1535 arcium
2799 1480 3365 1540 studiisinformatos
3383 1486 3514 1542 vita

1911 1568 1972 1620 et
1997 1566 2344 1622 moralitatis
2364 1585 2480 1623 sua
2511 1567 2832 1622 imitatores
2854 1569 3112 1640 reliquit,
3142 1571 3242 1642 qui
3273 1590 3416 1644 quas
3445 1583 3514 1618 σοι

1909 1653 2102 1708 videre
2129 1654 2342 1709 noticia
2373 1654 2786 1726 discipulorum
2821 1655 2892 1710 de
2923 1657 3185 1728 magistri
3226 1661 3519 1732 elegantia

1912 1758 2284 1814 nequaquam
2314 1741 2454 1797 sinit
2480 1741 2765 1796 dubitare.

223 1834 550 1889 Eclewinum
577 1843 649 1876 95‘
678 1834 828 1903 (460)
857 1831 1251 1887 Wirdunensis
1282 1832 1650 1898 Heimonem,
1677 1831 1810 1885 Tul-
1831 1822 1882 1881 Β
1984 1829 2236 1897 30014οά
2248 1830 2400 1886 mitis
2411 1831 2580 1899 fuerit
2592 1831 2901 1898 humilibus,
2918 1833 3167 1889 terribilis
3185 1838 3444 1908 superbis.

215 1923 372 1977 lensis
397 1922 765 1989 Hezelonem,
788 1920 1164 1992 Trajectensis
1188 1920 1579 1988 Adeboldum,
1609 1921 1744 1975 licet
1775 1939 1810 1976 a

1985 1918 2114 1973 Erat
2141 1918 2300 1974 enim
2331 1918 2684 1989 pauperibus
2713 1919 2890 1986 mitis,
2922 1923 3205 1992 superbis,
3241 1926 3516 1991 divitibus

220 2011 394 2066 multis
419 2014 709 2083 praeterea
738 2026 855 2064 non
874 2009 1172 2081 episcopis,
1195 2008 1292 2080 qui
1319 2010 1583 2064 similiter
1608 2010 1711 2064 sub
1740 2026 1807 2064 eo

223 2100 567 2165 coaluissent,
587 2099 1033 2170 quamplurima
1059 2101 1330 2152 correcta
1359 2103 1494 2152 sunt
1510 2099 1804 2154 acclesiae.

222 2189 285 2242 Ex
300 2188 496 2260 quibus
511 2186 817 2242 Durandus
833 2194 1032 2256 postea
1051 2188 1246 2240 noster
1264 2186 1566 2258 episcopus
1591 2188 1810 2241 Baven-

221 2275 538 2347 bergensem
569 2283 644 2317 9⁵⁵
673 2274 988 2329 acclesiam
1015 2273 1313 2344 religionis
1343 2278 1401 2328 et
1422 2275 1646 2330 arcium
1671 2275 1810 2330 libe-

222 2364 408 2418 ralium
424 2363 729 2435 disciplina
739 2361 1060 2429 illustravit,
1078 2361 1346 2416 Otbertus
1362 2378 1494 2417 cum
1518 2363 1808 2434 aliquibus

221 2452 333 2508 aliis
353 2469 543 2508 secum
561 2452 702 2506 hinc
727 2451 985 2506 abductis
996 2451 1176 2506 vitam
1188 2452 1543 2522 Aquensium
1566 2453 1806 2508 clerico—

221 2555 358 2608 rum,
383 2540 732 2612 perneciosa
757 2539 1024 2611 contagio
1062 2539 1306 2595 licentiae
1334 2544 1490 2596 retro
1523 2541 1805 2613 deprava-

221 2630 350 2696 lam,
368 2629 436 2683 ad
449 2631 711 2684 sanctam
722 2627 1034 2698 religionis,
1052 2627 1111 2683 in
1130 2631 1415 2698 quantum
1432 2629 1641 2702 potuit,
1667 2647 1802 2686 nor-

226 2732 368 2771 mam
392 2717 666 2772 reducere
687 2715 907 2770 studuit
924 2723 1014 2768 m.
1049 2715 1196 2778 Quid
1225 2716 1412 2771 dicam
1437 2717 1508 2772 de
1522 2718 1806 2790 llupaldo,
1910 2714 2087 2779 urbis,
2121 2713 2454 2783 pariterque
2483 2710 2829 2780 imperator,
2882 2713 3045 2768 tanto
3078 2714 3301 2772 honore
3349 2719 3526 2779 duxe-

227 2806 331 2876 qui,
357 2806 488 2860 dum
520 2804 980 2860 adolescentulus
1014 2821 1048 2858 a
1094 2804 1296 2859 scolari
1332 2805 1634 2878 disciplina
1674 2807 1810 2862 hinc
1913 2805 2048 2857 runt
2070 2810 2140 2842 πί
2163 2804 2227 2856 ut
2256 2801 2400 2855 alter
2424 2815 2651 2864 eorum,
2705 2815 2858 2870 papa
2887 2800 3170 2872 videlicet,
3204 2804 3263 2859 in
3296 2807 3528 2883 diccep-

227 2892 541 2964 aufugisset,
570 2891 819 2947 Parisius
848 2891 1022 2960 venit,
1054 2891 1344 2947 canonicis
1371 2896 1584 2948 sancta
1624 2895 1810 2951 Geno-
1915 2889 2230 2944 tationibus
2259 2888 2569 2960 prasulum
2592 2885 3016 2956 Cisalpinorum
3041 2890 3163 2946 vice
3183 2909 3285 2949 sua
3310 2912 3525 2969 seque-

227 2980 354 3036 vefa
371 2980 602 3050 virginis
635 2979 880 3046 adhesit,
909 2979 968 3034 in
988 2979 1146 3034 brevi
1177 2981 1359 3036 multo
1391 2981 1699 3037 scolarium
1722 2983 1811 3038 in-
1915 2981 2098 3032 strum
2126 2977 2297 3048 (462),
2329 2992 2463 3046 sepe
2489 2991 2610 3030 esse
2641 2973 2898 3045 jusserit,
2939 2976 3260 3050 imperator
3289 2999 3426 3039 vero
3458 2988 3518 3044 in

231 3069 452 3162 struxit?
483 3069 585 3124 Ubi
613 3084 746 3162 cum
773 3067 1126 3162 aliquamdiu
1169 3074 1519 3139 moraretur,
1574 3071 1810 3128 interim
1835 3103 1882 3162 Ο
1917 3065 2291 3162 disponendis
2339 3063 2784 3162 regni-negotiis
2813 3063 3072 3162 primum
3095 3068 3388 3128 habuerit.
3421 3075 3524 3133 Hic

229 3155 896 3212 videlicetcumadomno
916 3156 1169 3212 Notkero
1189 3157 1456 3230 episcopo
1473 3159 1811 3229 nesciretur,
1840 3152 1882 3162 “”
1920 3152 2066 3208 tanti
2100 3153 2326 3208 habitus
2380 3152 2750 3221 extrinsecus,
2797 3152 2924 3208 talis
2971 3159 3096 3211 erat
3123 3157 3394 3230 interius,
3423 3166 3523 3236 qui

223 3242 451 3299 tandem
479 3243 758 3300 canonica
784 3244 1122 3315 episcopalis
1152 3247 1455 3302 sententia
1474 3249 1814 3304 executione
1920 3258 2244 3313 numquam
2272 3257 2380 3297 nec
2407 3240 2467 3296 in
2493 3257 2552 3295 se
2579 3249 2650 3283 ⁵⁸³
2680 3257 2786 3296 nec
2816 3241 2875 3296 in
2909 3243 3034 3300 aliis
3054 3245 3397 3306 familiarius
3417 3253 3527 3310 sibi

228 3334 538 3404 compulsus
559 3337 646 3388 est
672 3332 894 3400 redire;
948 3332 1353 3405 digressusque
1407 3335 1564 3403 inde,
1616 3354 1814 3408 prose-
1920 3329 2334 3386 adherentibus
2348 3329 2567 3401 torpori
2581 3331 2774 3386 locum
2794 3347 2916 3386 esse
2949 3334 3213 3405 voluerit,
3246 3337 3382 3395 dum
3404 3340 3526 3414 ipse

228 3422 516 3492 quentibus
529 3438 666 3477 eum
681 3437 814 3476 cum
828 3422 1010 3476 multo
1032 3422 1172 3476 ﬂetu
1205 3423 1404 3478 amicis
1425 3423 1485 3478 in
1515 3425 1674 3480 brevi
1707 3426 1816 3483 sibi
1921 3435 2054 3476 cum
2085 3419 2309 3474 clericis
2339 3419 3364 3492 evolvendisatqueiterandisdivina
3379 3429 3528 3488 Scri-

229 3509 739 3579 conciliatis,studii
761 3517 830 3551 957
849 3511 908 3563 et
927 3508 1271 3564 moralitatis
1288 3513 1571 3566 nonnulla
1596 3513 1816 3568 ibidem
1921 3511 2107 3581 plura
2135 3509 2364 3580 paginis
2393 3507 2809 3579 jocundissime
2836 3508 3116 3584 intentus,
3147 3514 3316 3572 laicos
3346 3517 3532 3576 nichi-

231 3597 448 3670 reliquit
473 3598 729 3668 vestigia.
763 3597 1018 3668 Contigit
1047 3600 1244 3652 autem
1299 3614 1418 3653 non
1475 3601 1658 3655 multo
1690 3605 1820 3672 post
1923 3597 2180 3652 lominus
2210 3598 2627 3666 adolescentes,
2656 3598 2861 3670 quibus
2887 3601 3110 3656 alendis
3142 3621 3244 3660 sua
3268 3623 3530 3667 seorsum

233 3684 529 3741 Notkerum
551 3685 906 3758 episcopum,
931 3684 1343 3740 utconciliaret
1357 3685 1645 3742 amicicias
1666 3689 1820 3744 inter
1925 3690 2052 3741 erat
2076 3685 2401 3758 disciplina,
2436 3687 2594 3740 atati
2617 3687 2871 3742 etordini
2891 3705 2992 3744 suo
3016 3695 3285 3763 congruis
3315 3699 3533 3758 artibus

235 3771 574 3847 Rquertum
605 3775 953 3829 Francorum
974 3789 1175 3846 regem
1202 3777 1260 3828 et
1276 3773 1694 3848 imperatorem
1714 3794 1823 3832 no-
1926 3774 1984 3828 in
1995 3774 2308 3846 plicaverit.
2333 3775 2431 3829 His
2453 3776 2510 3828 et
2539 3775 2746 3829 talibus
2772 3775 3039 3832 insistens
3063 3779 3356 3838 laboribus
3363 3790 3533 3856 pater

234 3863 403 3918 strum
424 3861 745 3918 Heinricum
778 3863 1020 3918 Parisius
1054 3862 1323 3917 devenire
1366 3863 1543 3936 (461),
1594 3881 1726 3920 cum
1750 3874 1823 3910 οδε
1926 3863 2315 3932 venerandus,
2374 3865 2441 3919 36
2494 3862 3044 3935 inreprehensibiter
3092 3868 3150 3922 in
3196 3870 3530 3946 episcopatu

236 3953 540 4007 memorate
553 3952 736 4006 beata
753 3949 1298 4022 Genovefavirginis
1315 3951 1665 4010 canoniciad
1687 3972 1821 4011 eum
1928 3951 2118 4022 exegit
2143 3968 2330 4006 annos
2353 3951 2526 4023 (463),
2558 3957 2676 4015 (an.
2713 3955 2869 4020 1008,
2897 3971 3020 4026 αρν.
3067 3959 3150 4027 10)
3202 3961 3530 4036 multosque

236 4038 588 4096 devotissime
636 4043 1070 4106 concurrerunt,
1098 4039 1427 4096 humillime
1463 4045 1729 4112 petentes
1761 4047 1825 4099 ut
1929 4057 2301 4111 nequaquam
2320 4057 2353 4096 a
2374 4037 2672 4095 nobilitate
2691 4041 3113 4113 suadegeneres
3128 4046 3529 4119 reliquitﬂlios.

236 4125 290 4182 in
319 4146 464 4185 anno
486 4146 591 4202 per
612 4145 789 4184 unum
818 4145 1079 4183 mensem
1115 4127 1371 4184 Hubaldo
1398 4134 1538 4200 aput
1567 4148 1665 4186 eos
1697 4150 1825 4188 ma-
1930 4129 2191 4192 Quorum
2220 4129 2530 4184 nonnullos
2574 4145 2679 4184 nos
2716 4129 2920 4185 vidisse
2957 4135 3350 4205 meminimus,
3381 4137 3535 4200 inter

235 4217 400 4272 nendi
420 4217 585 4290 copia
609 4216 861 4273 daretur.
889 4215 1193 4288 Episcopus
1206 4219 1402 4271 autem
1424 4218 1648 4275 bonum
1664 4222 1824 4277 testi-
1929 4233 2074 4288 quos
2090 4217 2199 4287 pia:
2218 4218 2516 4273 memoria?
2535 4217 2783 4273 domnus
2814 4221 2981 4276 ἫΜο
3012 4223 3165 4277 velut
3203 4225 3425 4283 LUCifer
3443 4230 3532 4288 in-

237 4307 487 4362 monium
516 4307 588 4362 de
618 4306 1052 4361 conversatione
1070 4305 1336 4361 canonici
1354 4308 1608 4378 gratanti
1626 4311 1823 4366 animo
1852 4351 1905 4389 η
1930 4306 2488 4364 terminoresstellas
2501 4306 2728 4362 enituit.
2765 4307 3017 4372 Quicum
3041 4310 3100 4365 in
3127 4311 3300 4386 ipsius
3314 4320 3535 4389 capella

239 4395 531 4467 accipiens,
562 4394 670 4449 illis
697 4394 953 4466 quidem,
986 4397 1049 4448 ut
1076 4395 1122 4448 si
1154 4411 1286 4448 cum
1321 4394 1401 4449 eis
1439 4398 1557 4451 tres
1595 4414 1826 4455 menses
1850 4394 1902 4412 "
1926 4395 2119 4468 primo
2137 4395 2375 4468 quidem
2419 4394 2696 4450 minimus
2724 4400 2782 4451 et
2805 4396 2926 4452 fere
2960 4399 3217 4470 abjectus
3246 4403 3530 4465 librorum

235 4485 436 4538 morari
467 4484 659 4550 vellet,
692 4483 845 4537 ultro
897 4482 1196 4549 concessit,
1254 4482 1418 4537 illum
1460 4487 1656 4540 autem
1712 4487 1824 4541 huc
1928 4484 2213 4540 abbacim
2235 4501 2346 4558 que
2371 4485 3533 4567 geruluscoaluerit,succedentepaulala-

236 4573 448 4628 rediens
467 4571 656 4646 gratia
693 4575 752 4626 et
790 4571 952 4628 donis
997 4575 1391 4640 muneratam,
1437 4572 1511 4627 ad
1551 4574 1822 4631 virtutem
1927 4575 2032 4629 tim
2054 4573 2529 4646 valentisingenii
2551 4590 2880 4646 progressu,
2899 4577 3140 4635 tandem
3155 4582 3230 4637 ad
3246 4587 3534 4656 regendas

239 4663 468 4733 amplius
497 4659 776 4719 accendit.
797 4658 903 4724 Qui
916 4664 1117 4734 postea
1146 4660 1249 4716 sub
1277 4660 1537 4717 Baldrico
1569 4664 1822 4740 Pragam
1924 4662 2160 4734 majoris
2198 4671 2270 4705 θῦε
2312 4661 2581 4718 acclesia
2629 4665 2831 4733 scolas,
2866 4665 2989 4737 ipso
3026 4667 3245 4736 domno
3279 4673 3531 4732 Rothero

1527 4787 1758 4844 VARUE
1805 4787 2206 4846 LECTIONES.

303 4869 370 4946 ἐξ
403 4856 952 4946 νιφιεάριξξιραβεεέτηξ
982 4855 1122 4946 θΙέιη
1156 4857 1631 4946 ,ίέξξῌθτιξίηηιιηξ
1659 4862 1749 4946 4ο,
1809 4859 2474 4946 ξιιδεξρίωβθτεθηεεξω
2504 4863 2538 4917 2
2568 4859 2910 4946 baPmlzers-
2979 4868 3010 4922 3
3055 4868 3428 4946 Bamveberg.
3483 4879 3542 4937 ιι.

329 4931 460 5019 deest
492 4934 543 5012 1.
565 4929 586 5019 ἰ
618 4929 976 5019 ξιτξιιξὶᾶιιίέξ
1050 4936 1124 5010 9⁵³
1155 4931 1279 5019 tum
1300 4931 1354 4984 4.
1376 4931 1672 5019 “mlsolo
1704 4936 1772 5019 '2,
1806 4938 1837 4990 3

1970 4929 2326 5019 nasia};
2356 4933 2420 4985 ut
2471 4947 2586 4991 ves.
2641 4937 2692 5004 1,
2751 4939 2805 5002 2,
2839 4929 2890 4992 εἴ.
3003 4946 3073 4982 9'1
3140 4958 3285 5014 quos
3337 4929 3435 5019 qui
3480 4929 3537 5008 4:

237 5010 303 5047 κε
331 5001 595 5060 duxerint
620 5005 669 5072 1,
701 5005 754 5069 2,
781 5003 832 5056 3.
907 5008 978 5043 m
1007 5000 1129 5055 uise
1164 5004 1212 5056 1.
1246 5004 1299 5056 2.
1376 5007 1446 5042 θαι
1477 5000 1668 5059 abacis
1694 5000 1765 5059 4.
1827 5013 1843 5049 ε

1929 5003 2182 5076 majores
2208 5006 2263 5060 2.
2294 5005 2348 5058 3.

1784 5132 2019 5190 NOTjE.

2054 5203 2511 5283 Bernwarditc.
2553 5207 2615 5260 41
2653 5208 2710 5261 et
2734 5204 2870 5265 Hist.
2903 5209 2962 5266 S.
3002 5208 3293 5267 Laurentii
3333 5211 3534 5283 Leod.,

1934 5276 2046 5347 Vit.
2072 5277 2268 5347 Norg.,
2297 5292 2346 5329 c.
2384 5279 2470 5332 10.

1910 2005 2384 2074 terribilis,bonis
2410 2005 2731 2078 quibusque
2745 2013 3098 2076 mansuetus,
3118 2010 3329 2083 iniquis
3357 2019 3416 2070 et
3430 2016 3516 2078 fas

1910 2094 2099 2150 ctiosis
2112 2094 3519 2171 hominibusmetuendus,potentibusvenerabilis,

1909 2183 2298 2238 mediocribus
2317 2181 2603 2248 amabilis,
2637 2181 3006 2237 admirabilis
3029 2184 3405 2257 sapientibus,
3439 2190 3522 2245 in-

1911 2271 2094 2325 doctis
2118 2270 2376 2326 eruditor
2404 2269 2911 2337 clementissimus,
2943 2287 3152 2327 senum
3198 2277 3370 2346 atque
3420 2277 3524 2332 de-

1910 2359 2110 2414 bilium
2140 2359 2398 2424 baculus,
2425 2357 2705 2428 juvenum
2737 2359 2796 2411 et
2825 2355 3286 2417 adolescentium
3323 2380 3516 2421 corre-

1908 2450 2031 2502 ctor
2061 2446 2369 2512 studiosus,
2395 2445 2666 2516 providus
2687 2444 2747 2498 in
2769 2445 3030 2514 consilio,
3066 2448 3521 2523 circumspectus

1906 2547 1966 2602 in
1995 2537 2170 2602 facto,
2215 2537 2402 2591 clarus
2433 2533 2494 2588 in
2531 2535 2788 2605 eloquio,
2834 2532 3118 2592 discretus
3147 2538 3207 2593 in
3245 2539 3473 2598 silentio
3505 2563 3521 2616 ;

1907 2641 2081 2696 quem
2104 2623 2322 2679 summi
2367 2638 2656 2692 proceres,
2710 2621 2973 2690 antistes,
3042 2625 3196 2696 dico,
3247 2628 3526 2690 Romana

300 5203 444 5274 (459)
475 5203 687 5259 Chron.
718 5202 1011 5260 Camerac.
1035 5204 1077 5273 Ι,
1116 5207 1239 5261 101.

305 5277 450 5346 (460)
485 5275 854 5332 Leodiensem
884 5279 1055 5331 antea
1099 5276 1604 5334 archidiaconum.
1667 5276 1836 5347 Ibid.,

236 5344 278 5414 Ι,
483 5416 536 5429 Ν
657 5417 670 5429 ‘
717 5417 770 5429 Η
967 5419 978 5429 _
1147 5423 1156 5429 _
1321 5420 1356 5429 η
1489 5421 1499 5429 _
1667 5420 1681 5429 _
1735 5419 1745 5429 _
1822 5344 1828 5347 ’
2007 5344 2338 5429 (462)1‘dem
2377 5346 2531 5429 quod
2560 5349 2750 5429 Papia
2772 5357 3004 5429 equester
3020 5351 3106 5405 vel
3141 5358 3396 5423 sequester
3440 5357 3540 5429 qui

305 5416 453 5501 (401)
483 5416 614 5501 Sinc
635 5417 810 5501 dubio
850 5419 1019 5501 paulo
1063 5423 1200 5501 ante
1230 5419 1838 5501 _colloquium_ab_im-
1936 5416 2576 5501 certaminibusnrnEdius
2608 5416 2916 5501 intervenit,
2953 5438 3054 5491 per
3084 5416 3241 5493 quem
3302 5416 3537 5501 utraéue

232 5493 499 5559 peratore
550 5492 607 5543 et
633 5488 906 5562 Botherto
926 5505 1089 5562 Arege
1129 5491 1201 5546 ad
1229 5488 1452 5546 Mosam
1505 5492 1836 5547 institutum
1926 5507 2057 5562 pars
2078 5495 2288 5562 rectam
2297 5488 2454 5558 ﬁdem
2473 5497 2720 5562 sectatur.

231 5575 385 5633 anno
404 5562 582 5633 Δ1006;
616 5560 690 5633 de
711 5560 982 5633 quoivide
1003 5560 1262 5633 diploma
1293 5562 1592 5623 Mabillon.
1622 5563 1836 5618 Annal.
1929 5560 1948 5633 ί
2011 5561 2236 5633 (463)1n
2259 5560 2351 5616 die
2377 5561 2646 5633 mortistv
2666 5562 2748 5633 Id.
2769 5560 2946 5631 April.
2971 5567 3417 5623 consonantNec
3437 5584 3534 5626 ro-

232 5630 365 5689 ord.
398 5629 457 5687 S.
489 5629 797 5704 Benedicti,
833 5631 920 5701 ιν,
956 5629 1086 5704 185ξ
1131 5633 1234 5690 cfr.
1292 5633 1660 5709 Thnagmari
1711 5633 1842 5691 Vita
1936 5629 2252 5706 log.Leod.
2271 5635 2330 5690 et
2355 5630 2638 5714 frigidius,
2666 5629 3339 5715 Cfr.Annal.Quedlimh,
3405 5648 3408 5655 τ
