3960 6174
201 420 311 475 ωση

1059 403 1352 460 ANSELMI
1378 402 1598 461 GESTA
1624 399 2114 461 EPISCOPORUM
2138 401 2655 470 LEODIENSU‘MJ

3390 415 3528 476 1098

215 550 271 588 ra
290 537 342 587 te
359 539 424 574 νη
447 532 506 584 ut
529 525 829 582 credimus
856 525 1002 590 Deo,
1036 522 1169 577 huic
1196 524 1363 578 beato
1387 524 1504 579 viro
1534 541 1640 580 nec
1672 523 1794 596 opi-
1815 527 1874 588 Α
1895 524 2018 594 ejus
2042 520 2262 594 frigore
2309 531 2368 581 et
2395 522 2635 598 glaciali
2673 520 2900 576 viarum
2931 526 3247 595 asperitate
3297 532 3530 594 adusto:

214 620 371 687 nanti,
401 619 570 674 immo
621 612 996 669 amarissime
1040 612 1222 679 ﬂenti,
1251 614 1506 684 ejusdem
1553 613 1792 685 regendi

217 722 416 762 securus
468 719 656 760 curam
715 699 1041 757 committit
1087 702 1197 765 (an.
1252 704 1452 772 1018.).
1522 704 1584 755 In
1634 702 1793 772 cujus

214 795 454 850 nimirum
504 791 709 863 gradus
750 790 1012 845 culmine
1052 789 1133 841 nil
1183 789 1252 844 de
1303 789 1511 860 prioris
1553 798 1624 832 οτι
1661 790 1791 844 vita:

214 885 342 937 statu
387 880 692 946 remittere,
745 878 934 934 immo
991 875 1186 948 rigore
1243 876 1543 933 intentiori
1585 894 1792 950 corpus

209 969 389 1024 institit
433 969 722 1034 edomare,
753 984 851 1034 ne,
881 971 945 1021 ut
971 965 1052 1020 ait
1083 966 1398 1036 apostolus,
1431 967 1553 1022 aliis
1582 965 1790 1038 praedi-

211 1073 328 1110 cans
351 1055 461 1126 ipse
486 1055 762 1125 reprobus
787 1054 1122 1108 efficeretur
1150 1052 1208 1122 (Ῑ
1233 1053 1360 1109 Cor.
1393 1071 1467 1121 1x,
1497 1056 1616 1126 27.)
1646 1055 1791 1111 Nam

210 1146 398 1215 praeter
425 1142 801 1198 certissimam
843 1157 960 1214 qua
987 1141 1092 1196 sub
1123 1141 1306 1194 oculis
1334 1142 1569 1214 superni
1599 1141 1790 1213 inspe-

207 1232 355 1286 ctoris
380 1239 447 1274 νη
472 1229 681 1286 afﬂicto
721 1231 955 1301 corpori
1001 1229 1360 1301 inperitabat
1403 1231 1790 1300 disciplinam,

203 1320 527 1389 jejuniorum
557 1323 614 1373 et
637 1318 964 1390 vigiliarum
1005 1317 1255 1390 impiger
1281 1323 1557 1374 executor
1582 1319 1789 1376 extitit.

210 1407 281 1460 Nil
304 1408 377 1461 illi
405 1407 618 1463 dulcius
641 1411 784 1474 erat,
811 1422 990 1478 quam
1021 1407 1066 1460 si
1095 1405 1185 1460 cui
1215 1413 1288 1448 977
1315 1407 1520 1462 itidem
1538 1415 1609 1450 978
1633 1407 1791 1462 cordi

208 1497 336 1548 esset
356 1495 682 1564 explorare;
718 1510 969 1566 quorum
1011 1494 1233 1565 aliquos
1255 1495 1303 1548 si
1334 1496 1568 1566 quando
1591 1502 1663 1538 979
1694 1498 1792 1550 aut

201 1582 251 1635 in
273 1582 482 1653 angulis
505 1586 602 1637 aut
625 1582 842 1636 circum
873 1581 1075 1636 altaria
1095 1581 1433 1652 invenisset,
1454 1584 1560 1638 hos
1590 1584 1789 1656 magni

201 1669 426 1738 pendere
456 1673 513 1724 et
540 1669 710 1723 donis
733 1669 1022 1724 honorare
1053 1675 1458 1738 consueverat,
1492 1673 1716 1726 nullum
1756 1689 1791 1726 a

194 1772 291 1827 quo
312 1758 485 1812 Deum
511 1757 708 1812 timeri
726 1758 940 1812 sciebat
962 1758 1260 1828 negligere
1279 1767 1376 1827 σεο,
1397 1776 1431 1812 a
1461 1777 1574 1830 quo
1595 1763 1788 1814 autem

1891 610 2120 677 viderit,
2153 617 2217 667 ut
2243 631 2310 669 ex
2335 632 2438 669 usu
2466 609 2767 684 ejusmodi
2796 609 3288 672 deambulationis
3303 622 3532 692 sanguio

1893 715 2028 754 nem
2061 699 2133 753 ab
2157 700 2533 758 interioribus
2563 697 2826 754 elicitum
2852 697 2913 753 in
2943 703 3196 773 utroque
3216 706 3364 775 pede
3391 724 3533 766 con-

1891 791 2071 843 staret
2090 790 2400 845 occaluisse
2415 832 2429 847 .

1893 879 1981 932 34.
2038 874 2187 942 ραίά
2246 879 2568 949 placaturus
2639 883 3014 946 Imperatorem
3068 878 3399 938 Hez'nricum
3445 883 3534 952 fe-

2578 968 2720 1022 cerit
2757 973 2848 1021 98⁸.

1964 1056 2184 1109 Iratum
2223 1059 2425 1111 contra
2462 1072 2523 1110 se
2553 1054 2935 1125 imperatoris
2965 1054 3217 1111 Heinrici
3265 1057 3530 1114 animum

1891 1142 2243 1213 placaturus,
2296 1142 2538 1215 consilio
2592 1157 2839 1195 suorum
2871 1143 3237 1214 aliquantum
3267 1146 3531 1215 pecuniae

1891 1233 2280 1300 contraxerat,
2323 1248 2498 1303 quam
2537 1233 2606 1286 ut
2640 1229 2837 1285 eidem
2868 1239 2938 1274 99°
2969 1248 3074 1303 pro
3105 1232 3296 1304 gratia
3313 1233 3438 1303 ejus
3454 1242 3526 1276 987

1893 1317 2146 1387 offerret,
2211 1320 2463 1375 Coloniae
2518 1334 2836 1375 occurrere
2896 1319 3318 1375 deliberaverat
3372 1321 3527 1394 (474)

1890 1416 2002 1472 (αη.
2041 1407 2221 1479 1020.)
2253 1407 2352 1463 Set
2375 1407 2626 1462 subinde
2677 1409 3001 1462 retractans
3026 1407 3223 1462 animo
3251 1425 3353 1462 cur
3402 1423 3525 1465 non

1889 1495 2085 1566 pocius
2128 1497 2366 1551 daretur
2414 1495 2689 1565 largitori
2735 1493 3024 1560 omnium,
3054 1495 3114 1548 in
3157 1495 3318 1564 cujus
3345 1512 3528 1553 manu

1891 1587 2066 1641 corda
2089 1591 2224 1642 sunt
2252 1601 2458 1655 regum
2490 1600 2504 1639 :
2539 1583 2772 1638 offenso
2807 1583 3088 1638 caelorum
3131 1581 3524 1648 dominatore,

1891 1675 2104 1730 frustra
2121 1677 2423 1728 terrenum
2450 1671 2784 1743 principem
2804 1669 3052 1739 placari;
3080 1669 3340 1742 itemque
3357 1672 3526 1738 Crea-

1890 1765 2017 1818 tore
2032 1763 2282 1833 placato,
2296 1759 2736 1832 quantumlibet
2747 1757 2893 1810 subli
2905 1756 3045 1810 mati
3061 1757 3316 1812 hominis
3332 1758 3523 1816 minas

194 1844 278 1898 Dei
301 1846 529 1900 servitus
559 1846 972 1916 negligeretur,
993 1847 1203 1901 nullius
1235 1849 1524 1902 momenti
1557 1849 1786 1903 ducere.
1808 1843 1860 1903 B
1891 1850 2188 1906 contemni
2217 1849 2460 1914 debere;
2487 1844 2807 1916 coepitipsa
2828 1843 3016 1914 quain
3044 1844 3359 1900 crastinum
3380 1863 3516 1919 pro-

194 1932 622 2000 Eidem,statura
639 1949 898 2003 procero.
919 1950 1036 1988 non
1059 1952 1125 1988 ex
1149 1951 1332 1990 carne
1355 1936 1452 1990 sed
1481 1953 1547 1990 ex
1577 1936 1788 1992 ossium

191 2022 321 2074 mole
337 2022 679 2077 venerabilis
694 2021 881 2076 inerat
900 2024 1286 2093 corpulentia,
1301 2023 1391 2078 cui
1410 2024 1587 2094 dupla
1611 2041 1790 2096 quam

188 2106 391 2161 cuilibet
421 2109 552 2163 exili
583 2125 824 2180 corpore
868 2110 1106 2164 refectio
1153 2114 1306 2165 esset
1353 2113 1696 2178 necessaria,
1726 2115 1791 2166 ut

186 2193 416 2249 videmus
459 2197 519 2250 in
567 2197 898 2250 hominibus
939 2197 1248 2266 ejusmodi.
1287 2197 1453 2260 Quod
1484 2207 1553 2241 981
1587 2202 1788 2256 tamen

187 2297 365 2354 corpus
385 2301 556 2338 suum
584 2283 685 2338 tali
710 2284 1111 2355 magnitudine
1126 2290 1355 2339 vastum
1375 2287 1606 2357 cybario
1635 2304 1788 2359 pane

185 2375 332 2442 atque
357 2372 481 2426 aliis
509 2372 660 2426 cibis
691 2373 1188 2427 communioribus
1208 2374 1384 2444 longe
1405 2374 1550 2430 citra
1577 2375 1789 2430 saturi-

182 2460 340 2513 tatem
358 2459 769 2520 mreﬁciebat.
795 2464 853 2513 et
875 2460 1130 2514 lauciora
1155 2461 1396 2531 quidem
1425 2466 1484 2516 et
1509 2464 1788 2535 exquisita

180 2562 290 2616 quae
300 2547 399 2602 sibi
421 2551 867 2620 apponerentur
883 2548 1171 2615 manibus,
1189 2565 1254 2602 ac
1267 2548 1311 2602 si
1327 2565 1394 2603 ea
1406 2550 1466 2604 in
1481 2556 1783 2606 momento

181 2638 309 2689 esset
338 2642 672 2700 voraturus,
699 2639 1084 2703 contrectans,
1121 2636 1299 2691 nichil
1331 2637 1401 2692 de
1441 2639 1528 2692 his
1558 2639 1664 2694 sibi
1695 2640 1784 2694 in-

179 2721 394 2794 dulgere
405 2727 670 2792 volebat,
685 2725 784 2778 sed
808 2724 1007 2779 omnia
1019 2725 1370 2796 pauperibus
1383 2727 1782 2796 distribuebat,

181 2826 228 2864 se
252 2813 534 2882 gulosum,
575 2830 634 2867 se
660 2812 897 2867 edacem
933 2829 1054 2866 esse
1082 2829 1374 2879 accusans,
1408 2815 1506 2885 qui
1532 2816 1783 2871 necdum

179 2902 470 2957 multorum
484 2904 582 2958 vel
597 2902 940 2956 secularium
962 2901 1302 2972 parcitatem
1327 2904 1548 2976 assequi
1565 2909 1782 2976 posset,

179 2987 309 3056 licet,
355 2995 417 3044 ut
465 2991 697 3046 dictum
731 2995 836 3057 est,
868 2991 1039 3060 longe
1071 2991 1264 3045 minus
1294 3008 1469 3062 quam
1515 2993 1780 3048 inmenso

1891 1941 2144 1994 facturus
2177 1939 2303 1991 erat
2326 1938 2494 1989 nocte
2513 1948 2646 2004 quae
2673 1931 2993 2000 collegerat
3021 1931 3271 1988 ﬁdeliter
3301 1934 3520 2007 disper-

1892 2043 2050 2097 gere,
2070 2029 2128 2080 et
2159 2024 2312 2078 inter
2329 2022 2590 2076 eundum
2604 2019 2754 2074 adeo
2773 2019 3101 2089 expendere
3120 2021 3338 2089 omnia,
3363 2027 3514 2080 utne

1891 2131 2070 2168 unam
2105 2112 2342 2184 quidem
2384 2127 2450 2165 ex
2487 2110 2833 2162 memoratae
2872 2107 3135 2176 pecuniae
3168 2125 3398 2166 summa
3439 2113 3514 2168 ad

1889 2202 2237 2273 placandum
2256 2197 2584 2271 principem
2597 2195 2704 2250 sibi
2721 2194 2999 2249 retineret
3010 2195 3298 2268 siliquam.
3313 2199 3512 2272 Itaque

1888 2288 2419 2362 fama,quibusdam
2440 2283 2943 2349 deferentibus,ad
2961 2299 3130 2340 aures
3145 2285 3511 2359 imperatoris

1887 2379 2272 2450 praecurrerat
2300 2383 2393 2441 οῦδ,
2427 2371 2769 2442 episcopum
2811 2372 3228 2444 Walpodonem
3268 2375 3343 2430 ad
3371 2393 3509 2432 con~

1889 2465 2203 2521 ciliandam
2249 2461 2358 2516 sibi
2400 2458 2654 2529 gratiam
2705 2459 2881 2530 ipsius
2926 2477 3046 2515 non
3099 2477 3338 2532 parvam
3381 2465 3509 2521 auri

1888 2555 2234 2627 argentique
2249 2549 2482 2620 copiam
2500 2546 2754 2616 coegisse
2767 2555 2836 2590 σεο
2854 2565 2867 2617 ;
2882 2564 3015 2602 cum
3031 2564 3181 2616 ecce,
3201 2555 3510 2622 expectans

1888 2644 2122 2714 quando
2154 2643 2279 2697 haec
2306 2637 2383 2691 ad
2412 2650 2711 2690 cameram
2745 2653 2908 2691 suam
2940 2636 3261 2706 efferretur,
3294 2638 3506 2697 iterum

1885 2731 2048 2786 audit
2079 2729 2427 2801 deputatam
2459 2721 2566 2776 sibi
2599 2726 2680 2788 ut,
2722 2724 3048 2779 crediderat
3069 2734 3160 2792 99°,
3199 2728 3504 2797 pecuniam

1884 2819 2236 2890 pauperibus
2262 2826 2393 2870 esse
2423 2809 2810 2866 distributum.
2843 2813 2910 2866 Et
2937 2811 3070 2868 licet
3106 2813 3166 2869 in
3211 2815 3334 2870 aliis
3364 2833 3503 2872 sane

1884 2907 2206 2976 perfectum
2239 2896 2426 2970 aliqui
2456 2905 2525 2940 θοι
2554 2898 2908 2953 contendant
2936 2900 3088 2955 hunc
3116 2903 3502 2960 orthodoxam

1882 2993 2071 3048 virum
2099 2998 2314 3050 contra
2345 2985 2652 3043 avariciam
2690 2986 2881 3043 minus
2909 2989 3277 3054 consuluisse,
3307 2991 3366 3046 in
3392 2992 3504 3048 hoc

179 3079 464 3150 mcorpori
487 3078 979 3133 sufﬁceretvictus
993 3078 1624 3148 acciperet.Enimvero
1648 3099 1781 3137 cum
1814 3141 1852 3150 _
1885 3084 2082 3136 tamen
2112 3081 2272 3138 facto
2321 3073 2666 3132 venerabilis
2697 3075 2946 3146 episcopi
2989 3078 3272 3150 aequitatis
3301 3083 3505 3136 contra

175 3162 225 3216 in
254 3181 446 3221 mensa
466 3166 585 3221 sibi
612 3165 997 3237 parcissimus,
1021 3165 1369 3236 pauperibus
1399 3171 1547 3221 esset
1582 3169 1782 3224 h'uma-
1806 3141 1854 3213 .C
1884 3186 1942 3224 se
1964 3170 2152 3241 ipsum
2179 3180 2500 3225 censuram
2518 3163 2719 3219 tenuit.
2738 3165 2804 3218 Et
2825 3165 2941 3236 qui,
2955 3165 3000 3219 εί
3014 3168 3271 3224 carnales
3298 3184 3506 3240 seque-

179 3250 441 3322 nissimus,
473 3259 614 3309 tum
645 3255 782 3308 alias
813 3262 884 3295 ³84
917 3253 1326 3308 nichilominus
1373 3256 1784 3330 cujuscumque
1883 3258 2348 3323 returaﬁ'ectus,
2377 3269 2712 3308 succensere
2736 3263 2805 3296 ου’
2826 3254 3173 3322 habebat,ex
3203 3256 3505 3327 splendido

177 3341 315 3395 modi
337 3343 543 3414 egenis
567 3342 813 3413 largitor
833 3344 960 3395 erat
977 3344 1094 3394 tam
1118 3341 1397 3412 proﬂuus,
1421 3347 1483 3396 ut
1500 3361 1788 3415 quaecum-

179 3442 274 3498 que
303 3430 406 3486 sibi
440 3432 559 3502 ipsi
593 3431 787 3502 posset
835 3427 992 3483 ﬁdeli
1043 3429 1196 3484 furto
1245 3431 1611 3498 subtrahere,
1644 3433 1787 3488 nihil

176 3519 455 3585 pene'sibi
507 3519 797 3584 retinens,
826 3533 932 3588 per
973 3532 1177 3570 manus
1225 3533 1549 3589 pauperum
1590 3522 1790 3577 omnia

177 3602 382 3662 Christo
433 3607 693 3663 reddere
747 3622 866 3660 non
919 3607 1185 3660 cessaret.
1240 3606 1402 3660 Unde
1445 3609 1789 3682 plerumque

176 3693 349 3762 pallia,
384 3696 642 3768 tapetia,
678 3695 762 3750 vel
792 3694 1068 3766 qumlibet
1119 3693 1390 3766 episcopii
1443 3703 1792 3754 ornamenta

178 3786 362 3836 contra
389 3800 711 3856 pauperes,
743 3783 839 3855 qui
889 3798 958 3836 ca
989 3782 1282 3837 nocturnis
1323 3783 1480 3838 horis
1507 3800 1540 3838 a
1571 3786 1792 3842 domno

177 3873 401 3938 praesule
433 3873 819 3944 accepissent,
854 3869 1049 3943 precio
1081 3887 1193 3943 quo
1214 3875 1501 3944 possenta
1531 3889 1795 3928 camera-

178 3956 262 4012 riis
289 3961 498 4018 redimi
535 3978 684 4032 opus
728 3965 873 4018 erat.
911 3959 1058 4024 Quid
1089 3959 1158 4018 dc
1189 3959 1395 4031 vigiliis
1425 3965 1484 4016 et
1515 3961 1794 4019 orationi-

1887 3355 1964 3388 οη
1987 3346 2086 3400 illo
2120 3363 2224 3401 suo
2279 3346 2628 3414 contemptu
2658 3342 2808 3398 unde
2835 3359 2966 3397 eum
3006 3344 3254 3416 amplius
3280 3349 3510 3401 amaret

1887 3435 2128 3497 invenit,
2161 3449 2457 3505 suamque
2491 3449 2695 3487 vanam
2722 3432 3040 3504 potentiam
3066 3433 3125 3488 in
3151 3435 3258 3490 hac
3278 3438 3446 3506 parte
3473 3453 3512 3492 a

1888 3523 2392 3593 bonusacerdote
2425 3521 2670 3576 derisam
2720 3537 2838 3575 esse
2883 3521 3090 3592 oppido
3139 3523 3362 3594 gavisus
3399 3528 3510 3584 est.

1889 3610 2103 3684 Sicque
2138 3612 2338 3683 magis
2367 3611 2589 3666 celebre
2619 3609 2784 3680 hujus
2814 3625 3027 3666 nomen
3061 3607 3310 3683 episcopi
3334 3611 3514 3668 nichil

1891 3699 2194 3772 largiendo
2231 3700 2295 3753 in
2323 3699 2455 3753 aula
2477 3698 2632 3769 regia
2658 3699 2742 3752 est
2769 3696 3055 3765 effectum,
3076 3714 3249 3769 quam
3264 3699 3514 3755 aliorum

1894 3803 2269 3863 quorumque
2292 3788 2624 3856 praesulum,
2651 3785 2766 3857 qui,
2797 3787 3039 3840 creditas
3066 3786 3171 3840 sibi
3201 3785 3518 3857 spoliantes

1895 3876 2204 3940 aecclesias,
2221 3874 2436 3928 mimos
2454 3877 2804 3946 caeterosque
2821 3874 3107 3945 palatinos
3127 3891 3296 3930 canes
3326 3874 3514 3931 ditare

1899 3963 2286 4024 contendunt,
2314 3961 2536 4033 ipsique
2566 3962 2893 4017 scurrilibus
2924 3962 3275 4036 stultiloquio
3312 3965 3370 4022 et
3391 3966 3517 4023 tur-

176 4045 290 4112 bas,
346 4052 565 4124 quibus
613 4049 966 4122 exequendis
1025 4048 1168 4104 adeo
1218 4049 1505 4106 studiosus
1550 4055 1697 4114 erat,
1736 4055 1799 4106 ut
1899 4051 2152 4130 pissimis
2199 4049 2351 4104 circa
2399 4065 2568 4120 reges
2616 4049 3040 4107 adulationibus
3087 4051 3362 4108 inservire
3394 4069 3515 4108 non

177 4139 374 4193 multm
400 4141 690 4194 hibernas
713 4142 910 4194 noctes
941 4137 1237 4192 insomnes
1257 4138 1648 4206 continuaret,
1672 4155 1801 4195 san-
1901 4139 2270 4198 erubescunt.
2303 4136 2480 4206 Hujus
2511 4137 2716 4191 veteris
2747 4138 2990 4209 novique
3039 4139 3231 4194 morbi
3278 4139 3519 4196 antistes

181 4227 627 4284 ctorumlimina
648 4226 998 4282 circueundo
1023 4227 1081 4280 ct
1095 4241 1418 4300 pauperum
1445 4244 1675 4294 manus,
1700 4228 1798 4299 qui
1900 4230 1995 4285 hic
2029 4229 2228 4283 noster
2248 4224 2488 4278 omnino
2513 4224 2956 4292 inmunis,male
2970 4225 3321 4282 blandientis
3342 4229 3518 4283 seculi

177 4329 403 4388 seseper
419 4322 569 4374 nota
584 4316 806 4372 viarum
830 4315 1165 4386 diverticula
1184 4315 1527 4384 divisissent,
1561 4316 1802 4387 largiter
1902 4314 2191 4372 lenocinia
2214 4312 2443 4366 fortiter
2487 4313 2762 4377 calcabat,
2797 4314 2871 4368 ad
2899 4313 3149 4369 coelestia
3187 4317 3309 4371 toto
3341 4317 3515 4373 corde

182 4405 495 4474 replenda?
525 4406 805 4461 Attestari
833 4407 983 4461 solet
1014 4403 1248 4476 quidam
1280 4404 1350 4458 de
1382 4405 1472 4459 his
1499 4405 1597 4476 qui
1629 4397 1874 4460 fami-D
1902 4403 2244 4476 suspirabat,
2293 4403 2350 4454 et
2401 4416 2505 4471 per
2547 4401 2690 4456 duos
2729 4401 2904 4457 semis
2954 4417 3139 4456 annos
3185 4402 3392 4476 quibus
3437 4403 3514 4460 ~in

178 4490 360 4551 Iiarius
380 4496 494 4551 sibi
515 4495 900 4564 adherebant,
923 4494 1082 4567 quod
1109 4493 1262 4549 inter
1279 4493 1593 4549 lavandum
1625 4493 1801 4563 pedes
1905 4493 2235 4564 episcopatu
2263 4489 2398 4543 vixit
2422 4489 2592 4559 (475),
2623 4493 2834 4559 praeter
2859 4493 3246 4562 spontaneum
3265 4507 3380 4564 qua
3395 4507 3520 4550 cor-

1511 4612 1746 4668 VABIIE
1795 4609 2197 4667 LECTIONES.

243 4713 312 4778 "{-
339 4706 686 4778 insperante
712 4708 844 4778 1.-2.
877 4701 1368 4778 cpp‘._inspirante
1399 4705 1450 4756 3.
1478 4703 1532 4778 4:
1562 4709 1634 4778 97f
1669 4703 1744 4754 ita
1771 4705 1824 4755 4.
1867 4707 1917 4754 et
1942 4700 2074 4778 θζοθ.
2117 4697 2354 4778 qubgd.
2383 4697 2596 4778 pejoris
2625 4701 2673 4778 ς.
2705 4701 2758 4752 2.
2805 4702 2856 4752 3.
2910 4709 2980 4778 976
3005 4701 3339 4778 ἱῃίρβοῐοινίε
3362 4709 3410 4759 1.
3446 4709 3501 4761 2.

181 4780 241 4814 m
270 4768 518 4834 sicut}.
589 4784 661 4818 97s
690 4775 816 4828 aliis
844 4773 996 4827 addit
1020 4774 1075 4826 4.,
1141 4768 1226 4813 'm
1256 4773 1570 4844 aliquando
1611 4775 1668 4827 4.
1749 4768 2169 4844 980‘neglegere
2190 4771 2321 4844 2._3.
2347 4843 2352 4844 γ
2398 4776 2464 4810 νει
2490 4768 2670 4844 quia.
2746 4778 2817 4812 98!
2843 4768 3247 4844 saturnitatem
3280 4779 3328 4830 i.
3363 4778 3415 4834 2.
3445 4778 3497 4830 3.

178 4850 242 4886 ³³³
261 4848 337 4900 ila
367 4850 428 4902 4.
454 4853 510 4901 ει
548 4847 685 4915 eleg.
730 4843 968 4900 Wolbold
1017 4839 1372 4898 inmensum~
1395 4849 1524 4898 1.·2.
1553 4846 1616 4915 3.
1695 4850 1766 4884 θει
1798 4841 1926 4896 aliis
1943 4839 2010 4895 ί4.
2041 4839 2053 4840 ί
2089 4848 2158 4915 υξῖι
2178 4841 2223 4915 _t'.
2252 4839 2472 4915 iratum
2497 4844 2548 4893 3.
2577 4841 2630 4894 4.
2701 4849 2771 4915 9βρ
2811 4841 3000 4915 eidem
3018 4851 3141 4914 post
3171 4845 3424 4902 Coloniae
3446 4849 3503 4902 4.

179 4922 241 4988 ξεῖ
263 4918 316 4972 ei
338 4922 394 4972 3.
419 4922 479 4973 4,
565 4909 1024 4988 οοῖρθιόιιτιιθιέιι
1050 4920 1099 4969 3.
1129 4917 1184 4969 4.
1262 4923 1333 4957 σεο
1354 4914 1739 4985 collegisse-3.
1771 4915 1825 4968 4.
1903 4921 1974 4954 99°
2000 4909 2322 4965 credideret
2366 4914 2414 4964 l.
2455 4914 2508 4967 2.
2575 4919 2644 4953 θυι
2683 4911 2904 4984 aliquid
2945 4916 2995 4968 3.
3018 4909 3035 4914 “
3067 4923 3137 4958 σοι
3162 4919 3508 4974 succendere

183 4985 230 5042 3.
261 4994 330 5029 se:
359 4988 653 5059 spendido
665 4985 708 5040 ’1
725 5028 737 5041 -
1746 5053 1953 5109 ΝΟΤΛΕ

248 5157 392 5226 (474)
412 5154 797 5210 Wolbodonis
817 5157 1080 5226 tempore
1101 5169 1279 5226 unam
1303 5149 1552 5226 H_ei_nrici
1575 5149 1808 5226 ll.-imp.
1904 5149 2062 5226 ribus
2095 5151 2395 5226 celebrarit
2425 5151 2716 5226 docentes.

177 5222 468 5282 habemus
505 5226 785 5289 tabulam,
819 5222 1074 5279 Colonia:
1106 5223 1199 5278 die
1232 5225 1296 5277 l8
1325 5223 1486 5277 Febr.
1513 5226 1648 5277 1020
1673 5222 1810 5293 scri-
1979 5224 2115 5289 (475)
2156 5223 2306 5277 Sedit
2351 5225 2606 5293 episcopz'o
2639 5231 2717 5277 ter
2743 5223 2889 5280 (lenis
2919 5227 3178 5281 mensibus
3205 5223 3418 5293 legitur
3447 5225 3510 5282 in

217 5300 381 5361 tam;
439 5297 698 5351 BOhmer
755 5297 1014 5367 Regest.,
1070 5312 1137 5367 pq.
1182 5298 1287 5367 6t,
1331 5294 1643 5367 Alieinerus,
1691 5291 1806 5367 rVit.
1904 5293 2034 5367 _\_’ita
2087 5291 2456 5367 \Yolbodonis
2503 5291 2857 5362 brevissima,
2905 5296 3140 5362 Latinis,
3180 5291 3406 5367 Gallicis
3450 5302 3509 5354 et

217 5312 381 5361 tam;
442 5312 698 5351 bonmer
757 5312 1010 5367 negem”,
1070 5312 1129 5366 p.
1182 5312 1283 5361 01;
1347 5312 1643 5358 nelnerus,
1708 5312 1806 5347 νιι.
1917 5312 2034 5346 vna
2095 5312 2456 5348 womouoms
2503 5312 2857 5362 nrevnssnma,
2905 5312 3140 5362 Latinis,
3180 5312 3406 5353 uanucns
3450 5312 3507 5354 et

179 5312 544 5444 gVolbod.,c_.
573 5371 604 5424 8
635 5367 745 5444 hoc
777 5366 1055 5444 natalitiis
1083 5364 1294 5444 Christi
1319 5363 1576 5444 colonias
1591 5363 1809 5443 factum
1904 5363 2514 5444 Teutonicisversibus
2547 5367 2916 5444 _(:_0nscripta_;
2953 5367 3190 5444 Latinos
3235 5366 3395 5426 dedit
3438 5386 3507 5427 ex

177 5452 299 5493 esse
322 5438 580 5518 scripsit,
612 5437 714 5492 sed
729 5453 790 5492 re
837 5439 1066 5518 ugnant
1083 5434 1647 5515 Annalesﬂildeshq
1682 5434 1809 5506 qui-
1907 5434 2102 5490 codice
2133 5435 2189 5490 S.
2225 5434 2515 5492 Laurentii
2541 5434 2844 5512 Chapeav.,
2871 5434 2913 5506 Ι.
2948 5439 3077 5495 256.

178 5506 449 5566 buslocis
469 5453 1174 5578 imperatoriziatmtatem
1189 5509 1427 5564 Donum
1455 5505 1564 5560 illis
1586 5507 1810 5578 tempo-

218 5525 283 5565 ηδ
295 5523 449 5566 Ιῦαιδ
469 5523 790 5582 imperator
801 5523 1174 5566 naumatem
1189 5523 1427 5564 1101111111
1455 5523 1564 5560 11113
1586 5523 1810 5578 tempo-

838 5632 1080 5689 Pn'aon.
1111 5628 1371 5690 CXXXIX.
3210 5632 3278 5690 35
