3960 6182
561 418 698 478 nos
1439 418 1453 440 ι
1689 406 2015 473 HERIGERI
2038 402 2327 472 seems
2352 390 2735 474 maxime.
2766 504 2779 519 ι
3636 414 3737 480 tiu

1730 934 1973 975 VIRGINIS
2028 934 2313 975 HERBECCE
2380 935 2438 975 1N
2494 936 2711 990 BELGIO,

1296 1070 1570 1131 Auctore
1625 1067 1715 1149 (ut
1768 1068 2044 1152 videtur)
2101 1069 2454 1135 HERIGERO
2509 1069 2728 1136 abbate
2769 1066 3104 1133 Lobiensi.

564 1206 755 1280 (Apud
779 1206 1006 1262 Manum.
1029 1203 1173 1258 Acta
1203 1200 1312 1259 SS.
1331 1200 1534 1256 ordinis
1558 1200 1622 1258 S.
1644 1200 1872 1270 Bened.,
1906 1201 2046 1258 Seec.
2072 1203 2163 1271 III,
2186 1206 2337 1274 part.
2370 1218 2408 1271 ι,
2435 1219 2567 1275 pag.
2600 1207 2686 1272 l6,
2701 1219 2767 1261 ex
2791 1218 2889 1258 ms.
2922 1201 3036 1257 cod.
3068 1208 3116 1255 et
3133 1198 3421 1256 Februario
3448 1199 3760 1273 Bellorum.)

1675 1414 2269 1485 OBSERVATIO
2347 1418 2577 1485 PRzE
2594 1422 2786 1487 VIA.

636 1524 802 1587 Hanc
823 1536 1021 1589 sancta
1052 1526 1328 1584 Berlendis
1351 1544 1439 1582 seu
1484 1524 1756 1581 Bellendz's
1792 1527 1974 1583 Vitam
1998 1526 2164 1602 edidit
2198 1531 2308 1602 sine
2326 1530 2567 1602 prologo,
2600 1533 3064 1602 etcommentariis
3088 1531 3365 1588 illustravit
3382 1530 3583 1602 Joannes
3609 1526 3762 1602 Bollan-

567 1601 685 1669 dus,
736 1603 1073 1674 eamdemque
1122 1602 1307 1654 tribuit
1350 1601 1567 1674 auctori
1605 1614 1895 1668 anonymo,
1945 1601 2041 1674 qui
2085 1596 2370 1674 saeculari!
2400 1596 2613 1674 vinei-it.
2644 1601 2936 1672 Prologum
2961 1607 3110 1658 nacti
3133 1619 3397 1674 sumus_e.r
3432 1596 3763 1674 quodamcodiee

565 1665 732 1745 manu
760 1665 1036 1742 descripto,
1066 1674 1125 1725 in
1143 1688 1245 1743 quo
1274 1672 1505 1745 auctoris
1535 1686 1726 1745 nomen
1751 1665 1931 1745 prima
1949 1665 2229 1745 'duntagat
2258 1668 2437 1725 littera
2462 1672 2541 1727 Η.
2571 1665 2910 1728 decurtatum
2952 1677 3233 1745 reperitur.
3265 1665 3561 1743 Herigérum
3591 1665 3765 1745 abtum

567 1744 884 1816 Lobiensemﬁ
915 1741 1229 1816 interpretor
1241 1785 1260 1816 _.
1295 1742 1385 1816 cui
1426 1741 1744 1816 conjecturae
1772 1742 1923 1816 favet
1968 1749 2079 1795 tum
2120 1742 2376 1816 Eerz’gerz'
2395 1750 2543 1811 antas,
2577 1752 2691 1798 tum
2712 1745 2898 1799 titulus
2912 1745 2973 1799 in
2992 1741 3216 1816 prologo
3241 1741 3605 1816 expressusque
3624 1741 3770 1793 Aucta

563 1832 618 1869 se
663 1811 1085 1870 monachorum
1117 1811 1485 1885 Lobiensium
1546 1812 1819 1885 ultimum
1870 1814 2094 1879 fatetur.
2126 1811 2393 1885 Auctoris
2433 1826 2563 1871 aetas
2607 1817 2904 1885 petiturae
2928 1811 3324 1871 nomine'ducis
3360 1811 3769 1885 Letharingorulll,

605 1885 713 1957 uoci
734 1891 958 1955 usurpat
983 1898 1131 1938 num.
1162 1888 1191 1937 3
1217 1882 1709 1957 _(Lpthariensium
1739 1898 1931 1957 nomen
1955 1889 2188 1937 vertente
2232 1883 2421 1938 saeculo
2448 1902 2502 1939 ix
2532 1880 2945 1957 oblat/tortam
2970 1904 3145 1957 regem
3182 1880 3633 1957 _audiri_captum',

610 1946 1050 2025 otharingorum
1078 1946 1392 2009 vocabulum
1423 1953 1714 2018 auditum).
1748 1952 2044 2025 He_rigeras
2067 1971 2206 2021 vero,
2230 1960 2449 2010 testante
2468 1946 2837 2011 continuatore
2860 1946 3111 2013 Chronic:
3158 1954 3312 2025 Lob.,
3360 1946 3605 2011 Fate-uino
3625 1946 3631 1949 ⁷
3651 1946 3774 2006 abbati

561 2027 803 2083 successit
827 2022 967 2079 anno
996 2023 1122 2091 990,
1162 2031 1399 2079 mortuus
1420 2039 1560 2078 anno
1604 2025 1762 2088 1007,
1792 2022 1966 2077 claras
1995 2025 2198 2094 ingenii
2222 2028 2311 2082 sui
2343 2029 2676 2082 monimentis
2698 2027 2891 2082 ibidem
2919 2029 3205 2085 recensitis.

1696 2243 2163 2313 PROLOGUS
2217 2243 2678 2313 AUCTORIS.

631 2387 680 2439 l.
704 2383 954 2439 Domino
977 2386 1035 2438 et
1055 2381 1241 2438 amico
1261 2398 1360 2437 suo
1383 2381 1768 2448 Gauuno,ll.,
1789 2378 2165 2436 Lobiensium
2197 2391 2251 2449 Α
2268 2381 2555 2437 luutatem
2579 2380 2865 2450 faciendi,
2907 2382 3007 2438 sed
3034 2380 3107 2438 ad
3140 2383 3495 2438 Voluntatem
3524 2386 3684 2434 meam
3706 2384 3786 2428 nan

556 2472 983 2528 monachorum
999 2470 1254 2536 ultimus,
1275 2482 1408 2525 cum
1424 2468 1691 2524 Bellende
1714 2469 1774 2523 in
1788 2470 2001 2524 caelesti
2016 2468 2173 2523 curia
2271 2469 2445 2525 habui
2462 2468 2894 2541 exemplar.Vos
2909 2467 3086 2543 igitur
3102 2469 3301 2543 legere
3323 2472 3379 2525 et
3391 2469 3624 2541 relegere
3635 2464 3788 2524 curate,

551 2561 876 2617 laureatum
900 2558 1190 2614 incedere.
1212 2557 1340 2615 Scio
1365 2572 1460 2612 me
1480 2557 1678 2612 fecisse
1700 2556 1918 2611 tardius
1943 2561 2000 2612 et
2021 2555 2169 2612 desi-
2272 2559 2335 2612 ut
2353 2558 2526 2630 ipsius
2552 2556 2803 2631 Virginis
2822 2559 2992 2615 bona:
3020 2557 3469 2616 conversationis
3490 2552 3711 2624 exemplo
3731 2547 3790 2602 in-

555 2647 771 2705 diosius
788 2647 946 2721 quod
970 2646 1129 2703 vobis
1158 2647 1377 2702 dudum
1402 2646 1810 2717 promiseram,
1838 2643 1939 2699 sed
1959 2647 2160 2701 tamen
2270 2646 2491 2715 structi,
2528 2662 2661 2702 cum
2698 2647 2821 2719 ipsa
2848 2647 2910 2703 in
2963 2648 3182 2705 ccelesti
3226 2660 3409 2720 regno
3445 2642 3665 2718 gaudere
3704 2649 3794 2710 pos-

548 2736 902 2812 parcendum
938 2739 1024 2792 est
1053 2735 1263 2792 amico.
1284 2735 1404 2806 Ego
1430 2733 1588 2790 enim
1619 2749 1850 2806 semper
1876 2730 2054 2788 habui
2073 2747 2169 2789 vo-
2264 2732 2409 2790 sitis.

1609 2856 2258 2974 INCIPIT
2386 2868 2810 2975 VITA

621 3063 676 3116 2.
692 3058 837 3115 Cum
858 3056 1072 3130 ubique
1102 3056 1303 3113 ﬁdeles
1323 3054 1672 3112 Christicolae
1695 3053 2001 3109 nationum
2032 3067 2159 3109 om-
2334 3060 2387 3112 3.
2418 3055 2703 3126 Tempore
2728 3055 2921 3127 itaque
2951 3055 3272 3128 Dagoberti
3302 3056 3457 3127 regis
3494 3054 3801 3109 Francorum.

549 3147 739 3215 nium,
762 3145 963 3203 conﬁsi
993 3148 1166 3217 atque
1188 3144 1433 3216 protecti
1461 3141 1798 3214 patrociniis
1828 3144 2162 3196 sanctorum
2261 3148 2428 3215 pater
2448 3143 2710 3215 ejusdem
2733 3143 2992 3217 virginis,
3016 3145 3341 3201 Odel‘ardus
3364 3143 3612 3208 nomine,
3627 3134 3802 3194 subWi-

551 3235 843 3302 omnium,
865 3250 964 3289 eos
983 3236 1324 3288 venerantes
1346 3229 1850 3286 intercessionibus
1870 3245 2075 3284 eorum
2092 3226 2163 3284 de
2265 3248 2405 3303 gero
2427 3228 2569 3287 duce
2594 3231 3079 3304 Lotharingorum
3110 3233 3257 3304 (496)
3279 3230 3554 3300 militans,
3572 3228 3720 3285 totius
3733 3223 3805 3277 dn-

552 3325 694 3378 ccelo
716 3323 1009 3394 postulent
1038 3319 1331 3385 auxilium,
1352 3323 1409 3373 et
1439 3334 1642 3373 eorum
1666 3319 1997 3372 sanctorum
2019 3332 2164 3387 quo-
2266 3323 2427 3375 catus
2447 3320 2720 3375 exercitui
2739 3324 3008 3392 praeerat,
3037 3325 3217 3394 atque
3236 3338 3360 3396 pm;
3382 3318 3592 3378 cem-is
3612 3314 3702 3388 ipsi
3717 3307 3806 3366 duci

554 3418 686 3465 rum
710 3408 770 3463 in
793 3408 1055 3463 suislocis
1075 3408 1321 3479 pignora
1336 3403 2023 3461 habenturreverentiam
2044 3420 2167 3460 ma—
2268 3407 2996 3481 adhaerens,familiarique
3023 3410 3288 3467 amicitia
3315 3410 3633 3485 perfruens,
3659 3400 3808 3459 cuum

549 3496 697 3573 joris
714 3495 1034 3552 dilectionis
1045 3497 1395 3550 venerentur
1411 3493 1763 3561 affectumon
1780 3492 2167 3565 incongruum
2267 3496 2508 3568 provido
2526 3496 2765 3569 utilique
2779 3498 3016 3555 consilio
3036 3516 3165 3571 quae
3189 3501 3254 3556 in
3279 3500 3456 3557 domo
3472 3496 3598 3553 etin
3618 3488 3807 3550 exercitu

559 3584 813 3640 arbitror
835 3583 1003 3654 hujus
1029 3583 1290 3655 virginis,
1323 3582 1483 3653 cujus
1503 3582 1837 3654 patrociniis
1864 3597 2168 3653 possumus
2267 3584 2419 3640 illius
2434 3585 3589 3659 gerendaerantdisponebat.Fuitautem
3602 3573 3810 3656 pomo

559 3673 715 3746 apud
741 3675 921 3727 Deum
970 3671 1223 3744 protegi,
1259 3671 1608 3726 memoriam
1638 3686 1743 3742 pro
1772 3670 2010 3725 modulo
2042 3670 2171 3742 styli
2270 3672 2421 3728 illius
2449 3673 2757 3730 Humberth
2778 3674 2875 3735 [al.
2911 3673 3259 3747 Grimbergh]
3283 3681 3345 3733 et
3369 3681 3572 3732 Ascam
3592 3671 3678 3734 tot.
3699 3661 3812 3721 Άεάι

559 3760 815 3830 humilis,
837 3758 1134 3833 verbisque
1155 3758 1289 3814 licet.
1304 3757 1582 3830 impolitis
1600 3758 1969 3826 retexere,ad
1986 3775 2173 3813 exem-
2191 3767 2244 3827 Β
2273 3763 2412 3814 inter
2440 3759 2755 3815 Bruxeltam
2781 3769 2832 3817 et
2858 3762 3154 3832 Alostum],
3188 3765 3432 3820 castella
3454 3763 3596 3831 duo;
3623 3763 3812 3832 quorum

559 3850 688 3923 pler
714 3849 844 3904 vitae
862 3847 1160 3921 utriusque
1179 3847 1541 3904 audientium
1568 3847 1779 3903 animis
1798 3846 2174 3903 commenda-
2274 3849 2543 3916 alterum,
2580 3848 2794 3904 scilicet
2835 3853 3066 3925 Aspum,
3093 3853 3168 3908 ab
3196 3853 3429 3908 Hunnis
3485 3844 3812 3925 destructum;

561 3953 650 3998 re.
682 3938 812 3992 Haec
842 3936 1021 4008 igitur
1070 3936 1256 4008 virgo,
1287 3934 1572 3991 Bellendis
1613 3934 1874 4005 nomine,
1908 3935 2043 3989 licet
2088 3951 2174 3989 se-
2274 3938 2523 3993 alterum
2547 3953 2681 3993 vero
2709 3924 2922 3994 natura
2959 3939 3289 4011 munitum,
3322 3939 3676 4010 milituqu
3700 3924 3816 3997 eo?“

562 4025 817 4082 cundum
844 4025 1035 4081 saeculi
1076 4023 1423 4096 dignitatem
1462 4039 1582 4079 non
1608 4020 1848 4092 infimis,
1876 4023 1977 4078 sed
2000 4022 2175 4079 totius
2274 4024 2598 4092 defensum,
2626 4023 3070 4099 inexpugnabile
3112 4028 3399 4100 perstitit.
3430 4026 3571 4093 Quia
3607 4011 3820 4094 ὶσὶῑιιῐτίτ

562 4113 731 4187 regni
765 4113 1145 4170 nobilioribus
1176 4115 1305 4168 orta
1336 4112 1675 4185 parentibus
1693 4111 1982 4167 memoria
2002 4111 2172 4167 exsti-
2272 4111 2383 4167 iste
2412 4114 2534 4167 tam
2576 4128 2861 4184 generosa
2887 4116 3216 4188 propagine
3248 4130 3437 4191 quam
3466 4110 3662 4170 divitiis
3698 4106 3817 4173 ιιιιιε

562 4204 721 4273 terit,
753 4201 1144 4259 excellentiori
1191 4204 1392 4257 tamen
1450 4200 1775 4256 reverentia
1801 4216 1837 4255 a
1866 4200 2032 4255 nobis
2078 4216 2174 4255 co-
2274 4199 2507 4273 praediis
2534 4199 2944 4274 honorumque
2975 4201 3268 4275 dignitate
3300 4204 3609 4278 ampliatus
3633 4193 3821 4272 pollebat

564 4291 742 4349 lenda
766 4295 871 4361 est,
911 4307 1040 4365 quae
1066 4291 1220 4363 apud
1250 4288 1542 4345 Christum
1566 4288 1898 4344 veneranda
1927 4287 2178 4360 refulget
2274 4289 2439 4358 (nam
2468 4305 2504 4343 a
2553 4293 2725 4360 portu
2778 4290 3299 4364 Antwerpensium
3352 4308 3534 4367 usque
3560 4285 3822 4347 Οοηάῑβιιω

568 4382 810 4450 meritis,
837 4385 896 4437 et
928 4380 1179 4453 gloriosa
1205 4378 1547 4434 castimonia
1570 4377 1908 4435 sanctitatis.
1942 4376 2088 4432 Nam
2117 4378 2178 4432 et
2276 4373 2567 4447 (Condeck,
2621 4379 2762 4432 inter
2787 4381 3143 4450 Αηειιεφίαηι
3165 4389 3222 4435 et
3248 4381 3623 4448 Mechliniam)
3647 4368 3826 4431 ωειίιι·

568 4469 786 4525 ccelesti
819 4485 1032 4540 sponso
1058 4467 1382 4539 jucundum
1410 4465 1470 4521 in
1511 4482 1613 4520 sua
1636 4464 1967 4536 virginitate
1996 4464 2176 4519 aedifi-
2276 4467 2404 4518 tum
2461 4464 2743 4536 regebat),
2798 4468 3053 4538 puellam
3111 4470 3571 4535 nobilissimam,
3628 4468 3823 4519 θοι-στω)

569 4555 720 4612 cavit
764 4556 1180 4623 habitaculum,
1214 4558 1272 4610 et
1327 4554 1534 4609 domus
1580 4556 1814 4607 internas
1843 4552 1973 4620 sibi,
2004 4552 2178 4608 sacris
2277 4551 2432 4607 beati
2462 4552 2749 4625 pontiﬁcis
2791 4555 3062 4624 Amandi,
3106 4556 3366 4613 nomine
3398 4558 3636 4622 Nonum,
3660 4552 3709 4606 in
3741 4558 3828 4601 ωε·

566 4644 850 4703 insudans
877 4644 1116 4710 actibus,
1168 4642 1229 4697 in
1271 4642 1414 4696 coelo
1464 4640 1673 4696 locavit
1703 4641 2174 4696 fundamentum.
2276 4640 2621 4696 trimonium
2651 4641 2914 4713 sumpsit.
2945 4642 3081 4699 Erat
3113 4644 3351 4701 etenim
3383 4645 3544 4718 virgo
3570 4637 3730 4715 specie
3766 4627 3829 4684 ιιί⁴

569 4736 697 4791 Non
728 4732 886 4789 enim
914 4730 1208 4786 immerito
1238 4730 1363 4785 haec
1381 4729 1541 4803 virgo
1563 4729 1635 4784 ab
1659 4728 1766 4784 illis
1794 4729 1966 4784 debet
1993 4730 2177 4786 hono-
2277 4732 2388 4786 mis
2419 4731 2650 4796 decora,
2675 4731 2935 4788 moribus
2972 4733 3238 4789 honestis
3268 4734 3614 4806 composita,
3634 4720 3829 4787 cultu“

570 4821 691 4878 rari
716 4821 921 4894 quibus
950 4823 1009 4875 et
1040 4819 1161 4892 ipsa
1196 4818 1257 4873 in
1286 4819 1395 4873 hac
1422 4818 1538 4874 vita
1570 4817 2071 4889 consanguinitate
2092 4819 2180 4873 vel
2278 4820 2506 4892 pudica,
2560 4820 2676 4875 ﬁde
2707 4820 2989 4877 catholica
3036 4822 3330 4896 omnique
3382 4821 3639 4877 doctrina
3676 4811 3735 4869 ad
3754 4822 3829 4860 ιη’

572 4909 963 4966 familiaritate
992 4908 1303 4979 conjuncta
1328 4906 1455 4975 fuit,
1490 4908 1577 4961 vel
1602 4906 1721 4978 qui,
1752 4924 1819 4961 ex
1841 4906 1962 4977 ejus
1976 4920 2182 4976 paren-
2280 4924 2454 4980 gnem
2481 4907 2724 4963 erudita.
2753 4908 2831 4963 Ex
2854 4909 2964 4964 hac
3003 4908 3187 4981 igitur
3216 4895 3438 4983 genuit
3456 4906 3631 4965 ﬁlium
3658 4895 3831 4959 nomine

571 4999 691 5057 tela
729 4998 1131 5073 genealogiam
1163 4996 1401 5063 ducunt,
1431 4996 1521 5050 vel
1548 4994 1666 5066 qui,
1698 4994 1821 5065 ejus
1845 4998 2018 5067 atque
2048 5011 2181 5051 ma-
2283 4996 2639 5068 Eligardum,
2669 4996 2770 5070 qui
2824 4997 2885 5051 in
2928 4997 3254 5069 supradicti
3313 4997 3491 5054 castri
3517 4986 3831 5051 destructione

565 5091 764 5164 jorum
799 5087 948 5142 illius
970 5085 1271 5141 famulatui
1303 5082 1555 5151 obnoxii,
1589 5082 1875 5156 obsequiis
1925 5084 2049 5154 ejus
2079 5085 2183 5139 de-
2209 5073 2257 5135 C
2283 5085 2357 5140 ab
2382 5084 2600 5139 Hunnis
2624 5085 2961 5141 interfectus
2976 5086 3107 5142 fuit.
3136 5086 3367 5144 Genuit
3396 5087 3575 5144 etiam
3600 5098 3664 5138 ex
3683 5073 3836 5164 and?“

576 5160 916 5237 servierunt.
939 5174 1222 5245 lndigena
1248 5188 1503 5244 namque
1535 5170 1695 5225 istius
1713 5174 1858 5240 (496)
1876 5172 1984 5228 loci
2012 5175 2184 5245 atque
2283 5174 2529 5246 conjuge
2545 5173 2827 5246 virginem
2846 5174 2992 5229 facie
3005 5174 3249 5247 quidem
3267 5160 3838 5231 formosissimum!»

579 5267 820 5323 domina
865 5264 995 5331 fuit,
1029 5266 1088 5318 et
1115 5261 1248 5316 ideo
1278 5262 1403 5331 ejus
1432 5259 1788 5314 orationibus
1819 5259 1995 5315 divini
2022 5262 2183 5334 adju-
2283 5263 3045 5336 maconspicuam,persona
3066 5265 3439 5337 elegantem,
3464 5258 3717 5332 omnique
3740 5262 3841 5323 ρω-

578 5356 713 5411 torii
733 5370 865 5411 rore
894 5352 1165 5424 irrigatus
1189 5363 1420 5420 semper
1440 5347 1639 5403 floruit
1667 5350 1726 5403 et
1754 5348 2002 5405 ﬂorebit.
2282 5349 2460 5405 bitate
2482 5352 2540 5405 et
2557 5350 2840 5406 industria
2860 5351 3248 5421 luculentam,
3278 5352 3525 5408 nomine
3551 5338 3842 5403 Bellendem-

651 5495 799 5569 (495)
845 5496 1074 5569 Nempe
1111 5487 1540 5569 Merbecqensis,
1575 5486 1731 5569 qugd
1760 5486 1821 5542 in
1852 5489 2071 5543 textum
2104 5488 2186 5543 ir—
2284 5490 2707 5569 ducis__nomen.
2742 5492 2961 5569 ‘Auctor
3012 5492 3100 5569 sui
3146 5492 3650 5569 temporishusnn}
3669 5480 3848 5569 εβςῆξῖ

576 5550 758 5642 repsit
771 5550 935 5642 apud
952 5550 1323 5642 Eollaudum.
1344 5561 1430 5642 De
1449 5550 1557 5642 hoc
1584 5550 1755 5639 infra.
2283 5559 2697 5642 estNWigerus
2721 5561 2840 5642 dux
2873 5564 3261 5642 Amalbergge
3594 5561 3652 5614 et
3672 5550 3845 5610 sancte

638 5630 1397 5716 (496)1hauditumerattum
1410 5630 2183 5707 Lotharingorumeorumve
2282 5631 2501 5690 Gudila:
2528 5630 2766 5706 virginis
2791 5635 2960 5707 pater
2985 5630 3436 5695 fuisse'dicitur.
