3960 6174
187 405 292 470 “05

1339 386 1505 457 me.
1523 378 1824 458 suum
1848 377 2268 456 BEBLENDIS.

3371 401 3513 465 H06

238 520 491 607 Lttibus
534 516 778 596 denique
820 517 987 590 annis
1034 518 1242 594 quater
1287 509 1560 569 revolutis
1591 507 1740 608 post

1844 521 2019 578 nium
2051 527 2298 597 recepit,
2329 529 2388 584 et
2416 524 2564 586 sicut
2593 524 2794 582 fuerat
2835 521 2997 597 prius
3031 526 3290 593 clausum
3337 555 3403 596 ac
3432 541 3511 598 si-

180 613 350 685 primie
381 603 561 666 noctis
579 595 863 682 copulam,
889 609 1210 681 praenotata
1236 605 1396 658 Nona
1415 615 1559 656 uxor
1589 595 1740 651 illius

179 702 227 758 in
244 700 471 756 Domino
495 700 617 753 Jesu
647 699 866 754 Christo
912 697 1068 763 obiit,
1111 711 1228 767 qua
1275 693 1434 762 juxta
1460 690 1737 742 humanae

177 787 567 844 consuetudinis
586 787 840 841 debitum
863 786 1058 856 primae
1084 782 1287 838 matris
1305 776 1529 854 gremio
1550 775 1621 828 ad
1640 789 1732 828 re-

112 912 125 932 .
176 877 491 934 servandum
527 876 702 930 beatae
746 872 1145 928 resurrectioni
1191 867 1620 930 commendata,
1649 862 1736 917 vir

173 966 304 1022 idem
331 965 535 1019 saeculo
565 963 796 1017 ulterius
825 961 1105 1033 implicari
1133 957 1339 1023 noluit,
1369 955 1613 1025 implere
1636 968 1735 1004 cu-

169 1053 303 1128 piens
326 1053 484 1126 quod
513 1053 706 1106 beatus
725 1050 806 1105 ait
819 1051 1145 1122 Apostolus:
1169 1046 1387 1103 Solutus
1400 1061 1450 1098 es
1467 1043 1532 1096 ab
1550 1056 1733 1106 uxore,

167 1143 259 1198 noli
281 1158 517 1215 quaerere
553 1157 769 1195 uxorem
820 1137 875 1209 (Ι
918 1137 1044 1193 Cor.
1074 1154 1170 1204 νυ,
1201 1140 1307 1206 17).
1334 1133 1449 1188 Sed
1473 1148 1605 1186 cum
1631 1145 1736 1200 per

160 1232 429 1303 prolixum
452 1232 670 1301 tempus
687 1244 820 1282 cum
838 1243 941 1281 sua
961 1225 1076 1280 ﬁlia
1092 1224 1368 1296 prmdicta
1389 1220 1608 1292 virgine
1629 1218 1736 1290 piis

162 1320 352 1375 actibus
368 1319 627 1379 instaret,
649 1315 1028 1386 eleemosynis
1044 1319 1102 1368 et
1126 1312 1396 1385 operibus
1411 1308 1578 1365 bonis
1597 1322 1737 1377 erga

156 1424 360 1473 omnes,
389 1406 491 1462 sed
519 1404 766 1460 maxime
797 1419 937 1475 erga
983 1401 1329 1456 domesticos
1365 1398 1500 1453 ﬁdei
1525 1396 1739 1451 viscera

155 1496 358 1568 pietatis
409 1495 664 1558 haberet,
714 1494 1122 1548 remuneratur
1162 1487 1423 1544 omnium
1451 1488 1738 1542 bonorum

161 1587 309 1651 Deus,
335 1584 443 1658 qui
459 1583 596 1638 lucis
621 1582 770 1637 ﬁlios
802 1581 1063 1636 nondum
1083 1577 1352 1649 rubigine
1371 1579 1738 1648 peccatorum

162 1674 505 1730 examinatos
530 1670 764 1742 ﬂagellis
788 1673 1000 1725 sanctae
1044 1666 1430 1738 castigationis
1452 1666 1736 1731 verberat,

160 1765 213 1818 ut
233 1777 466 1818 excussa
485 1761 646 1832 palea
672 1759 928 1814 triticum
942 1773 1153 1831 purum
1182 1756 1241 1809 in
1265 1771 1398 1810 area
1424 1754 1641 1809 munda
1656 1769 1741 1807 re-
1759 1769 1810 1831 Β

150 1850 325 1922 cipiat,
355 1851 562 1904 volens
585 1849 830 1921 probare
860 1862 1068 1902 aurum
1102 1843 1386 1898 mundum
1420 1843 1478 1897 in
1505 1843 1740 1897 fornace

145 1941 472 2012 purgatum,
511 1937 778 1992 eumdem
809 1936 1016 2000 virum,
1055 1932 1201 1988 sicut
1237 1929 1741 2001 ﬂlium,multipli-

143 2028 213 2082 cis
259 2025 559 2099 languoris
609 2028 852 2097 paterno
883 2023 1120 2078 verbere
1173 2019 1467 2091 corripuit.
1500 2020 1643 2074 Nam
1687 2022 1744 2073 et

142 2116 376 2186 languor
410 2131 549 2169 eum
580 2113 834 2169 diutinus
866 2111 1094 2178 invasit,
1127 2109 1267 2164 etin
1313 2107 1434 2180 ipso
1466 2110 1742 2179 languore

135 2204 286 2276 lepra
315 2218 462 2259 eum
491 2202 738 2273 graviter
767 2200 1064 2274 percussit.

199 2298 249 2347 5.
281 2292 430 2346 Cum
461 2291 636 2362 igitur
664 2291 848 2344 multo
901 2289 1204 2360 langueret
1255 2301 1546 2340 annorum
1571 2286 1745 2340 curri-

133 2383 272 2446 culo,
305 2378 700 2435 deﬂuentibus
728 2378 963 2432 famulis
1012 2375 1184 2431 taedio
1239 2373 1474 2439 affectis,
1502 2372 1743 2444 contigit

137 2468 377 2540 quadam
409 2467 510 2522 die
541 2467 723 2521 solum
770 2481 905 2519 cum
947 2463 1064 2518 ﬁlia
1088 2464 1147 2517 in
1190 2462 1364 2517 domo
1415 2477 1740 2519 remanere.

134 2556 231 2620 Qui
259 2572 399 2611 cum
434 2556 513 2610 ab
541 2571 612 2608 ea
648 2557 854 2624 potum
897 2555 1141 2623 peteret,
1173 2550 1446 2606 continuo
1479 2549 1576 2605 illa
1621 2567 1745 2605 sur-

132 2645 289 2711 rexit,
323 2644 612 2714 scyphum
639 2643 863 2696 concite
888 2640 1044 2706 lavit,
1077 2642 1282 2711 potum
1333 2638 1562 2704 infudit,
1596 2639 1747 2710 patri

132 2733 405 2804 portavit:
467 2730 570 2801 qui
617 2729 782 2795 bibit,
837 2729 1003 2800 eique
1031 2727 1307 2798 scyphum
1337 2726 1589 2781 reddidit
1637 2727 1749 2782 Sed

127 2837 357 2891 serpens
391 2819 690 2890 antiquus,
715 2818 976 2872 humano
1010 2815 1210 2886 generi
1241 2831 1472 2885 semper
1501 2814 1745 2882 invidus,

127 2907 517 2966 humanitatis
539 2906 780 2972 nescius,
805 2903 1013 2959 radicis
1038 2903 1303 2958 omnium
1338 2904 1624 2960 malorum
1648 2921 1748 2957 su-

125 2997 333 3067 perbia
376 2996 523 3051 fuco
576 2993 858 3065 virginem
908 2993 1331 3063 aliquantulum
1362 2992 1576 3046 infecit.
1601 2992 1746 3046 Nam
1848 2992 1984 3049 7""
2004 2992 2240 3048 ⁸ῖ““⁰“’“
2270 2992 2502 3044 ’““’“ἶ’“’
2531 2992 2630 3046 T'?‘
2667 2992 2724 3006 ""
2752 2992 3198 3052 ⁰“,¹¹⁹⁸⁸ἶ¹⁰νυυδι
3218 2992 3467 3032 statqu

125 3084 309 3118 ,ΜΔΝ
393 3086 526 3118 nm,
581 3085 802 3118 “dum
853 3080 1052 3118 “ham
1108 3079 1430 3118 Romanan
1477 3080 1741 3118 “nmium
1769 3055 1816 3118 α
1846 3040 2081 3092 invenit.
2115 3035 2310 3089 Manus
2339 3051 2497 3089 enim
2534 3037 2689 3090 llilus
2729 3041 3012 3112 quidquid
3037 3045 3174 3099 boni
3206 3048 3467 3107 invenire

123 3084 332 3150 sitiens,
393 3086 534 3155 post
581 3085 805 3154 patrem
851 3080 1053 3135 bibere
1108 3079 1430 3150 dedignans
1474 3080 1746 3150 poculum

116 3171 334 3238 oﬂ'ndit,
367 3169 662 3241 scyphum
693 3169 902 3223 iterum
935 3166 1094 3235 lavit,
1135 3169 1334 3237 potum
1362 3166 1654 3238 imposuit,
1681 3182 1746 3222 ac

113 3258 187 3316 sic
217 3260 388 3316 bibit.
428 3257 603 3323 Quod
633 3260 796 3327 pater
825 3255 1131 3326 aspiciens,
1163 3256 1384 3309 nullum
1419 3254 1471 3310 ei
1505 3255 1744 3310 verbum

107 3350 262 3416 fecit,
277 3351 392 3406 sed
426 3348 640 3408 tacitus
667 3347 921 3404 mirabili
938 3347 1338 3418 indignatione
1367 3347 1513 3413 tulit,
1545 3347 1744 3418 iraque

111 3437 453 3496 vehementi
519 3436 779 3492 turbatus
825 3434 1050 3490 vocavit
1097 3451 1308 3502 servos,
1347 3451 1580 3489 currum
1637 3434 1743 3490 sibi

105 3527 294 3598 parui
327 3525 549 3582 statim
570 3523 759 3593 jussit,
793 3539 968 3594 super
1006 3539 1181 3593 quem
1214 3523 1530 3578 ascendens
1558 3523 1740 3576 Nivei-

105 3615 218 3671 lam
250 3615 460 3685 petiit,
496 3612 690 3682 ibique
720 3614 935 3667 sanctae
967 3609 1233 3665 Gertrudi
1257 3609 1537 3680 quidquid
1562 3610 1738 3663 habe-

101 3701 196 3758 bat
223 3703 287 3759 in
322 3699 580 3776 prmdiis
596 3716 726 3755 cum
752 3697 918 3754 omni
936 3697 1159 3754 familia
1183 3714 1480 3752 servorum
1503 3697 1737 3752 ancilla-

101 3805 379 3863 rumque,
415 3803 562 3844 cum
591 3787 800 3857 cespite
821 3790 880 3841 et
897 3801 1065 3840 ramo
1081 3785 1424 3856 cultelloque
1443 3787 1583 3846 (497)
1609 3801 1739 3840 cum

99 3879 424 3936 manubrio
458 3876 598 3931 albo
627 3875 888 3940 tradidit,
942 3891 1007 3928 ac
1061 3873 1239 3928 filiam
1293 3875 1548 3943 paternae
1578 3871 1736 3927 omni

95 3972 524 4038 maternusque
549 3963 901 4019 hereditatis
917 3963 1049 4032 jure
1079 3960 1346 4030 privavit.

161 4061 216 4112 ὃ.
245 4057 317 4111 In
344 4053 575 4110 eadem
592 4067 724 4106 vero
745 4051 1060 4106 traditione
1083 4065 1174 4104 res
1194 4047 1496 4119 stupenda,
1514 4052 1572 4103 et
1590 4049 1740 4103 ultra

87 4144 438 4199 humanum
457 4138 704 4195 modum
723 4137 1091 4203 admiranda,
1115 4137 1188 4190 ad
1202 4137 1433 4191 laudem
1455 4137 1629 4208 ipsius
1641 4137 1739 4208 qui

87 4231 295 4286 omnia
325 4226 632 4291 condidit,
665 4227 919 4286 advenit.
975 4225 1119 4279 Nam
1177 4241 1308 4279 cum
1341 4224 1496 4280 idem
1530 4225 1614 4278 vir
1665 4225 1739 4278 ad

1842 610 2109 682 gillatum
2146 619 2494 685 permansit.
2547 617 2718 670 Tunc
2758 616 2981 669 clamor
3009 620 3082 673 ad
3115 625 3320 682 coelum
3361 631 3509 685 tolli-

1839 704 1954 766 tur,
1982 699 2228 756 Creator
2247 707 2515 760 omnium
2539 703 2648 776 qui
2672 702 2919 774 gemitui
2940 721 3178 766 suorum
3199 707 3363 770 aures
3386 735 3503 775 sua

1834 786 2070 858 pietatis
2107 806 2420 862 nunquam
2451 792 2675 848 avertit
2700 791 2995 861 adoretur,
3023 799 3258 872 ejusque
3281 803 3502 861 famula

1836 877 1999 947 cujus
2035 879 2269 932 meritis
2292 884 2412 936 tam
2453 882 2844 953 inopinatum
2892 882 3234 944 miraculum
3259 894 3498 966 tamque

1831 964 2166 1039 jucundum
2189 975 2571 1038 peccatorum
2596 965 2929 1040 praesentiae
2945 974 3212 1032 exhibere
3227 964 3496 1050 dignatus

1835 1055 1944 1119 est,
1976 1068 2218 1108 summa
2249 1057 2561 1112 devotione
2593 1056 2932 1113 veneratur.
2962 1061 3074 1116 Sed
3097 1082 3225 1120 cum
3245 1067 3330 1121 vir
3350 1084 3495 1138 pras-

1835 1144 2212 1195 memoratus
2236 1145 2520 1215 aliquanti
2537 1141 2833 1211 temporis
2847 1149 3030 1216 spatio
3047 1153 3490 1213 tribulationum

1835 1227 1973 1297 igne
2003 1225 2076 1280 ad
2101 1231 2438 1301 exemplum
2469 1233 2529 1286 Β.
2562 1229 3073 1314 Jobrpurgaretur
3089 1241 3364 1310 placuitci
3388 1243 3488 1314 qui

1837 1314 1984 1372 nihil
2013 1313 2518 1373 irremuneratum
2553 1313 2828 1386 dimittit,
2857 1321 3004 1377 illius
3035 1327 3373 1396 patientiam
3398 1313 3489 1384 re-

1836 1419 2180 1471 munerare,
2207 1408 2382 1475 atque
2411 1409 2533 1477 ejus
2565 1402 2837 1462 animam
2863 1416 2992 1482 post
3022 1415 3287 1470 laborum
3319 1418 3483 1472 dolo-

1839 1508 2092 1562 rumque
2111 1491 2569 1550 desudationem
2601 1491 2665 1545 in
2695 1500 2912 1555 interna
2942 1503 3142 1574 requie
3177 1506 3481 1565 collocare.

1909 1631 1964 1680 7.
2001 1625 2183 1679 Beata
2238 1624 2421 1695 igitur
2471 1623 2640 1691 virgo
2693 1629 2999 1704 Bellendis,
3034 1638 3192 1691 omni
3224 1643 3483 1710 paternas

1839 1717 2245 1784 maternusque
2277 1712 2652 1769 hiereditatis
2673 1718 2807 1790 jure
2840 1723 3086 1793 privata,
3112 1728 3480 1786 animadver-

1838 1808 1968 1859 tens
1987 1818 2110 1856 sese
2143 1800 2472 1872 spoliatam
2501 1799 2672 1861 bonis
2700 1811 2903 1881 patriis
2921 1813 2996 1868 ob
3018 1818 3245 1871 reatum
3286 1819 3480 1876 crimi-

1839 1891 1949 1982 nis,
1978 1890 2139 1963 parvi
2160 1889 2723 1982 pendens__h0nores
2739 1899 2908 1971 hujus
2921 1904 3133 1972 saeculi,
3158 1905 3483 1982 timensque

1841 1975 2240 2068 iramsuperni
2252 1977 2277 2030 J
2285 1976 2498 2068 udicis
2512 1981 2641 2050 quia
2655 1990 2881 2057 patrem
2895 1991 3025 2046 dedi
3032 1995 3195 2064 gnari
3209 1975 3483 2068 praesuin-

1842 2069 1954 2141 psit
1977 2066 2302 2156 (audiverat
2331 2062 2524 2121 enim
2555 2087 2708 2146 saepe
2739 2077 2892 2148 quod
2908 2062 3183 2152 scriptum
3198 2062 3281 2138 est
3299 2085 3484 2156 (Deut.

1841 2173 2010 2223 xxvn,
2042 2155 2158 2227 l6):
2194 2152 2303 2220 Qui
2348 2159 2533 2222 patri
2574 2163 2662 2216 vel
2703 2170 2866 2218 matri
2911 2169 3170 2238 injuriam
3224 2152 3488 2247 intulerit,

1839 2247 2037 2300 mortis
2078 2251 2288 2298 aeternae
2330 2250 2630 2304 sententiae
2678 2253 3013 2325 subjacebz't),
3063 2261 3226 2315 tanta
3279 2267 3493 2324 mentis

1845 2332 2169 2390 intentione
2199 2331 2521 2391 mundana
2545 2342 2897 2410 postposuit,
2915 2349 2979 2399 ut
2998 2363 3116 2402 non
3135 2352 3319 2407 solum
3343 2355 3492 2412 cibo-

1843 2439 1974 2477 rum
2005 2422 2378 2491 vestiumque
2402 2420 2645 2480 delicias
2670 2437 3000 2502 respueret,
3026 2438 3121 2490 sed
3154 2439 3328 2498 etiam
3361 2445 3492 2502 vilia

1845 2514 1904 2566 et
1926 2508 2398 2581 contemptibilia
2428 2512 2654 2568 habere
2688 2524 3005 2576 recusaret.
3039 2524 3159 2579 Mox
3189 2530 3387 2586 subtus
3416 2535 3490 2588 ad

1846 2615 2088 2653 carnem
2126 2597 2307 2652 cilicio
2339 2598 2626 2663 induitur,
2678 2603 2880 2660 inedia
2918 2610 2979 2662 et
3003 2611 3215 2682 algoris
3246 2620 3487 2678 mediae

1849 2685 2202 2776 martyrium
2227 2685 2564 2776 desiderans
2585 2690 2865 2759 afficitur,
2905 2711 3228 2774 corpusque
3245 2706 3485 2776 jejuniis

1848 2778 1904 2828 et
1933 2772 2293 2867 orationibus
2321 2773 2649 2846 vigiliisque
2682 2780 2902 2834 crebris
2929 2772 3270 2859 perurgens',
3296 2772 3482 2867 lacry-

1847 2876 2194 2931 merumque
2220 2859 2434 2913 imbres
2456 2862 2662 2918 crebro
2690 2865 3098 2936 fundens,non
3127 2877 3314 2932 solum
3340 2859 3474 2950 pec-

1847 2951 1984 3004 catis
2004 2947 2240 3021 purgari
2270 2948 2502 3012 meruit,
2531 2951 2630 3003 sed
2666 2956 2724 3006 et
2752 2957 2988 3024 superni
3004 2962 3198 3029 sponsi
3218 2947 3468 3032 gratiam

1847 3124 2095 3194 poterat,
2129 3121 2474 3194 pauperibus
2506 3125 2810 3193 erogabat,
2845 3128 2992 3183 adeo
3022 3134 3083 3183 ut
3106 3131 3194 3186 vix
3220 3139 3464 3192 autnul-

1845 3213 2069 3266 latenus
2093 3210 2165 3264 ab
2190 3209 2571 3279 eleemosynis
2599 3227 2779 3267 vacua
2806 3214 2980 3283 foret,
3015 3220 3073 3271 et
3121 3235 3273 3290 sape
3327 3239 3461 3280 cum

1843 3315 2063 3372 pauper
2092 3315 2208 3353 non
2241 3297 2616 3365 inveniretur,
2670 3299 2730 3354 in
2774 3303 3038 3374 ejusdem
3067 3321 3245 3361 manu
3291 3310 3458 3375 desu-

1844 3390 2027 3444 daret.

1913 3526 1966 3578 8.
2018 3519 2271 3590 Contigit
2293 3522 2487 3574 autem
2520 3522 2792 3578 eamdem
2818 3525 3106 3598 virginem
3124 3527 3183 3582 in
3211 3529 3336 3584 loco
3362 3532 3462 3602 qui

1840 3611 2047 3667 dicitur
2071 3609 2331 3663 Morsella
2355 3611 2523 3678 (498),
2550 3613 2812 3667 coenobio
2845 3615 3030 3670 beatae
3054 3617 3149 3671 Dei
3165 3617 3461 3688 genitricis

1839 3699 2028 3755 Maria:
2055 3697 2198 3751 sacri
2233 3697 2533 3751 velaminis
2564 3700 2828 3756 habitum
2855 3704 3165 3774 suscipere,
3194 3710 3251 3758 et
3272 3723 3458 3762 anno-

1843 3803 1975 3842 rum
2004 3786 2324 3840 multorum
2362 3785 2546 3854 spatio
2569 3787 2832 3842 caelibem
2853 3790 3030 3844 vitam
3055 3791 3286 3848 ducere.
3312 3794 3457 3848 Cum

1840 3892 1979 3944 ergo
2013 3875 2160 3927 esset
2190 3871 2392 3926 eadem
2428 3873 2591 3945 virgo
2623 3874 2681 3928 in
2717 3876 3000 3944 caenobio,
3025 3879 3236 3931 sanctis
3265 3881 3455 3949 operi-

1839 3964 1943 4018 bus
1967 3976 2194 4016 summo
2228 3960 2548 4016 certamine
2580 3960 2908 4033 invigilans,
2942 3964 3241 4034 cujusdam
3272 3967 3457 4021 noctis

1837 4050 2031 4107 medio
2089 4049 2352 4120 pulsante
2404 4049 2729 4106 matutinali
2779 4051 2967 4120 signo,
3019 4052 3234 4106 audivit
3290 4069 3455 4109 voces

1836 4142 2168 4194 sanctorum
2202 4139 2544 4209 angelorum
2576 4138 2634 4192 in
2692 4139 2900 4194 coelum
2960 4140 3218 4194 animam
3275 4142 3454 4210 patris

1839 4227 2002 4297 psius
2034 4242 2166 4280 cum
2202 4241 2416 4280 canoro
2437 4227 2624 4295 jubilo
2660 4225 3069 4280 deferentium.
3125 4227 3276 4281 Mirae
3308 4244 3448 4300 ergo

85 4319 384 4374 feretrum
423 4314 754 4379 accederet,
789 4313 949 4370 omni
998 4312 1386 4367 obstinatione
1431 4312 1738 4367 afﬁrmavit
1761 4312 1813 4370 D
1839 4313 2156 4368 sanctitatis
2186 4313 2502 4384 gratiaeque
2524 4329 2791 4384 supernae
2808 4314 2930 4369 haec
2952 4315 3114 4386 virgo
3134 4317 3305 4387 plena
3321 4332 3451 4371 exs—

83 4424 142 4472 se
172 4421 515 4480 nunquam
539 4402 594 4456 ei
613 4402 897 4473 prazdium
926 4402 1220 4468 daturum,
1255 4401 1364 4456 nisi
1388 4402 1558 4456 beata
1578 4401 1735 4471 virgo

80 4495 327 4568 propria
358 4508 565 4554 manu
591 4491 892 4564 reciperet.
942 4490 1050 4554 Qui
1105 4506 1238 4544 cum
1289 4493 1377 4544 ter
1419 4493 1736 4560 quaterque

82 4587 419 4640 clamaret:
450 4603 484 4632 ι(
515 4579 727 4634 Sancta
755 4579 1080 4646 Gertrudis,
1104 4579 1212 4633 hoc
1245 4580 1647 4633 munusculum
1666 4578 1737 4632 de

80 4686 265 4727 manu
295 4686 462 4726 mea
493 4668 737 4738 suscipe,
767 4669 824 4722 et
853 4666 972 4722 noli
1008 4682 1102 4720 me
1128 4669 1487 4737 peccatOrem
1520 4669 1653 4720 ante
1682 4670 1736 4719 te

77 4758 338 4814 ﬂentem
365 4761 438 4812 et
473 4755 796 4824 ejulantem
818 4770 1113 4824 spernere,
1142 4753 1247 4808 nisi
1272 4753 1459 4824 potius
1484 4770 1581 4809 me
1599 4754 1736 4809 alias

76 4846 376 4904 daturum
401 4844 498 4898 vis
515 4842 697 4909 abire,
713 4859 744 4893 »
765 4842 1090 4909 confestim,
1115 4845 1258 4896 nutu
1275 4842 1484 4896 summi
1507 4843 1734 4896 Tonan-

72 4934 502 5000 tis,scrininm
525 4931 587 4985 in
605 4946 718 5002 quo
739 4930 908 4984 beata
927 4931 1086 5002 virgo
1101 4930 1333 5000 jacebat
1351 4947 1470 4984 sese
1488 4930 1733 5001 aperuit,

69 5038 434 5096 corpusque
497 5018 763 5074 exanime
809 5034 1046 5074 manum
1095 5017 1368 5090 porrexit,
1403 5018 1736 5090 cunctisque

65 5111 495 5168 cernentibus
516 5107 743 5178 populis
772 5107 868 5177 qui
900 5107 1164 5174 aderant,
1197 5122 1426 5161 ramum
1459 5123 1590 5160 cum
1615 5123 1734 5161 ces-

63 5203 190 5272 pite
223 5197 617 5266 cultelloque
641 5194 710 5248 de
747 5210 922 5249 manu
941 5195 1043 5248 viri
1066 5195 1414 5266 porrigentis
1435 5194 1587 5250 intra
1607 5196 1739 5249 scri-

139 5321 521 5398 (497)_Nota
560 5317 844 5398 insignem
874 5318 1052 5398 ritum
1082 5316 1425 5398 traditionis.
1457 5317 1612 5398 idem
1646 5334 1739 5398 re-

65 5387 270 5449 fertur
295 5387 387 5446 'in
419 5387 721 5444 miraculis
755 5392 965 5442 sanctas
995 5387 1285 5442 Gertrudis
1310 5388 1606 5443 abbatissae
1643 5389 1737 5443 Ni-

65 5463 401 5528 vialensis,
441 5459 524 5513 de
558 5475 669 5528 qua
703 5459 920 5514 Saecula
950 5461 1015 5527 ll,
1049 5459 1140 5513 ad.
1171 5475 1306 5513 ann.
1332 5463 1454 5515 658.

142 5539 314 5605 (498)
360 5529 968 5605 Morsella,_Morsetle,
1024 5529 1176 5605 vicus
1227 5533 1522 5605 estprope
1563 5531 1743 5587 Tene-

68 5599 500 5667 ramundam
534 5599 817 5675 oppidum
832 5601 907 5658 ad
929 5601 1200 5658 Scaldim.
1225 5599 1426 5662 Exhoc
1441 5599 1567 5659 loco
1581 5606 1752 5676 patet

1838 4403 1973 4470 titit,
2003 4419 2130 4474 quae
2165 4400 2345 4454 instar
2380 4401 2778 4472 gloriosissimi
2817 4402 3074 4457 Severini
3105 4405 3443 4478 Agrippinae

1841 4492 1995 4546 urbis
2026 4489 2455 4562 archiepiscopi,
2481 4491 2623 4546 sicut
2644 4490 2737 4545 ille
2760 4489 2818 4544 in
2837 4491 3110 4563 obsequio
3141 4493 3352 4548 animae
3386 4494 3444 4548 B.

1835 4579 2060 4634 Martini
2092 4580 2434 4648 angelorum
2465 4580 2670 4633 choros
2689 4577 2886 4633 audire
2908 4580 3140 4634 meruit.
3165 4581 3299 4645 Qua:
3317 4584 3444 4637 tau-

1835 4672 1908 4721 tae
1922 4666 2530 4721 suavitatisdulcedine
2554 4666 3080 4738 modulationisque
3103 4669 3337 4724 lenitate
3357 4687 3447 4724 su-

1837 4771 1941 4828 pra
1954 4771 2012 4808 se
2024 4756 2176 4808 velut
2189 4753 2246 4825 in
2262 4771 2550 4809 excessum
2567 4754 2777 4809 mentis
2793 4758 3004 4823 erecta,
3020 4756 3255 4812 intentis
3269 4758 3325 4811 in
3343 4774 3450 4814 cce-

1835 4845 1955 4896 lum
1983 4843 2234 4907 auribus,
2256 4841 2456 4896 lietitia
2477 4846 2597 4897 tam
2619 4841 2803 4896 beate:
2844 4843 3172 4897 refectionis
3213 4845 3446 4915 refecta,

1836 4930 2534 5001 interrogatassistentem
2559 4930 2665 4984 sibi
2695 4930 2977 4984 famulam
3013 4932 3058 4986 si
3092 4949 3220 5003 qua:
3251 4933 3448 4989 audie-

1837 5021 1938 5076 bat
1967 5019 2211 5085 audiret,
2235 5023 2292 5072 et
2322 5035 2451 5090 quae
2507 5019 2870 5090 intelligebat
2908 5019 3276 5092 intelligeret,
3311 5022 3447 5086 Qua:

1841 5124 1971 5163 cum
1986 5108 2082 5162 illa
2097 5106 2336 5162 minime
2350 5124 2408 5161 se
2422 5107 2621 5162 audire
2634 5107 2720 5160 vel
2733 5107 3060 5179 intelligere
3074 5112 3450 5182 responderet

1844 5196 2130 5252 intimavit
2149 5195 2197 5248 ei
2211 5195 2380 5250 beata
2395 5195 2556 5266 virgo
2571 5196 2829 5250 animam
2845 5197 3025 5268 patris
3036 5199 3142 5266 sui,
3160 5197 3449 5267 corporeis

1841 5319 2204 5374 Morsellense
2227 5319 2557 5374 coenobium
2574 5336 2608 5374 a
2625 5319 2830 5376 Carolo
2843 5320 3046 5390 Magno
3064 5335 3176 5374 non
3194 5318 3446 5390 primum

1844 5389 2164 5457 conditum,
2205 5391 2305 5444 sed
2337 5391 2749 5461 ampliﬁcetum
2783 5394 2880 5446 aut
2906 5389 3232 5461 restitutum
3257 5389 3446 5444 fuisse.

1846 5461 2132 5516 Nimirum
2158 5465 2355 5516 sancta
2406 5460 2626 5528 Gudila,
2659 5462 2842 5517 isthuc
2871 5460 3163 5527 secedens,
3191 5461 3453 5516 coenobio

1847 5533 2208 5591 occasionem
2240 5538 2340 5590 aut
2376 5533 2664 5606 originem
2707 5533 2881 5590 dedit.
