3960 6174
543 423 678 482 1107

1691 410 2018 471 HERIGERI
2039 409 2328 472 ABBATIS
2365 413 2715 476 LOBIENSIS

3664 407 3784 490 'uos

538 543 775 604 nexibus
803 539 1076 610 solutam,
1102 555 1210 615 pro
1252 537 1641 598 tribulationis
1669 537 1950 610 patientia
1976 554 2141 594 coro-
2165 538 2222 600 Δ
2249 541 2383 597 dam
2415 541 2508 597 die
2538 541 2783 598 solemni
2823 539 2929 598 sibi
2960 538 3287 616 appositum
3316 540 3375 598 in
3431 537 3536 600 vini
3564 559 3787 619 saporem

531 635 680 700 nari,
711 635 769 690 et
815 649 850 688 a
893 631 1269 703 psallentibus
1317 630 1536 702 angelis
1577 630 1634 684 in
1683 631 1863 684 altum
1909 629 2141 684 deferri.

527 725 776 793 Accepta
796 721 992 794 itaque
1022 720 1308 778 cosnobita
1338 719 1568 775 Domini
1594 719 1823 773 licentia
1878 736 1910 773 a
1957 721 2144 772 matre

528 810 885 876 monasterii,
920 811 993 865 ad
1017 809 1414 882 sepeliendum
1448 811 1670 878 patrem
1704 824 1865 861 suum
1894 806 2142 861 Merbec-

525 916 656 954 cam
686 899 835 967 (499)
866 899 1028 964 adiit,
1060 901 1117 952 et
1148 897 1207 952 in
1237 895 1534 952 ecclesiola
1554 913 1728 966 quam
1761 895 1816 950 in
1837 896 2058 949 honore
2079 894 2138 948 Β.

528 987 679 1044 Petri
697 987 819 1060 ipse
839 987 1238 1052 aedificaverat,
1251 986 1416 1055 juxta
1434 1001 1672 1038 uxorem
1691 1001 1876 1049 suam,
1893 985 2141 1037 matrem

526 1077 790 1147 ejusdem
844 1075 1101 1147 virginis,
1158 1075 1324 1145 juxta
1374 1089 1600 1128 morem
1650 1072 1954 1138 nobilium,
1998 1070 2144 1124 sicut

527 1165 790 1232 decebat,
826 1181 959 1218 eum
992 1161 1271 1235 sepelivit.

599 1257 653 1308 9.
671 1254 807 1308 Post
832 1255 1084 1307 mortem
1100 1267 1234 1306 vero
1260 1249 1439 1321 patris
1456 1249 1562 1314 sui,
1582 1249 1716 1322 quia
1736 1247 2064 1304 coenobium
2080 1246 2139 1302 in

526 1358 641 1414 quo
663 1341 931 1396 ordinata
947 1341 1156 1405 fuerat,
1182 1339 1335 1411 quod
1351 1338 1507 1410 prius
1523 1339 1596 1393 ab
1616 1337 1835 1392 Hunnis
1854 1338 1998 1408 (500)
2017 1337 2143 1390 fun-

527 1430 680 1486 ditus
710 1429 964 1484 dirutum
981 1432 1151 1500 atque
1165 1428 1530 1482 combustum
1555 1427 1762 1491 fuerat,
1786 1425 2142 1497 pauperique

529 1518 705 1572 modo
723 1517 1136 1573 reaediflcatum
1157 1517 1366 1583 fuerat,
1385 1515 1620 1570 carebat
1638 1514 1990 1586 appendiciis
2010 1513 2140 1566 sub-

531 1605 859 1677 stantiaque
889 1623 1003 1677 qua
1032 1605 1265 1659 famulm
1307 1602 1512 1659 Christi
1561 1602 1865 1656 sustentari
1909 1603 2142 1672 possent

530 1710 668 1748 nam
694 1694 756 1748 in
785 1710 932 1765 pane
964 1696 1020 1747 et
1049 1709 1200 1764 aqua
1216 1692 1299 1746 vix
1330 1693 1548 1764 puellas
1567 1707 1661 1745 sex
1696 1690 1958 1745 detinere
1983 1691 2142 1761 pote-

530 1785 660 1849 rat),
701 1781 1044 1853 cogentibus
1096 1781 1330 1836 famulis
1376 1783 1549 1852 atque
1597 1779 1932 1834 necessitate
1983 1777 2142 1832 domi

530 1869 834 1936 remansit,
865 1873 922 1925 et
950 1871 1009 1925 in
1038 1870 1280 1943 praefata
1302 1868 1598 1925 ecclesiola
1624 1868 1714 1923 die
1733 1872 2020 1938 noctuque
2045 1867 2146 1920 de-

531 1975 692 2030 gens,
747 1975 806 2013 se
849 1957 1079 2013 Domini
1128 1958 1358 2013 servitio
1416 1955 1782 2028 mancipavit.
1839 1958 2144 2027 Nunquam

531 2047 690 2102 enim
727 2063 826 2119 pes
856 2047 978 2117 ejus
997 2065 1031 2101 a
1061 2046 1383 2101 visitatione
1406 2045 1773 2099 infirmorum
1796 2044 2145 2115 quiescebat,

532 2152 832 2208 nunquam
884 2152 1092 2190 manus
1133 2135 1256 2205 ejus
1310 2152 1344 2188 a
1381 2133 1788 2205 procuratione
1826 2147 2148 2204 pauperum

532 2225 813 2280 cessabat.
849 2223 1094 2295 Semper
1122 2225 1242 2277 laus
1266 2223 1366 2277 Dei
1397 2223 1454 2276 in
1487 2223 1660 2276 corde
1707 2221 1884 2291 ipsius
1923 2220 2149 2276 assidua

534 2315 678 2376 erat,
711 2312 1071 2382 psalmorum
1107 2311 1576 2382 hymnorumque
1597 2313 1798 2363 cantus
1819 2325 1883 2364 ex
1905 2325 2004 2363 ore
2026 2309 2148 2378 ejus

534 2415 837 2471 nunquam
870 2399 1194 2465 recedebat,
1229 2401 1476 2468 psallens
1509 2398 1760 2464 sibimet,
1787 2398 1950 2467 juxta
1966 2399 2150 2469 Apos-

536 2487 747 2551 tolum,
764 2485 824 2540 in
840 2486 1076 2540 canticis
1097 2489 1154 2541 et
1175 2486 1405 2557 psalmis
1427 2489 1484 2540 et
1503 2486 1734 2557 hymnis
1759 2485 2146 2557 spiritualibus

537 2573 599 2628 in
631 2574 900 2629 Domino.
942 2573 1092 2629 Nihil
1126 2591 1406 2645 unquam,
1458 2591 1645 2646 neque
1697 2573 1903 2628 hiemis
1961 2590 2147 2645 neque

538 2661 754 2717 aestatis
772 2666 888 2716 tem
898 2677 1060 2731 pore,
1081 2665 1292 2732 praeter
1313 2661 1582 2728 cilicium,
1607 2678 1721 2733 quo
1738 2678 1908 2732 super
1927 2663 2146 2716 nudum

538 2763 749 2819 corpus
767 2749 1058 2815 utebatur,
1076 2749 1501 2822 mattulamque
1521 2753 1694 2821 atque
1717 2750 1964 2822 lapidem
1977 2749 2149 2820 capiti

538 2835 904 2906 suppositum
923 2836 1030 2890 sibi
1061 2837 1346 2892 substerni
1371 2837 1937 2910 patiebatur.Vigiliis
1955 2843 2011 2892 et
2027 2855 2152 2893 ora-

540 2921 797 2978 tionibus
811 2923 1054 2978 assiduis
1067 2925 1419 2996 jejuniisque
1443 2925 1733 2981 continuis
1743 2943 1949 2998 corpus
1967 2943 2152 2981 mace-

539 3011 726 3069 rabat.
770 3011 860 3066 Bis
902 3014 1131 3068 tantum
1173 3013 1231 3067 in
1291 3013 1680 3080 hebdomada,
1738 3018 1948 3085 praeter
1996 3015 2150 3070 diem

540 3098 1382 3196 Dominicumapostolicasque
1403 3102 1820 3196 solemnitates,
1837 3103 2148 3158 reficiebat.
2179 3137 2226 3196 Ο

544 3187 790 3242 Carmen
823 3204 858 3242 a
887 3187 980 3242 die
1009 3189 1460 3244 consecrationis
1485 3206 1600 3244 sum
1633 3207 1749 3246 non
1785 3191 2150 3258 comedebat,

544 3274 759 3344 piscem
789 3278 890 3330 aut
927 3275 1121 3333 cibum
1135 3276 1336 3343 alium,
1361 3281 1572 3348 praeter
1589 3294 1801 3348 panem
1828 3282 1886 3332 et
1916 3295 2151 3350 aquam,

545 3361 653 3417 nisi
675 3362 733 3417 in
764 3363 1056 3434 praeclaris
1087 3363 1550 3418 solemnitatibus
1571 3382 1689 3419 non
1717 3366 2061 3436 attingebat.

619 3453 703 3508 t0.
731 3450 980 3506 Tantum
1013 3450 1064 3506 ei
1091 3452 1369 3506 Dominus
1408 3453 1481 3506 ob
1497 3453 1680 3506 beatae
1713 3452 1840 3506 vita:
1882 3453 2153 3506 meritum

546 3538 800 3609 gratiam
824 3542 1284 3605 concesserat,ut
1314 3540 1747 3612 quibuscunque
1772 3539 2020 3594 infirmis
2041 3540 2156 3594 sive

544 3626 1006 3681 febricitantibus
1040 3643 1247 3681 manus
1286 3627 1646 3698 imponebat,
1696 3628 1863 3682 saluti
1902 3627 2157 3697 pristinae

545 3715 892 3770 restitueret.
924 3715 1003 3768 Ea
1032 3714 1207 3785 igitur
1238 3713 1308 3768 de
1337 3714 1430 3769 die
1461 3715 1518 3768 in
1547 3714 1703 3769 diem
1725 3715 2158 3786 prollciente,et

545 3803 614 3857 de
643 3802 854 3872 virtute
885 3801 942 3856 in
971 3801 1242 3857 virtutem
1281 3803 1850 3866 ascendente,tribus
1879 3803 2068 3858 lustris
2097 3802 2156 3856 in

545 3890 852 3963 asperitate
881 3890 1143 3962 vitzejam
1168 3893 1437 3964 peractis,
1457 3891 1567 3946 diei
1584 3893 1863 3963 paschalis
1883 3891 2155 3946 solemni-

547 3980 760 4034 tatibus
789 3979 1033 4051 contigit
1083 3980 1425 4050 perticulam
1464 3980 1632 4051 piscis
1669 3980 1748 4034 illi
1793 3981 1866 4034 ad
1896 3996 2157 4034 mensam

544 4065 769 4122 sedenti
789 4067 1025 4138 apponi.
1061 4067 1198 4132 Quae
1233 4067 1408 4139 (quod
1429 4067 1772 4122 admirabile
1804 4067 1954 4121 dictu
1981 4072 2066 4122 est
2102 4069 2161 4121 et

546 4156 706 4228 quasi
730 4155 1085 4224 incredibile)
1109 4157 1262 4211 inter
1281 4173 1487 4211 manus
1508 4155 1682 4227 ipsius
1699 4155 1755 4209 in
1773 4172 2008 4210 carnem
2020 4172 2161 4210 con-

548 4261 730 4312 versa,
751 4245 914 4299 valde
941 4261 1070 4299 eam
1099 4244 1432 4316 perterruit,
1459 4248 1516 4299 et
1540 4261 1670 4299 cum
1698 4244 2019 4299 vehementi
2044 4249 2162 4299 stu-

549 4349 688 4404 pore
718 4331 988 4386 ministro
1021 4332 1338 4404 indignans
1366 4333 1476 4388 ait:
1497 4352 1527 4385 «
1557 4334 1819 4404 Ignoscat
1849 4333 1952 4387 tibi
1979 4334 2156 4388 Deus:

2241 633 2540 689 convertit.

2318 751 2401 802 l2.
2422 748 2530 803 Ter
2551 747 2740 819 quinis
2760 748 2936 820 igitur
2956 748 3120 803 annis
3141 764 3270 803 cum
3285 749 3502 803 duobus
3519 752 3633 821 post
3646 752 3790 821 patris

2243 838 2495 898 mortem
2528 837 2784 907 expletis,
2812 854 2944 891 cum
2976 836 3166 892 divina
3217 837 3554 892 revelatione
3581 842 3792 895 extrema

2241 924 2408 996 hujus
2433 925 2572 979 lucis
2597 928 2864 995 tempora
2894 925 3202 981 imminere
3224 925 3330 980 sibi
3355 926 3605 992 sentiret,
3622 943 3790 982 convo-

2241 1013 2379 1069 catis
2429 1015 2820 1069 sacerdotibus
2891 1015 3082 1069 oleum
3142 1017 3408 1070 sanctum
3478 1014 3651 1084 petiit:
3705 1032 3790 1088 quo

2242 1105 2498 1174 accepto,
2529 1119 2769 1174 corpore
2803 1105 2860 1156 et
2890 1102 3170 1175 sanguine
3201 1103 3284 1157 sui
3304 1103 3684 1174 Redemptoris
3703 1103 3791 1158 exi-

2239 1192 2366 1246 tum
2420 1207 2586 1246 suum
2621 1190 2994 1257 consecravit,
3047 1193 3104 1245 et
3133 1191 3211 1245 sic
3255 1190 3523 1245 ultimum
3577 1190 3796 1263 spiritum

2241 1280 2382 1335 coelo
2413 1279 2686 1334 reddidit.

2319 1389 2401 1442 13.
2435 1386 2784 1457 Congregati
2813 1385 3232 1458 igiturcognati
3251 1390 3310 1440 et
3335 1385 3506 1440 amici
3537 1387 3664 1457 ejus,
3684 1384 3796 1441 servi

2241 1476 2299 1528 et
2319 1474 2561 1540 ancillae,
2597 1478 2654 1528 et
2682 1474 2856 1528 etiam
2880 1474 3128 1545 majores
3159 1473 3419 1545 regionis
3461 1473 3620 1539 illius,
3644 1475 3706 1528 ad
3729 1490 3794 1528 se-

2245 1563 2580 1635 peliendum
2607 1579 2735 1618 eam
2771 1566 3186 1626 convenerunt,
3220 1563 3502 1634 illamque
3532 1562 3799 1617 modocou-

2243 1666 2388 1723 gruo
2407 1651 2574 1721 juxta
2602 1652 2890 1705 tumulum
2912 1654 3222 1720 parentum
3242 1650 3691 1704 recondiderunt.
3713 1650 3798 1704 Sed

2243 1756 2375 1793 cum
2399 1739 2457 1792 in
2512 1755 2626 1810 quo
2671 1755 2796 1793 eam
2839 1739 3228 1793 reconderent
3261 1739 3669 1809 sarc0phagum
3710 1753 3797 1792 non

2172 1861 2222 1920 B
2246 1827 2531 1882 haberent
2567 1827 2882 1899 lapideum,
2915 1844 3162 1898 quorum
3191 1827 3248 1881 in
3276 1828 3385 1882 hac
3410 1828 3635 1898 regione
3665 1842 3801 1898 penu-

2246 1915 2332 1969 ria
2357 1918 2465 1981 est,
2506 1931 2783 1986 quercum
2810 1931 3082 1986 magnam
3099 1915 3265 1984 juxta
3295 1916 3572 1986 templum
3601 1917 3801 1967 stantem

2247 2004 2636 2070 succiderunt,
2671 2004 2866 2075 illique
2908 2021 2974 2058 ex
3015 2003 3220 2058 eadem
3273 2020 3488 2075 quercu
3526 2001 3682 2056 vasin
3718 2016 3801 2071 quo

2247 2091 2438 2162 posita
2465 2095 2570 2158 est,
2604 2095 2964 2162 aptaverunt.
2999 2090 3257 2155 Quantas
3314 2094 3512 2147 autem
3557 2105 3652 2162 per
3684 2089 3801 2143 illam

2247 2179 2486 2233 virtutes
2517 2179 2794 2234 Dominus
2829 2179 2889 2234 in
2920 2179 3127 2234 eodem
3176 2180 3304 2234 loco
3337 2178 3562 2250 operari
3590 2177 3805 2247 dignatus

2249 2271 2356 2334 est,
2396 2284 2500 2322 nec
2532 2283 2698 2322 mens
2720 2271 2915 2322 nostra
2943 2269 3095 2320 valet
3124 2266 3322 2332 edere,
3357 2283 3463 2320 nec
3490 2267 3672 2336 lingua
3693 2262 3807 2317 sufﬁ-

2249 2355 2328 2410 cit
2357 2355 2660 2425 explicare.
2695 2355 2848 2410 Multi
2873 2353 3032 2408 enim
3063 2353 3221 2420 caeci,
3272 2353 3584 2408 luminibus
3621 2350 3807 2414 redditi,

2249 2443 2370 2496 sine
2400 2443 2542 2497 duce
2570 2443 2809 2497 domum
2838 2442 3171 2508 redierunt;
3204 2441 3375 2496 multi
3397 2441 3578 2495 claudi
3603 2437 3806 2493 solidatis

2248 2530 2478 2585 basibus
2509 2531 2682 2585 erecti
2712 2535 2876 2597 sunt;
2937 2530 3120 2584 surdis
3173 2530 3407 2584 auditus
3438 2528 3702 2593 redditus;
3725 2525 3806 2579 lin.

2250 2635 2376 2689 gum
2409 2621 2706 2672 mutorum
2731 2619 2960 2684 solutae;
2984 2619 3400 2689 demonesquo
3433 2617 3505 2672 ad
3526 2619 3640 2686 ejus
3659 2613 3804 2685 sepul-

2249 2709 2438 2760 turam
2467 2723 2533 2760 ex
2560 2706 2799 2761 obsessis
2829 2706 3170 2776 corporibus
3205 2705 3436 2777 expulsi
3459 2708 3605 2760 sunt.

2327 2822 2410 2874 14.
2445 2819 2587 2874 Cum
2616 2836 2755 2890 ergo
2789 2823 2876 2874 tot
2895 2836 2962 2874 ac
2987 2819 3163 2875 tantis
3194 2819 3495 2875 miraculis
3515 2820 3628 2889 ejus
3647 2814 3811 2872 sancti—

2249 2913 2338 2964 tas
2359 2910 2582 2980 pollens
2611 2910 2782 2979 longe
2813 2909 3042 2980 lateque
3075 2911 3442 2975 claresceret,
3483 2906 3680 2981 placuit
3715 2904 3812 2976 post

2251 2997 2619 3067 septennium
2647 2996 2848 3050 amicis
2875 2999 2933 3050 et
2954 2996 3149 3050 vicinis
3171 2997 3297 3067 ejus
3327 2997 3726 3068 sarcophagum
3751 2991 3809 3044 vi-

2253 3084 2411 3146 dere,
2430 3087 2506 3150 et,
2539 3084 2583 3138 si
2625 3087 2875 3155 possent,
2892 3085 2949 3138 in
2969 3084 3169 3138 melius
3187 3085 3262 3139 ad
3290 3086 3417 3154 ejus
3442 3085 3705 3138 honorem
3724 3095 3812 3134 mu-

2253 3176 2396 3227 tare.
2431 3174 2492 3226 In
2522 3189 2635 3244 quo
2658 3175 2781 3227 loce
2802 3173 2952 3228 mira
2967 3189 3057 3227 res
3078 3177 3136 3226 et
3157 3173 3505 3228 inusitatum
3527 3169 3810 3226 miraculum

2254 3260 2637 3332 humanisque
2668 3261 2898 3315 auribus
2941 3260 3270 3314 inauditum
3309 3261 3523 3316 evenit.
3566 3259 3693 3313 Nam
3717 3270 3812 3309 cum

2255 3349 2675 3419 sarcophagum
2708 3349 2862 3404 idem
2911 3349 2969 3403 in
3029 3365 3142 3421 quo
3202 3352 3407 3404 sancta
3463 3349 3616 3419 virgo
3634 3344 3815 3417 jacebat

2257 3436 2534 3506 ejicerent
2558 3436 2627 3489 de
2659 3440 2834 3503 terra,
2858 3453 2987 3490 cum
3022 3435 3462 3508 priusligneum
3487 3436 3689 3496 fuisset,
3709 3430 3812 3501 lapi-

2258 3523 2430 3577 deum
2456 3526 2542 3577 est
2562 3523 2881 3578 inventum.
2905 3525 3090 3594 Hujus
3106 3523 3188 3578 rei
3214 3525 3431 3578 notitia
3449 3541 3576 3578 cum
3600 3538 3694 3592 per
3707 3521 3816 3574 hanc

2258 3611 2558 3682 regionem
2617 3611 3026 3682 divulgaretur,
3086 3611 3473 3684 omniumque
3517 3607 3811 3665 audientium

2258 3698 2488 3753 animos
2505 3699 2579 3752 ad
2615 3698 2846 3752 laudem
2880 3699 2978 3754 Dei
3009 3703 3068 3753 et
3090 3703 3307 3754 sanctus
3332 3698 3617 3754 Bellendis
3634 3693 3814 3751 extolle-

2258 3788 2368 3852 ret,
2395 3786 2661 3858 queadam
2681 3785 2889 3841 mulier
2903 3803 2970 3840 ex
2983 3787 3170 3841 vicino
3183 3786 3493 3841 incredula
3504 3794 3812 3857 permanens.

2258 3877 2430 3945 atque
2445 3873 2811 3928 mendacium
2824 3891 2944 3928 esse
2957 3874 3279 3941 affirmans,
3303 3875 3381 3930 ad
3398 3873 3691 3929 videndum
3705 3865 3814 3923 male

2259 3962 2491 4017 credula
2537 3961 2710 4016 venit.
2772 3961 2884 4016 Sed
2915 3979 3048 4016 mox
3074 3965 3136 4016 ut
3176 3962 3323 4016 vidit
3366 3961 3814 4032 sarcophagumdl

2260 4053 2526 4106 daemone
2553 4055 2782 4122 arrepta
2805 4051 2878 4104 ad
2908 4054 3125 4105 terram
3157 4050 3397 4117 cecidit;
3438 4067 3564 4122 qua:
3611 4062 3700 4119 per
3736 4039 3809 4094 tri-

2262 4140 2440 4194 duum
2491 4137 2788 4203 exanimis,
2834 4155 2950 4193 non
2998 4138 3240 4193 audiens
3291 4154 3486 4210 neque
3526 4136 3716 4194 videns,
3756 4126 3809 4181 ibi

2254 4227 2454 4297 jacuit,
2488 4226 2671 4280 donec
2722 4225 2882 4296 virgo
2911 4225 3317 4292 sacratissima,
3348 4225 3652 4280 astantium
3678 4213 3809 4290 preci

2262 4316 2366 4370 bus
2395 4316 2638 4386 pulsata,
2671 4313 2924 4384 pristinae
2954 4313 3121 4367 saluti
3146 4329 3279 4368 eam
3311 4312 3583 4368 restituit.

545 4435 724 4490 quare
756 4435 850 4474 me
880 4419 957 4473 sic
989 4420 1231 4474 illudere
1265 4420 1533 4475 voluisti?
1563 4421 1779 4475 sciebas
1802 4437 1895 4474 me
1923 4436 2160 4476 carnem
2186 4435 2238 4496 Ῑ)
2337 4424 2421 4474 15.
2445 4418 2660 4482 Quibus
2687 4418 2973 4474 miraculis
3001 4421 3124 4474 tam
3149 4419 3425 4490 jucundis
3447 4421 3667 4487 tamque
3692 4405 3810 4464 miri-

547 4520 666 4560 non
696 4508 1106 4573 comesturam,
1129 4509 1187 4560 et.
1242 4522 1373 4560 eam
1418 4507 1560 4562 mihi
1614 4507 1948 4578 apposuisti.
1975 4526 2005 4560 >>
2038 4509 2160 4572 Quo

549 4597 799 4664 negante
821 4597 878 4648 et
903 4594 1112 4648 obnixe
1139 4595 1395 4664 jurante,
1427 4594 1706 4651 intellexit
1750 4596 1858 4650 hoc
1889 4596 1988 4649 Dei
2019 4601 2162 4652 nutu

545 4679 763 4735 factum
801 4680 994 4737 fuisse.
1029 4682 1354 4752 Parumque
1385 4683 1650 4753 gustavit,
1684 4685 1742 4736 et
1784 4701 1817 4737 a
1846 4700 1903 4736 se
1927 4684 2160 4738 submo-

548 4767 646 4831 vit,
678 4768 1057 4841 protinusque
1089 4786 1123 4824 a
1140 4786 1345 4824 mensa
1373 4788 1636 4844 surgens,
1660 4770 1921 4825 Ecclesiae
1945 4776 2003 4825 et
2027 4789 2160 4827 ora-

553 4856 693 4911 tioni
725 4857 800 4910 ad
828 4856 1062 4912 laudem
1089 4858 1174 4912 sui
1203 4858 1488 4914 Creatoris
1517 4877 1576 4913 se
1603 4858 1876 4914 reddidit.

629 4948 712 4998 ll.
746 4943 875 4998 Hoc
905 4945 1078 4999 etiam
1099 4945 1326 5000 silentio
1357 4947 1642 5018 supprimi
1675 4945 1977 5016 indignum
2015 4946 2164 5000 arbi-

551 5035 694 5100 tror,
753 5030 904 5101 quod
960 5031 1052 5086 ille
1099 5033 1195 5104 qui
1281 5051 1473 5088 servos
1531 5051 1662 5088 suos
1715 5033 2038 5104 gloriﬁcare
2098 5051 2162 5089 ac

554 5119 929 5192 magnificare
963 5137 1265 5192 nunquam
1284 5123 1809 5195 distulit,poculum
1837 5139 2000 5194 aquae
2029 5140 2164 5194 qua-

622 5238 770 5306 (499)
828 5235 1136 5302 Merbecca,
1204 5235 1472 5304 Merbeke,
1521 5237 1674 5290 vicus
1734 5237 2054 5291 Brabantiaa
2103 5237 2161 5291 in

551 5307 778 5380 dioecesi
818 5306 1408 5380 Machliniensi,ih_aud
1441 5310 1694 5380 procula
1725 5308 1967 5380 Nivonia
1994 5308 2161 5362 Flan-

553 5378 962 5451 driasoppido,
998 5379 1186 5451 inquit
1227 5378 1456 5451 Miraaus'
1501 5378 1559 5432 in
1601 5379 1776 5451 Fastis
1816 5379 2074 5448 Belgicis.
2102 5382 2162 5433 In

553 5449 831 5505 divisione
857 5450 1020 5522 regni
1045 5449 1602 5522 thhariiganno_870
1623 5450 1794 5516 facta,
1818 5451 1970 5504 inter
1983 5450 2162 5522 Belgii

554 5520 908 5576 monasteria
929 5520 1266 5576 nominatur
1285 5520 1664 5587 Merrebecc/u’,
1689 5537 1842 5575 nunc
1862 5520 2164 5587 parochia-

555 5592 709 5666 liset
739 5592 1042 5666 collegiate
1059 5595 1283 5666 septem
1314 5593 1743 5666 sacellanorum
1762 5592 2018 5666 ecclesia.

623 5662 772 5735 (500)
800 5662 1042 5719 Fortean
1074 5662 1137 5719 a‘
1157 5663 1519 5732 Fresonibus,
1572 5663 1669 5736 qui
1698 5662 1909 5718 vicinas
1940 5663 2045 5718 sibi
2077 5678 2162 5717 re-

2261 4506 2382 4562 ficis
2415 4507 2604 4562 omnis
2632 4507 2792 4577 regio
2834 4509 3101 4578 permota
3130 4507 3406 4574 occurrit,
3448 4509 3506 4560 et
3545 4505 3599 4558 in
3643 4502 3811 4585 honore
3869 4529 3871 4547 ι

2261 4595 2442 4649 beatae
2470 4594 2567 4650 Dei
2613 4594 2909 4666 genitricis
2956 4594 3145 4649 Mariae
3207 4598 3539 4664 sanctasque
3589 4579 3811 4642 Bellendis

2260 4683 2497 4755 virginis
2525 4683 2823 4737 ecclesiam
2855 4683 2913 4736 in
2953 4698 3066 4752 qua
3097 4699 3249 4736 nunc
3269 4679 3599 4753 requiescit,
3624 4670 3812 4761 fabrica-
3857 4679 3869 4709 οε

2259 4771 2355 4824 vit.
2378 4770 2684 4825 Tricesimo
2707 4770 2900 4840 itaque
2925 4769 3297 4840 depositionis
3337 4786 3456 4823 suae
3478 4780 3641 4828 anno,
3667 4768 3808 4813 om"l5

2263 4860 2570 4914 multitudo
2598 4860 2978 4914 finitimarum
3002 4859 3333 4929 regionum,
3381 4856 3577 4912 divina
3623 4845 3807 4917 inspira-

2261 4948 2418 5002 tione
2446 4949 2663 5014 afflata,
2692 4948 2960 5001 convenit
2997 4963 3127 5000 cum
3154 4946 3381 5000 duobus
3425 4938 3700 5014 episcopis,
3736 4931 3806 4983 (ἓν

2265 5035 2579 5089 meraceusi
2617 5035 2899 5100 videlicet,
2928 5034 3167 5087 nomine
3187 5034 3470 5086 Ausberto
3504 5021 3805 5094 t50l‘,Torua
3863 5015 3865 5035 '

2262 5123 2552 5195 censique,
2585 5123 2820 5177 nomine
2853 5122 3157 5185 Norberto,
3209 5121 3307 5192 qui
3338 5134 3469 5173 eam
3500 5116 3566 5170 de
3601 5107 3802 5179 sepulcro
3861 5155 3863 5199 Ι

2264 5238 2466 5310 giones
2487 5237 2693 5307 smpius
2710 5237 3070 5310 infestarunt.
3096 5235 3596 5310 NamHunnorum
3620 5229 3801 5277 nomine

2265 5305 2501 5363 veniunt
2527 5305 2947 5381 nonnunquam
2981 5307 3105 5361 alite
3126 5306 3389 5381 barbarae
3417 5305 3675 5381 natiunﬁsio

2335 5357 2499 5448 ῖέὄῖί
2527 5357 2947 5443 magis;
2985 5357 3154 5432 ea;
3172 5357 3486 5448 “assam
3531 5357 3799 5448 3011935195»

2262 5431 2570 5527 Auitbertus
2595 5450 2774 5527 enim,
2818 5431 2916 5527 qui
2962 5448 3072 5527 hoc
3124 5448 3256 5527 loco
3292 5431 3797 5527 designarifltiﬁuﬂ

2264 5503 2773 5591 anteﬁellcndem'
2799 5503 2986 5572 νῖνθτθ
3022 5519 3290 5591 ἀθείὲῖδὲἱ
3335 5503 3446 5591 ιξθδ
3467 5511 3601 5591 ἔξμυῗ
3625 5503 3796 5591 ῖεῖῗῗζ

2264 5573 2847 5662 sensium—episcopus
2879 5588 3114 5644 nomine
3145 5573 3448 5642 Norbertus
3464 5573 3792 5636 Florbertu-“e

2265 5662 2569 5734 reperitur.
