3960 6182
241 374 348 438 ωδ

1247 362 1407 420 νιτΑ
1432 361 1494 420 S.
1523 354 1941 419 LANBOALDI.
1967 383 2044 408 ι·-
2071 359 2201 418 LIB.
2228 359 2273 418 ι.

3353 356 3494 424 illi

240 493 434 561 Domini
463 487 916 552 enuntiandum
946 486 1470 563 baptizandumque
1499 485 1776 557 populum
1793 481 1852 544 Δ,
1893 482 2169 540 doaldum
2197 485 2310 541 illic
2336 483 2698 551 remansisse,
2721 484 2780 541 et
2793 498 2902 558 per
2917 495 3132 546 novam
3149 496 3333 548 annos
3345 484 3497 544 vices

243 592 289 645 ot
313 581 741 642 conﬁrmandum
774 579 1064 635 ordinare.
1095 577 1258 642 Quod
1286 577 1348 629 ut
1378 572 1599 629 nemini
1627 572 1777 626 forte

242 675 455 731 videatur
473 669 823 739 ambiguum,
842 666 1001 721 testis
1021 668 1108 720 est
1133 664 1275 730 (516)
1295 661 1637 722 Taxandria,
1651 661 1781 731 post

240 765 415 819 multos
441 759 560 814 hinc
600 773 782 811 annos
807 773 841 809 a
869 757 929 810 Β.
959 755 1108 825 (517)
1150 752 1454 806 Lamberto
1492 749 1779 804 idolorum

233 848 430 906 culturis
471 844 718 915 stirpitus
761 843 1026 898 liberata.
1062 840 1484 895 Brachbautum
1528 852 1776 909 quoque,

232 936 393 996 multis
409 933 682 989 erroribus
705 930 1009 1002 gentilium
1028 928 1414 992 irretitum,ab
1427 926 1476 997 ej
1487 943 1550 979 us
1560 940 1778 979 succes-

223 1041 332 1083 sore
347 1022 472 1093 (518)
491 1022 544 1076 8.
567 1021 616 1075 H
628 1019 830 1074 uberto
847 1035 912 1074 ex
928 1021 1092 1090 parte
1113 1018 1456 1070 correctum.
1475 1011 1781 1068 Germania

227 1113 374 1170 etiam
398 1125 535 1181 pene
564 1111 706 1172 tota,
736 1106 961 1161 noviter
987 1121 1106 1160 non
1138 1105 1323 1158 solum
1353 1116 1650 1168 conversa,
1678 1099 1779 1155 sed

224 1200 370 1256 etiam
391 1195 538 1252 novis
555 1193 858 1265 episcopiis
889 1196 947 1247 et
975 1191 1224 1247 ecclesiis
1255 1191 1533 1244 illustrata
1562 1188 1779 1259 pariter

223 1289 272 1342 et
293 1284 467 1340 ditata.
495 1283 563 1335 Ex
594 1281 660 1335 iis
686 1281 828 1335 alios
845 1280 1110 1335 novimus
1145 1276 1570 1349 praedicationis
1600 1291 1778 1346 usque

221 1373 280 1428 ad
305 1371 505 1426 obitum
526 1368 820 1434 institisse,
849 1367 991 1423 alios
1009 1367 1341 1421 vacantibus
1368 1363 1668 1436 episcopiis
1682 1365 1780 1418 aut

219 1457 428 1514 abbatiis
455 1460 652 1528 postea
680 1457 1024 1526 subrogatos
1051 1471 1192 1519 esse,
1225 1452 1368 1508 alios
1394 1452 1555 1507 novis
1591 1451 1778 1504 Eccle-

215 1546 292 1602 siis
327 1545 600 1618 episcopia
643 1560 795 1599 nova
855 1541 1164 1598 instituisse
1198 1543 1368 1610 (519).
1403 1541 1605 1594 Beatus
1644 1554 1777 1593 vero

215 1634 470 1699 Amandus
511 1632 768 1689 ofﬁcium
795 1635 1122 1704 susceptum
1149 1633 1381 1684 strenue
1413 1627 1692 1699 implevit,
1723 1629 1781 1680 et

214 1721 541 1778 circumcirca
571 1719 773 1792 positis
820 1719 1162 1790 (Vaccejam,
1191 1717 1250 1773 id
1301 1720 1388 1773 est
1416 1715 1777 1781 Vasconiam,

1880 574 2170 644 pontiﬁcis
2194 575 2641 632 administrasse.

1947 665 2000 718 4.
2035 663 2136 718 Cui
2159 664 2417 735 opinioni
2437 664 2574 718 illud
2597 680 2700 719 nos
2721 663 2884 718 facile
2905 662 3040 718 fecit
3059 662 3492 739 accedere,quia

1880 751 2129 806 refertur
2155 752 2310 806 idem
2343 754 2402 807 Β.
2433 753 2810 818 Landoaldus,
2843 752 3147 824 specialem
3175 755 3487 824 patronum

1883 843 2144 895 nostrum
2171 843 2342 910 (524),
2360 844 2620 896 sanctum
2641 840 2854 896 scilicet
2882 842 3276 908 Lambertum,
3297 841 3491 914 prima

1881 928 2128 1000 pueritia
2178 929 2500 983 nutrivisse.
2554 932 2796 1002 Pr0pter
2835 929 2989 1000 quod
3036 932 3094 982 et
3144 929 3377 984 illustris
3404 929 3489 986 vir

1879 1020 2048 1087 Aper,
2084 1017 2340 1088 ejusdem
2363 1016 2527 1089 pueri
2547 1017 3016 1089 pater,praedium
3035 1017 3312 1074 vocabulo
3337 1017 3490 1073 Win-

1879 1106 2207 1160 tershovum
2229 1109 2403 1172 (525),
2429 1122 2600 1178 super
2617 1106 2804 1161 Archa
2830 1105 3066 1162 ﬂuvium
3095 1104 3366 1178 positum,
3398 1105 3491 1160 ei-

1881 1194 2015 1248 dem
2044 1194 2115 1248 ad
2152 1194 2596 1250 inhabitandam
2619 1197 2680 1247 et
2708 1193 3003 1249 ecclesiam
3044 1193 3488 1253 construendum

1884 1288 2162 1352 perpetuo
2186 1283 2316 1353 jure
2345 1282 2643 1348 concessit,
2675 1285 2731 1336 et
2761 1282 3029 1340 eumdem
3057 1298 3324 1353 puerum,
3346 1281 3488 1339 divi-

1881 1369 1971 1426 nis
1997 1371 2366 1442 dogmatibus
2396 1372 2793 1437 imbuendam,
2821 1389 2952 1426 cum
2978 1388 3046 1428 eo
3073 1389 3315 1431 manere
3350 1388 3491 1430 con-

1877 1458 2081 1512 stituit.
2119 1459 2221 1514 Ubi
2249 1461 2386 1514 dum
2408 1460 2654 1514 artiﬁces
2671 1458 2830 1530 operi
2857 1458 3146 1526 insistunt,
3179 1462 3488 1534 etaq'uam,

1880 1550 2078 1617 utpote
2105 1547 2176 1600 de
2220 1547 2525 1618 paludibus
2545 1548 2858 1613 turbidam,
2889 1546 3209 1613 fastidiunt,
3237 1547 3302 1600 B.
3336 1547 3490 1606 Lan-

1883 1633 2121 1688 doaldus
2150 1651 2282 1690 cum
2303 1651 2482 1706 puero
2503 1636 2831 1702 Lamberto,
2858 1635 3119 1690 invocato
3151 1633 3359 1694 Christi
3385 1650 3489 1693 no-

1884 1721 2064 1788 mine,
2091 1738 2222 1776 cum
2271 1723 2452 1777 crucis
2492 1724 2864 1795 proteusione
2909 1724 3133 1777 fontem
3159 1720 3492 1794 limpidissi—

211 1813 260 1866 et
281 1782 589 1866 Danubium
647 1810 798 1864 ultra
824 1782 1201 1879 ‘pertcntan-s)
1261 1806 1500 1860 verbum
1547 1799 1777 1857 Domini
1797 1782 1852 1846 Β
1879 1782 2252 1865 mum'baculi
2275 1782 2653 1883 impressione
2674 1811 2937 1868 omnium
2963 1811 3157 1868 usibus
3172 1782 3310 1866 fecit
3329 1809 3490 1870 ebul-

213 1897 556 1964 aanuntiavit,
596 1898 786 1953 donec
835 1895 979 1950 vires
1023 1911 1153 1949 suas
1209 1894 1280 1948 ad
1327 1909 1469 1963 opus
1517 1894 1636 1946 tam
1685 1906 1778 1943 ar-

209 1985 358 2041 duum
378 1986 571 2041 videns
593 2003 715 2041 non
737 1984 1020 2049 sufﬁcere,
1047 1983 1291 2037 Romam
1317 1977 1650 2035 deliberavit
1672 1977 1775 2032 ite-

206 2077 312 2130 rato
338 2071 506 2130 adire.

261 2165 308 2217 3.
329 2162 651 2218 Romanum
684 2161 1068 2216 universalem
1087 2158 1488 2231 pontiﬁcatum
1505 2155 1778 2212 Martinus

1873 1896 2002 1964 lire,
2037 1898 2134 1969 qui
2163 1899 2338 1954 ﬁdem
2364 1899 2528 1957 dictis
2555 1901 2774 1971 praebet
2797 1916 2975 1970 usque
3003 1899 3198 1956 hodie.

1951 1989 2003 2038 5.
2025 1985 2148 2040 Alio
2180 1985 2379 2041 itidem
2406 1990 2665 2058 tempore
2689 2003 2820 2044 cum
2839 1986 2965 2042 usui
2997 1984 3316 2043 necessario
3335 1983 3489 2055 ignis

1879 2071 2078 2128 deesse
2108 2073 2415 2142 videretur,
2446 2074 2658 2129 accitus
2677 2090 2712 2128 a
2736 2073 2855 2130 viro
2885 2077 3082 2130 sancto
3107 2090 3274 2145 puer,
3285 2073 3485 2144 ignem

1881 2160 2096 2218 inferre
2123 2163 2373 2231 iubetur.
2407 2163 2588 2234 Coepit
2617 2162 2771 2218 idem
2797 2162 3040 2233 imperio
3083 2160 3277 2229 reniti,
3305 2164 3364 2218 et
3386 2176 3488 2220 cur

203 2253 454 2319 papatum
469 2249 933 2306 administrabat.
953 2245 1568 2303 CuibeatusAmaudus
1580 2248 1776 2299 votum
1871 2249 2068 2304 statim
2090 2249 2318 2320 jubenti
2346 2243 2462 2305 nim
2495 2249 2849 2316 satisfecerit,
2872 2249 3062 2320 palam
3081 2248 3250 2304 fateri
3274 2264 3334 2302 τι(
3357 2249 3488 2319 νει,

202 2351 362 2403 suum,
382 2339 540 2408 cujus
566 2338 814 2393 obtentu
835 2340 1090 2402 venerat,
1124 2334 1383 2406 aperuit:
1416 2337 1475 2387 et
1497 2337 1557 2388 ut
1572 2332 1676 2386 sibi
1704 2331 1777 2386 ad

199 2421 248 2477 id
265 2440 392 2494 opus
411 2425 821 2496 peragendum
835 2423 1113 2494 suppetias
1139 2422 1656 2492 mitterentur(520'
1679 2436 1780 2490 po-

197 2512 371 2579 pOscit.
404 2513 688 2568 Destinati
705 2517 836 2566 sunt
858 2511 908 2566 ei
932 2513 1144 2582 plures,
1160 2527 1410 2582 quorum
1431 2509 1673 2564 nomina
1688 2524 1778 2562 ex-

195 2599 448 2668 ciderunt,
482 2603 782 2671 adjutores
808 2617 820 2655 :
856 2600 1006 2654 inter
1032 2616 1174 2671 quos
1204 2600 1263 2654 S.
1295 2597 1653 2652 Landoaldus
1683 2613 1774 2651 ar-

195 2685 900 2758 chipresbyter,Amautius
923 2687 1225 2743 diaconus:
1251 2702 1393 2758 quos
1409 2685 1584 2740 etiam
1603 2683 1778 2738 comi-

197 2777 309 2830 tata;
333 2781 462 2832 sunt
491 2782 712 2832 sanctae
745 2777 979 2831 feminae
1017 2776 1292 2830 Vinciana
1322 2778 1379 2827 et
1426 2772 1774 2840 Adeltrudis,

191 2864 429 2920 cumaliis
453 2865 586 2920 viris
613 2869 676 2919 et
701 2865 1036 2920 mulieribus
1061 2868 1304 2936 septem.
1340 2864 1448 2917 Per
1487 2861 1641 2917 idem
1657 2862 1776 2915 fere

191 2950 392 3019 tempus
443 2953 502 3006 Β.
543 2955 701 3022 (521)
750 2954 1020 3016 Joannes,
1052 2951 1470 3020 Tungrensium
1498 2953 1555 3003 et
1579 2948 1775 3019 Traje-

1877 2337 2088 2410 iuquit,
2139 2339 2404 2405 Domine,
2436 2355 2550 2410 quo
2581 2338 2732 2408 ignis
2762 2341 3084 2409 opportune
3123 2336 3486 2408 importetur,

1877 2427 2077 2482 deesse
2129 2427 2304 2492 vides,
2357 2431 2416 2482 et
2463 2443 2576 2497 quo
2611 2427 2762 2481 hunc
2814 2426 2989 2482 modo
3033 2423 3235 2482 inferri
3270 2421 3488 2493 jubes?

1879 2517 2182 2586 Promptus
2203 2515 2436 2586 quidem
2449 2514 2552 2569 tibi
2565 2515 2968 2585 obtemperare
2980 2512 3122 2572 mihi
3137 2515 3224 2570 est
3236 2511 3486 2572 animus:

1869 2603 1977 2658 sed
2023 2605 2086 2658 ut
2118 2603 2261 2657 votis
2290 2601 2400 2657 tuis
2447 2602 2732 2657 contraire
2763 2601 2976 2666 videar,
3020 2601 3139 2672 ipse
3168 2599 3314 2656 vasis
3337 2598 3493 2671 cogit

1879 2690 2266 2745 defectus.»At
2279 2689 2404 2760 pius
2418 2688 2708 2755 Pater,ubi
2723 2687 3040 2744 haesitantis
3050 2687 3211 2759 pueri
3225 2686 3490 2744 animum

1878 2777 2163 2848 persensit
2197 2794 2208 2830 :
2237 2799 2264 2826 ‹‹
2297 2777 2584 2842 Placetne,
2613 2775 2821 2847 inquit,
2849 2775 2952 2842 ﬁli,
2973 2778 3229 2846 paternae
3246 2771 3491 2844 jussioni

1882 2880 2106 2918 moram
2151 2863 2299 2930 ﬁeri,
2335 2880 2467 2918 cum
2499 2879 2568 2918 ea
2593 2879 2706 2934 qua
2737 2860 2946 2932 tegeris
2972 2865 3126 2915 veste
3155 2860 3306 2932 ignis
3354 2859 3489 2914 satis

1879 2952 2188 3008 commode
2205 2955 2375 3022 queat
2390 2950 2590 3006 inferri
2612 2950 2639 3004 Ἰ
2660 2972 2687 2998 ››
2715 2950 2837 3014 Qua
2856 2965 2997 3020 puer
3016 2952 3205 3005 motus
3220 2948 3493 3017 increpar-

189 3017 442 3094 ctcnsium
465 3017 721 3094 feliciter
752 3056 960 3110 regens
985 3017 1666 3109 pontiﬁcatum,mortem
1689 3017 1776 3091 oc-
1797 3017 1847 3080 ο
1877 3039 2056 3104 tione,
2093 3017 2241 3093 cum—
2256 3042 2536 3110 praeterea
2561 3017 2906 3094 obedientiie
2943 3035 3208 3108 exemplo
3252 3049 3495 3105 cogere-

189 3123 376 3180 cubuit.
398 3130 549 3197 (5‘22)
571 3128 940 3198 Dagobertus
964 3145 1100 3182 vero
1120 3144 1240 3193 rex,
1259 3127 1356 3198 qui
1379 3131 1542 3199 patre
1571 3125 1775 3180 defun-

187 3214 264 3266 cto
275 3228 450 3268 rerum
465 3216 692 3286 potitus
707 3215 1488 3287 auspicabilitersuccesserat
1499 3216 1778 3269 B.Aman-

185 3297 303 3356 dum
358 3303 642 3370 evocavit,
697 3319 946 3373 eumque
997 3303 1447 3373 Trajectensium
1487 3301 1775 3356 cathedrae

184 3388 468 3453 praesidere
496 3390 663 3444 fecit.
702 3390 808 3453 Qui
836 3407 938 3462 per
961 3390 1275 3445 triennium
1304 3389 1455 3444 vicos
1483 3392 1540 3444 et
1568 3391 1772 3453 castra,

181 3474 395 3532 verbum
412 3478 546 3532 vitae
563 3477 1000 3540 annuntiando.
1017 3477 1271 3532 circuivit
1301 3493 1314 3531 :
1349 3477 1449 3531 sed
1467 3477 1546 3531 nil
1562 3492 1621 3531 se
1639 3491 1774 3545 pro-

181 3559 330 3619 ﬂuere
359 3580 634 3632 cernens,
668 3565 994 3622 sacerdotes
1025 3566 1259 3636 insuper
1283 3568 1341 3620 et
1371 3565 1568 3619 levitas
1597 3563 1776 3618 insul-

177 3650 284 3707 tare
312 3653 414 3710 sibi
446 3655 688 3719 dolens,
722 3654 794 3708 ad
827 3653 938 3710 alia
961 3653 1231 3724 deinceps
1261 3655 1386 3708 loca
1409 3652 1772 3722 demigravit.

179 3737 593 3814 lncompertum
611 3746 700 3797 est
713 3743 921 3800 deinde
933 3746 1151 3814 quanta
1166 3741 1442 3813 temporis
1460 3741 1775 3810 intercape-

173 3824 290 3883 dine
318 3831 490 3901 plebs
517 3829 988 3900 Trajectensium
1020 3830 1191 3884 fuerit
1221 3846 1412 3900 usque,
1430 3829 1578 3899 (523)
1606 3829 1678 3883 ad
1711 3829 1770 3884 Β.

173 3913 490 3973 Rcmaclum
541 3918 678 3973 sine
709 3917 982 3988 pastorali
1007 3917 1441 3984 benedictione,
1477 3917 1585 3972 nisi
1619 3917 1775 3988 (procl

169 4000 308 4060 fama
333 4007 407 4062 ad
439 4024 552 4063 nos
591 4023 776 4078 usque
817 4006 1147 4077 perferente
1174 4005 1500 4077 accepimus
1530 4007 1590 4060 Β.
1625 4005 1772 4061 Lan-

229 4164 364 4233 (516)
391 4167 475 4222 De
508 4168 630 4222 situ
667 4168 725 4220 et
747 4165 1127 4237 amplitudine
1157 4164 1491 4237 Taxandria;
1519 4166 1631 4219 late
1653 4164 1774 4236 egi-

168 4248 290 4307 mus,
311 4237 459 4292 libro
493 4255 511 4291 ι
541 4237 823 4292 diatribae
847 4235 1082 4290 _uostra3
1127 4238 1205 4290 De
1239 4235 1520 4307 episcopis
1545 4235 1772 4306 Trajec—

168 4305 426 4380 tensibus,
459 4324 600 4380 cap.
639 4312 696 4380 2.

224 4375 362 4446 (517)
388 4375 628 4433 Colitur
657 4378 717 4432 S.
747 4377 1084 4432 Lambertus
1117 4381 1181 4432 17
1204 4376 1488 4447 septemb.

224 4448 366 4518 (518)
388 4449 448 4504 S.
471 4450 772 4503 Hubertus
791 4448 989 4504 sedem
1009 4448 1270 4518 Trajecto
1287 4447 1563 4518 Lcodium
1582 4451 1771 4503 trans-

165 4514 297 4582 tulit,
323 4514 386 4597 et
437 4522 824 4598 resumptum
868 4521 951 4598 est
983 4514 1198 4598 nomen
1235 4517 1594 4598 episcopatus
1620 4518 1772 4572 Tun-

157 4589 387 4655 grcnsis,
423 4594 488 4642 ut
522 4587 673 4642 alibi
721 4587 1096 4642 ostendimus.
1130 4589 1212 4641 De
1257 4587 1315 4644 S.
1349 4587 1602 4641 Huberto
1637 4605 1770 4659 age-

158 4667 272 4709 mus
299 4661 330 4712 3
360 4659 655 4713 novemb.

213 4727 357 4848 {519)
388 4729 528 4783 Haec
560 4745 638 4782 ex
665 4728 824 4782 Actis
865 4728 920 4782 S.
953 4727 1204 4782 Amandi
1245 4731 1559 4784 contracta.
1618 4727 1772 4782 Con-

233 4812 260 4848 c
288 4814 416 4848 can.
452 4803 489 4848 Ιι-
521 4803 589 4848 et.
620 4802 677 4848 5.
707 4799 853 4848 eiad
881 4814 949 4848 ea
975 4802 1196 4848 nostras
1219 4801 1406 4848 notas.
1434 4798 1513 4848 uti
1537 4802 1595 4848 et
1615 4815 1771 4848 com-

153 4798 260 4869 sulc
288 4814 416 4866 cap.
452 4803 489 4854 4
521 4803 589 4853 et
620 4802 677 4864 5,
707 4799 854 4853 etad
881 4814 949 4853 ea
975 4802 1196 4852 nostras
1219 4801 1406 4862 notas,
1434 4798 1513 4851 uti
1537 4802 1595 4851 et
1615 4815 1771 4852 com-

158 4869 504 4923 mentarium
541 4870 852 4940 praevium.

212 4940 350 5010 (ξξο)
411 4942 476 5009 Σς
494 4937 648 5010 ἅλμα
694 4939 784 4993 hic
835 4940 1039 5009 ingens
1071 4937 1543 5010 chronologicum
1575 4942 1679 5006 est,
1713 4944 1771 4994 et

153 5003 215 5080 ad
240 5003 432 5064 Vitam
462 5003 529 5064 Β.
569 5003 830 5064 λιιιειηόί
874 5003 1242 5080 θὶριίεαωηι.
1274 5003 1379 5062 Est
1399 5009 1632 5080 tertium
1661 5003 1770 5064 iter

150 5073 472 5135 Romanum
529 5085 672 5152 post
730 5073 988 5134 relictum
1022 5079 1415 5152 episcopatum
1439 5079 1768 5152 Trajecten-

147 5161 257 5222 Seni
296 5167 456 5206 anno
491 5149 609 5206 650
670 5153 1048 5222 assumptum,
1103 5149 1336 5219 quando
1384 5151 1442 5204 S.
1495 5151 1769 5206 Martinus

143 5220 259 5270 erat
276 5223 546 5288 pontifex
582 5220 901 5275 Romanus.

206 5289 347 5361 (52f)
385 5290 445 5349 S.
470 5293 740 5347 Joannes
765 5295 959 5360 Agnus
1003 5292 1130 5361 jam
1159 5290 1582 5362 annisaliquot
1633 5295 1767 5348 ante

144 5365 420 5426 mortuus,
452 5363 686 5416 scilicet
711 5379 866 5416 anno
899 5366 1022 5428 646,
1052 5363 1141 5416 die
1173 5366 1239 5416 ‘25
1265 5361 1416 5414 Julii.

207 5431 354 5501 (522)
371 5433 760 5501 Dagobertus
778 5433 903 5500 jam
928 5437 1062 5488 ante
1082 5449 1236 5487 anno
1257 5434 1382 5496 644,
1405 5435 1468 5486 19
1487 5431 1766 5496 Januarii,

142 5500 320 5574 evivis
341 5500 711 5567 decesserat,
731 5505 912 5558 tribus
942 5504 1158 5574 scilicet
1174 5501 1346 5557 annis
1376 5503 1684 5574 antequam
1704 5504 1763 5560 S.

140 5567 411 5628 Martinus
440 5575 756 5628 crearetur
778 5589 946 5647 papa.
977 5575 1102 5629 Fuit
1133 5573 1190 5628 S.
1217 5567 1764 5644 Amanduscpisco-

1877 3131 1988 3193 tur,
2017 3127 2262 3198 imperio
2285 3126 2466 3181 Patris
2485 3141 2623 3182 sane
2650 3127 3032 3196 optemperat,
3050 3123 3334 3196 pauloque
3351 3137 3486 3194 pro-

1877 3231 2124 3285 gressus,
2145 3215 2343 3285 ignem
2362 3214 2658 3284 requirere
2685 3213 2974 3284 properat.
2993 3211 3115 3276 Quo
3135 3209 3374 3268 tandem
3399 3209 3488 3270 in-

1877 3305 2071 3369 vento,
2110 3303 2188 3356 nil
2222 3301 2418 3356 adesse
2447 3301 2646 3356 videns
2672 3316 2785 3372 quo
2817 3316 2949 3356 eum
2975 3297 3350 3370 opportunius
3373 3297 3486 3354 fer-

1875 3395 1984 3457 ret,
2007 3391 2297 3462 gremium
2327 3388 2525 3461 prunis
2551 3388 2888 3446 ardentibus
2911 3388 3085 3452 laxat,
3114 3402 3322 3459 easque
3344 3385 3487 3446 nihil

1875 3483 2170 3538 cunctatus
2188 3480 2338 3534 infra
2357 3478 2680 3543 collocat,et
2698 3477 2955 3543 ita,veste
2967 3475 3240 3542 illaasa,ad
3255 3476 3488 3536 Patrem

1875 3586 2056 3640 usque
2076 3569 2362 3640 deportat.
2376 3568 2530 3622 Tunc
2553 3565 2637 3620 vir
2654 3567 2882 3622 sanctus
2902 3565 3216 3625 novitatem
3227 3562 3490 3625 miraculi

1869 3675 2071 3716 secum
2103 3658 2270 3712 altius
2299 3656 2682 3719 considerare,
2710 3655 3002 3726 felicisque
3021 3653 3184 3726 pueri
3215 3653 3486 3712 meritum

1875 3747 2262 3819 perfectoruni
2292 3745 2468 3805 etiam
2484 3760 2602 3804 non
2624 3743 2848 3800 dubitat
2867 3743 3166 3800 virtutibus
3191 3757 3487 3813 compara-

1871 3852 1935 3890 re
1945 3851 2077 3906 :quo
2090 3835 2328 3906 quidem
2341 3833 2548 3890 ardens
2563 3833 2916 3889 elementum
2939 3834 3206 3905 naturam
3227 3847 3392 3890 suam
3403 3831 3489 3892 vel

1872 3922 2179 3978 ostendere
2206 3921 2395 3980 tenuit
2418 3920 2505 3976 vel
2527 3919 2768 3980 omnino
2794 3921 3057 3974 coactum
3079 3920 3167 3972 ost
3183 3916 3487 3980 occultare.

1871 4013 1946 4068 At
1966 4010 2062 4067 ubi
2085 4010 2157 4066 ad
2182 4011 2487 4082 p0pulares
2514 4024 2680 4067 aures
2707 4023 2910 4064 recens
2931 4006 3118 4064 adhuc
3146 4003 3492 4066 miraculum

1873 4187 1986 4294 puls)
2008 4167 2406 4293 Trt'ajectensis,
2455 4169 2738 4238 regnante
2791 4165 2942 4238 apud
2966 4161 3285 4220 Austrasios
3311 4162 3368 4218 S.
3397 4161 3491 4218 Si-

1876 4257 1945 4294 ne
1991 4256 2052 4293 er
2081 4256 2134 4292 ο.

1991 4256 2134 4293 erro.

1797 4281 1852 4341 Β
1875 4257 2134 4315 generro.

1950 4312 2098 4381 (523)
2132 4309 2254 4381 Uno
2310 4323 2505 4381 errore
2563 4306 2993 4381 posito__pAlur_es
3039 4305 3383 4381 sequuntur.
3423 4304 3481 4359 S.

1878 4375 2143 4437 Amando
2176 4379 2516 4432 immediate
2533 4375 2879 4432 successit'S.
2911 4375 3232 4443 Remaclus,
3259 4375 3488 4432 utclare

1877 4453 2315 4508 demonstratur
2339 4449 2412 4504 ad
2438 4445 2590 4504 illius
2618 4449 2826 4502 Vitam.

1951 4524 2100 4590 (524)
2131 4522 2254 4574 Non
2301 4519 2700 4590 meminerunt
2727 4519 2896 4590 hujus
2931 4515 3307 4590 institutionis
3335 4515 3486 4590 anti-

1878 4586 2107 4664 quiores
2131 4590 2270 4643 Vitze
2300 4591 2356 4643 S.
2406 4589 2697 4642 Lamberti
2741 4586 3066 4659 scriptores,
3117 4586 3486 4640 Godescalcus

1878 4667 1932 4716 et
1964 4661 2288 4716 Stephanus
2318 4658 2615 4716 enisconus
2641 4658 2965 4712 Leodiensis
2999 4673 3011 4711 :
3045 4660 3105 4710 at
3130 4673 3257 4716 quin
3287 4655 3483 4710 dicun-

1874 4672 1932 4716 et
1964 4672 2060 4716 ate
2106 4672 2288 4713 nanus
2318 4675 2615 4730 episcOpus
2641 4672 2965 4712 Leoniensis
2999 4673 3011 4711 :
3045 4672 3105 4710 at
3130 4673 3257 4728 quae
3287 4672 3483 4710 uicun-

1871 4737 1967 4788 tur
1997 4678 2204 4800 γενεὴ-ἰ,
2250 4747 2353 4800 pro
2399 4734 2576 4800 certo,
2595 4728 2964 4800 postmodum
2994 4727 3364 4800 afﬁrmarent
3389 4726 3486 4800 Ni-

1867 4797 2062 4858 colaus
2109 4797 2415 4856 canonicos
2463 4804 2520 4853 et
2571 4797 2848 4854 Reinerns
2891 4799 3206 4856 monachus
3231 4797 3298 4868 in,
3316 4797 3485 4868 huius

1871 4873 2015 4927 Vita.
2051 4872 2306 4927 Diximus
2337 4871 2408 4926 ad
2435 4871 2624 4926 Vitam
2664 4872 2720 4926 S.
2767 4869 3034 4934 Amandi,
3066 4885 3184 4924 non
3215 4866 3479 4924 videris.

1872 4944 2242 5000 Lambertnm
2276 4945 2473 4996 natum
2504 4957 2626 5019 esse
2653 4942 2790 4995 ante
2827 4956 3046 5019 annum
3079 4942 3202 5004 650,
3231 4940 3315 5019 Δθεν
3363 4938 3482 5019 epi-

1870 5029 2105 5084 scopum
2136 5028 2260 5067 esse
2279 5015 2676 5066 consecratum
2704 5026 2860 5066 anno
2891 5013 3016 5076 677,
3054 5025 3121 5064 ac
3149 5009 3479 5080 potuisses.

1871 5081 2592 5160 Landoaldumﬁnumerari
2621 5082 2956 5160 intermvircs
2985 5083 3261 5160 sapientes,
3281 5095 3326 5137 ,α
3353 5077 3478 5160 qui:

1873 5096 2266 5139 Lanaoamum
2298 5097 2592 5138 numerari
2621 5096 2772 5138 inter
2814 5097 2956 5135 viros
2985 5096 3245 5152 sapientes
3281 5096 3326 5137 ,α
3353 5096 3478 5202 ἷξε

1871 5155 1976 5208 bus
2009 5154 2246 5208 tradunt
2272 5153 2642 5207 Godescalcus
2673 5156 2730 5205 et
2756 5151 3100 5223 Stephanus,
3127 5149 3191 5206 S.
3222 5148 3357 5202 Lam
3445 5176 3479 5194 ρ-

1865 5229 1984 5280 tum
2013 5225 2182 5278 sacris
2203 5224 2396 5278 lit-leris
2421 5223 2680 5278 edoctum.

1941 5294 2085 5367 (52")
2125 5294 2577 5367 Wz'nitiefshoom‘n,
2607 5293 2666 5346 in
2699 5290 3045 5367 leggSalica
3073 5287 3152 5348 ibi
3334 5284 3476 5358 legi-

1868 5361 1964 5422 tur
2014 5361 2189 5425 etiam
2246 5363 2580 5418 Windolmim
2617 5380 2719 5418 seu
2761 5361 3063 5419 Wfdohaim
3084 5385 3103 5424 ,-
3153 5361 3477 5422 etiamnum

2075 5435 2228 5492 inter
2247 5434 2503 5510 civitates
2518 5435 2781 5510 Tungros
2803 5437 2860 5510 et
2891 5430 3202 5510 malum.
3212 5428 3477 5510 aliquan-

1889 5502 1994 5570 ςιαῖι
2015 5505 2096 5581 3b
2122 5522 2302 5581 amne
2345 5505 2593 5581 dissitas.
2624 5502 2966 5581 Describunt
2987 5502 3290 5581 sequentia
3305 5502 3476 5581 ,ψερ-

1869 5569 2012 5645 laus,
2035 5576 2337 5645 Reinarus,
2369 5575 2650 5648 Egidias,
2699 5573 2921 5643 absque
2959 5569 3262 5636 mentiens
3289 5569 3474 5635 ﬂuuii.
