  <div class='ocr_page' id='page_1' title='image "/cluster/home/n/w/nwhite01/storage/ocr_20150623/139/hvd.32044054759998/563.png"; bbox 0 0 3960 6174; ppageno 0'>
   <div class='ocr_carea' id='block_1_1' title="bbox 512 391 649 452">
    <p class='ocr_par' dir='ltr' id='par_1_1' title="bbox 512 391 649 452">
     <span class='ocr_line' id='line_1_1' title="bbox 512 391 649 452; baseline 0.029 -6"><span class='ocrx_word' id='word_1_1' title='bbox 512 391 649 452; x_wconf 66' lang='lat' dir='ltr'>Mlti</span> 
     </span>
    </p>
   </div>
   <div class='ocr_carea' id='block_1_2' title="bbox 1648 379 2684 449">
    <p class='ocr_par' dir='ltr' id='par_1_2' title="bbox 1648 379 2684 449">
     <span class='ocr_line' id='line_1_2' title="bbox 1648 379 2684 449; baseline 0.001 -3"><span class='ocrx_word' id='word_1_2' title='bbox 1648 383 1979 449; x_wconf 71' lang='lat' dir='ltr'>HERIGERI</span> <span class='ocrx_word' id='word_1_3' title='bbox 2012 387 2302 446; x_wconf 77' lang='lat' dir='ltr'>ABBATIS</span> <span class='ocrx_word' id='word_1_4' title='bbox 2331 379 2684 447; x_wconf 77' lang='lat' dir='ltr'>LOBIENSIS</span> 
     </span>
    </p>
   </div>
   <div class='ocr_carea' id='block_1_3' title="bbox 3625 394 3734 454">
    <p class='ocr_par' dir='ltr' id='par_1_3' title="bbox 3625 394 3734 454">
     <span class='ocr_line' id='line_1_3' title="bbox 3625 394 3734 454; baseline 0.037 -4"><span class='ocrx_word' id='word_1_5' title='bbox 3625 394 3734 454; x_wconf 60' lang='lat' dir='ltr'>illo</span> 
     </span>
    </p>
   </div>
   <div class='ocr_carea' id='block_1_4' title="bbox 520 507 3741 583">
    <p class='ocr_par' dir='ltr' id='par_1_4' title="bbox 520 507 3741 583">
     <span class='ocr_line' id='line_1_4' title="bbox 520 507 3741 583; baseline 0 -13"><span class='ocrx_word' id='word_1_6' title='bbox 520 510 770 580; x_wconf 84' lang='lat' dir='ltr'>accessit,</span> <span class='ocrx_word' id='word_1_7' title='bbox 823 514 947 568; x_wconf 85' lang='lat' dir='ltr'>tum</span> <span class='ocrx_word' id='word_1_8' title='bbox 995 507 1258 568; x_wconf 88' lang='lat' dir='ltr'>omnium</span> <span class='ocrx_word' id='word_1_9' title='bbox 1305 526 1403 566; x_wconf 89' lang='lat' dir='ltr'>ore</span> <span class='ocrx_word' id='word_1_10' title='bbox 1446 527 1588 583; x_wconf 87' lang='lat' dir='ltr'>puer</span> <span class='ocrx_word' id='word_1_11' title='bbox 1631 512 1944 580; x_wconf 79' lang='lat' dir='ltr'>extollitur,</span> <span class='ocrx_word' id='word_1_12' title='bbox 1985 515 2106 566; x_wconf 91' lang='lat' dir='ltr'>tum</span> <span class='ocrx_word' id='word_1_13' title='bbox 2129 514 2184 573; x_wconf 84' lang='grc' dir='ltr'><strong>Α</strong></span> <span class='ocrx_word' id='word_1_14' title='bbox 2210 510 2505 565; x_wconf 89' lang='lat' dir='ltr'>abeodem</span> <span class='ocrx_word' id='word_1_15' title='bbox 2528 507 3505 581; x_wconf 85' lang='lat' dir='ltr'>Frangerecommemorabatmultis</span> <span class='ocrx_word' id='word_1_16' title='bbox 3520 515 3741 571; x_wconf 54' lang='lat' dir='ltr'>attestan.</span> 
     </span>
    </p>
   </div>
   <div class='ocr_carea' id='block_1_5' title="bbox 507 600 2103 671">
    <p class='ocr_par' dir='ltr' id='par_1_5' title="bbox 507 600 2103 671">
     <span class='ocr_line' id='line_1_5' title="bbox 507 600 2103 671; baseline -0.004 -11"><span class='ocrx_word' id='word_1_17' title='bbox 507 605 681 660; x_wconf 88' lang='lat' dir='ltr'>etiam</span> <span class='ocrx_word' id='word_1_18' title='bbox 723 617 813 656; x_wconf 89' lang='lat' dir='ltr'>res</span> <span class='ocrx_word' id='word_1_19' title='bbox 843 600 1114 656; x_wconf 87' lang='lat' dir='ltr'>divinitus</span> <span class='ocrx_word' id='word_1_20' title='bbox 1147 603 1306 671; x_wconf 82' lang='lat' dir='ltr'>gesta</span> <span class='ocrx_word' id='word_1_21' title='bbox 1331 617 1460 655; x_wconf 91' lang='lat' dir='ltr'>cum</span> <span class='ocrx_word' id='word_1_22' title='bbox 1506 600 1830 655; x_wconf 90' lang='lat' dir='ltr'>obedientis</span> <span class='ocrx_word' id='word_1_23' title='bbox 1873 601 2103 666; x_wconf 91' lang='lat' dir='ltr'>merito,</span> 
     </span>
    </p>
   </div>
   <div class='ocr_carea' id='block_1_6' title="bbox 493 688 2107 761">
    <p class='ocr_par' dir='ltr' id='par_1_6' title="bbox 493 688 2107 761">
     <span class='ocr_line' id='line_1_6' title="bbox 493 688 2107 761; baseline -0.002 -17"><span class='ocrx_word' id='word_1_24' title='bbox 493 691 751 761; x_wconf 91' lang='lat' dir='ltr'>jubentis</span> <span class='ocrx_word' id='word_1_25' title='bbox 768 689 1010 760; x_wconf 89' lang='lat' dir='ltr'>imperio</span> <span class='ocrx_word' id='word_1_26' title='bbox 1031 688 1348 743; x_wconf 86' lang='lat' dir='ltr'>ascribitur.</span> <span class='ocrx_word' id='word_1_27' title='bbox 1364 691 1561 761; x_wconf 82' lang='lat' dir='ltr'>Itaque</span> <span class='ocrx_word' id='word_1_28' title='bbox 1583 705 1648 742; x_wconf 90' lang='lat' dir='ltr'>ex</span> <span class='ocrx_word' id='word_1_29' title='bbox 1679 689 1970 760; x_wconf 86' lang='lat' dir='ltr'>utriusque</span> <span class='ocrx_word' id='word_1_30' title='bbox 1983 704 2107 742; x_wconf 87' lang='lat' dir='ltr'>san-</span> 
     </span>
    </p>
   </div>
   <div class='ocr_carea' id='block_1_7' title="bbox 497 776 2105 847">
    <p class='ocr_par' dir='ltr' id='par_1_7' title="bbox 497 776 2105 847">
     <span class='ocr_line' id='line_1_7' title="bbox 497 776 2105 847; baseline -0.002 -16"><span class='ocrx_word' id='word_1_31' title='bbox 497 777 690 832; x_wconf 86' lang='lat' dir='ltr'>ctitate</span> <span class='ocrx_word' id='word_1_32' title='bbox 737 777 913 831; x_wconf 92' lang='lat' dir='ltr'>virtus</span> <span class='ocrx_word' id='word_1_33' title='bbox 943 777 1144 832; x_wconf 89' lang='lat' dir='ltr'>eadem</span> <span class='ocrx_word' id='word_1_34' title='bbox 1198 781 1322 831; x_wconf 88' lang='lat' dir='ltr'>acta</span> <span class='ocrx_word' id='word_1_35' title='bbox 1351 776 1622 831; x_wconf 78' lang='lat' dir='ltr'>creditur.</span> <span class='ocrx_word' id='word_1_36' title='bbox 1665 776 2019 847; x_wconf 90' lang='lat' dir='ltr'>Operabatur</span> <span class='ocrx_word' id='word_1_37' title='bbox 2049 778 2105 827; x_wconf 89' lang='lat' dir='ltr'>et</span> 
     </span>
    </p>
   </div>
   <div class='ocr_carea' id='block_1_8' title="bbox 492 863 2097 938">
    <p class='ocr_par' dir='ltr' id='par_1_8' title="bbox 492 863 2097 938">
     <span class='ocr_line' id='line_1_8' title="bbox 492 863 2097 938; baseline -0.001 -22"><span class='ocrx_word' id='word_1_38' title='bbox 492 864 796 920; x_wconf 86' lang='lat' dir='ltr'>aliamulta</span> <span class='ocrx_word' id='word_1_39' title='bbox 806 882 909 938; x_wconf 91' lang='lat' dir='ltr'>per</span> <span class='ocrx_word' id='word_1_40' title='bbox 920 881 1120 919; x_wconf 90' lang='lat' dir='ltr'>eorum</span> <span class='ocrx_word' id='word_1_41' title='bbox 1133 866 1402 919; x_wconf 90' lang='lat' dir='ltr'>meritum</span> <span class='ocrx_word' id='word_1_42' title='bbox 1417 864 1526 918; x_wconf 92' lang='lat' dir='ltr'>illic</span> <span class='ocrx_word' id='word_1_43' title='bbox 1537 863 1790 920; x_wconf 89' lang='lat' dir='ltr'>Christus</span> <span class='ocrx_word' id='word_1_44' title='bbox 1803 863 2097 918; x_wconf 88' lang='lat' dir='ltr'>miracula.</span> 
     </span>
    </p>
   </div>
   <div class='ocr_carea' id='block_1_9' title="bbox 1130 954 1459 1008">
    <p class='ocr_par' dir='ltr' id='par_1_9' title="bbox 1130 954 1459 1008">
     <span class='ocr_line' id='line_1_9' title="bbox 1130 954 1459 1008; baseline -0.003 -1"><span class='ocrx_word' id='word_1_45' title='bbox 1130 954 1354 1008; x_wconf 82' lang='lat' dir='ltr'>CAPUT</span> <span class='ocrx_word' id='word_1_46' title='bbox 1393 954 1459 1007; x_wconf 87' lang='lat' dir='ltr'>Il.</span> 
     </span>
    </p>
   </div>
   <div class='ocr_carea' id='block_1_10' title="bbox 677 1040 1916 1108">
    <p class='ocr_par' dir='ltr' id='par_1_10' title="bbox 677 1040 1916 1108">
     <span class='ocr_line' id='line_1_10' title="bbox 677 1040 1916 1108; baseline -0.004 -12"><span class='ocrx_word' id='word_1_47' title='bbox 677 1042 863 1098; x_wconf 71' lang='lat' dir='ltr'>Variae</span> <span class='ocrx_word' id='word_1_48' title='bbox 906 1043 1276 1096; x_wconf 71' lang='lat' dir='ltr'>translationes</span> <span class='ocrx_word' id='word_1_49' title='bbox 1331 1042 1705 1096; x_wconf 78' lang='lat' dir='ltr'>Wintershooii</span> <span class='ocrx_word' id='word_1_50' title='bbox 1738 1040 1916 1108; x_wconf 67' lang='lat' dir='ltr'>facta.</span> 
     </span>
    </p>
   </div>
   <div class='ocr_carea' id='block_1_11' title="bbox 567 1125 2095 1200">
    <p class='ocr_par' dir='ltr' id='par_1_11' title="bbox 567 1125 2095 1200">
     <span class='ocr_line' id='line_1_11' title="bbox 567 1125 2095 1200; baseline -0.003 -15"><span class='ocrx_word' id='word_1_51' title='bbox 567 1131 824 1195; x_wconf 84' lang='lat' dir='ltr'>Quorum</span> <span class='ocrx_word' id='word_1_52' title='bbox 844 1147 1077 1184; x_wconf 88' lang='lat' dir='ltr'>rumore</span> <span class='ocrx_word' id='word_1_53' title='bbox 1105 1128 1248 1200; x_wconf 78' lang='lat'><strong>(526)</strong></span> <span class='ocrx_word' id='word_1_54' title='bbox 1273 1129 1621 1184; x_wconf 87' lang='lat' dir='ltr'>Childericus</span> <span class='ocrx_word' id='word_1_55' title='bbox 1648 1145 1768 1194; x_wconf 85' lang='lat' dir='ltr'>rex,</span> <span class='ocrx_word' id='word_1_56' title='bbox 1800 1125 2095 1195; x_wconf 74' lang='lat' dir='ltr'>tunc(527)</span> 
     </span>
    </p>
   </div>
   <div class='ocr_carea' id='block_1_12' title="bbox 498 1217 2102 1289">
    <p class='ocr_par' dir='ltr' id='par_1_12' title="bbox 498 1217 2102 1289">
     <span class='ocr_line' id='line_1_12' title="bbox 498 1217 2102 1289; baseline -0.002 -18"><span class='ocrx_word' id='word_1_57' title='bbox 498 1217 696 1272; x_wconf 90' lang='lat' dir='ltr'>sedem</span> <span class='ocrx_word' id='word_1_58' title='bbox 723 1219 944 1273; x_wconf 84' lang='lat' dir='ltr'>habens</span> <span class='ocrx_word' id='word_1_59' title='bbox 972 1218 1122 1289; x_wconf 88' lang='lat' dir='ltr'>apud</span> <span class='ocrx_word' id='word_1_60' title='bbox 1171 1219 1315 1286; x_wconf 83' lang='grc'>(528)</span> <span class='ocrx_word' id='word_1_61' title='bbox 1338 1217 1681 1287; x_wconf 88' lang='lat' dir='ltr'>Trajectum,</span> <span class='ocrx_word' id='word_1_62' title='bbox 1714 1219 1895 1270; x_wconf 90' lang='lat' dir='ltr'>tactus</span> <span class='ocrx_word' id='word_1_63' title='bbox 1941 1231 2102 1268; x_wconf 91' lang='lat' dir='ltr'>com-</span> 
     </span>
    </p>
   </div>
   <div class='ocr_carea' id='block_1_13' title="bbox 502 1301 2101 1377">
    <p class='ocr_par' dir='ltr' id='par_1_13' title="bbox 502 1301 2101 1377">
     <span class='ocr_line' id='line_1_13' title="bbox 502 1301 2101 1377; baseline -0.003 -18"><span class='ocrx_word' id='word_1_64' title='bbox 502 1306 837 1376; x_wconf 91' lang='lat' dir='ltr'>punctione,</span> <span class='ocrx_word' id='word_1_65' title='bbox 870 1310 1127 1377; x_wconf 89' lang='lat' dir='ltr'>sumptus</span> <span class='ocrx_word' id='word_1_66' title='bbox 1154 1304 1500 1360; x_wconf 90' lang='lat' dir='ltr'>necessarios</span> <span class='ocrx_word' id='word_1_67' title='bbox 1541 1303 1809 1358; x_wconf 85' lang='lat' dir='ltr'>mittebat</span> <span class='ocrx_word' id='word_1_68' title='bbox 1832 1303 1885 1357; x_wconf 92' lang='lat' dir='ltr'>ei</span> <span class='ocrx_word' id='word_1_69' title='bbox 1914 1301 2101 1374; x_wconf 85' lang='lat' dir='ltr'>quoti-</span> 
     </span>
    </p>
   </div>
   <div class='ocr_carea' id='block_1_14' title="bbox 493 1390 2098 1466">
    <p class='ocr_par' dir='ltr' id='par_1_14' title="bbox 493 1390 2098 1466">
     <span class='ocr_line' id='line_1_14' title="bbox 493 1390 2098 1466; baseline -0.002 -18"><span class='ocrx_word' id='word_1_70' title='bbox 493 1392 607 1448; x_wconf 89' lang='lat' dir='ltr'>die.</span> <span class='ocrx_word' id='word_1_71' title='bbox 655 1393 768 1448; x_wconf 87' lang='lat' dir='ltr'>Sed</span> <span class='ocrx_word' id='word_1_72' title='bbox 799 1394 1048 1466; x_wconf 89' lang='lat' dir='ltr'>quadam</span> <span class='ocrx_word' id='word_1_73' title='bbox 1078 1393 1197 1447; x_wconf 84' lang='lat' dir='ltr'>vice</span> <span class='ocrx_word' id='word_1_74' title='bbox 1240 1393 1522 1447; x_wconf 79' lang='lat' dir='ltr'>Adrianus</span> <span class='ocrx_word' id='word_1_75' title='bbox 1547 1392 1802 1464; x_wconf 91' lang='lat' dir='ltr'>quidam,</span> <span class='ocrx_word' id='word_1_76' title='bbox 1841 1390 2098 1462; x_wconf 85' lang='lat' dir='ltr'>ejusdem</span> 
     </span>
    </p>
   </div>
   <div class='ocr_carea' id='block_1_15' title="bbox 497 1479 2102 1552">
    <p class='ocr_par' dir='ltr' id='par_1_15' title="bbox 497 1479 2102 1552">
     <span class='ocr_line' id='line_1_15' title="bbox 497 1479 2102 1552; baseline -0.002 -17"><span class='ocrx_word' id='word_1_77' title='bbox 497 1481 648 1535; x_wconf 82' lang='lat' dir='ltr'>beati</span> <span class='ocrx_word' id='word_1_78' title='bbox 678 1481 783 1535; x_wconf 89' lang='lat' dir='ltr'>viri</span> <span class='ocrx_word' id='word_1_79' title='bbox 814 1481 885 1535; x_wconf 86' lang='lat' dir='ltr'>ad</span> <span class='ocrx_word' id='word_1_80' title='bbox 907 1498 1104 1552; x_wconf 82' lang='lat' dir='ltr'>regem</span> <span class='ocrx_word' id='word_1_81' title='bbox 1132 1480 1540 1545; x_wconf 81' lang='lat' dir='ltr'>internuntius,</span> <span class='ocrx_word' id='word_1_82' title='bbox 1569 1480 1750 1533; x_wconf 90' lang='lat' dir='ltr'>nimia</span> <span class='ocrx_word' id='word_1_83' title='bbox 1780 1479 1902 1532; x_wconf 86' lang='lat' dir='ltr'>auri</span> <span class='ocrx_word' id='word_1_84' title='bbox 1929 1482 1986 1531; x_wconf 92' lang='lat' dir='ltr'>et</span> <span class='ocrx_word' id='word_1_85' title='bbox 2015 1494 2102 1531; x_wconf 87' lang='lat' dir='ltr'>ar-</span> 
     </span>
    </p>
   </div>
   <div class='ocr_carea' id='block_1_16' title="bbox 498 1566 2099 1640">
    <p class='ocr_par' dir='ltr' id='par_1_16' title="bbox 498 1566 2099 1640">
     <span class='ocr_line' id='line_1_16' title="bbox 498 1566 2099 1640; baseline -0.002 -18"><span class='ocrx_word' id='word_1_86' title='bbox 498 1567 658 1637; x_wconf 81' lang='lat' dir='ltr'>genti</span> <span class='ocrx_word' id='word_1_87' title='bbox 717 1568 976 1640; x_wconf 88' lang='lat' dir='ltr'>pondera</span> <span class='ocrx_word' id='word_1_88' title='bbox 1023 1569 1326 1639; x_wconf 87' lang='lat' dir='ltr'>deportare</span> <span class='ocrx_word' id='word_1_89' title='bbox 1381 1567 1651 1631; x_wconf 87' lang='lat' dir='ltr'>creditus,</span> <span class='ocrx_word' id='word_1_90' title='bbox 1705 1584 1739 1620; x_wconf 91' lang='lat' dir='ltr'>a</span> <span class='ocrx_word' id='word_1_91' title='bbox 1781 1566 2099 1620; x_wconf 85' lang='lat' dir='ltr'>latronibus</span> 
     </span>
    </p>
   </div>
   <div class='ocr_carea' id='block_1_17' title="bbox 493 1654 2101 1726">
    <p class='ocr_par' dir='ltr' id='par_1_17' title="bbox 493 1654 2101 1726">
     <span class='ocr_line' id='line_1_17' title="bbox 493 1654 2101 1726; baseline 0 -18"><span class='ocrx_word' id='word_1_92' title='bbox 493 1658 579 1709; x_wconf 89' lang='lat' dir='ltr'>est</span> <span class='ocrx_word' id='word_1_93' title='bbox 604 1655 972 1726; x_wconf 89' lang='lat' dir='ltr'>interceptus,</span> <span class='ocrx_word' id='word_1_94' title='bbox 995 1660 1051 1710; x_wconf 89' lang='lat' dir='ltr'>et</span> <span class='ocrx_word' id='word_1_95' title='bbox 1081 1656 1139 1710; x_wconf 93' lang='lat' dir='ltr'>in</span> <span class='ocrx_word' id='word_1_96' title='bbox 1168 1655 1359 1710; x_wconf 88' lang='lat' dir='ltr'>medio</span> <span class='ocrx_word' id='word_1_97' title='bbox 1409 1655 1510 1708; x_wconf 63' lang='lat' dir='ltr'>via:</span> <span class='ocrx_word' id='word_1_98' title='bbox 1544 1656 1666 1708; x_wconf 92' lang='lat' dir='ltr'>loco</span> <span class='ocrx_word' id='word_1_99' title='bbox 1707 1654 1899 1708; x_wconf 89' lang='lat' dir='ltr'>Villari</span> <span class='ocrx_word' id='word_1_100' title='bbox 1944 1670 2101 1708; x_wconf 89' lang='lat' dir='ltr'>mar-</span> 
     </span>
    </p>
   </div>
   <div class='ocr_carea' id='block_1_18' title="bbox 493 1741 2097 1813">
    <p class='ocr_par' dir='ltr' id='par_1_18' title="bbox 493 1741 2097 1813">
     <span class='ocr_line' id='line_1_18' title="bbox 493 1741 2097 1813; baseline -0.001 -18"><span class='ocrx_word' id='word_1_101' title='bbox 493 1741 704 1811; x_wconf 81' lang='lat' dir='ltr'>tyrium</span> <span class='ocrx_word' id='word_1_102' title='bbox 737 1743 992 1813; x_wconf 89' lang='lat' dir='ltr'>adeptus.</span> <span class='ocrx_word' id='word_1_103' title='bbox 1046 1743 1245 1796; x_wconf 85' lang='lat' dir='ltr'>Beatus</span> <span class='ocrx_word' id='word_1_104' title='bbox 1268 1758 1400 1795; x_wconf 91' lang='lat' dir='ltr'>vero</span> <span class='ocrx_word' id='word_1_105' title='bbox 1432 1741 1814 1804; x_wconf 88' lang='lat' dir='ltr'>Landoaldus,</span> <span class='ocrx_word' id='word_1_106' title='bbox 1869 1757 2097 1794; x_wconf 87' lang='lat' dir='ltr'>cursum</span> 
     </span>
    </p>
   </div>
   <div class='ocr_carea' id='block_1_19' title="bbox 2210 598 3743 673">
    <p class='ocr_par' dir='ltr' id='par_1_19' title="bbox 2210 598 3743 673">
     <span class='ocr_line' id='line_1_19' title="bbox 2210 598 3743 673; baseline 0.004 -21"><span class='ocrx_word' id='word_1_107' title='bbox 2210 598 2364 652; x_wconf 88' lang='lat' dir='ltr'>tibus</span> <span class='ocrx_word' id='word_1_108' title='bbox 2387 615 2446 652; x_wconf 91' lang='lat' dir='ltr'>se</span> <span class='ocrx_word' id='word_1_109' title='bbox 2475 600 2719 666; x_wconf 88' lang='lat' dir='ltr'>audisse,</span> <span class='ocrx_word' id='word_1_110' title='bbox 2751 603 2808 654; x_wconf 91' lang='lat' dir='ltr'>et</span> <span class='ocrx_word' id='word_1_111' title='bbox 2837 600 3094 654; x_wconf 90' lang='lat' dir='ltr'>libellum</span> <span class='ocrx_word' id='word_1_112' title='bbox 3127 600 3197 654; x_wconf 91' lang='lat' dir='ltr'>de</span> <span class='ocrx_word' id='word_1_113' title='bbox 3221 600 3333 654; x_wconf 87' lang='lat' dir='ltr'>vita</span> <span class='ocrx_word' id='word_1_114' title='bbox 3371 617 3553 655; x_wconf 89' lang='lat' dir='ltr'>eorum</span> <span class='ocrx_word' id='word_1_115' title='bbox 3575 603 3743 673; x_wconf 84' lang='lat' dir='ltr'>pariter</span> 
     </span>
    </p>
   </div>
   <div class='ocr_carea' id='block_1_20' title="bbox 2207 686 3743 759">
    <p class='ocr_par' dir='ltr' id='par_1_20' title="bbox 2207 686 3743 759">
     <span class='ocr_line' id='line_1_20' title="bbox 2207 686 3743 759; baseline 0.005 -20"><span class='ocrx_word' id='word_1_116' title='bbox 2207 686 2410 740; x_wconf 87' lang='lat' dir='ltr'>vidisse</span> <span class='ocrx_word' id='word_1_117' title='bbox 2436 688 2634 758; x_wconf 85' lang='lat' dir='ltr'>(quem</span> <span class='ocrx_word' id='word_1_118' title='bbox 2659 689 2793 759; x_wconf 88' lang='lat' dir='ltr'>quia</span> <span class='ocrx_word' id='word_1_119' title='bbox 2818 688 3144 759; x_wconf 88' lang='lat' dir='ltr'>antiquaria</span> <span class='ocrx_word' id='word_1_120' title='bbox 3167 704 3342 742; x_wconf 89' lang='lat' dir='ltr'>manu</span> <span class='ocrx_word' id='word_1_121' title='bbox 3393 696 3743 746; x_wconf 77' lang='lat' dir='ltr'>commemorat</span> 
     </span>
    </p>
   </div>
   <div class='ocr_carea' id='block_1_21' title="bbox 2205 774 3739 846">
    <p class='ocr_par' dir='ltr' id='par_1_21' title="bbox 2205 774 3739 846">
     <span class='ocr_line' id='line_1_21' title="bbox 2205 774 3739 846; baseline 0.005 -21"><span class='ocrx_word' id='word_1_122' title='bbox 2205 774 2477 844; x_wconf 89' lang='lat' dir='ltr'>scriptum</span> <span class='ocrx_word' id='word_1_123' title='bbox 2506 778 2563 829; x_wconf 91' lang='lat' dir='ltr'>et</span> <span class='ocrx_word' id='word_1_124' title='bbox 2599 793 2633 829; x_wconf 89' lang='lat' dir='ltr'>a</span> <span class='ocrx_word' id='word_1_125' title='bbox 2661 776 2944 829; x_wconf 89' lang='lat' dir='ltr'>stillicidio</span> <span class='ocrx_word' id='word_1_126' title='bbox 2975 793 3119 829; x_wconf 72' lang='lat' dir='ltr'>cerae</span> <span class='ocrx_word' id='word_1_127' title='bbox 3153 792 3302 846; x_wconf 88' lang='lat' dir='ltr'>pene</span> <span class='ocrx_word' id='word_1_128' title='bbox 3333 776 3583 842; x_wconf 86' lang='lat' dir='ltr'>infusum,</span> <span class='ocrx_word' id='word_1_129' title='bbox 3606 779 3739 832; x_wconf 84' lang='lat' dir='ltr'>lecto-</span> 
     </span>
    </p>
   </div>
   <div class='ocr_carea' id='block_1_22' title="bbox 2205 862 3744 934">
    <p class='ocr_par' dir='ltr' id='par_1_22' title="bbox 2205 862 3744 934">
     <span class='ocr_line' id='line_1_22' title="bbox 2205 862 3744 934; baseline 0.004 -20"><span class='ocrx_word' id='word_1_130' title='bbox 2205 877 2327 914; x_wconf 88' lang='lat' dir='ltr'>rem</span> <span class='ocrx_word' id='word_1_131' title='bbox 2361 862 2482 932; x_wconf 89' lang='lat' dir='ltr'>ejus</span> <span class='ocrx_word' id='word_1_132' title='bbox 2513 879 2628 917; x_wconf 92' lang='lat' dir='ltr'>non</span> <span class='ocrx_word' id='word_1_133' title='bbox 2661 863 2993 933; x_wconf 83' lang='lat' dir='ltr'>ignoramus</span> <span class='ocrx_word' id='word_1_134' title='bbox 3021 863 3196 916; x_wconf 89' lang='lat' dir='ltr'>fuisse</span> <span class='ocrx_word' id='word_1_135' title='bbox 3229 865 3554 934; x_wconf 87' lang='lat' dir='ltr'>perrarum),</span> <span class='ocrx_word' id='word_1_136' title='bbox 3579 869 3626 917; x_wconf 88' lang='lat' dir='ltr'>at</span> <span class='ocrx_word' id='word_1_137' title='bbox 3644 882 3744 920; x_wconf 79' lang='lat' dir='ltr'>vero</span> 
     </span>
    </p>
   </div>
   <div class='ocr_carea' id='block_1_23' title="bbox 2204 949 3745 1022">
    <p class='ocr_par' dir='ltr' id='par_1_23' title="bbox 2204 949 3745 1022">
     <span class='ocr_line' id='line_1_23' title="bbox 2204 949 3745 1022; baseline 0.005 -22"><span class='ocrx_word' id='word_1_138' title='bbox 2204 965 2332 1019; x_wconf 78' lang='lat' dir='ltr'>quae</span> <span class='ocrx_word' id='word_1_139' title='bbox 2353 949 2625 1005; x_wconf 85' lang='lat' dir='ltr'>hactenus</span> <span class='ocrx_word' id='word_1_140' title='bbox 2654 952 2846 1022; x_wconf 88' lang='lat' dir='ltr'>paucis</span> <span class='ocrx_word' id='word_1_141' title='bbox 2865 951 3306 1022; x_wconf 84' lang='lat' dir='ltr'>perstrinximus</span> <span class='ocrx_word' id='word_1_142' title='bbox 3326 951 3520 1014; x_wconf 82' lang='lat' dir='ltr'>verbis,</span> <span class='ocrx_word' id='word_1_143' title='bbox 3550 952 3680 1005; x_wconf 90' lang='lat' dir='ltr'>illinc</span> <span class='ocrx_word' id='word_1_144' title='bbox 3703 970 3745 1007; x_wconf 81' lang='lat' dir='ltr'>se</span> 
     </span>
    </p>
   </div>
   <div class='ocr_carea' id='block_1_24' title="bbox 2204 1035 3747 1109">
    <p class='ocr_par' dir='ltr' id='par_1_24' title="bbox 2204 1035 3747 1109">
     <span class='ocr_line' id='line_1_24' title="bbox 2204 1035 3747 1109; baseline 0.005 -21"><span class='ocrx_word' id='word_1_145' title='bbox 2204 1035 2503 1103; x_wconf 87' lang='lat' dir='ltr'>delibasse,</span> <span class='ocrx_word' id='word_1_146' title='bbox 2519 1039 2849 1108; x_wconf 89' lang='lat' dir='ltr'>nuperrime</span> <span class='ocrx_word' id='word_1_147' title='bbox 2870 1054 3003 1092; x_wconf 89' lang='lat' dir='ltr'>vero</span> <span class='ocrx_word' id='word_1_148' title='bbox 3027 1038 3357 1092; x_wconf 86' lang='lat' dir='ltr'>incursione</span> <span class='ocrx_word' id='word_1_149' title='bbox 3379 1038 3520 1108; x_wconf 78' lang='grc'>(531)</span> <span class='ocrx_word' id='word_1_150' title='bbox 3539 1039 3747 1109; x_wconf 81' lang='lat' dir='ltr'>Hungro-</span> 
     </span>
    </p>
   </div>
   <div class='ocr_carea' id='block_1_25' title="bbox 2200 1125 3751 1196">
    <p class='ocr_par' dir='ltr' id='par_1_25' title="bbox 2200 1125 3751 1196">
     <span class='ocr_line' id='line_1_25' title="bbox 2200 1125 3751 1196; baseline 0.005 -22"><span class='ocrx_word' id='word_1_151' title='bbox 2200 1139 2352 1188; x_wconf 92' lang='lat' dir='ltr'>rum,</span> <span class='ocrx_word' id='word_1_152' title='bbox 2381 1129 2614 1196; x_wconf 90' lang='lat' dir='ltr'>propter</span> <span class='ocrx_word' id='word_1_153' title='bbox 2644 1126 2926 1179; x_wconf 89' lang='lat' dir='ltr'>incuriam</span> <span class='ocrx_word' id='word_1_154' title='bbox 2969 1125 3293 1189; x_wconf 89' lang='lat' dir='ltr'>custodum,</span> <span class='ocrx_word' id='word_1_155' title='bbox 3326 1141 3454 1178; x_wconf 92' lang='lat' dir='ltr'>cum</span> <span class='ocrx_word' id='word_1_156' title='bbox 3477 1125 3589 1178; x_wconf 88' lang='lat' dir='ltr'>aliis</span> <span class='ocrx_word' id='word_1_157' title='bbox 3620 1127 3751 1182; x_wconf 85' lang='lat' dir='ltr'>rebus</span> 
     </span>
    </p>
   </div>
   <div class='ocr_carea' id='block_1_26' title="bbox 2201 1211 3750 1284">
    <p class='ocr_par' dir='ltr' id='par_1_26' title="bbox 2201 1211 3750 1284">
     <span class='ocr_line' id='line_1_26' title="bbox 2201 1211 3750 1284; baseline 0.002 -21"><span class='ocrx_word' id='word_1_158' title='bbox 2201 1211 2469 1265; x_wconf 90' lang='lat' dir='ltr'>eumdem</span> <span class='ocrx_word' id='word_1_159' title='bbox 2503 1213 2760 1266; x_wconf 87' lang='lat' dir='ltr'>libellum</span> <span class='ocrx_word' id='word_1_160' title='bbox 2793 1212 3138 1284; x_wconf 87' lang='lat' dir='ltr'>deﬂagrasse</span> <span class='ocrx_word' id='word_1_161' title='bbox 3170 1229 3182 1265; x_wconf 93' lang='lat'>:</span> <span class='ocrx_word' id='word_1_162' title='bbox 3219 1212 3330 1266; x_wconf 89' lang='lat' dir='ltr'>Sed</span> <span class='ocrx_word' id='word_1_163' title='bbox 3362 1212 3478 1265; x_wconf 63' lang='lat' dir='ltr'>hac</span> <span class='ocrx_word' id='word_1_164' title='bbox 3507 1212 3750 1268; x_wconf 83' lang='lat' dir='ltr'>hactenus.</span> 
     </span>
    </p>
   </div>
   <div class='ocr_carea' id='block_1_27' title="bbox 2273 1299 3750 1370">
    <p class='ocr_par' dir='ltr' id='par_1_27' title="bbox 2273 1299 3750 1370">
     <span class='ocr_line' id='line_1_27' title="bbox 2273 1299 3750 1370; baseline 0.003 -20"><span class='ocrx_word' id='word_1_165' title='bbox 2273 1301 2324 1350; x_wconf 88' lang='lat'>8.</span> <span class='ocrx_word' id='word_1_166' title='bbox 2352 1300 2482 1352; x_wconf 89' lang='lat' dir='ltr'>Post</span> <span class='ocrx_word' id='word_1_167' title='bbox 2510 1300 2981 1354; x_wconf 78' lang='lat' dir='ltr'>Nortmannicam</span> <span class='ocrx_word' id='word_1_168' title='bbox 3023 1303 3217 1353; x_wconf 91' lang='lat' dir='ltr'>autem</span> <span class='ocrx_word' id='word_1_169' title='bbox 3242 1299 3632 1370; x_wconf 90' lang='lat' dir='ltr'>repulsionem,</span> <span class='ocrx_word' id='word_1_170' title='bbox 3665 1302 3750 1370; x_wconf 87' lang='lat' dir='ltr'>pri-</span> 
     </span>
    </p>
   </div>
   <div class='ocr_carea' id='block_1_28' title="bbox 2201 1387 3754 1458">
    <p class='ocr_par' dir='ltr' id='par_1_28' title="bbox 2201 1387 3754 1458">
     <span class='ocr_line' id='line_1_28' title="bbox 2201 1387 3754 1458; baseline 0.004 -21"><span class='ocrx_word' id='word_1_171' title='bbox 2201 1401 2328 1438; x_wconf 90' lang='lat' dir='ltr'>mus</span> <span class='ocrx_word' id='word_1_172' title='bbox 2343 1387 2578 1457; x_wconf 89' lang='lat' dir='ltr'>quidam</span> <span class='ocrx_word' id='word_1_173' title='bbox 2603 1387 2840 1441; x_wconf 90' lang='lat' dir='ltr'>nomine</span> <span class='ocrx_word' id='word_1_174' title='bbox 2859 1387 3186 1441; x_wconf 90' lang='lat' dir='ltr'>Tietboldus</span> <span class='ocrx_word' id='word_1_175' title='bbox 3206 1388 3398 1440; x_wconf 89' lang='lat' dir='ltr'>locum</span> <span class='ocrx_word' id='word_1_176' title='bbox 3429 1387 3754 1458; x_wconf 71' lang='lat' dir='ltr'>praelibatum,</span> 
     </span>
    </p>
   </div>
   <div class='ocr_carea' id='block_1_29' title="bbox 2201 1474 3755 1546">
    <p class='ocr_par' dir='ltr' id='par_1_29' title="bbox 2201 1474 3755 1546">
     <span class='ocr_line' id='line_1_29' title="bbox 2201 1474 3755 1546; baseline 0.002 -20"><span class='ocrx_word' id='word_1_177' title='bbox 2201 1474 2297 1527; x_wconf 88' lang='lat' dir='ltr'>ubi</span> <span class='ocrx_word' id='word_1_178' title='bbox 2351 1491 2594 1546; x_wconf 87' lang='lat' dir='ltr'>corpora</span> <span class='ocrx_word' id='word_1_179' title='bbox 2635 1479 2964 1530; x_wconf 89' lang='lat' dir='ltr'>sanctorum</span> <span class='ocrx_word' id='word_1_180' title='bbox 3021 1479 3188 1529; x_wconf 87' lang='lat' dir='ltr'>erant</span> <span class='ocrx_word' id='word_1_181' title='bbox 3229 1475 3498 1546; x_wconf 85' lang='lat' dir='ltr'>reposita,</span> <span class='ocrx_word' id='word_1_182' title='bbox 3535 1491 3564 1528; x_wconf 85' lang='lat' dir='ltr'>a</span> <span class='ocrx_word' id='word_1_183' title='bbox 3589 1477 3755 1529; x_wconf 86' lang='lat' dir='ltr'>comite</span> 
     </span>
    </p>
   </div>
   <div class='ocr_carea' id='block_1_30' title="bbox 2203 1561 3758 1634">
    <p class='ocr_par' dir='ltr' id='par_1_30' title="bbox 2203 1561 3758 1634">
     <span class='ocr_line' id='line_1_30' title="bbox 2203 1561 3758 1634; baseline 0.001 -20"><span class='ocrx_word' id='word_1_184' title='bbox 2203 1562 2856 1631; x_wconf 85' lang='lat' dir='ltr'>Flandrensi,abbatiam</span> <span class='ocrx_word' id='word_1_185' title='bbox 2875 1567 3014 1634; x_wconf 66' lang='lat'><strong>{532)</strong></span> <span class='ocrx_word' id='word_1_186' title='bbox 3037 1562 3218 1616; x_wconf 87' lang='lat' dir='ltr'>sancti</span> <span class='ocrx_word' id='word_1_187' title='bbox 3240 1563 3576 1617; x_wconf 86' lang='lat' dir='ltr'>confessoris</span> <span class='ocrx_word' id='word_1_188' title='bbox 3593 1561 3758 1617; x_wconf 85' lang='lat' dir='ltr'>Christi</span> 
     </span>
    </p>
   </div>
   <div class='ocr_carea' id='block_1_31' title="bbox 2201 1650 3757 1725">
    <p class='ocr_par' dir='ltr' id='par_1_31' title="bbox 2201 1650 3757 1725">
     <span class='ocr_line' id='line_1_31' title="bbox 2201 1650 3757 1725; baseline 0.001 -23"><span class='ocrx_word' id='word_1_189' title='bbox 2201 1650 2438 1706; x_wconf 83' lang='lat' dir='ltr'>Bavonis</span> <span class='ocrx_word' id='word_1_190' title='bbox 2470 1656 2722 1725; x_wconf 84' lang='lat' dir='ltr'>tenente,</span> <span class='ocrx_word' id='word_1_191' title='bbox 2767 1653 2984 1723; x_wconf 90' lang='lat' dir='ltr'>accepit</span> <span class='ocrx_word' id='word_1_192' title='bbox 3005 1653 3135 1723; x_wconf 86' lang='lat' dir='ltr'>jure</span> <span class='ocrx_word' id='word_1_193' title='bbox 3163 1651 3469 1716; x_wconf 85' lang='lat' dir='ltr'>beneficii;</span> <span class='ocrx_word' id='word_1_194' title='bbox 3522 1654 3634 1722; x_wconf 86' lang='lat' dir='ltr'>post</span> <span class='ocrx_word' id='word_1_195' title='bbox 3657 1668 3757 1705; x_wconf 87' lang='lat' dir='ltr'>eum</span> 
     </span>
    </p>
   </div>
   <div class='ocr_carea' id='block_1_32' title="bbox 2199 1738 3760 1811">
    <p class='ocr_par' dir='ltr' id='par_1_32' title="bbox 2199 1738 3760 1811">
     <span class='ocr_line' id='line_1_32' title="bbox 2199 1738 3760 1811; baseline 0.001 -20"><span class='ocrx_word' id='word_1_196' title='bbox 2199 1739 2582 1809; x_wconf 79' lang='lat' dir='ltr'>Adelgandus.</span> <span class='ocrx_word' id='word_1_197' title='bbox 2610 1741 2713 1804; x_wconf 89' lang='lat' dir='ltr'>Qui</span> <span class='ocrx_word' id='word_1_198' title='bbox 2739 1741 2924 1811; x_wconf 89' lang='lat' dir='ltr'>potius</span> <span class='ocrx_word' id='word_1_199' title='bbox 2950 1740 3271 1810; x_wconf 81' lang='lat' dir='ltr'>cogitantes</span> <span class='ocrx_word' id='word_1_200' title='bbox 3297 1756 3429 1810; x_wconf 66' lang='lat' dir='ltr'>quae</span> <span class='ocrx_word' id='word_1_201' title='bbox 3460 1743 3581 1792; x_wconf 89' lang='lat' dir='ltr'>sunt</span> <span class='ocrx_word' id='word_1_202' title='bbox 3600 1738 3760 1792; x_wconf 85' lang='lat' dir='ltr'>mundi</span> 
     </span>
    </p>
   </div>
   <div class='ocr_carea' id='block_1_33' title="bbox 491 1817 3761 1900">
    <p class='ocr_par' dir='ltr' id='par_1_33' title="bbox 491 1817 3761 1900">
     <span class='ocr_line' id='line_1_33' title="bbox 491 1817 3761 1900; baseline -0 -19"><span class='ocrx_word' id='word_1_203' title='bbox 491 1827 621 1882; x_wconf 68' lang='lat' dir='ltr'>vitm</span> <span class='ocrx_word' id='word_1_204' title='bbox 652 1829 952 1899; x_wconf 72' lang='lat' dir='ltr'>praesentis</span> <span class='ocrx_word' id='word_1_205' title='bbox 976 1830 1230 1900; x_wconf 88' lang='lat' dir='ltr'>explens,</span> <span class='ocrx_word' id='word_1_206' title='bbox 1259 1829 1318 1882; x_wconf 91' lang='lat' dir='ltr'>in</span> <span class='ocrx_word' id='word_1_207' title='bbox 1350 1831 1643 1882; x_wconf 81' lang='lat' dir='ltr'>senectute</span> <span class='ocrx_word' id='word_1_208' title='bbox 1684 1829 1837 1881; x_wconf 91' lang='lat' dir='ltr'>bona</span> <span class='ocrx_word' id='word_1_209' title='bbox 1892 1844 2096 1897; x_wconf 87' lang='lat' dir='ltr'>repau-</span> <span class='ocrx_word' id='word_1_210' title='bbox 2117 1817 2168 1878; x_wconf 91' lang='grc' dir='ltr'><strong>Β</strong></span> <span class='ocrx_word' id='word_1_211' title='bbox 2198 1843 2372 1897; x_wconf 87' lang='lat' dir='ltr'>quam</span> <span class='ocrx_word' id='word_1_212' title='bbox 2396 1845 2522 1899; x_wconf 65' lang='lat' dir='ltr'>quae</span> <span class='ocrx_word' id='word_1_213' title='bbox 2546 1833 2677 1882; x_wconf 90' lang='lat' dir='ltr'>sunt</span> <span class='ocrx_word' id='word_1_214' title='bbox 2702 1828 3221 1899; x_wconf 90' lang='lat' dir='ltr'>Domini,aliquem</span> <span class='ocrx_word' id='word_1_215' title='bbox 3238 1828 3570 1882; x_wconf 67' lang='lat' dir='ltr'>reverentia:</span> <span class='ocrx_word' id='word_1_216' title='bbox 3589 1828 3761 1880; x_wconf 89' lang='lat' dir='ltr'>cultum</span> 
     </span>
    </p>
   </div>
   <div class='ocr_carea' id='block_1_34' title="bbox 489 1914 2095 1987">
    <p class='ocr_par' dir='ltr' id='par_1_34' title="bbox 489 1914 2095 1987">
     <span class='ocr_line' id='line_1_34' title="bbox 489 1914 2095 1987; baseline 0 -18"><span class='ocrx_word' id='word_1_217' title='bbox 489 1915 774 1970; x_wconf 86' lang='lat' dir='ltr'>sationem</span> <span class='ocrx_word' id='word_1_218' title='bbox 808 1915 1094 1987; x_wconf 83' lang='lat' dir='ltr'>indeptus,</span> <span class='ocrx_word' id='word_1_219' title='bbox 1125 1915 1423 1971; x_wconf 90' lang='lat' dir='ltr'>hominem</span> <span class='ocrx_word' id='word_1_220' title='bbox 1450 1915 1626 1980; x_wconf 86' lang='lat' dir='ltr'>exuit,</span> <span class='ocrx_word' id='word_1_221' title='bbox 1651 1914 1912 1968; x_wconf 87' lang='lat' dir='ltr'>bravium</span> <span class='ocrx_word' id='word_1_222' title='bbox 1934 1931 2095 1969; x_wconf 89' lang='lat' dir='ltr'>coro-</span> 
     </span>
    </p>
   </div>
   <div class='ocr_carea' id='block_1_35' title="bbox 491 1999 2094 2075">
    <p class='ocr_par' dir='ltr' id='par_1_35' title="bbox 491 1999 2094 2075">
     <span class='ocr_line' id='line_1_35' title="bbox 491 1999 2094 2075; baseline -0.001 -19"><span class='ocrx_word' id='word_1_223' title='bbox 491 2019 583 2057; x_wconf 68' lang='lat' dir='ltr'>na:</span> <span class='ocrx_word' id='word_1_224' title='bbox 611 2005 884 2074; x_wconf 91' lang='lat' dir='ltr'>perennis</span> <span class='ocrx_word' id='word_1_225' title='bbox 913 2003 1149 2075; x_wconf 80' lang='lat' dir='ltr'>accepit,</span> <span class='ocrx_word' id='word_1_226' title='bbox 1167 1999 1417 2074; x_wconf 71' lang='lat' dir='ltr'>sepult&#39;tis</span> <span class='ocrx_word' id='word_1_227' title='bbox 1443 2003 1502 2056; x_wconf 92' lang='lat' dir='ltr'>in</span> <span class='ocrx_word' id='word_1_228' title='bbox 1525 2001 1762 2055; x_wconf 87' lang='lat' dir='ltr'>ecclesia</span> <span class='ocrx_word' id='word_1_229' title='bbox 1782 2018 1955 2072; x_wconf 88' lang='lat' dir='ltr'>quam</span> <span class='ocrx_word' id='word_1_230' title='bbox 1977 2001 2094 2071; x_wconf 90' lang='lat' dir='ltr'>ipse</span> 
     </span>
    </p>
   </div>
   <div class='ocr_carea' id='block_1_36' title="bbox 489 2088 2096 2159">
    <p class='ocr_par' dir='ltr' id='par_1_36' title="bbox 489 2088 2096 2159">
     <span class='ocr_line' id='line_1_36' title="bbox 489 2088 2096 2159; baseline -0.002 -15"><span class='ocrx_word' id='word_1_231' title='bbox 489 2089 872 2145; x_wconf 69' lang='lat' dir='ltr'>aedificaverat</span> <span class='ocrx_word' id='word_1_232' title='bbox 929 2095 987 2145; x_wconf 90' lang='lat' dir='ltr'>et</span> <span class='ocrx_word' id='word_1_233' title='bbox 1032 2090 1092 2144; x_wconf 92' lang='lat' dir='ltr'>in</span> <span class='ocrx_word' id='word_1_234' title='bbox 1150 2093 1370 2145; x_wconf 88' lang='lat' dir='ltr'>honore</span> <span class='ocrx_word' id='word_1_235' title='bbox 1410 2091 1468 2143; x_wconf 92' lang='lat' dir='ltr'>B.</span> <span class='ocrx_word' id='word_1_236' title='bbox 1498 2089 1651 2143; x_wconf 87' lang='lat' dir='ltr'>Petri</span> <span class='ocrx_word' id='word_1_237' title='bbox 1681 2105 1783 2159; x_wconf 90' lang='lat' dir='ltr'>per</span> <span class='ocrx_word' id='word_1_238' title='bbox 1813 2088 2096 2142; x_wconf 82' lang='lat' dir='ltr'>Kalendas</span> 
     </span>
    </p>
   </div>
   <div class='ocr_carea' id='block_1_37' title="bbox 489 2175 2096 2246">
    <p class='ocr_par' dir='ltr' id='par_1_37' title="bbox 489 2175 2096 2246">
     <span class='ocr_line' id='line_1_37' title="bbox 489 2175 2096 2246; baseline -0.003 -14"><span class='ocrx_word' id='word_1_239' title='bbox 489 2177 819 2233; x_wconf 88' lang='lat' dir='ltr'>Decembris</span> <span class='ocrx_word' id='word_1_240' title='bbox 845 2177 1224 2233; x_wconf 87' lang='lat' dir='ltr'>dedicaverat.</span> <span class='ocrx_word' id='word_1_241' title='bbox 1259 2175 1508 2231; x_wconf 90' lang='lat' dir='ltr'>Decessit</span> <span class='ocrx_word' id='word_1_242' title='bbox 1549 2178 1740 2229; x_wconf 90' lang='lat' dir='ltr'>autem</span> <span class='ocrx_word' id='word_1_243' title='bbox 1786 2175 2096 2246; x_wconf 89' lang='lat' dir='ltr'>quartode-</span> 
     </span>
    </p>
   </div>
   <div class='ocr_carea' id='block_1_38' title="bbox 488 2262 2096 2336">
    <p class='ocr_par' dir='ltr' id='par_1_38' title="bbox 488 2262 2096 2336">
     <span class='ocr_line' id='line_1_38' title="bbox 488 2262 2096 2336; baseline -0.002 -16"><span class='ocrx_word' id='word_1_244' title='bbox 488 2263 640 2320; x_wconf 91' lang='lat' dir='ltr'>cimo</span> <span class='ocrx_word' id='word_1_245' title='bbox 672 2267 954 2320; x_wconf 87' lang='lat' dir='ltr'>Kalendas</span> <span class='ocrx_word' id='word_1_246' title='bbox 999 2265 1225 2336; x_wconf 84' lang='lat' dir='ltr'>Aprilis.</span> <span class='ocrx_word' id='word_1_247' title='bbox 1259 2265 1371 2319; x_wconf 90' lang='lat' dir='ltr'>Sed</span> <span class='ocrx_word' id='word_1_248' title='bbox 1399 2268 1455 2317; x_wconf 92' lang='lat' dir='ltr'>et</span> <span class='ocrx_word' id='word_1_249' title='bbox 1474 2263 1712 2317; x_wconf 89' lang='lat' dir='ltr'>comites</span> <span class='ocrx_word' id='word_1_250' title='bbox 1754 2262 2096 2333; x_wconf 85' lang='lat' dir='ltr'>peregrina-</span> 
     </span>
    </p>
   </div>
   <div class='ocr_carea' id='block_1_39' title="bbox 487 2349 2095 2425">
    <p class='ocr_par' dir='ltr' id='par_1_39' title="bbox 487 2349 2095 2425">
     <span class='ocr_line' id='line_1_39' title="bbox 487 2349 2095 2425; baseline -0.001 -19"><span class='ocrx_word' id='word_1_251' title='bbox 487 2351 662 2408; x_wconf 90' lang='lat' dir='ltr'>tionis</span> <span class='ocrx_word' id='word_1_252' title='bbox 692 2354 813 2425; x_wconf 90' lang='lat' dir='ltr'>ejus</span> <span class='ocrx_word' id='word_1_253' title='bbox 860 2369 1031 2424; x_wconf 90' lang='lat' dir='ltr'>supra</span> <span class='ocrx_word' id='word_1_254' title='bbox 1080 2351 1458 2416; x_wconf 88' lang='lat' dir='ltr'>denominati,</span> <span class='ocrx_word' id='word_1_255' title='bbox 1503 2350 1638 2415; x_wconf 91' lang='lat' dir='ltr'>suis,</span> <span class='ocrx_word' id='word_1_256' title='bbox 1681 2352 1849 2420; x_wconf 90' lang='lat' dir='ltr'>prout</span> <span class='ocrx_word' id='word_1_257' title='bbox 1875 2349 2095 2404; x_wconf 88' lang='lat' dir='ltr'>Christo</span> 
     </span>
    </p>
   </div>
   <div class='ocr_carea' id='block_1_40' title="bbox 491 2437 2097 2512">
    <p class='ocr_par' dir='ltr' id='par_1_40' title="bbox 491 2437 2097 2512">
     <span class='ocr_line' id='line_1_40' title="bbox 491 2437 2097 2512; baseline -0.002 -18"><span class='ocrx_word' id='word_1_258' title='bbox 491 2439 677 2507; x_wconf 89' lang='lat' dir='ltr'>libuit,</span> <span class='ocrx_word' id='word_1_259' title='bbox 705 2440 1064 2512; x_wconf 88' lang='lat' dir='ltr'>temporibus</span> <span class='ocrx_word' id='word_1_260' title='bbox 1111 2440 1183 2494; x_wconf 89' lang='lat' dir='ltr'>ab</span> <span class='ocrx_word' id='word_1_261' title='bbox 1214 2441 1321 2493; x_wconf 90' lang='lat' dir='ltr'>hac</span> <span class='ocrx_word' id='word_1_262' title='bbox 1351 2439 1473 2492; x_wconf 89' lang='lat' dir='ltr'>luce</span> <span class='ocrx_word' id='word_1_263' title='bbox 1512 2437 1749 2502; x_wconf 85' lang='lat' dir='ltr'>evocati,</span> <span class='ocrx_word' id='word_1_264' title='bbox 1781 2438 1932 2490; x_wconf 90' lang='lat' dir='ltr'>circa</span> <span class='ocrx_word' id='word_1_265' title='bbox 1965 2454 2097 2490; x_wconf 88' lang='lat' dir='ltr'>eum</span> 
     </span>
    </p>
   </div>
   <div class='ocr_carea' id='block_1_41' title="bbox 491 2525 2100 2583">
    <p class='ocr_par' dir='ltr' id='par_1_41' title="bbox 491 2525 2100 2583">
     <span class='ocr_line' id='line_1_41' title="bbox 491 2525 2100 2583; baseline -0.002 -2"><span class='ocrx_word' id='word_1_266' title='bbox 491 2530 626 2582; x_wconf 89' lang='lat' dir='ltr'>sunt</span> <span class='ocrx_word' id='word_1_267' title='bbox 663 2527 723 2582; x_wconf 91' lang='lat' dir='ltr'>in</span> <span class='ocrx_word' id='word_1_268' title='bbox 762 2528 966 2583; x_wconf 88' lang='lat' dir='ltr'>eadem</span> <span class='ocrx_word' id='word_1_269' title='bbox 993 2527 1230 2582; x_wconf 88' lang='lat' dir='ltr'>ecclesia</span> <span class='ocrx_word' id='word_1_270' title='bbox 1256 2525 1546 2580; x_wconf 88' lang='lat' dir='ltr'>tumulati.</span> <span class='ocrx_word' id='word_1_271' title='bbox 1582 2525 1746 2582; x_wconf 91' lang='lat' dir='ltr'>Solus</span> <span class='ocrx_word' id='word_1_272' title='bbox 1776 2525 1976 2580; x_wconf 88' lang='lat' dir='ltr'>beatus</span> <span class='ocrx_word' id='word_1_273' title='bbox 2000 2541 2100 2579; x_wconf 83' lang='lat' dir='ltr'>no-</span> 
     </span>
    </p>
   </div>
   <div class='ocr_carea' id='block_1_42' title="bbox 491 2612 2095 2671">
    <p class='ocr_par' dir='ltr' id='par_1_42' title="bbox 491 2612 2095 2671">
     <span class='ocr_line' id='line_1_42' title="bbox 491 2612 2095 2671; baseline -0.002 -1"><span class='ocrx_word' id='word_1_274' title='bbox 491 2614 651 2670; x_wconf 88' lang='lat' dir='ltr'>mine</span> <span class='ocrx_word' id='word_1_275' title='bbox 683 2618 740 2670; x_wconf 88' lang='lat' dir='ltr'>et</span> <span class='ocrx_word' id='word_1_276' title='bbox 766 2615 976 2671; x_wconf 90' lang='lat' dir='ltr'>merito</span> <span class='ocrx_word' id='word_1_277' title='bbox 1002 2614 1303 2669; x_wconf 82' lang='lat' dir='ltr'>Amantius</span> <span class='ocrx_word' id='word_1_278' title='bbox 1343 2614 1617 2668; x_wconf 88' lang='lat' dir='ltr'>diaconus</span> <span class='ocrx_word' id='word_1_279' title='bbox 1643 2612 1704 2666; x_wconf 92' lang='lat' dir='ltr'>in</span> <span class='ocrx_word' id='word_1_280' title='bbox 1731 2613 1935 2668; x_wconf 89' lang='lat' dir='ltr'>eadem</span> <span class='ocrx_word' id='word_1_281' title='bbox 1965 2629 2095 2667; x_wconf 91' lang='lat' dir='ltr'>cum</span> 
     </span>
    </p>
   </div>
   <div class='ocr_carea' id='block_1_43' title="bbox 489 2701 2094 2774">
    <p class='ocr_par' dir='ltr' id='par_1_43' title="bbox 489 2701 2094 2774">
     <span class='ocr_line' id='line_1_43' title="bbox 489 2701 2094 2774; baseline -0.001 -18"><span class='ocrx_word' id='word_1_282' title='bbox 489 2701 612 2774; x_wconf 91' lang='lat' dir='ltr'>ipso</span> <span class='ocrx_word' id='word_1_283' title='bbox 643 2703 827 2770; x_wconf 86' lang='lat' dir='ltr'>theca,</span> <span class='ocrx_word' id='word_1_284' title='bbox 851 2702 985 2774; x_wconf 88' lang='lat' dir='ltr'>quia</span> <span class='ocrx_word' id='word_1_285' title='bbox 1014 2703 1156 2774; x_wconf 90' lang='lat' dir='ltr'>ejus,</span> <span class='ocrx_word' id='word_1_286' title='bbox 1195 2705 1259 2756; x_wconf 91' lang='lat' dir='ltr'>ut</span> <span class='ocrx_word' id='word_1_287' title='bbox 1287 2702 1443 2756; x_wconf 86' lang='lat' dir='ltr'>fama</span> <span class='ocrx_word' id='word_1_288' title='bbox 1468 2702 1603 2766; x_wconf 87' lang='lat' dir='ltr'>fert,</span> <span class='ocrx_word' id='word_1_289' title='bbox 1654 2701 1712 2754; x_wconf 94' lang='lat' dir='ltr'>in</span> <span class='ocrx_word' id='word_1_290' title='bbox 1753 2701 2094 2772; x_wconf 85' lang='lat' dir='ltr'>baptismate</span> 
     </span>
    </p>
   </div>
   <div class='ocr_carea' id='block_1_44' title="bbox 490 2789 1666 2863">
    <p class='ocr_par' dir='ltr' id='par_1_44' title="bbox 490 2789 1666 2863">
     <span class='ocr_line' id='line_1_44' title="bbox 490 2789 1666 2863; baseline -0.002 -18"><span class='ocrx_word' id='word_1_291' title='bbox 490 2789 638 2845; x_wconf 82' lang='lat' dir='ltr'>filius</span> <span class='ocrx_word' id='word_1_292' title='bbox 660 2791 947 2853; x_wconf 83' lang='lat' dir='ltr'>extiterat,</span> <span class='ocrx_word' id='word_1_293' title='bbox 974 2790 1204 2863; x_wconf 87' lang='lat' dir='ltr'>sepeliri</span> <span class='ocrx_word' id='word_1_294' title='bbox 1233 2793 1318 2844; x_wconf 89' lang='lat' dir='ltr'>est</span> <span class='ocrx_word' id='word_1_295' title='bbox 1341 2792 1666 2844; x_wconf 90' lang='lat' dir='ltr'>contentus.</span> 
     </span>
    </p>
   </div>
   <div class='ocr_carea' id='block_1_45' title="bbox 562 2877 2091 2950">
    <p class='ocr_par' dir='ltr' id='par_1_45' title="bbox 562 2877 2091 2950">
     <span class='ocr_line' id='line_1_45' title="bbox 562 2877 2091 2950; baseline -0.003 -15"><span class='ocrx_word' id='word_1_296' title='bbox 562 2885 616 2935; x_wconf 92' lang='lat'>7.</span> <span class='ocrx_word' id='word_1_297' title='bbox 651 2878 918 2934; x_wconf 89' lang='lat' dir='ltr'>Plurimis</span> <span class='ocrx_word' id='word_1_298' title='bbox 944 2879 1154 2934; x_wconf 89' lang='lat' dir='ltr'>deinde</span> <span class='ocrx_word' id='word_1_299' title='bbox 1209 2879 1413 2950; x_wconf 88' lang='lat' dir='ltr'>elapsis</span> <span class='ocrx_word' id='word_1_300' title='bbox 1455 2894 1744 2932; x_wconf 89' lang='lat' dir='ltr'>annorum</span> <span class='ocrx_word' id='word_1_301' title='bbox 1780 2877 2091 2943; x_wconf 88' lang='lat' dir='ltr'>curriculis,</span> 
     </span>
    </p>
   </div>
   <div class='ocr_carea' id='block_1_46' title="bbox 491 2966 2096 3038">
    <p class='ocr_par' dir='ltr' id='par_1_46' title="bbox 491 2966 2096 3038">
     <span class='ocr_line' id='line_1_46' title="bbox 491 2966 2096 3038; baseline -0.002 -14"><span class='ocrx_word' id='word_1_302' title='bbox 491 2969 549 3024; x_wconf 93' lang='lat' dir='ltr'>S.</span> <span class='ocrx_word' id='word_1_303' title='bbox 584 2968 967 3033; x_wconf 83' lang='lat' dir='ltr'>Florebertus,</span> <span class='ocrx_word' id='word_1_304' title='bbox 995 2967 1164 3022; x_wconf 90' lang='lat' dir='ltr'>tertio</span> <span class='ocrx_word' id='word_1_305' title='bbox 1209 2968 1332 3022; x_wconf 91' lang='lat' dir='ltr'>loco</span> <span class='ocrx_word' id='word_1_306' title='bbox 1372 2969 1500 3038; x_wconf 91' lang='lat' dir='ltr'>post</span> <span class='ocrx_word' id='word_1_307' title='bbox 1529 2967 1587 3022; x_wconf 98' lang='grc'>8.</span> <span class='ocrx_word' id='word_1_308' title='bbox 1619 2966 1989 3020; x_wconf 88' lang='lat' dir='ltr'>Lambertum</span> <span class='ocrx_word' id='word_1_309' title='bbox 2010 2982 2096 3020; x_wconf 91' lang='lat' dir='ltr'>re-</span> 
     </span>
    </p>
   </div>
   <div class='ocr_carea' id='block_1_47' title="bbox 488 3053 2173 3145">
    <p class='ocr_par' dir='ltr' id='par_1_47' title="bbox 488 3053 2173 3145">
     <span class='ocr_line' id='line_1_47' title="bbox 488 3053 2173 3145; baseline -0.001 -35"><span class='ocrx_word' id='word_1_310' title='bbox 488 3056 1164 3145; x_wconf 27' lang='lat' dir='ltr'>gensTrajectenseﬂvel</span> <span class='ocrx_word' id='word_1_311' title='bbox 1219 3054 1532 3145; x_wconf 68' lang='lat' dir='ltr'>beodiense</span> <span class='ocrx_word' id='word_1_312' title='bbox 1590 3053 1962 3125; x_wconf 89' lang='lat' dir='ltr'>episcopium,</span> <span class='ocrx_word' id='word_1_313' title='bbox 1995 3071 2093 3108; x_wconf 88' lang='lat' dir='ltr'>au-</span> <span class='ocrx_word' id='word_1_314' title='bbox 2127 3087 2173 3145; x_wconf 66' lang='grc' dir='ltr'>ο</span> 
     </span>
    </p>
   </div>
   <div class='ocr_carea' id='block_1_48' title="bbox 491 3141 2096 3214">
    <p class='ocr_par' dir='ltr' id='par_1_48' title="bbox 491 3141 2096 3214">
     <span class='ocr_line' id='line_1_48' title="bbox 491 3141 2096 3214; baseline -0.001 -16"><span class='ocrx_word' id='word_1_315' title='bbox 491 3145 613 3200; x_wconf 86' lang='lat' dir='ltr'>dita</span> <span class='ocrx_word' id='word_1_316' title='bbox 641 3144 756 3199; x_wconf 91' lang='lat' dir='ltr'>illic</span> <span class='ocrx_word' id='word_1_317' title='bbox 784 3143 1158 3199; x_wconf 89' lang='lat' dir='ltr'>multitudine</span> <span class='ocrx_word' id='word_1_318' title='bbox 1205 3143 1527 3214; x_wconf 88' lang='lat' dir='ltr'>signorum,</span> <span class='ocrx_word' id='word_1_319' title='bbox 1578 3142 1831 3196; x_wconf 90' lang='lat' dir='ltr'>monitus</span> <span class='ocrx_word' id='word_1_320' title='bbox 1880 3141 2096 3212; x_wconf 90' lang='lat' dir='ltr'>pariter</span> 
     </span>
    </p>
   </div>
   <div class='ocr_carea' id='block_1_49' title="bbox 489 3229 2096 3304">
    <p class='ocr_par' dir='ltr' id='par_1_49' title="bbox 489 3229 2096 3304">
     <span class='ocr_line' id='line_1_49' title="bbox 489 3229 2096 3304; baseline -0.002 -18"><span class='ocrx_word' id='word_1_321' title='bbox 489 3232 774 3304; x_wconf 86' lang='lat' dir='ltr'>responsis</span> <span class='ocrx_word' id='word_1_322' title='bbox 800 3232 1107 3298; x_wconf 88' lang='lat' dir='ltr'>visionum,</span> <span class='ocrx_word' id='word_1_323' title='bbox 1131 3248 1229 3287; x_wconf 92' lang='lat' dir='ltr'>eos</span> <span class='ocrx_word' id='word_1_324' title='bbox 1250 3231 1403 3284; x_wconf 92' lang='lat' dir='ltr'>illinc</span> <span class='ocrx_word' id='word_1_325' title='bbox 1426 3248 1555 3285; x_wconf 90' lang='lat' dir='ltr'>cum</span> <span class='ocrx_word' id='word_1_326' title='bbox 1580 3229 1755 3300; x_wconf 87' lang='lat' dir='ltr'>digna</span> <span class='ocrx_word' id='word_1_327' title='bbox 1775 3230 2096 3283; x_wconf 87' lang='lat' dir='ltr'>reverentia</span> 
     </span>
    </p>
   </div>
   <div class='ocr_carea' id='block_1_50' title="bbox 473 3316 2095 3389">
    <p class='ocr_par' dir='ltr' id='par_1_50' title="bbox 473 3316 2095 3389">
     <span class='ocr_line' id='line_1_50' title="bbox 473 3316 2095 3389; baseline -0.002 -15"><span class='ocrx_word' id='word_1_328' title='bbox 473 3321 802 3386; x_wconf 81' lang='lat' dir='ltr'>transtulit,</span> <span class='ocrx_word' id='word_1_329' title='bbox 835 3323 894 3373; x_wconf 92' lang='lat' dir='ltr'>et</span> <span class='ocrx_word' id='word_1_330' title='bbox 931 3335 1132 3375; x_wconf 90' lang='lat' dir='ltr'>eorum</span> <span class='ocrx_word' id='word_1_331' title='bbox 1175 3321 1403 3373; x_wconf 84' lang='lat' dir='ltr'>tumbas</span> <span class='ocrx_word' id='word_1_332' title='bbox 1445 3335 1549 3389; x_wconf 91' lang='lat' dir='ltr'>pro</span> <span class='ocrx_word' id='word_1_333' title='bbox 1593 3316 1966 3388; x_wconf 85' lang='lat' dir='ltr'>possibilitate</span> <span class='ocrx_word' id='word_1_334' title='bbox 1994 3333 2095 3371; x_wconf 89' lang='lat' dir='ltr'>sua</span> 
     </span>
    </p>
   </div>
   <div class='ocr_carea' id='block_1_51' title="bbox 397 3405 2092 3462">
    <p class='ocr_par' dir='ltr' id='par_1_51' title="bbox 397 3405 2092 3462">
     <span class='ocr_line' id='line_1_51' title="bbox 397 3405 2092 3462; baseline -0.001 0"><span class='ocrx_word' id='word_1_335' title='bbox 397 3411 408 3417; x_wconf 91' lang='grc'><em>’</em></span> <span class='ocrx_word' id='word_1_336' title='bbox 490 3407 749 3462; x_wconf 88' lang='lat' dir='ltr'>decorari</span> <span class='ocrx_word' id='word_1_337' title='bbox 776 3406 1089 3461; x_wconf 86' lang='lat' dir='ltr'>mandavit.</span> <span class='ocrx_word' id='word_1_338' title='bbox 1120 3408 1288 3460; x_wconf 87' lang='lat' dir='ltr'>Facta</span> <span class='ocrx_word' id='word_1_339' title='bbox 1325 3410 1410 3459; x_wconf 91' lang='lat' dir='ltr'>est</span> <span class='ocrx_word' id='word_1_340' title='bbox 1432 3409 1624 3459; x_wconf 89' lang='lat' dir='ltr'>autem</span> <span class='ocrx_word' id='word_1_341' title='bbox 1655 3406 1776 3459; x_wconf 64' lang='lat' dir='ltr'>haec</span> <span class='ocrx_word' id='word_1_342' title='bbox 1797 3405 2092 3460; x_wconf 87' lang='lat' dir='ltr'>translatio</span> 
     </span>
    </p>
   </div>
   <div class='ocr_carea' id='block_1_52' title="bbox 489 3492 2094 3564">
    <p class='ocr_par' dir='ltr' id='par_1_52' title="bbox 489 3492 2094 3564">
     <span class='ocr_line' id='line_1_52' title="bbox 489 3492 2094 3564; baseline -0.001 -15"><span class='ocrx_word' id='word_1_343' title='bbox 489 3495 730 3550; x_wconf 84' lang='lat' dir='ltr'>Kalend.</span> <span class='ocrx_word' id='word_1_344' title='bbox 763 3492 1112 3559; x_wconf 88' lang='lat' dir='ltr'>Decembris,</span> <span class='ocrx_word' id='word_1_345' title='bbox 1142 3510 1256 3564; x_wconf 92' lang='lat' dir='ltr'>quo</span> <span class='ocrx_word' id='word_1_346' title='bbox 1286 3497 1343 3546; x_wconf 90' lang='lat' dir='ltr'>et</span> <span class='ocrx_word' id='word_1_347' title='bbox 1385 3492 1806 3547; x_wconf 88' lang='lat' dir='ltr'>dedicationem</span> <span class='ocrx_word' id='word_1_348' title='bbox 1837 3492 2094 3561; x_wconf 90' lang='lat' dir='ltr'>ejusdem</span> 
     </span>
    </p>
   </div>
   <div class='ocr_carea' id='block_1_53' title="bbox 489 3580 2092 3652">
    <p class='ocr_par' dir='ltr' id='par_1_53' title="bbox 489 3580 2092 3652">
     <span class='ocr_line' id='line_1_53' title="bbox 489 3580 2092 3652; baseline -0.001 -16"><span class='ocrx_word' id='word_1_349' title='bbox 489 3581 742 3637; x_wconf 72' lang='lat' dir='ltr'>ecclesiae</span> <span class='ocrx_word' id='word_1_350' title='bbox 773 3597 945 3652; x_wconf 89' lang='lat' dir='ltr'>supra</span> <span class='ocrx_word' id='word_1_351' title='bbox 987 3580 1234 3634; x_wconf 82' lang='lat' dir='ltr'>diximus</span> <span class='ocrx_word' id='word_1_352' title='bbox 1281 3582 1684 3634; x_wconf 88' lang='lat' dir='ltr'>memoratam.</span> <span class='ocrx_word' id='word_1_353' title='bbox 1730 3580 1932 3634; x_wconf 86' lang='lat' dir='ltr'>Mansit</span> <span class='ocrx_word' id='word_1_354' title='bbox 1957 3597 2092 3634; x_wconf 90' lang='lat' dir='ltr'>vero</span> 
     </span>
    </p>
   </div>
   <div class='ocr_carea' id='block_1_54' title="bbox 488 3667 2094 3737">
    <p class='ocr_par' dir='ltr' id='par_1_54' title="bbox 488 3667 2094 3737">
     <span class='ocr_line' id='line_1_54' title="bbox 488 3667 2094 3737; baseline -0.001 -14"><span class='ocrx_word' id='word_1_355' title='bbox 488 3669 697 3734; x_wconf 90' lang='lat' dir='ltr'>honor,</span> <span class='ocrx_word' id='word_1_356' title='bbox 712 3669 895 3722; x_wconf 90' lang='lat' dir='ltr'>cultus</span> <span class='ocrx_word' id='word_1_357' title='bbox 916 3671 973 3722; x_wconf 91' lang='lat' dir='ltr'>et</span> <span class='ocrx_word' id='word_1_358' title='bbox 990 3667 1314 3722; x_wconf 87' lang='lat' dir='ltr'>reverentia</span> <span class='ocrx_word' id='word_1_359' title='bbox 1334 3667 1485 3721; x_wconf 91' lang='lat' dir='ltr'>circa</span> <span class='ocrx_word' id='word_1_360' title='bbox 1503 3670 1831 3721; x_wconf 91' lang='lat' dir='ltr'>sanctorum</span> <span class='ocrx_word' id='word_1_361' title='bbox 1853 3683 2094 3737; x_wconf 82' lang='lat' dir='ltr'>corpora</span> 
     </span>
    </p>
   </div>
   <div class='ocr_carea' id='block_1_55' title="bbox 487 3753 2094 3828">
    <p class='ocr_par' dir='ltr' id='par_1_55' title="bbox 487 3753 2094 3828">
     <span class='ocr_line' id='line_1_55' title="bbox 487 3753 2094 3828; baseline -0.001 -18"><span class='ocrx_word' id='word_1_362' title='bbox 487 3756 860 3828; x_wconf 88' lang='lat' dir='ltr'>quoadusque</span> <span class='ocrx_word' id='word_1_363' title='bbox 875 3754 1050 3810; x_wconf 73' lang='lat' dir='ltr'>effera</span> <span class='ocrx_word' id='word_1_364' title='bbox 1068 3771 1210 3826; x_wconf 90' lang='lat' dir='ltr'>gens</span> <span class='ocrx_word' id='word_1_365' title='bbox 1236 3757 1722 3821; x_wconf 87' lang='lat' dir='ltr'>Normannorum,</span> <span class='ocrx_word' id='word_1_366' title='bbox 1737 3754 1967 3810; x_wconf 86' lang='lat' dir='ltr'>sedibus</span> <span class='ocrx_word' id='word_1_367' title='bbox 1980 3753 2094 3808; x_wconf 91' lang='lat' dir='ltr'>suis</span> 
     </span>
    </p>
   </div>
   <div class='ocr_carea' id='block_1_56' title="bbox 488 3842 2095 3915">
    <p class='ocr_par' dir='ltr' id='par_1_56' title="bbox 488 3842 2095 3915">
     <span class='ocr_line' id='line_1_56' title="bbox 488 3842 2095 3915; baseline -0.003 -15"><span class='ocrx_word' id='word_1_368' title='bbox 488 3861 609 3900; x_wconf 90' lang='lat' dir='ltr'>non</span> <span class='ocrx_word' id='word_1_369' title='bbox 638 3845 936 3909; x_wconf 79' lang='lat' dir='ltr'>contenta,</span> <span class='ocrx_word' id='word_1_370' title='bbox 960 3846 1143 3898; x_wconf 89' lang='lat' dir='ltr'>totam</span> <span class='ocrx_word' id='word_1_371' title='bbox 1172 3860 1320 3914; x_wconf 88' lang='lat' dir='ltr'>pene</span> <span class='ocrx_word' id='word_1_372' title='bbox 1343 3843 1582 3897; x_wconf 88' lang='lat' dir='ltr'>Galliam</span> <span class='ocrx_word' id='word_1_373' title='bbox 1615 3842 2004 3915; x_wconf 86' lang='lat' dir='ltr'>perturbavit:</span> <span class='ocrx_word' id='word_1_374' title='bbox 2037 3845 2095 3896; x_wconf 92' lang='lat' dir='ltr'>et</span> 
     </span>
    </p>
   </div>
   <div class='ocr_carea' id='block_1_57' title="bbox 486 3931 2095 4003">
    <p class='ocr_par' dir='ltr' id='par_1_57' title="bbox 486 3931 2095 4003">
     <span class='ocr_line' id='line_1_57' title="bbox 486 3931 2095 4003; baseline 0 -17"><span class='ocrx_word' id='word_1_375' title='bbox 486 3932 695 3987; x_wconf 89' lang='lat' dir='ltr'>timore</span> <span class='ocrx_word' id='word_1_376' title='bbox 720 3936 867 3997; x_wconf 80' lang='grc'>(529)</span> <span class='ocrx_word' id='word_1_377' title='bbox 892 3931 1209 4003; x_wconf 89' lang='lat' dir='ltr'>eruptionis</span> <span class='ocrx_word' id='word_1_378' title='bbox 1240 3948 1463 3997; x_wconf 88' lang='lat' dir='ltr'>eorum,</span> <span class='ocrx_word' id='word_1_379' title='bbox 1493 3947 1565 3985; x_wconf 91' lang='lat' dir='ltr'>ne</span> <span class='ocrx_word' id='word_1_380' title='bbox 1615 3934 1942 3985; x_wconf 88' lang='lat' dir='ltr'>sanctorum</span> <span class='ocrx_word' id='word_1_381' title='bbox 1973 3931 2095 3986; x_wconf 90' lang='lat' dir='ltr'>vio-</span> 
     </span>
    </p>
   </div>
   <div class='ocr_carea' id='block_1_58' title="bbox 486 4019 2088 4087">
    <p class='ocr_par' dir='ltr' id='par_1_58' title="bbox 486 4019 2088 4087">
     <span class='ocr_line' id='line_1_58' title="bbox 486 4019 2088 4087; baseline -0.001 -12"><span class='ocrx_word' id='word_1_382' title='bbox 486 4021 747 4075; x_wconf 87' lang='lat' dir='ltr'>larentur</span> <span class='ocrx_word' id='word_1_383' title='bbox 792 4021 976 4087; x_wconf 88' lang='lat' dir='ltr'>busta,</span> <span class='ocrx_word' id='word_1_384' title='bbox 1008 4024 1176 4075; x_wconf 80' lang='lat' dir='ltr'>terrae</span> <span class='ocrx_word' id='word_1_385' title='bbox 1222 4023 1356 4074; x_wconf 89' lang='lat' dir='ltr'>sunt</span> <span class='ocrx_word' id='word_1_386' title='bbox 1383 4036 1418 4074; x_wconf 91' lang='lat' dir='ltr'>a</span> <span class='ocrx_word' id='word_1_387' title='bbox 1441 4019 1704 4074; x_wconf 84' lang='lat' dir='ltr'>ﬁdelibus</span> <span class='ocrx_word' id='word_1_388' title='bbox 1729 4019 2088 4074; x_wconf 87' lang='lat' dir='ltr'>remandata.</span> 
     </span>
    </p>
   </div>
   <div class='ocr_carea' id='block_1_59' title="bbox 485 4107 2092 4181">
    <p class='ocr_par' dir='ltr' id='par_1_59' title="bbox 485 4107 2092 4181">
     <span class='ocr_line' id='line_1_59' title="bbox 485 4107 2092 4181; baseline -0.003 -16"><span class='ocrx_word' id='word_1_389' title='bbox 485 4109 626 4165; x_wconf 82' lang='lat' dir='ltr'>Huic</span> <span class='ocrx_word' id='word_1_390' title='bbox 644 4108 880 4181; x_wconf 89' lang='lat' dir='ltr'>repositi</span> <span class='ocrx_word' id='word_1_391' title='bbox 897 4109 994 4163; x_wconf 92' lang='lat' dir='ltr'>oni</span> <span class='ocrx_word' id='word_1_392' title='bbox 1015 4108 1278 4162; x_wconf 81' lang='lat' dir='ltr'>interfuit</span> <span class='ocrx_word' id='word_1_393' title='bbox 1296 4108 1531 4180; x_wconf 89' lang='lat' dir='ltr'>quidam</span> <span class='ocrx_word' id='word_1_394' title='bbox 1556 4108 1894 4177; x_wconf 85' lang='lat' dir='ltr'>Frangerus,</span> <span class='ocrx_word' id='word_1_395' title='bbox 1916 4107 2092 4161; x_wconf 92' lang='lat' dir='ltr'>homo</span> 
     </span>
    </p>
   </div>
   <div class='ocr_carea' id='block_1_60' title="bbox 489 4195 2090 4269">
    <p class='ocr_par' dir='ltr' id='par_1_60' title="bbox 489 4195 2090 4269">
     <span class='ocr_line' id='line_1_60' title="bbox 489 4195 2090 4269; baseline -0.002 -16"><span class='ocrx_word' id='word_1_396' title='bbox 489 4201 684 4254; x_wconf 87' lang='lat' dir='ltr'>nostra</span> <span class='ocrx_word' id='word_1_397' title='bbox 712 4200 881 4253; x_wconf 65' lang='lat' dir='ltr'>etate</span> <span class='ocrx_word' id='word_1_398' title='bbox 903 4197 1257 4264; x_wconf 90' lang='lat' dir='ltr'>senissimus,</span> <span class='ocrx_word' id='word_1_399' title='bbox 1289 4196 1386 4269; x_wconf 87' lang='lat' dir='ltr'>qui</span> <span class='ocrx_word' id='word_1_400' title='bbox 1414 4200 1471 4251; x_wconf 90' lang='lat' dir='ltr'>et</span> <span class='ocrx_word' id='word_1_401' title='bbox 1491 4198 1626 4251; x_wconf 87' lang='lat' dir='ltr'>ante</span> <span class='ocrx_word' id='word_1_402' title='bbox 1658 4195 2090 4250; x_wconf 77' lang='lat' dir='ltr'>infestationem</span> 
     </span>
    </p>
   </div>
   <div class='ocr_carea' id='block_1_61' title="bbox 485 4284 2094 4359">
    <p class='ocr_par' dir='ltr' id='par_1_61' title="bbox 485 4284 2094 4359">
     <span class='ocr_line' id='line_1_61' title="bbox 485 4284 2094 4359; baseline -0.002 -17"><span class='ocrx_word' id='word_1_403' title='bbox 485 4287 1015 4359; x_wconf 84' lang='lat' dir='ltr'>(530)-paganorum</span> <span class='ocrx_word' id='word_1_404' title='bbox 1039 4302 1246 4341; x_wconf 89' lang='lat' dir='ltr'>novem</span> <span class='ocrx_word' id='word_1_405' title='bbox 1266 4285 1473 4340; x_wconf 88' lang='lat' dir='ltr'>annuis</span> <span class='ocrx_word' id='word_1_406' title='bbox 1490 4285 1634 4339; x_wconf 65' lang='lat' dir='ltr'>villm</span> <span class='ocrx_word' id='word_1_407' title='bbox 1651 4284 1909 4355; x_wconf 89' lang='lat' dir='ltr'>ejusdem</span> <span class='ocrx_word' id='word_1_408' title='bbox 1929 4284 2094 4338; x_wconf 87' lang='lat' dir='ltr'>exsti-</span> 
     </span>
    </p>
   </div>
   <div class='ocr_carea' id='block_1_62' title="bbox 2197 1915 3762 1987">
    <p class='ocr_par' dir='ltr' id='par_1_62' title="bbox 2197 1915 3762 1987">
     <span class='ocr_line' id='line_1_62' title="bbox 2197 1915 3762 1987; baseline 0 -21"><span class='ocrx_word' id='word_1_409' title='bbox 2197 1919 2526 1969; x_wconf 88' lang='lat' dir='ltr'>sanctorum</span> <span class='ocrx_word' id='word_1_410' title='bbox 2559 1917 3043 1987; x_wconf 86' lang='lat' dir='ltr'>parvipenderunt</span> <span class='ocrx_word' id='word_1_411' title='bbox 3082 1915 3378 1986; x_wconf 89' lang='lat' dir='ltr'>reliquum</span> <span class='ocrx_word' id='word_1_412' title='bbox 3407 1932 3524 1969; x_wconf 89' lang='lat' dir='ltr'>esse</span> <span class='ocrx_word' id='word_1_413' title='bbox 3553 1915 3724 1968; x_wconf 87' lang='lat' dir='ltr'>honori</span> <span class='ocrx_word' id='word_1_414' title='bbox 3751 1931 3762 1966; x_wconf 73' lang='grc' dir='ltr'>ι</span> 
     </span>
    </p>
   </div>
   <div class='ocr_carea' id='block_1_63' title="bbox 2196 2003 3765 2075">
    <p class='ocr_par' dir='ltr' id='par_1_63' title="bbox 2196 2003 3765 2075">
     <span class='ocr_line' id='line_1_63' title="bbox 2196 2003 3765 2075; baseline 0.001 -21"><span class='ocrx_word' id='word_1_415' title='bbox 2196 2003 2463 2072; x_wconf 88' lang='lat' dir='ltr'>quocirca</span> <span class='ocrx_word' id='word_1_416' title='bbox 2482 2004 2757 2074; x_wconf 91' lang='lat' dir='ltr'>paulatim</span> <span class='ocrx_word' id='word_1_417' title='bbox 2779 2003 2978 2057; x_wconf 89' lang='lat' dir='ltr'>haberi</span> <span class='ocrx_word' id='word_1_418' title='bbox 2999 2003 3169 2073; x_wconf 80' lang='lat' dir='ltr'>ccepit</span> <span class='ocrx_word' id='word_1_419' title='bbox 3189 2003 3567 2075; x_wconf 90' lang='lat' dir='ltr'>contemptui.</span> <span class='ocrx_word' id='word_1_420' title='bbox 3588 2003 3648 2056; x_wconf 92' lang='lat' dir='ltr'>Ut</span> <span class='ocrx_word' id='word_1_421' title='bbox 3663 2018 3765 2055; x_wconf 87' lang='lat' dir='ltr'>vero</span> 
     </span>
    </p>
   </div>
   <div class='ocr_carea' id='block_1_64' title="bbox 2199 2089 3765 2160">
    <p class='ocr_par' dir='ltr' id='par_1_64' title="bbox 2199 2089 3765 2160">
     <span class='ocr_line' id='line_1_64' title="bbox 2199 2089 3765 2160; baseline -0.001 -17"><span class='ocrx_word' id='word_1_422' title='bbox 2199 2092 2584 2160; x_wconf 83' lang='lat' dir='ltr'>Aper,nostrae</span> <span class='ocrx_word' id='word_1_423' title='bbox 2607 2092 2756 2144; x_wconf 52' lang='lat' dir='ltr'>aetati</span> <span class='ocrx_word' id='word_1_424' title='bbox 2782 2091 3080 2156; x_wconf 86' lang='lat' dir='ltr'>finitimus,</span> <span class='ocrx_word' id='word_1_425' title='bbox 3105 2107 3238 2144; x_wconf 90' lang='lat' dir='ltr'>cum</span> <span class='ocrx_word' id='word_1_426' title='bbox 3262 2090 3400 2144; x_wconf 79' lang='lat' dir='ltr'>filiis</span> <span class='ocrx_word' id='word_1_427' title='bbox 3418 2091 3597 2144; x_wconf 91' lang='lat' dir='ltr'>locum</span> <span class='ocrx_word' id='word_1_428' title='bbox 3619 2089 3765 2160; x_wconf 87' lang='lat' dir='ltr'>ipsum</span> 
     </span>
    </p>
   </div>
   <div class='ocr_carea' id='block_1_65' title="bbox 2198 2177 3770 2248">
    <p class='ocr_par' dir='ltr' id='par_1_65' title="bbox 2198 2177 3770 2248">
     <span class='ocr_line' id='line_1_65' title="bbox 2198 2177 3770 2248; baseline 0 -18"><span class='ocrx_word' id='word_1_429' title='bbox 2198 2179 2455 2248; x_wconf 91' lang='lat' dir='ltr'>precario</span> <span class='ocrx_word' id='word_1_430' title='bbox 2477 2179 2707 2232; x_wconf 89' lang='lat' dir='ltr'>sortitus</span> <span class='ocrx_word' id='word_1_431' title='bbox 2729 2182 2832 2244; x_wconf 87' lang='lat' dir='ltr'>est,</span> <span class='ocrx_word' id='word_1_432' title='bbox 2850 2179 2995 2248; x_wconf 89' lang='lat' dir='ltr'>jam,</span> <span class='ocrx_word' id='word_1_433' title='bbox 3019 2178 3194 2248; x_wconf 90' lang='lat' dir='ltr'>ipsius</span> <span class='ocrx_word' id='word_1_434' title='bbox 3217 2177 3316 2231; x_wconf 90' lang='lat' dir='ltr'>Dei</span> <span class='ocrx_word' id='word_1_435' title='bbox 3355 2178 3562 2232; x_wconf 90' lang='lat' dir='ltr'>timore</span> <span class='ocrx_word' id='word_1_436' title='bbox 3582 2181 3770 2248; x_wconf 87' lang='lat' dir='ltr'>postpo-</span> 
     </span>
    </p>
   </div>
   <div class='ocr_carea' id='block_1_66' title="bbox 2197 2265 3769 2338">
    <p class='ocr_par' dir='ltr' id='par_1_66' title="bbox 2197 2265 3769 2338">
     <span class='ocr_line' id='line_1_66' title="bbox 2197 2265 3769 2338; baseline -0.002 -18"><span class='ocrx_word' id='word_1_437' title='bbox 2197 2265 2326 2332; x_wconf 92' lang='lat' dir='ltr'>sito,</span> <span class='ocrx_word' id='word_1_438' title='bbox 2351 2267 2588 2321; x_wconf 87' lang='lat' dir='ltr'>ecclesia</span> <span class='ocrx_word' id='word_1_439' title='bbox 2618 2267 2739 2338; x_wconf 88' lang='lat' dir='ltr'>ipsa</span> <span class='ocrx_word' id='word_1_440' title='bbox 2761 2284 2878 2321; x_wconf 92' lang='lat' dir='ltr'>non</span> <span class='ocrx_word' id='word_1_441' title='bbox 2902 2269 3125 2319; x_wconf 88' lang='lat' dir='ltr'>tantum</span> <span class='ocrx_word' id='word_1_442' title='bbox 3148 2266 3333 2319; x_wconf 91' lang='lat' dir='ltr'>sancti</span> <span class='ocrx_word' id='word_1_443' title='bbox 3363 2267 3580 2320; x_wconf 88' lang='lat' dir='ltr'>honore</span> <span class='ocrx_word' id='word_1_444' title='bbox 3598 2265 3769 2319; x_wconf 85' lang='lat' dir='ltr'>conde-</span> 
     </span>
    </p>
   </div>
   <div class='ocr_carea' id='block_1_67' title="bbox 2199 2354 3771 2420">
    <p class='ocr_par' dir='ltr' id='par_1_67' title="bbox 2199 2354 3771 2420">
     <span class='ocr_line' id='line_1_67' title="bbox 2199 2354 3771 2420; baseline -0.002 -12"><span class='ocrx_word' id='word_1_445' title='bbox 2199 2354 2340 2420; x_wconf 91' lang='lat' dir='ltr'>bito,</span> <span class='ocrx_word' id='word_1_446' title='bbox 2373 2371 2568 2409; x_wconf 87' lang='lat' dir='ltr'>verum</span> <span class='ocrx_word' id='word_1_447' title='bbox 2600 2371 2701 2408; x_wconf 93' lang='lat' dir='ltr'>suo</span> <span class='ocrx_word' id='word_1_448' title='bbox 2755 2354 2996 2408; x_wconf 91' lang='lat' dir='ltr'>omnino</span> <span class='ocrx_word' id='word_1_449' title='bbox 3045 2357 3280 2407; x_wconf 85' lang='lat' dir='ltr'>vacuata</span> <span class='ocrx_word' id='word_1_450' title='bbox 3309 2356 3401 2408; x_wconf 90' lang='lat' dir='ltr'>est</span> <span class='ocrx_word' id='word_1_451' title='bbox 3449 2354 3771 2407; x_wconf 86' lang='lat' dir='ltr'>ornamento.</span> 
     </span>
    </p>
   </div>
   <div class='ocr_carea' id='block_1_68' title="bbox 2197 2440 3776 2514">
    <p class='ocr_par' dir='ltr' id='par_1_68' title="bbox 2197 2440 3776 2514">
     <span class='ocr_line' id='line_1_68' title="bbox 2197 2440 3776 2514; baseline -0.001 -21"><span class='ocrx_word' id='word_1_452' title='bbox 2197 2443 2548 2498; x_wconf 88' lang='lat' dir='ltr'>Wandoldus</span> <span class='ocrx_word' id='word_1_453' title='bbox 2577 2443 2844 2514; x_wconf 91' lang='lat' dir='ltr'>deinceps</span> <span class='ocrx_word' id='word_1_454' title='bbox 2875 2443 2935 2496; x_wconf 92' lang='lat' dir='ltr'>in</span> <span class='ocrx_word' id='word_1_455' title='bbox 2967 2441 3226 2496; x_wconf 92' lang='lat' dir='ltr'>dominio</span> <span class='ocrx_word' id='word_1_456' title='bbox 3255 2441 3520 2511; x_wconf 90' lang='lat' dir='ltr'>ejusdem</span> <span class='ocrx_word' id='word_1_457' title='bbox 3551 2440 3776 2495; x_wconf 83' lang='lat' dir='ltr'>successit</span> 
     </span>
    </p>
   </div>
   <div class='ocr_carea' id='block_1_69' title="bbox 2195 2529 3778 2602">
    <p class='ocr_par' dir='ltr' id='par_1_69' title="bbox 2195 2529 3778 2602">
     <span class='ocr_line' id='line_1_69' title="bbox 2195 2529 3778 2602; baseline -0.002 -19"><span class='ocrx_word' id='word_1_458' title='bbox 2195 2530 2363 2596; x_wconf 68' lang='lat' dir='ltr'>villm,</span> <span class='ocrx_word' id='word_1_459' title='bbox 2397 2532 2492 2586; x_wconf 90' lang='lat' dir='ltr'>ubi</span> <span class='ocrx_word' id='word_1_460' title='bbox 2541 2534 2598 2584; x_wconf 92' lang='lat' dir='ltr'>et</span> <span class='ocrx_word' id='word_1_461' title='bbox 2640 2532 2857 2602; x_wconf 92' lang='lat' dir='ltr'>accepit</span> <span class='ocrx_word' id='word_1_462' title='bbox 2893 2531 3084 2585; x_wconf 89' lang='lat' dir='ltr'>locum</span> <span class='ocrx_word' id='word_1_463' title='bbox 3128 2530 3446 2600; x_wconf 69' lang='lat' dir='ltr'>sepulturae</span> <span class='ocrx_word' id='word_1_464' title='bbox 3477 2546 3490 2584; x_wconf 89' lang='lat'>:</span> <span class='ocrx_word' id='word_1_465' title='bbox 3523 2545 3622 2602; x_wconf 87' lang='lat' dir='ltr'>pro</span> <span class='ocrx_word' id='word_1_466' title='bbox 3648 2529 3778 2599; x_wconf 83' lang='lat' dir='ltr'>cujus</span> 
     </span>
    </p>
   </div>
   <div class='ocr_carea' id='block_1_70' title="bbox 2198 2618 3779 2688">
    <p class='ocr_par' dir='ltr' id='par_1_70' title="bbox 2198 2618 3779 2688">
     <span class='ocr_line' id='line_1_70' title="bbox 2198 2618 3779 2688; baseline -0.002 -17"><span class='ocrx_word' id='word_1_467' title='bbox 2198 2619 2577 2674; x_wconf 87' lang='lat' dir='ltr'>tumulatione</span> <span class='ocrx_word' id='word_1_468' title='bbox 2627 2619 2775 2674; x_wconf 83' lang='lat' dir='ltr'>ﬁlius</span> <span class='ocrx_word' id='word_1_469' title='bbox 2826 2618 3037 2673; x_wconf 90' lang='lat' dir='ltr'>deinde</span> <span class='ocrx_word' id='word_1_470' title='bbox 3091 2618 3214 2688; x_wconf 89' lang='lat' dir='ltr'>ejus</span> <span class='ocrx_word' id='word_1_471' title='bbox 3268 2619 3426 2688; x_wconf 82' lang='grc'>(533)</span> <span class='ocrx_word' id='word_1_472' title='bbox 3484 2618 3779 2672; x_wconf 85' lang='lat' dir='ltr'>Lambertus</span> 
     </span>
    </p>
   </div>
   <div class='ocr_carea' id='block_1_71' title="bbox 2195 2705 3782 2773">
    <p class='ocr_par' dir='ltr' id='par_1_71' title="bbox 2195 2705 3782 2773">
     <span class='ocr_line' id='line_1_71' title="bbox 2195 2705 3782 2773; baseline -0.004 -11"><span class='ocrx_word' id='word_1_473' title='bbox 2195 2707 2385 2762; x_wconf 89' lang='lat' dir='ltr'>cordis</span> <span class='ocrx_word' id='word_1_474' title='bbox 2410 2710 2590 2761; x_wconf 88' lang='lat' dir='ltr'>tactus</span> <span class='ocrx_word' id='word_1_475' title='bbox 2619 2711 2704 2762; x_wconf 91' lang='lat' dir='ltr'>est</span> <span class='ocrx_word' id='word_1_476' title='bbox 2733 2707 3055 2773; x_wconf 89' lang='lat' dir='ltr'>devotione,</span> <span class='ocrx_word' id='word_1_477' title='bbox 3085 2709 3145 2760; x_wconf 92' lang='lat' dir='ltr'>ut</span> <span class='ocrx_word' id='word_1_478' title='bbox 3175 2707 3374 2760; x_wconf 90' lang='lat' dir='ltr'>locum</span> <span class='ocrx_word' id='word_1_479' title='bbox 3401 2707 3554 2760; x_wconf 90' lang='lat' dir='ltr'>hunc</span> <span class='ocrx_word' id='word_1_480' title='bbox 3583 2705 3782 2759; x_wconf 81' lang='lat' dir='ltr'>deberet</span> 
     </span>
    </p>
   </div>
   <div class='ocr_carea' id='block_1_72' title="bbox 2196 2793 3780 2868">
    <p class='ocr_par' dir='ltr' id='par_1_72' title="bbox 2196 2793 3780 2868">
     <span class='ocr_line' id='line_1_72' title="bbox 2196 2793 3780 2868; baseline -0.004 -18"><span class='ocrx_word' id='word_1_481' title='bbox 2196 2797 2474 2862; x_wconf 85' lang='lat' dir='ltr'>excolere,</span> <span class='ocrx_word' id='word_1_482' title='bbox 2493 2796 2819 2868; x_wconf 87' lang='lat' dir='ltr'>pariterque</span> <span class='ocrx_word' id='word_1_483' title='bbox 2839 2795 3273 2860; x_wconf 84' lang='lat' dir='ltr'>miraculorum,</span> <span class='ocrx_word' id='word_1_484' title='bbox 3289 2811 3426 2866; x_wconf 75' lang='lat' dir='ltr'>quae</span> <span class='ocrx_word' id='word_1_485' title='bbox 3449 2794 3563 2848; x_wconf 89' lang='lat' dir='ltr'>illic</span> <span class='ocrx_word' id='word_1_486' title='bbox 3582 2793 3780 2856; x_wconf 84' lang='lat' dir='ltr'>ﬁebant,</span> 
     </span>
    </p>
   </div>
   <div class='ocr_carea' id='block_1_73' title="bbox 2196 2880 3783 2956">
    <p class='ocr_par' dir='ltr' id='par_1_73' title="bbox 2196 2880 3783 2956">
     <span class='ocr_line' id='line_1_73' title="bbox 2196 2880 3783 2956; baseline -0.004 -18"><span class='ocrx_word' id='word_1_487' title='bbox 2196 2901 2501 2956; x_wconf 90' lang='lat' dir='ltr'>suspensus</span> <span class='ocrx_word' id='word_1_488' title='bbox 2522 2883 2939 2939; x_wconf 88' lang='lat' dir='ltr'>admonitione.</span> <span class='ocrx_word' id='word_1_489' title='bbox 2964 2885 3244 2954; x_wconf 83' lang='lat' dir='ltr'>Namque,</span> <span class='ocrx_word' id='word_1_490' title='bbox 3260 2883 3518 2937; x_wconf 91' lang='lat' dir='ltr'>Domino</span> <span class='ocrx_word' id='word_1_491' title='bbox 3539 2880 3783 2953; x_wconf 76' lang='lat' dir='ltr'>praedium</span> 
     </span>
    </p>
   </div>
   <div class='ocr_carea' id='block_1_74' title="bbox 2197 2969 3785 3044">
    <p class='ocr_par' dir='ltr' id='par_1_74' title="bbox 2197 2969 3785 3044">
     <span class='ocr_line' id='line_1_74' title="bbox 2197 2969 3785 3044; baseline -0.003 -18"><span class='ocrx_word' id='word_1_492' title='bbox 2197 2973 2384 3044; x_wconf 92' lang='lat' dir='ltr'>ipsum</span> <span class='ocrx_word' id='word_1_493' title='bbox 2416 2973 2522 3028; x_wconf 90' lang='lat' dir='ltr'>sibi</span> <span class='ocrx_word' id='word_1_494' title='bbox 2571 2976 2705 3026; x_wconf 91' lang='lat' dir='ltr'>tunc</span> <span class='ocrx_word' id='word_1_495' title='bbox 2734 2971 3077 3036; x_wconf 90' lang='lat' dir='ltr'>vindicante,</span> <span class='ocrx_word' id='word_1_496' title='bbox 3109 2986 3144 3024; x_wconf 89' lang='lat' dir='ltr'>a</span> <span class='ocrx_word' id='word_1_497' title='bbox 3171 2970 3400 3037; x_wconf 83' lang='lat' dir='ltr'>vicinis,</span> <span class='ocrx_word' id='word_1_498' title='bbox 3433 2969 3785 3042; x_wconf 63' lang='lat' dir='ltr'>precantibus</span> 
     </span>
    </p>
   </div>
   <div class='ocr_carea' id='block_1_75' title="bbox 2196 3055 3785 3132">
    <p class='ocr_par' dir='ltr' id='par_1_75' title="bbox 2196 3055 3785 3132">
     <span class='ocr_line' id='line_1_75' title="bbox 2196 3055 3785 3132; baseline -0.003 -19"><span class='ocrx_word' id='word_1_499' title='bbox 2196 3060 2511 3115; x_wconf 90' lang='lat' dir='ltr'>inimicitiis</span> <span class='ocrx_word' id='word_1_500' title='bbox 2524 3059 3208 3132; x_wconf 90' lang='lat' dir='ltr'>quibusdam,dissidente</span> <span class='ocrx_word' id='word_1_501' title='bbox 3228 3055 3785 3129; x_wconf 54' lang='lat' dir='ltr'>familiaipsiusﬁilla&#39;.</span> 
     </span>
    </p>
   </div>
   <div class='ocr_carea' id='block_1_76' title="bbox 2196 3145 3787 3216">
    <p class='ocr_par' dir='ltr' id='par_1_76' title="bbox 2196 3145 3787 3216">
     <span class='ocr_line' id='line_1_76' title="bbox 2196 3145 3787 3216; baseline -0.003 -15"><span class='ocrx_word' id='word_1_502' title='bbox 2196 3149 2336 3202; x_wconf 90' lang='lat' dir='ltr'>telas</span> <span class='ocrx_word' id='word_1_503' title='bbox 2357 3152 2414 3202; x_wconf 92' lang='lat' dir='ltr'>et</span> <span class='ocrx_word' id='word_1_504' title='bbox 2431 3148 2571 3202; x_wconf 90' lang='lat' dir='ltr'>alias</span> <span class='ocrx_word' id='word_1_505' title='bbox 2591 3147 2870 3213; x_wconf 89' lang='lat' dir='ltr'>vestes,ad</span> <span class='ocrx_word' id='word_1_506' title='bbox 2892 3147 3191 3200; x_wconf 87' lang='lat' dir='ltr'>ecclesiam</span> <span class='ocrx_word' id='word_1_507' title='bbox 3212 3147 3565 3216; x_wconf 86' lang='lat' dir='ltr'>confugium</span> <span class='ocrx_word' id='word_1_508' title='bbox 3586 3145 3787 3206; x_wconf 82' lang='lat' dir='ltr'>faciens,</span> 
     </span>
    </p>
   </div>
   <div class='ocr_carea' id='block_1_77' title="bbox 2196 3233 3789 3306">
    <p class='ocr_par' dir='ltr' id='par_1_77' title="bbox 2196 3233 3789 3306">
     <span class='ocr_line' id='line_1_77' title="bbox 2196 3233 3789 3306; baseline -0.004 -17"><span class='ocrx_word' id='word_1_509' title='bbox 2196 3252 2366 3306; x_wconf 91' lang='lat' dir='ltr'>super</span> <span class='ocrx_word' id='word_1_510' title='bbox 2385 3239 2712 3290; x_wconf 88' lang='lat' dir='ltr'>sanctorum</span> <span class='ocrx_word' id='word_1_511' title='bbox 2743 3235 2969 3288; x_wconf 90' lang='lat' dir='ltr'>tumbas</span> <span class='ocrx_word' id='word_1_512' title='bbox 2993 3233 3223 3304; x_wconf 88' lang='lat' dir='ltr'>abjccit,</span> <span class='ocrx_word' id='word_1_513' title='bbox 3258 3234 3570 3304; x_wconf 76' lang='lat' dir='ltr'>presbyter</span> <span class='ocrx_word' id='word_1_514' title='bbox 3588 3233 3789 3286; x_wconf 80' lang='lat' dir='ltr'>econtra</span> 
     </span>
    </p>
   </div>
   <div class='ocr_carea' id='block_1_78' title="bbox 2198 3320 3788 3377">
    <p class='ocr_par' dir='ltr' id='par_1_78' title="bbox 2198 3320 3788 3377">
     <span class='ocr_line' id='line_1_78' title="bbox 2198 3320 3788 3377; baseline -0.004 0"><span class='ocrx_word' id='word_1_515' title='bbox 2198 3323 2534 3377; x_wconf 89' lang='lat' dir='ltr'>Sarabertus</span> <span class='ocrx_word' id='word_1_516' title='bbox 2563 3322 2771 3377; x_wconf 86' lang='lat' dir='ltr'>exinde</span> <span class='ocrx_word' id='word_1_517' title='bbox 2798 3339 2863 3376; x_wconf 90' lang='lat' dir='ltr'>ea</span> <span class='ocrx_word' id='word_1_518' title='bbox 2893 3320 3236 3374; x_wconf 87' lang='lat' dir='ltr'>deturbavit.</span> <span class='ocrx_word' id='word_1_519' title='bbox 3268 3321 3387 3375; x_wconf 90' lang='lat' dir='ltr'>Sed</span> <span class='ocrx_word' id='word_1_520' title='bbox 3441 3321 3512 3374; x_wconf 90' lang='lat' dir='ltr'>iis</span> <span class='ocrx_word' id='word_1_521' title='bbox 3555 3320 3744 3374; x_wconf 86' lang='lat' dir='ltr'>iterum</span> <span class='ocrx_word' id='word_1_522' title='bbox 3765 3334 3788 3370; x_wconf 85' lang='lat' dir='ltr'>a</span> 
     </span>
    </p>
   </div>
   <div class='ocr_carea' id='block_1_79' title="bbox 2195 3407 3789 3480">
    <p class='ocr_par' dir='ltr' id='par_1_79' title="bbox 2195 3407 3789 3480">
     <span class='ocr_line' id='line_1_79' title="bbox 2195 3407 3789 3480; baseline -0.004 -16"><span class='ocrx_word' id='word_1_523' title='bbox 2195 3408 2415 3464; x_wconf 86' lang='lat' dir='ltr'>familia</span> <span class='ocrx_word' id='word_1_524' title='bbox 2444 3409 2746 3480; x_wconf 87' lang='lat' dir='ltr'>reportatis</span> <span class='ocrx_word' id='word_1_525' title='bbox 2764 3408 3071 3475; x_wconf 87' lang='lat' dir='ltr'>ibidem,et</span> <span class='ocrx_word' id='word_1_526' title='bbox 3091 3407 3436 3478; x_wconf 76' lang='lat' dir='ltr'>presbytero</span> <span class='ocrx_word' id='word_1_527' title='bbox 3460 3407 3718 3462; x_wconf 85' lang='lat' dir='ltr'>deterrito</span> <span class='ocrx_word' id='word_1_528' title='bbox 3734 3421 3789 3458; x_wconf 87' lang='lat' dir='ltr'>ne</span> 
     </span>
    </p>
   </div>
   <div class='ocr_carea' id='block_1_80' title="bbox 2195 3494 3791 3566">
    <p class='ocr_par' dir='ltr' id='par_1_80' title="bbox 2195 3494 3791 3566">
     <span class='ocr_line' id='line_1_80' title="bbox 2195 3494 3791 3566; baseline -0.004 -15"><span class='ocrx_word' id='word_1_529' title='bbox 2195 3497 2430 3551; x_wconf 90' lang='lat' dir='ltr'>ulterius</span> <span class='ocrx_word' id='word_1_530' title='bbox 2450 3497 2739 3551; x_wconf 87' lang='lat' dir='ltr'>resisteret</span> <span class='ocrx_word' id='word_1_531' title='bbox 2758 3497 2975 3563; x_wconf 88' lang='lat' dir='ltr'>eis,nox</span> <span class='ocrx_word' id='word_1_532' title='bbox 3003 3495 3360 3566; x_wconf 84' lang='lat' dir='ltr'>supervenit,</span> <span class='ocrx_word' id='word_1_533' title='bbox 3377 3499 3438 3549; x_wconf 90' lang='lat' dir='ltr'>et</span> <span class='ocrx_word' id='word_1_534' title='bbox 3457 3494 3674 3550; x_wconf 84' lang='lat' dir='ltr'>familia</span> <span class='ocrx_word' id='word_1_535' title='bbox 3695 3494 3791 3564; x_wconf 80' lang='lat' dir='ltr'>ipsa</span> 
     </span>
    </p>
   </div>
   <div class='ocr_carea' id='block_1_81' title="bbox 2197 3579 3789 3653">
    <p class='ocr_par' dir='ltr' id='par_1_81' title="bbox 2197 3579 3789 3653">
     <span class='ocr_line' id='line_1_81' title="bbox 2197 3579 3789 3653; baseline -0.005 -15"><span class='ocrx_word' id='word_1_536' title='bbox 2197 3585 2512 3638; x_wconf 90' lang='lat' dir='ltr'>dormitum</span> <span class='ocrx_word' id='word_1_537' title='bbox 2561 3601 2620 3638; x_wconf 92' lang='lat' dir='ltr'>se</span> <span class='ocrx_word' id='word_1_538' title='bbox 2668 3585 2883 3638; x_wconf 89' lang='lat' dir='ltr'>circum</span> <span class='ocrx_word' id='word_1_539' title='bbox 2934 3581 3159 3636; x_wconf 88' lang='lat' dir='ltr'>locavit.</span> <span class='ocrx_word' id='word_1_540' title='bbox 3191 3582 3360 3635; x_wconf 81' lang='lat' dir='ltr'>Mane</span> <span class='ocrx_word' id='word_1_541' title='bbox 3416 3579 3789 3653; x_wconf 77' lang='lat' dir='ltr'>expergefacti,</span> 
     </span>
    </p>
   </div>
   <div class='ocr_carea' id='block_1_82' title="bbox 2198 3669 3790 3743">
    <p class='ocr_par' dir='ltr' id='par_1_82' title="bbox 2198 3669 3790 3743">
     <span class='ocr_line' id='line_1_82' title="bbox 2198 3669 3790 3743; baseline -0.003 -19"><span class='ocrx_word' id='word_1_542' title='bbox 2198 3673 2408 3738; x_wconf 84' lang='lat' dir='ltr'>vident,</span> <span class='ocrx_word' id='word_1_543' title='bbox 2443 3672 2730 3743; x_wconf 90' lang='lat' dir='ltr'>insperato</span> <span class='ocrx_word' id='word_1_544' title='bbox 2782 3675 2838 3725; x_wconf 90' lang='lat' dir='ltr'>et</span> <span class='ocrx_word' id='word_1_545' title='bbox 2861 3670 2986 3724; x_wconf 91' lang='lat' dir='ltr'>sine</span> <span class='ocrx_word' id='word_1_546' title='bbox 3015 3686 3119 3723; x_wconf 89' lang='lat' dir='ltr'>sua</span> <span class='ocrx_word' id='word_1_547' title='bbox 3148 3669 3415 3736; x_wconf 56' lang='lat' dir='ltr'>laesione,</span> <span class='ocrx_word' id='word_1_548' title='bbox 3449 3671 3591 3724; x_wconf 86' lang='lat' dir='ltr'>telas</span> <span class='ocrx_word' id='word_1_549' title='bbox 3615 3673 3669 3722; x_wconf 89' lang='lat' dir='ltr'>et</span> <span class='ocrx_word' id='word_1_550' title='bbox 3689 3682 3790 3740; x_wconf 63' lang='lat' dir='ltr'>qua:</span> 
     </span>
    </p>
   </div>
   <div class='ocr_carea' id='block_1_83' title="bbox 2195 3760 3053 3832">
    <p class='ocr_par' dir='ltr' id='par_1_83' title="bbox 2195 3760 3053 3832">
     <span class='ocr_line' id='line_1_83' title="bbox 2195 3760 3053 3832; baseline -0.005 -18"><span class='ocrx_word' id='word_1_551' title='bbox 2195 3760 2599 3832; x_wconf 86' lang='lat' dir='ltr'>deposuerant,</span> <span class='ocrx_word' id='word_1_552' title='bbox 2628 3760 2893 3814; x_wconf 90' lang='lat' dir='ltr'>ambusta</span> <span class='ocrx_word' id='word_1_553' title='bbox 2911 3774 3053 3811; x_wconf 88' lang='lat' dir='ltr'>esse.</span> 
     </span>
    </p>
   </div>
   <div class='ocr_carea' id='block_1_84' title="bbox 2265 3843 3791 3919">
    <p class='ocr_par' dir='ltr' id='par_1_84' title="bbox 2265 3843 3791 3919">
     <span class='ocr_line' id='line_1_84' title="bbox 2265 3843 3791 3919; baseline -0.005 -17"><span class='ocrx_word' id='word_1_554' title='bbox 2265 3853 2317 3903; x_wconf 89' lang='lat'>9.</span> <span class='ocrx_word' id='word_1_555' title='bbox 2351 3850 2445 3902; x_wconf 90' lang='lat' dir='ltr'>Est</span> <span class='ocrx_word' id='word_1_556' title='bbox 2468 3851 2749 3919; x_wconf 72' lang='lat' dir='ltr'>praeterea</span> <span class='ocrx_word' id='word_1_557' title='bbox 2777 3844 3220 3917; x_wconf 77' lang='lat' dir='ltr'>phylacterium,</span> <span class='ocrx_word' id='word_1_558' title='bbox 3253 3845 3424 3916; x_wconf 87' lang='lat' dir='ltr'>quod</span> <span class='ocrx_word' id='word_1_559' title='bbox 3467 3861 3596 3899; x_wconf 88' lang='lat' dir='ltr'>vere</span> <span class='ocrx_word' id='word_1_560' title='bbox 3621 3843 3791 3899; x_wconf 86' lang='lat' dir='ltr'>dicitur</span> 
     </span>
    </p>
   </div>
   <div class='ocr_carea' id='block_1_85' title="bbox 2195 3931 3793 4004">
    <p class='ocr_par' dir='ltr' id='par_1_85' title="bbox 2195 3931 3793 4004">
     <span class='ocr_line' id='line_1_85' title="bbox 2195 3931 3793 4004; baseline -0.001 -16"><span class='ocrx_word' id='word_1_561' title='bbox 2195 3933 2252 3988; x_wconf 93' lang='lat' dir='ltr'>S.</span> <span class='ocrx_word' id='word_1_562' title='bbox 2288 3933 2598 3989; x_wconf 87' lang='lat' dir='ltr'>Landoaldi</span> <span class='ocrx_word' id='word_1_563' title='bbox 2629 3933 2802 3988; x_wconf 87' lang='lat' dir='ltr'>fuisse</span> <span class='ocrx_word' id='word_1_564' title='bbox 2831 3931 3154 4004; x_wconf 87' lang='lat' dir='ltr'>proprium,</span> <span class='ocrx_word' id='word_1_565' title='bbox 3173 3931 3230 3984; x_wconf 91' lang='lat' dir='ltr'>in</span> <span class='ocrx_word' id='word_1_566' title='bbox 3261 3948 3384 4002; x_wconf 89' lang='lat' dir='ltr'>quo</span> <span class='ocrx_word' id='word_1_567' title='bbox 3408 3933 3511 4003; x_wconf 88' lang='lat' dir='ltr'>qui</span> <span class='ocrx_word' id='word_1_568' title='bbox 3534 3934 3793 4003; x_wconf 78' lang='lat' dir='ltr'>perjurare</span> 
     </span>
    </p>
   </div>
   <div class='ocr_carea' id='block_1_86' title="bbox 2193 4017 3791 4093">
    <p class='ocr_par' dir='ltr' id='par_1_86' title="bbox 2193 4017 3791 4093">
     <span class='ocr_line' id='line_1_86' title="bbox 2193 4017 3791 4093; baseline -0.003 -19"><span class='ocrx_word' id='word_1_569' title='bbox 2193 4022 2632 4093; x_wconf 67' lang='lat' dir='ltr'>praesumitmon</span> <span class='ocrx_word' id='word_1_570' title='bbox 2656 4021 2972 4092; x_wconf 90' lang='lat' dir='ltr'>impunitus</span> <span class='ocrx_word' id='word_1_571' title='bbox 2989 4019 3527 4073; x_wconf 85' lang='lat' dir='ltr'>abscedit.Familia</span> <span class='ocrx_word' id='word_1_572' title='bbox 3540 4021 3662 4090; x_wconf 90' lang='lat' dir='ltr'>plus</span> <span class='ocrx_word' id='word_1_573' title='bbox 3679 4017 3791 4070; x_wconf 89' lang='lat' dir='ltr'>duo-</span> 
     </span>
    </p>
   </div>
   <div class='ocr_carea' id='block_1_87' title="bbox 2196 4103 3794 4175">
    <p class='ocr_par' dir='ltr' id='par_1_87' title="bbox 2196 4103 3794 4175">
     <span class='ocr_line' id='line_1_87' title="bbox 2196 4103 3794 4175; baseline -0.004 -13"><span class='ocrx_word' id='word_1_574' title='bbox 2196 4108 2382 4164; x_wconf 87' lang='lat' dir='ltr'>decim</span> <span class='ocrx_word' id='word_1_575' title='bbox 2407 4109 2660 4164; x_wconf 88' lang='lat' dir='ltr'>virorum</span> <span class='ocrx_word' id='word_1_576' title='bbox 2693 4125 2754 4162; x_wconf 89' lang='lat' dir='ltr'>ac</span> <span class='ocrx_word' id='word_1_577' title='bbox 2786 4107 3115 4170; x_wconf 87' lang='lat' dir='ltr'>mulierem,</span> <span class='ocrx_word' id='word_1_578' title='bbox 3144 4106 3393 4175; x_wconf 84' lang='lat' dir='ltr'>Witgeri</span> <span class='ocrx_word' id='word_1_579' title='bbox 3440 4111 3500 4161; x_wconf 88' lang='lat' dir='ltr'>et</span> <span class='ocrx_word' id='word_1_580' title='bbox 3540 4103 3794 4160; x_wconf 83' lang='lat' dir='ltr'>Lamberti</span> 
     </span>
    </p>
   </div>
   <div class='ocr_carea' id='block_1_88' title="bbox 2195 4190 3792 4265">
    <p class='ocr_par' dir='ltr' id='par_1_88' title="bbox 2195 4190 3792 4265">
     <span class='ocr_line' id='line_1_88' title="bbox 2195 4190 3792 4265; baseline -0.005 -16"><span class='ocrx_word' id='word_1_581' title='bbox 2195 4196 2436 4250; x_wconf 88' lang='lat' dir='ltr'>fratrum</span> <span class='ocrx_word' id='word_1_582' title='bbox 2455 4199 2913 4262; x_wconf 89' lang='lat' dir='ltr'>sacramento,ne</span> <span class='ocrx_word' id='word_1_583' title='bbox 2931 4192 3369 4264; x_wconf 87' lang='lat' dir='ltr'>aufugerent,in</span> <span class='ocrx_word' id='word_1_584' title='bbox 3387 4210 3461 4248; x_wconf 90' lang='lat' dir='ltr'>eo</span> <span class='ocrx_word' id='word_1_585' title='bbox 3474 4190 3792 4265; x_wconf 86' lang='lat' dir='ltr'>phylacterio</span> 
     </span>
    </p>
   </div>
   <div class='ocr_carea' id='block_1_89' title="bbox 2195 4279 3793 4356">
    <p class='ocr_par' dir='ltr' id='par_1_89' title="bbox 2195 4279 3793 4356">
     <span class='ocr_line' id='line_1_89' title="bbox 2195 4279 3793 4356; baseline -0.003 -20"><span class='ocrx_word' id='word_1_586' title='bbox 2195 4287 2279 4337; x_wconf 90' lang='lat' dir='ltr'>est</span> <span class='ocrx_word' id='word_1_587' title='bbox 2297 4284 2569 4338; x_wconf 90' lang='lat' dir='ltr'>obstricta</span> <span class='ocrx_word' id='word_1_588' title='bbox 2597 4300 2608 4337; x_wconf 92' lang='lat'><strong>:</strong></span> <span class='ocrx_word' id='word_1_589' title='bbox 2634 4283 2789 4356; x_wconf 92' lang='lat' dir='ltr'>quod</span> <span class='ocrx_word' id='word_1_590' title='bbox 2814 4282 3041 4336; x_wconf 89' lang='lat' dir='ltr'>irritum</span> <span class='ocrx_word' id='word_1_591' title='bbox 3076 4281 3313 4346; x_wconf 91' lang='lat' dir='ltr'>ducens,</span> <span class='ocrx_word' id='word_1_592' title='bbox 3350 4281 3597 4352; x_wconf 90' lang='lat' dir='ltr'>insuper</span> <span class='ocrx_word' id='word_1_593' title='bbox 3616 4284 3669 4333; x_wconf 90' lang='lat' dir='ltr'>et</span> <span class='ocrx_word' id='word_1_594' title='bbox 3696 4279 3793 4332; x_wconf 85' lang='lat' dir='ltr'>the-</span> 
     </span>
    </p>
   </div>
   <div class='ocr_carea' id='block_1_90' title="bbox 488 4365 3794 4445">
    <p class='ocr_par' dir='ltr' id='par_1_90' title="bbox 488 4365 3794 4445">
     <span class='ocr_line' id='line_1_90' title="bbox 488 4365 3794 4445; baseline -0.002 -17"><span class='ocrx_word' id='word_1_595' title='bbox 488 4377 637 4430; x_wconf 89' lang='lat' dir='ltr'>terat</span> <span class='ocrx_word' id='word_1_596' title='bbox 665 4377 1000 4445; x_wconf 88' lang='lat' dir='ltr'>procurator</span> <span class='ocrx_word' id='word_1_597' title='bbox 1034 4377 1092 4429; x_wconf 87' lang='lat' dir='ltr'>et</span> <span class='ocrx_word' id='word_1_598' title='bbox 1118 4374 1352 4428; x_wconf 86' lang='lat' dir='ltr'>villicus.</span> <span class='ocrx_word' id='word_1_599' title='bbox 1408 4373 1826 4428; x_wconf 83' lang='lat' dir='ltr'>Hildebrandus</span> <span class='ocrx_word' id='word_1_600' title='bbox 1863 4389 2093 4443; x_wconf 92' lang='lat' dir='ltr'>quoque</span> <span class='ocrx_word' id='word_1_601' title='bbox 2116 4365 2167 4424; x_wconf 90' lang='lat' dir='ltr'>D</span> <span class='ocrx_word' id='word_1_602' title='bbox 2194 4372 2499 4426; x_wconf 90' lang='lat' dir='ltr'>saurumin</span> <span class='ocrx_word' id='word_1_603' title='bbox 2512 4371 2717 4426; x_wconf 89' lang='lat' dir='ltr'>eadem</span> <span class='ocrx_word' id='word_1_604' title='bbox 2729 4369 2967 4424; x_wconf 89' lang='lat' dir='ltr'>ecclesia</span> <span class='ocrx_word' id='word_1_605' title='bbox 2979 4367 3357 4423; x_wconf 90' lang='lat' dir='ltr'>dominorum</span> <span class='ocrx_word' id='word_1_606' title='bbox 3372 4386 3615 4424; x_wconf 89' lang='lat' dir='ltr'>suorum</span> <span class='ocrx_word' id='word_1_607' title='bbox 3628 4383 3794 4422; x_wconf 85' lang='lat' dir='ltr'>recon-</span> 
     </span>
    </p>
   </div>
   <div class='ocr_carea' id='block_1_91' title="bbox 488 4463 2094 4534">
    <p class='ocr_par' dir='ltr' id='par_1_91' title="bbox 488 4463 2094 4534">
     <span class='ocr_line' id='line_1_91' title="bbox 488 4463 2094 4534; baseline -0.001 -19"><span class='ocrx_word' id='word_1_608' title='bbox 488 4463 803 4532; x_wconf 85' lang='lat' dir='ltr'>presbyter,</span> <span class='ocrx_word' id='word_1_609' title='bbox 827 4479 1000 4534; x_wconf 89' lang='lat' dir='ltr'>quem</span> <span class='ocrx_word' id='word_1_610' title='bbox 1038 4463 1272 4534; x_wconf 91' lang='lat' dir='ltr'>propria</span> <span class='ocrx_word' id='word_1_611' title='bbox 1299 4479 1476 4516; x_wconf 87' lang='lat' dir='ltr'>manu</span> <span class='ocrx_word' id='word_1_612' title='bbox 1505 4464 1642 4516; x_wconf 89' lang='lat' dir='ltr'>ante</span> <span class='ocrx_word' id='word_1_613' title='bbox 1675 4477 1884 4532; x_wconf 88' lang='lat' dir='ltr'>paucos</span> <span class='ocrx_word' id='word_1_614' title='bbox 1910 4477 2094 4515; x_wconf 89' lang='lat' dir='ltr'>annos</span> 
     </span>
    </p>
   </div>
   <div class='ocr_carea' id='block_1_92' title="bbox 487 4549 2092 4623">
    <p class='ocr_par' dir='ltr' id='par_1_92' title="bbox 487 4549 2092 4623">
     <span class='ocr_line' id='line_1_92' title="bbox 487 4549 2092 4623; baseline -0.001 -20"><span class='ocrx_word' id='word_1_615' title='bbox 487 4550 789 4604; x_wconf 89' lang='lat' dir='ltr'>tumulavit</span> <span class='ocrx_word' id='word_1_616' title='bbox 809 4551 1146 4606; x_wconf 88' lang='lat' dir='ltr'>Sarabertus</span> <span class='ocrx_word' id='word_1_617' title='bbox 1166 4569 1329 4623; x_wconf 81' lang='lat' dir='ltr'>aeque</span> <span class='ocrx_word' id='word_1_618' title='bbox 1342 4552 1660 4622; x_wconf 76' lang='lat' dir='ltr'>presbyter,</span> <span class='ocrx_word' id='word_1_619' title='bbox 1679 4550 1846 4620; x_wconf 90' lang='lat' dir='ltr'>hujus</span> <span class='ocrx_word' id='word_1_620' title='bbox 1872 4549 2092 4603; x_wconf 68' lang='lat' dir='ltr'>notitiae</span> 
     </span>
    </p>
   </div>
   <div class='ocr_carea' id='block_1_93' title="bbox 488 4636 2091 4709">
    <p class='ocr_par' dir='ltr' id='par_1_93' title="bbox 488 4636 2091 4709">
     <span class='ocr_line' id='line_1_93' title="bbox 488 4636 2091 4709; baseline -0.001 -18"><span class='ocrx_word' id='word_1_621' title='bbox 488 4637 702 4691; x_wconf 87' lang='lat' dir='ltr'>relator</span> <span class='ocrx_word' id='word_1_622' title='bbox 730 4636 1113 4705; x_wconf 83' lang='lat' dir='ltr'>fidelissimus,</span> <span class='ocrx_word' id='word_1_623' title='bbox 1146 4639 1243 4709; x_wconf 90' lang='lat' dir='ltr'>qui</span> <span class='ocrx_word' id='word_1_624' title='bbox 1275 4641 1332 4692; x_wconf 90' lang='lat' dir='ltr'>et</span> <span class='ocrx_word' id='word_1_625' title='bbox 1360 4639 1502 4706; x_wconf 73' lang='lat' dir='ltr'>haec,</span> <span class='ocrx_word' id='word_1_626' title='bbox 1530 4654 1657 4709; x_wconf 80' lang='lat' dir='ltr'>quae</span> <span class='ocrx_word' id='word_1_627' title='bbox 1688 4636 2091 4708; x_wconf 66' lang='lat' dir='ltr'>praemisimus,</span> 
     </span>
    </p>
   </div>
   <div class='ocr_carea' id='block_1_94' title="bbox 558 4740 2095 4814">
    <p class='ocr_par' dir='ltr' id='par_1_94' title="bbox 558 4740 2095 4814">
     <span class='ocr_line' id='line_1_94' title="bbox 558 4740 2095 4814; baseline -0.001 -17"><span class='ocrx_word' id='word_1_628' title='bbox 558 4745 702 4814; x_wconf 77' lang='lat'>(526)</span> <span class='ocrx_word' id='word_1_629' title='bbox 720 4740 1080 4814; x_wconf 82' lang='lat' dir='ltr'>_Childericus</span> <span class='ocrx_word' id='word_1_630' title='bbox 1110 4742 1328 4814; x_wconf 85' lang='lat' dir='ltr'>incepit</span> <span class='ocrx_word' id='word_1_631' title='bbox 1368 4759 1509 4814; x_wconf 92' lang='lat' dir='ltr'>puer</span> <span class='ocrx_word' id='word_1_632' title='bbox 1538 4759 1786 4814; x_wconf 89' lang='lat' dir='ltr'>regnare</span> <span class='ocrx_word' id='word_1_633' title='bbox 1815 4758 1943 4796; x_wconf 90' lang='lat' dir='ltr'>cum</span> <span class='ocrx_word' id='word_1_634' title='bbox 1976 4743 2095 4814; x_wconf 85' lang='lat' dir='ltr'>lm-</span> 
     </span>
    </p>
   </div>
   <div class='ocr_carea' id='block_1_95' title="bbox 492 4811 2092 4885">
    <p class='ocr_par' dir='ltr' id='par_1_95' title="bbox 492 4811 2092 4885">
     <span class='ocr_line' id='line_1_95' title="bbox 492 4811 2092 4885; baseline -0.002 -17"><span class='ocrx_word' id='word_1_635' title='bbox 492 4811 774 4868; x_wconf 89' lang='lat' dir='ltr'>mechilde</span> <span class='ocrx_word' id='word_1_636' title='bbox 803 4811 974 4885; x_wconf 79' lang='lat' dir='ltr'>vidua</span> <span class='ocrx_word' id='word_1_637' title='bbox 1003 4811 1287 4885; x_wconf 79' lang='lat' dir='ltr'>Sigeberti</span> <span class='ocrx_word' id='word_1_638' title='bbox 1339 4811 1526 4885; x_wconf 72' lang='lat' dir='ltr'>patrui</span> <span class='ocrx_word' id='word_1_639' title='bbox 1565 4811 1638 4868; x_wconf 87' lang='lat' dir='ltr'>ab</span> <span class='ocrx_word' id='word_1_640' title='bbox 1668 4828 1822 4866; x_wconf 89' lang='lat' dir='ltr'>anno</span> <span class='ocrx_word' id='word_1_641' title='bbox 1854 4814 1977 4878; x_wconf 77' lang='grc'>644,</span> <span class='ocrx_word' id='word_1_642' title='bbox 2009 4813 2092 4866; x_wconf 89' lang='lat' dir='ltr'>fa-</span> 
     </span>
    </p>
   </div>
   <div class='ocr_carea' id='block_1_96' title="bbox 491 4882 1866 4949">
    <p class='ocr_par' dir='ltr' id='par_1_96' title="bbox 491 4882 1866 4949">
     <span class='ocr_line' id='line_1_96' title="bbox 491 4882 1866 4949; baseline 0 -13"><span class='ocrx_word' id='word_1_643' title='bbox 491 4885 612 4937; x_wconf 89' lang='lat' dir='ltr'>ctus</span> <span class='ocrx_word' id='word_1_644' title='bbox 640 4882 957 4936; x_wconf 86' lang='lat' dir='ltr'>monarcha</span> <span class='ocrx_word' id='word_1_645' title='bbox 990 4882 1144 4937; x_wconf 80' lang='lat' dir='ltr'>anno</span> <span class='ocrx_word' id='word_1_646' title='bbox 1175 4888 1297 4949; x_wconf 86' lang='lat'>676,</span> <span class='ocrx_word' id='word_1_647' title='bbox 1323 4882 1540 4937; x_wconf 90' lang='lat' dir='ltr'>occisus</span> <span class='ocrx_word' id='word_1_648' title='bbox 1560 4899 1715 4937; x_wconf 86' lang='lat' dir='ltr'>anno</span> <span class='ocrx_word' id='word_1_649' title='bbox 1743 4886 1804 4935; x_wconf 78' lang='lat'>67</span> <span class='ocrx_word' id='word_1_650' title='bbox 1815 4885 1866 4936; x_wconf 91' lang='lat'>9.</span> 
     </span>
    </p>
   </div>
   <div class='ocr_carea' id='block_1_97' title="bbox 567 4952 2094 5026">
    <p class='ocr_par' dir='ltr' id='par_1_97' title="bbox 567 4952 2094 5026">
     <span class='ocr_line' id='line_1_97' title="bbox 567 4952 2094 5026; baseline -0.001 -19"><span class='ocrx_word' id='word_1_651' title='bbox 567 4953 719 5026; x_wconf 70' lang='grc'>(527)</span> <span class='ocrx_word' id='word_1_652' title='bbox 739 4953 975 5026; x_wconf 71' lang='lat' dir='ltr'>Exstant</span> <span class='ocrx_word' id='word_1_653' title='bbox 995 4954 1310 5026; x_wconf 83' lang='lat' dir='ltr'>diplomata</span> <span class='ocrx_word' id='word_1_654' title='bbox 1350 4953 1670 5026; x_wconf 7' lang='lat' dir='ltr'>Childericiq</span> <span class='ocrx_word' id='word_1_655' title='bbox 1704 4952 1931 5026; x_wconf 81' lang='lat' dir='ltr'>signata</span> <span class='ocrx_word' id='word_1_656' title='bbox 1957 4953 2094 5006; x_wconf 90' lang='lat' dir='ltr'>Tra-</span> 
     </span>
    </p>
   </div>
   <div class='ocr_carea' id='block_1_98' title="bbox 483 5021 2096 5096">
    <p class='ocr_par' dir='ltr' id='par_1_98' title="bbox 483 5021 2096 5096">
     <span class='ocr_line' id='line_1_98' title="bbox 483 5021 2096 5096; baseline 0 -20"><span class='ocrx_word' id='word_1_657' title='bbox 483 5021 643 5093; x_wconf 86' lang='lat' dir='ltr'>jecti,</span> <span class='ocrx_word' id='word_1_658' title='bbox 666 5021 765 5096; x_wconf 85' lang='lat' dir='ltr'>ubi</span> <span class='ocrx_word' id='word_1_659' title='bbox 793 5021 1014 5096; x_wconf 87' lang='lat' dir='ltr'>videtur</span> <span class='ocrx_word' id='word_1_660' title='bbox 1031 5021 1182 5096; x_wconf 66' lang='lat' dir='ltr'>saepe</span> <span class='ocrx_word' id='word_1_661' title='bbox 1207 5024 1398 5096; x_wconf 83' lang='lat' dir='ltr'>fuisse.</span> <span class='ocrx_word' id='word_1_662' title='bbox 1428 5024 1602 5096; x_wconf 81' lang='lat' dir='ltr'>Sedes</span> <span class='ocrx_word' id='word_1_663' title='bbox 1622 5024 1744 5096; x_wconf 83' lang='lat' dir='ltr'>ejus</span> <span class='ocrx_word' id='word_1_664' title='bbox 1765 5021 1826 5096; x_wconf 73' lang='lat' dir='ltr'>et</span> <span class='ocrx_word' id='word_1_665' title='bbox 1849 5023 2096 5096; x_wconf 76' lang='lat' dir='ltr'>aliorum</span> 
     </span>
    </p>
   </div>
   <div class='ocr_carea' id='block_1_99' title="bbox 487 5093 2096 5174">
    <p class='ocr_par' dir='ltr' id='par_1_99' title="bbox 487 5093 2096 5174">
     <span class='ocr_line' id='line_1_99' title="bbox 487 5093 2096 5174; baseline 0 -27"><span class='ocrx_word' id='word_1_666' title='bbox 487 5109 696 5174; x_wconf 73' lang='lat' dir='ltr'>regum</span> <span class='ocrx_word' id='word_1_667' title='bbox 726 5093 1148 5148; x_wconf 77' lang='lat' dir='ltr'>Austrasiorum</span> <span class='ocrx_word' id='word_1_668' title='bbox 1175 5094 1537 5165; x_wconf 88' lang='lat' dir='ltr'>potissimum</span> <span class='ocrx_word' id='word_1_669' title='bbox 1567 5093 1676 5148; x_wconf 86' lang='lat' dir='ltr'>fuit</span> <span class='ocrx_word' id='word_1_670' title='bbox 1722 5094 1858 5148; x_wconf 89' lang='lat' dir='ltr'>urbs</span> <span class='ocrx_word' id='word_1_671' title='bbox 1885 5094 2096 5148; x_wconf 82' lang='lat' dir='ltr'>Meten-</span> 
     </span>
    </p>
   </div>
   <div class='ocr_carea' id='block_1_100' title="bbox 561 5231 2102 5306">
    <p class='ocr_par' dir='ltr' id='par_1_100' title="bbox 561 5231 2102 5306">
     <span class='ocr_line' id='line_1_100' title="bbox 561 5231 2102 5306; baseline -0.003 -14"><span class='ocrx_word' id='word_1_672' title='bbox 561 5233 708 5306; x_wconf 82' lang='lat'><strong>(528)</strong></span> <span class='ocrx_word' id='word_1_673' title='bbox 749 5231 931 5290; x_wconf 86' lang='lat' dir='ltr'>Distat</span> <span class='ocrx_word' id='word_1_674' title='bbox 955 5234 1213 5306; x_wconf 87' lang='lat' dir='ltr'>Trajecto</span> <span class='ocrx_word' id='word_1_675' title='bbox 1263 5233 1717 5289; x_wconf 78' lang='lat' dir='ltr'>Winteshovium</span> <span class='ocrx_word' id='word_1_676' title='bbox 1767 5237 1834 5290; x_wconf 87' lang='lat'>30</span> <span class='ocrx_word' id='word_1_677' title='bbox 1872 5233 2102 5290; x_wconf 87' lang='lat' dir='ltr'>circiter</span> 
     </span>
    </p>
   </div>
   <div class='ocr_carea' id='block_1_101' title="bbox 491 5305 1067 5378">
    <p class='ocr_par' dir='ltr' id='par_1_101' title="bbox 491 5305 1067 5378">
     <span class='ocr_line' id='line_1_101' title="bbox 491 5305 1067 5378; baseline -0.002 -16"><span class='ocrx_word' id='word_1_678' title='bbox 491 5305 762 5378; x_wconf 73' lang='lat' dir='ltr'>millibus</span> <span class='ocrx_word' id='word_1_679' title='bbox 776 5321 1067 5378; x_wconf 61' lang='lat' dir='ltr'>passuum,</span> 
     </span>
    </p>
   </div>
   <div class='ocr_carea' id='block_1_102' title="bbox 567 5373 2100 5449">
    <p class='ocr_par' dir='ltr' id='par_1_102' title="bbox 567 5373 2100 5449">
     <span class='ocr_line' id='line_1_102' title="bbox 567 5373 2100 5449; baseline 0 -17"><span class='ocrx_word' id='word_1_680' title='bbox 567 5377 711 5449; x_wconf 60' lang='grc' dir='ltr'>ιδῃ)</span> <span class='ocrx_word' id='word_1_681' title='bbox 743 5373 992 5449; x_wconf 68' lang='grc' dir='ltr'>Ιῇίειϋεί</span> <span class='ocrx_word' id='word_1_682' title='bbox 1021 5374 1250 5449; x_wconf 82' lang='lat' dir='ltr'>videtur</span> <span class='ocrx_word' id='word_1_683' title='bbox 1300 5373 1544 5449; x_wconf 83' lang='lat' dir='ltr'>irruptio</span> <span class='ocrx_word' id='word_1_684' title='bbox 1598 5373 1747 5449; x_wconf 80' lang='lat' dir='ltr'>facta</span> <span class='ocrx_word' id='word_1_685' title='bbox 1774 5391 1949 5449; x_wconf 75' lang='lat' dir='ltr'>anno</span> <span class='ocrx_word' id='word_1_686' title='bbox 1977 5377 2100 5449; x_wconf 63' lang='grc'>881,</span> 
     </span>
    </p>
   </div>
   <div class='ocr_carea' id='block_1_103' title="bbox 493 5445 2104 5574">
    <p class='ocr_par' dir='ltr' id='par_1_103' title="bbox 493 5445 2104 5574">
     <span class='ocr_line' id='line_1_103' title="bbox 493 5445 2104 5574; baseline -0.001 -72"><span class='ocrx_word' id='word_1_687' title='bbox 493 5445 728 5574; x_wconf 59' lang='lat' dir='ltr'>quando</span> <span class='ocrx_word' id='word_1_688' title='bbox 755 5445 1048 5530; x_wconf 66' lang='lat' dir='ltr'>devastata</span> <span class='ocrx_word' id='word_1_689' title='bbox 1094 5449 1152 5501; x_wconf 91' lang='lat' dir='ltr'>et</span> <span class='ocrx_word' id='word_1_690' title='bbox 1189 5445 1724 5528; x_wconf 68' lang='lat' dir='ltr'>incensa&#39;leguntur</span> <span class='ocrx_word' id='word_1_691' title='bbox 1770 5445 1830 5500; x_wconf 90' lang='lat' dir='ltr'>in</span> <span class='ocrx_word' id='word_1_692' title='bbox 1867 5445 2104 5529; x_wconf 73' lang='lat' dir='ltr'>Annali-</span> 
     </span>
     <span class='ocr_line' id='line_1_104' title="bbox 537 5515 2104 5574; baseline 0.001 -2"><span class='ocrx_word' id='word_1_693' title='bbox 537 5534 601 5572; x_wconf 88' lang='lat' dir='ltr'>us</span> <span class='ocrx_word' id='word_1_694' title='bbox 673 5517 1070 5574; x_wconf 79' lang='lat' dir='ltr'>Fuldensibus.</span> <span class='ocrx_word' id='word_1_695' title='bbox 1145 5517 1475 5574; x_wconf 71' lang='lat' dir='ltr'>Traiectum.</span> <span class='ocrx_word' id='word_1_696' title='bbox 1531 5515 1810 5574; x_wconf 63' lang='lat' dir='ltr'>Icadium.</span> <span class='ocrx_word' id='word_1_697' title='bbox 1876 5517 2104 5574; x_wconf 68' lang='lat' dir='ltr'>Tungri.</span> 
     </span>
    </p>
   </div>
   <div class='ocr_carea' id='block_1_104' title="bbox 537 5515 2106 5589">
    <p class='ocr_par' dir='ltr' id='par_1_104' title="bbox 537 5515 2106 5589">
     <span class='ocr_line' id='line_1_105' title="bbox 537 5515 2106 5589; baseline -0.002 -17"><span class='ocrx_word' id='word_1_698' title='bbox 537 5534 601 5572; x_wconf 88' lang='lat' dir='ltr'>us</span> <span class='ocrx_word' id='word_1_699' title='bbox 673 5517 1070 5589; x_wconf 79' lang='lat' dir='ltr'>Fuldensibus,</span> <span class='ocrx_word' id='word_1_700' title='bbox 1145 5517 1475 5589; x_wconf 75' lang='lat' dir='ltr'>Traiectum,</span> <span class='ocrx_word' id='word_1_701' title='bbox 1519 5515 1810 5583; x_wconf 66' lang='lat' dir='ltr'>Icadium,</span> <span class='ocrx_word' id='word_1_702' title='bbox 1876 5517 2106 5588; x_wconf 78' lang='lat' dir='ltr'>Tungri,</span> 
     </span>
    </p>
   </div>
   <div class='ocr_carea' id='block_1_105' title="bbox 483 5587 1501 5660">
    <p class='ocr_par' dir='ltr' id='par_1_105' title="bbox 483 5587 1501 5660">
     <span class='ocr_line' id='line_1_106' title="bbox 483 5587 1501 5660; baseline -0.004 -13"><span class='ocrx_word' id='word_1_703' title='bbox 483 5604 664 5660; x_wconf 60' lang='lat' dir='ltr'>pagus</span> <span class='ocrx_word' id='word_1_704' title='bbox 692 5587 1040 5647; x_wconf 73' lang='grc' dir='ltr'>Ηαεόαηίσιιε</span> <span class='ocrx_word' id='word_1_705' title='bbox 1065 5591 1122 5644; x_wconf 88' lang='lat' dir='ltr'>et</span> <span class='ocrx_word' id='word_1_706' title='bbox 1147 5587 1335 5646; x_wconf 83' lang='lat' dir='ltr'>vicina</span> <span class='ocrx_word' id='word_1_707' title='bbox 1358 5589 1501 5645; x_wconf 85' lang='lat' dir='ltr'>loca.</span> 
     </span>
    </p>
   </div>
   <div class='ocr_carea' id='block_1_106' title="bbox 2195 4456 3793 4528">
    <p class='ocr_par' dir='ltr' id='par_1_106' title="bbox 2195 4456 3793 4528">
     <span class='ocr_line' id='line_1_107' title="bbox 2195 4456 3793 4528; baseline -0.003 -14"><span class='ocrx_word' id='word_1_708' title='bbox 2195 4459 2664 4528; x_wconf 68' lang='lat' dir='ltr'>ditum,violando</span> <span class='ocrx_word' id='word_1_709' title='bbox 2686 4456 3203 4526; x_wconf 88' lang='lat' dir='ltr'>auferens,aufugit</span> <span class='ocrx_word' id='word_1_710' title='bbox 3220 4473 3234 4509; x_wconf 86' lang='lat'><strong>:</strong></span> <span class='ocrx_word' id='word_1_711' title='bbox 3250 4457 3356 4510; x_wconf 88' lang='lat' dir='ltr'>sed</span> <span class='ocrx_word' id='word_1_712' title='bbox 3378 4474 3560 4513; x_wconf 89' lang='lat' dir='ltr'>mane</span> <span class='ocrx_word' id='word_1_713' title='bbox 3581 4460 3793 4514; x_wconf 84' lang='lat' dir='ltr'>circum-</span> 
     </span>
    </p>
   </div>
   <div class='ocr_carea' id='block_1_107' title="bbox 2195 4545 3792 4619">
    <p class='ocr_par' dir='ltr' id='par_1_107' title="bbox 2195 4545 3792 4619">
     <span class='ocr_line' id='line_1_108' title="bbox 2195 4545 3792 4619; baseline -0.003 -19"><span class='ocrx_word' id='word_1_714' title='bbox 2195 4547 2344 4600; x_wconf 90' lang='lat' dir='ltr'>circa</span> <span class='ocrx_word' id='word_1_715' title='bbox 2365 4563 2398 4600; x_wconf 94' lang='lat' dir='ltr'>a</span> <span class='ocrx_word' id='word_1_716' title='bbox 2418 4546 2894 4619; x_wconf 88' lang='lat' dir='ltr'>persequentibus</span> <span class='ocrx_word' id='word_1_717' title='bbox 2915 4546 3124 4599; x_wconf 87' lang='lat' dir='ltr'>frustra</span> <span class='ocrx_word' id='word_1_718' title='bbox 3149 4545 3460 4614; x_wconf 85' lang='lat' dir='ltr'>requisita,</span> <span class='ocrx_word' id='word_1_719' title='bbox 3488 4552 3546 4600; x_wconf 91' lang='lat' dir='ltr'>et</span> <span class='ocrx_word' id='word_1_720' title='bbox 3571 4563 3603 4600; x_wconf 87' lang='lat' dir='ltr'>a</span> <span class='ocrx_word' id='word_1_721' title='bbox 3629 4561 3792 4600; x_wconf 87' lang='lat' dir='ltr'>rever-</span> 
     </span>
    </p>
   </div>
   <div class='ocr_carea' id='block_1_108' title="bbox 2198 4630 3792 4705">
    <p class='ocr_par' dir='ltr' id='par_1_108' title="bbox 2198 4630 3792 4705">
     <span class='ocr_line' id='line_1_109' title="bbox 2198 4630 3792 4705; baseline -0.002 -18"><span class='ocrx_word' id='word_1_722' title='bbox 2198 4635 2446 4690; x_wconf 91' lang='lat' dir='ltr'>tentibus</span> <span class='ocrx_word' id='word_1_723' title='bbox 2467 4636 2570 4688; x_wconf 90' lang='lat' dir='ltr'>sub</span> <span class='ocrx_word' id='word_1_724' title='bbox 2592 4636 2796 4689; x_wconf 90' lang='lat' dir='ltr'>arbore</span> <span class='ocrx_word' id='word_1_725' title='bbox 2818 4649 2997 4705; x_wconf 89' lang='lat' dir='ltr'>prope</span> <span class='ocrx_word' id='word_1_726' title='bbox 3018 4630 3317 4686; x_wconf 88' lang='lat' dir='ltr'>ecclesiam</span> <span class='ocrx_word' id='word_1_727' title='bbox 3341 4631 3647 4690; x_wconf 89' lang='lat' dir='ltr'>dormiens</span> <span class='ocrx_word' id='word_1_728' title='bbox 3664 4633 3792 4688; x_wconf 82' lang='lat' dir='ltr'>salvo</span> 
     </span>
    </p>
   </div>
   <div class='ocr_carea' id='block_1_109' title="bbox 2264 4736 3438 4811">
    <p class='ocr_par' dir='ltr' id='par_1_109' title="bbox 2264 4736 3438 4811">
     <span class='ocr_line' id='line_1_110' title="bbox 2264 4736 3438 4811; baseline -0.003 -17"><span class='ocrx_word' id='word_1_729' title='bbox 2264 4739 2405 4811; x_wconf 78' lang='lat'>(530)</span> <span class='ocrx_word' id='word_1_730' title='bbox 2434 4740 2529 4794; x_wconf 81' lang='lat' dir='ltr'>Ms.</span> <span class='ocrx_word' id='word_1_731' title='bbox 2562 4741 2773 4794; x_wconf 71' lang='lat' dir='ltr'>Rubem</span> <span class='ocrx_word' id='word_1_732' title='bbox 2801 4736 3438 4811; x_wconf 15' lang='lat' dir='ltr'>Vallis,rHy_ng_aror_um.</span> 
     </span>
    </p>
   </div>
   <div class='ocr_carea' id='block_1_110' title="bbox 2266 4805 3792 4881">
    <p class='ocr_par' dir='ltr' id='par_1_110' title="bbox 2266 4805 3792 4881">
     <span class='ocr_line' id='line_1_111' title="bbox 2266 4805 3792 4881; baseline -0.005 -15"><span class='ocrx_word' id='word_1_733' title='bbox 2266 4805 2416 4881; x_wconf 78' lang='grc'>(531)</span> <span class='ocrx_word' id='word_1_734' title='bbox 2444 4811 2696 4881; x_wconf 83' lang='lat' dir='ltr'>Hungari</span> <span class='ocrx_word' id='word_1_735' title='bbox 2726 4826 2878 4863; x_wconf 87' lang='lat' dir='ltr'>anno</span> <span class='ocrx_word' id='word_1_736' title='bbox 2927 4810 3030 4881; x_wconf 68' lang='grc'>954</span> <span class='ocrx_word' id='word_1_737' title='bbox 3079 4805 3436 4881; x_wconf 71' lang='lat' dir='ltr'>Hasbaniam</span> <span class='ocrx_word' id='word_1_738' title='bbox 3478 4809 3792 4881; x_wconf 76' lang='lat' dir='ltr'>flammast</span> 
     </span>
    </p>
   </div>
   <div class='ocr_carea' id='block_1_111' title="bbox 2195 4876 3790 4952">
    <p class='ocr_par' dir='ltr' id='par_1_111' title="bbox 2195 4876 3790 4952">
     <span class='ocr_line' id='line_1_112' title="bbox 2195 4876 3790 4952; baseline -0.003 -18"><span class='ocrx_word' id='word_1_739' title='bbox 2195 4876 2411 4952; x_wconf 83' lang='lat' dir='ltr'>rapinis</span> <span class='ocrx_word' id='word_1_740' title='bbox 2447 4876 2758 4952; x_wconf 76' lang='lat' dir='ltr'>vastarunt,</span> <span class='ocrx_word' id='word_1_741' title='bbox 2787 4879 2999 4952; x_wconf 77' lang='lat' dir='ltr'>evocati</span> <span class='ocrx_word' id='word_1_742' title='bbox 3045 4895 3084 4952; x_wconf 83' lang='lat' dir='ltr'>a_</span> <span class='ocrx_word' id='word_1_743' title='bbox 3119 4876 3393 4952; x_wconf 74' lang='lat' dir='ltr'>conrado</span> <span class='ocrx_word' id='word_1_744' title='bbox 3441 4881 3589 4952; x_wconf 85' lang='lat' dir='ltr'>duce</span> <span class='ocrx_word' id='word_1_745' title='bbox 3615 4880 3790 4934; x_wconf 85' lang='lat' dir='ltr'>Lotba-</span> 
     </span>
    </p>
   </div>
   <div class='ocr_carea' id='block_1_112' title="bbox 2199 4948 3790 5024">
    <p class='ocr_par' dir='ltr' id='par_1_112' title="bbox 2199 4948 3790 5024">
     <span class='ocr_line' id='line_1_113' title="bbox 2199 4948 3790 5024; baseline -0.004 -20"><span class='ocrx_word' id='word_1_746' title='bbox 2199 4948 2423 5024; x_wconf 71' lang='lat' dir='ltr'>ringim,</span> <span class='ocrx_word' id='word_1_747' title='bbox 2455 4948 3263 5024; x_wconf 73' lang='lat' dir='ltr'>utFrodoardus,Sigebertus</span> <span class='ocrx_word' id='word_1_748' title='bbox 3294 4952 3356 5000; x_wconf 86' lang='lat' dir='ltr'>et</span> <span class='ocrx_word' id='word_1_749' title='bbox 3388 4951 3488 5024; x_wconf 84' lang='lat' dir='ltr'>alii</span> <span class='ocrx_word' id='word_1_750' title='bbox 3518 4954 3790 5024; x_wconf 75' lang='lat' dir='ltr'>testantur.</span> 
     </span>
    </p>
   </div>
   <div class='ocr_carea' id='block_1_113' title="bbox 2268 5021 3795 5093">
    <p class='ocr_par' dir='ltr' id='par_1_113' title="bbox 2268 5021 3795 5093">
     <span class='ocr_line' id='line_1_114' title="bbox 2268 5021 3795 5093; baseline -0.001 -18"><span class='ocrx_word' id='word_1_751' title='bbox 2268 5021 2418 5093; x_wconf 81' lang='grc'>(532)</span> <span class='ocrx_word' id='word_1_752' title='bbox 2456 5021 2747 5093; x_wconf 82' lang='lat' dir='ltr'>Dispersis</span> <span class='ocrx_word' id='word_1_753' title='bbox 2788 5021 3389 5093; x_wconf 78' lang='lat' dir='ltr'>per_Normanni_cam_</span> <span class='ocrx_word' id='word_1_754' title='bbox 3437 5021 3795 5093; x_wconf 64' lang='lat' dir='ltr'>irruptioneu}</span> 
     </span>
    </p>
   </div>
   <div class='ocr_carea' id='block_1_114' title="bbox 2200 5085 3796 5162">
    <p class='ocr_par' dir='ltr' id='par_1_114' title="bbox 2200 5085 3796 5162">
     <span class='ocr_line' id='line_1_115' title="bbox 2200 5085 3796 5162; baseline -0.003 -17"><span class='ocrx_word' id='word_1_755' title='bbox 2200 5085 2517 5162; x_wconf 82' lang='lat' dir='ltr'>monachis,</span> <span class='ocrx_word' id='word_1_756' title='bbox 2548 5085 2803 5162; x_wconf 58' lang='lat' dir='ltr'>quando&#39;</span> <span class='ocrx_word' id='word_1_757' title='bbox 2829 5091 2978 5162; x_wconf 87' lang='lat' dir='ltr'>Elias</span> <span class='ocrx_word' id='word_1_758' title='bbox 3023 5088 3201 5162; x_wconf 74' lang='lat' dir='ltr'>abbas</span> <span class='ocrx_word' id='word_1_759' title='bbox 3231 5085 3503 5162; x_wconf 87' lang='lat' dir='ltr'>Lauduni</span> <span class='ocrx_word' id='word_1_760' title='bbox 3536 5085 3796 5162; x_wconf 38' lang='grc' dir='ltr'>ἄπο-895</span> 
     </span>
    </p>
   </div>
   <div class='ocr_carea' id='block_1_115' title="bbox 2202 5158 3797 5232">
    <p class='ocr_par' dir='ltr' id='par_1_115' title="bbox 2202 5158 3797 5232">
     <span class='ocr_line' id='line_1_116' title="bbox 2202 5158 3797 5232; baseline -0.004 -17"><span class='ocrx_word' id='word_1_761' title='bbox 2202 5162 2363 5227; x_wconf 91' lang='lat' dir='ltr'>obiit,</span> <span class='ocrx_word' id='word_1_762' title='bbox 2389 5158 2602 5215; x_wconf 77' lang='lat' dir='ltr'>ibidem</span> <span class='ocrx_word' id='word_1_763' title='bbox 2648 5161 2705 5214; x_wconf 89' lang='lat' dir='ltr'>in</span> <span class='ocrx_word' id='word_1_764' title='bbox 2738 5161 2971 5214; x_wconf 85' lang='lat' dir='ltr'>ecclesia</span> <span class='ocrx_word' id='word_1_765' title='bbox 3021 5161 3078 5213; x_wconf 91' lang='lat' dir='ltr'>S.</span> <span class='ocrx_word' id='word_1_766' title='bbox 3111 5158 3375 5232; x_wconf 51' lang='lat' dir='ltr'>Vincenti</span> <span class='ocrx_word' id='word_1_767' title='bbox 3409 5159 3797 5232; x_wconf 47' lang='lat' dir='ltr'>sepultus.ﬁo-</span> 
     </span>
    </p>
   </div>
   <div class='ocr_carea' id='block_1_116' title="bbox 2204 5227 3800 5302">
    <p class='ocr_par' dir='ltr' id='par_1_116' title="bbox 2204 5227 3800 5302">
     <span class='ocr_line' id='line_1_117' title="bbox 2204 5227 3800 5302; baseline -0.003 -16"><span class='ocrx_word' id='word_1_768' title='bbox 2204 5233 2416 5286; x_wconf 91' lang='lat' dir='ltr'>nachos</span> <span class='ocrx_word' id='word_1_769' title='bbox 2447 5232 2812 5302; x_wconf 88' lang='lat' dir='ltr'>postmodum</span> <span class='ocrx_word' id='word_1_770' title='bbox 2840 5231 3211 5302; x_wconf 81' lang='lat' dir='ltr'>congregavit</span> <span class='ocrx_word' id='word_1_771' title='bbox 3229 5227 3286 5284; x_wconf 92' lang='lat' dir='ltr'>S.</span> <span class='ocrx_word' id='word_1_772' title='bbox 3321 5227 3619 5285; x_wconf 73' lang='lat' dir='ltr'>Gerardus</span> <span class='ocrx_word' id='word_1_773' title='bbox 3647 5229 3800 5302; x_wconf 83' lang='lat' dir='ltr'>abbas</span> 
     </span>
    </p>
   </div>
   <div class='ocr_carea' id='block_1_117' title="bbox 2206 5299 3806 5369">
    <p class='ocr_par' dir='ltr' id='par_1_117' title="bbox 2206 5299 3806 5369">
     <span class='ocr_line' id='line_1_118' title="bbox 2206 5299 3806 5369; baseline -0.006 -11"><span class='ocrx_word' id='word_1_774' title='bbox 2206 5299 2553 5369; x_wconf 75' lang='lat' dir='ltr'>Bronicnsis,</span> <span class='ocrx_word' id='word_1_775' title='bbox 2630 5305 2687 5356; x_wconf 91' lang='lat' dir='ltr'>et</span> <span class='ocrx_word' id='word_1_776' title='bbox 2759 5299 3176 5356; x_wconf 77' lang='lat' dir='ltr'>monasterium</span> <span class='ocrx_word' id='word_1_777' title='bbox 3244 5302 3630 5357; x_wconf 64' lang='lat' dir='ltr'>remdificavit</span> <span class='ocrx_word' id='word_1_778' title='bbox 3678 5299 3806 5352; x_wconf 76' lang='lat' dir='ltr'>circa</span> 
     </span>
    </p>
   </div>
   <div class='ocr_carea' id='block_1_118' title="bbox 2205 5375 2448 5430">
    <p class='ocr_par' dir='ltr' id='par_1_118' title="bbox 2205 5375 2448 5430">
     <span class='ocr_line' id='line_1_119' title="bbox 2205 5375 2448 5430; baseline 0 -3"><span class='ocrx_word' id='word_1_779' title='bbox 2205 5375 2448 5430; x_wconf 63' lang='lat' dir='ltr'>an.940.</span> 
     </span>
    </p>
   </div>
   <div class='ocr_carea' id='block_1_119' title="bbox 2209 5436 3808 5566">
    <p class='ocr_par' dir='ltr' id='par_1_119' title="bbox 2209 5436 3808 5566">
     <span class='ocr_line' id='line_1_120' title="bbox 2209 5436 3808 5566; baseline -0.007 -67"><span class='ocrx_word' id='word_1_780' title='bbox 2209 5516 2228 5566; x_wconf 52' lang='grc' dir='ltr'>ι</span> <span class='ocrx_word' id='word_1_781' title='bbox 2278 5445 2422 5515; x_wconf 76' lang='grc'>(533)</span> <span class='ocrx_word' id='word_1_782' title='bbox 2459 5442 2612 5496; x_wconf 86' lang='lat' dir='ltr'>Infra</span> <span class='ocrx_word' id='word_1_783' title='bbox 2639 5445 2697 5496; x_wconf 90' lang='lat' dir='ltr'>et</span> <span class='ocrx_word' id='word_1_784' title='bbox 2727 5442 2784 5496; x_wconf 93' lang='lat' dir='ltr'>in</span> <span class='ocrx_word' id='word_1_785' title='bbox 2817 5442 3110 5516; x_wconf 88' lang='lat' dir='ltr'>superiore</span> <span class='ocrx_word' id='word_1_786' title='bbox 3153 5461 3196 5497; x_wconf 64' lang='grc' dir='ltr'><strong>Γ(</strong></span> <span class='ocrx_word' id='word_1_787' title='bbox 3212 5441 3438 5502; x_wconf 81' lang='lat' dir='ltr'>latione</span> <span class='ocrx_word' id='word_1_788' title='bbox 3471 5440 3671 5495; x_wconf 75' lang='lat' dir='ltr'>Lantzo</span> <span class='ocrx_word' id='word_1_789' title='bbox 3691 5436 3808 5492; x_wconf 87' lang='lat' dir='ltr'>dici-</span> 
     </span>
     <span class='ocr_line' id='line_1_121' title="bbox 2235 5531 2318 5566; baseline 0 0"><span class='ocrx_word' id='word_1_790' title='bbox 2235 5531 2318 5566; x_wconf 89' lang='lat' dir='ltr'>ur.</span> 
     </span>
    </p>
   </div>
   <div class='ocr_carea' id='block_1_120' title="bbox 2235 5531 2318 5568">
    <p class='ocr_par' dir='ltr' id='par_1_120' title="bbox 2235 5531 2318 5568">
     <span class='ocr_line' id='line_1_122' title="bbox 2235 5531 2318 5568; baseline 0.012 -1"><span class='ocrx_word' id='word_1_791' title='bbox 2235 5531 2318 5568; x_wconf 89' lang='lat' dir='ltr'>ur.</span> 
     </span>
    </p>
   </div>
  </div>
