3960 6182
267 356 381 414 ΗΠ

1369 336 1527 405 νιτΑ
1564 344 1624 404 S.
1667 333 2185 401 LANDOALDL—
2208 334 2400 404 LIB-.1.

3404 352 3543 417 1118

281 478 512 532 thesauro
538 469 627 527 est
655 470 972 529 reinventa.
995 471 1151 530 Alius
1180 471 1436 546 quidam,
1466 473 1718 546 quodam
1740 475 1842 529 ﬂa-
1864 464 1918 524 A
1945 465 2074 523 lens
2096 472 2422 544 corripitur,
2437 476 2610 546 atque
2629 472 2687 530 in
2700 473 2824 530 hac
2841 475 3016 534 verba
3029 473 3304 534 monetur
3319 492 3332 532 :
3350 498 3378 529 ‹‹
3396 477 3542 534 Cum

277 565 394 640 gitio
420 579 541 617 vere
570 562 896 632 impeditus,
926 563 984 616 in
999 563 1205 618 eodem
1230 563 1577 634 perjuravit;
1609 564 1845 618 eadem-

278 671 371 728 que
403 655 558 708 nocte
590 667 716 705 cum
745 651 920 706 domo
949 654 1006 707 et
1030 651 1197 706 unico
1225 651 1341 706 filio
1371 651 1545 705 miser
1565 651 1844 721 deflagra-

271 744 356 797 vit.
384 741 498 796 Alia
527 757 640 812 quo
656 757 766 812 que
799 740 1078 795 miracula
1115 739 1224 794 illic
1255 740 1376 794 ﬁeri
1410 739 1670 810 contigit,
1712 756 1840 811 qua),

273 847 404 886 nunc
426 830 610 884 dicere
631 829 994 900 supersedeo.

329 921 403 972 t0.
434 917 787 988 Quapropter
807 917 961 971 idem
995 917 1200 971 Lantso
1231 916 1616 971 venerabilem
1649 916 1836 970 virum

266 1010 663 1062 antecessorem
678 1008 969 1072 nostrum,
987 1005 1286 1060 dominum
1312 1005 1836 1059 scilicetEuraclum

262 1095 412 1163 (534),
442 1093 673 1162 supplex
700 1092 863 1157 adiit,
899 1109 1112 1164 rogans
1152 1097 1214 1146 ut
1256 1098 1353 1147 aut
1382 1110 1484 1166 per
1516 1110 1575 1148 se
1607 1096 1704 1147 aut
1735 1107 1838 1163 per

261 1181 473 1236 vicarios
496 1197 624 1235 suos
649 1186 983 1236 sanctorum
1007 1197 1248 1252 corpora
1273 1181 1745 1247 transferrentur,
1777 1183 1836 1234 et

263 1270 395 1324 unde
418 1272 544 1323 ante
578 1269 1055 1324 Nortmannicam
1075 1270 1317 1341 depositi
1343 1269 1836 1325 crantinfeslatio-

261 1373 378 1410 nem
403 1357 809 1410 relevarentur.
847 1356 1068 1427 Saepius
1091 1357 1434 1430 postulando
1455 1358 1576 1411 haec
1596 1357 1832 1422 iterans,

259 1445 475 1499 tandem
520 1445 850 1516 impetravit
888 1462 900 1498 :
937 1449 994 1499 et
1027 1448 1183 1500 Bono
1235 1445 1672 1500 archidiaconus
1703 1463 1834 1500 cum

259 1531 458 1586 duobus
515 1534 1050 1604 archipresbyteris,
1108 1534 1369 1588 fidelibus
1420 1534 1613 1604 utique
1677 1534 1830 1598 viris,

254 1619 568 1675 Thietboldo
582 1625 641 1675 et
655 1621 958 1687 Uhodone,
983 1622 1083 1676 sed
1100 1626 1304 1676 etcum
1323 1622 1449 1676 aliis
1465 1639 1528 1675 ex
1551 1626 1837 1676 monaste-

258 1707 361 1768 riis.
378 1707 564 1762 Sancti
583 1708 800 1762 scilicet
819 1709 1120 1775 Trudonis,
1156 1711 1300 1777 (535)
1339 1710 1575 1776 Belisize,
1601 1713 1660 1763 et
1683 1711 1835 1763 Tun-

1947 559 2222 617 dominos
2247 564 2628 638 dominasque
2666 569 2890 622 nostras
2919 567 3206 634 extuleris,
3235 584 3338 623 cur
3359 571 3417 623 et
3434 584 3543 626 nos

1945 648 2143 704 ﬁdeles
2163 668 2363 707 eorum
2401 653 2458 709 in
2495 656 2614 710 luto
2645 657 2978 712 delitescere
2995 657 3133 712 sinis
3146 658 3174 712 ?
3191 658 3308 727 Ego
3327 657 3543 728 quippe

1943 755 2070 792 sum
2104 740 2433 809 Landrada;
2465 743 2746 799 Adrianus
2789 749 3009 817 martyr
3045 749 3102 801 et
3135 745 3391 800 Julianus
3435 745 3541 816 ipsi

1941 842 2171 898 quoque
2205 833 2338 882 sunt
2368 822 2437 884 de
2459 831 2735 887 societate
2766 837 2982 888 nostra.
3014 853 3046 886 ιβ
3079 835 3234 888 Hanc
3261 832 3538 887 visionem

1939 915 2037 971 illa
2049 917 2168 972 viro
2187 917 2491 986 intimavit,
2511 925 2586 986 et,
2610 925 2671 976 ut
2688 927 2786 977 aut
2801 923 3100 996 episcopus
3111 926 3218 979 aut
3229 920 3540 977 auctoritas

1939 1004 2191 1076 episcopi
2213 1007 2286 1060 ad
2323 1009 2780 1065 sublevationem
2799 1027 3000 1066 eorum
3015 1010 3353 1066 invitaretur
3366 1023 3537 1078 roga-

1937 1090 2033 1144 vit.
2071 1094 2166 1146 Ille
2197 1094 2490 1164 praeterito
2508 1097 2754 1152 annoita
2779 1097 2835 1152 in
2862 1097 3182 1152 elevatione
3196 1100 3537 1152 caeterorum

1936 1185 2167 1250 questus
2189 1185 2273 1236 est
2297 1183 2666 1252 obsonatum,
2699 1189 2762 1239 ut
2791 1185 2841 1240 ei
2874 1202 2976 1257 per
3006 1202 3211 1240 manus
3236 1187 3358 1240 haec
3380 1184 3538 1238 ince-

1936 1269 2098 1338 ptare
2130 1269 2303 1324 nimis
2333 1270 2593 1326 videatur
2637 1274 2904 1329 arduum.
2951 1276 3084 1329 Post
3125 1273 3245 1328 dies
3293 1273 3534 1343 aliquot,

1935 1365 2250 1428 apparente
2263 1359 2470 1413 iterum
2487 1361 2690 1415 eadem
2709 1360 3019 1428 visione,ab
3032 1361 3239 1416 eadem
3253 1377 3367 1432 qua
3378 1359 3537 1431 prius

1937 1445 2112 1498 sancti
2122 1447 2357 1500 moniali
2373 1448 2946 1519 secundumeffigiem
2962 1449 3032 1503 de
3046 1447 3401 1518 negligentia
3414 1463 3537 1502 cor-

1936 1532 2165 1604 ripitur,
2188 1535 2257 1588 de
2275 1539 2613 1607 contemptu
2628 1536 3020 1603 confunditur,
3035 1554 3066 1588 «
3084 1537 3151 1590 Et
3171 1535 3535 1607 quae,inquit,

1936 1623 2022 1674 tot
2042 1625 2099 1674 et
2123 1624 2281 1676 tanta
2296 1622 2352 1676 in
2369 1623 2622 1678 medicos
2639 1625 2978 1694 expendisti,
3001 1641 3105 1679 nec
3119 1624 3307 1678 curari
3328 1623 3538 1679 merui-

1938 1710 2028 1774 sti,
2059 1709 2103 1762 si
2129 1727 2234 1764 nos
2269 1725 2335 1764 ex
2367 1712 2486 1765 luto
2509 1712 2762 1773 efferres,
2776 1713 2901 1782 jam
2931 1712 3119 1766 sanari
3155 1711 3480 1768 meruisses.
3501 1732 3533 1760 η

255 1796 374 1865 gris,
403 1797 527 1850 illuc
545 1797 930 1862 advenerunt,
947 1771 1144 1851 etcum
1168 1771 1365 1852 litania
1389 1771 1634 1853 solemni
1653 1815 1720 1852 ex
1750 1801 1834 1851 tn-
1862 1771 1917 1834 Β
1939 1771 2023 1850 Et
2052 1797 2167 1863 ubi,
2195 1797 2382 1868 inquit
2408 1799 2522 1865 illa,
2548 1816 2644 1853 vos
2670 1771 3030 1855 inveniemus
3048 1799 3075 1853 ?
3097 1799 3250 1853 Sella
3267 1802 3384 1862 tua,
3420 1815 3538 1872 qua

257 1883 425 1948 mulis,
446 1885 653 1955 quibus
674 1886 1037 1957 negligenter
1059 1886 1228 1940 nimis
1239 1887 1598 1957 squalebant,
1620 1888 1837 1940 extule-

258 1975 394 2025 runt.
415 1975 762 2028 Invenerunt
792 1978 982 2028 autem
1008 1976 1196 2046 plures
1223 1977 1449 2030 thecas:
1474 1976 1571 2030 sed
1590 1991 1702 2028 una
1714 1979 1839 2029 erat

253 2058 304 2112 in
335 2076 440 2130 qua
470 2061 526 2118 S.
566 2062 930 2116 Landoaldus
960 2062 1420 2133 archipresbyter
1463 2065 1522 2116 et
1565 2062 1840 2117 diaconus

257 2163 374 2201 suus
409 2150 628 2218 pariter
657 2150 1002 2221 tegebantur
1024 2151 1344 2205 Amantius.
1368 2152 1582 2206 Aderat
1610 2155 1668 2205 et
1695 2152 1840 2221 lapis

251 2235 312 2289 ad
327 2235 505 2307 capita
519 2238 1088 2305 eorum,nominibus
1100 2238 1289 2308 ipsoru
1300 2239 1839 2308 minsculptus.Aliae

251 2324 613 2379 continebant
645 2325 744 2382 SS.
779 2326 1160 2381 Adeltrudem
1195 2331 1252 2381 et
1293 2328 1652 2394 Vincianam,
1686 2327 1842 2398 quod

247 2407 522 2467 indicabat
551 2415 842 2468 crucicula
882 2416 1147 2485 quaedam
1195 2422 1495 2486 argentea,
1533 2415 1749 2487 pectori
1783 2414 1839 2469 S.

245 2497 515 2554 Vincianze
529 2502 962 2573 superinventa.
977 2503 1068 2556 His
1085 2504 1310 2573 rejectis
1327 2505 1542 2574 pariter
1554 2505 1841 2579 etrelatis,

249 2584 368 2640 dum
381 2593 718 2644 sanctorum
734 2607 978 2662 corpora
995 2591 1125 2645 vino
1140 2591 1306 2646 simul
1325 2597 1381 2646 et
1396 2609 1541 2663 aqua
1561 2593 1844 2649 dilueren-

255 2674 353 2738 tur,
374 2675 589 2731 avicula
615 2679 883 2748 queedam
911 2695 1014 2749 per
1035 2679 1351 2734 fenestram
1380 2681 1592 2736 feretro
1611 2685 1839 2736 sancto-

236 2775 366 2814 rum
403 2761 626 2834 illapsa,
650 2764 818 2818 simul
850 2768 907 2819 et
934 2766 1265 2837 importune
1298 2768 1598 2838 aliquoties
1614 2769 1712 2832 eis,
1742 2763 1839 2840 qui

259 2847 373 2903 huic
386 2849 575 2906 ofﬁcio
593 2852 919 2907 intererant
939 2853 1233 2920 immersa,
1255 2856 1556 2927 aliquoties
1575 2856 1631 2910 in
1649 2857 1838 2912 defos-

248 2951 358 2990 sum
381 2936 659 2994 devolans
681 2957 794 3011 quo
827 2958 1071 3012 corpora
1096 2947 1426 2998 sanctorum
1470 2947 1636 2998 erant
1664 2944 1834 3011 elata,

1939 1885 2012 1939 ad
2040 1885 2336 1941 ecclesiam
2369 1888 2626 1956 gestaris,
2671 1887 2876 1959 inquit,
2915 1891 3111 1942 nostra
3153 1888 3537 1942 irreverenter

1940 1973 2220 2042 deprimit
2249 1975 2446 2042 busta;
2472 1991 2604 2030 arca
2635 1979 2826 2029 autem
2856 1978 3012 2030 retro
3044 1976 3249 2047 posita,
3289 1975 3534 2030 nimium

1939 2065 2024 2115 est
2055 2062 2222 2116 nobis
2248 2079 2511 2118 onerosa.
2546 2064 2616 2116 Et
2643 2063 2687 2117 si
2713 2063 2961 2118 causaris
3005 2064 3160 2134 quod
3205 2062 3538 2135 episcopum

1941 2151 2039 2203 aut
2061 2150 2183 2219 ejus
2212 2150 2451 2206 vicarios
2477 2168 2592 2205 non
2627 2151 2866 2216 meritis,
2895 2168 2927 2205 e
2950 2151 3135 2205 vicino
3161 2151 3536 2206 Sarabertum

1940 2239 2147 2292 saltem
2173 2239 2574 2310 presbyterum
2598 2240 2794 2305 habes,
2815 2242 2872 2292 et
2898 2239 3040 2293 alios
3059 2239 3130 2293 ad
3149 2238 3207 2292 id
3237 2237 3538 2310 perficien-

1942 2325 2077 2379 dum
2108 2325 2258 2379 viros
2289 2326 2506 2380 fideles.
2538 2327 2700 2381 Mane
2732 2327 2924 2397 itaque
2942 2325 3080 2397 quid
3095 2342 3266 2398 super
3287 2326 3536 2381 hisfacto

1943 2429 2088 2484 opus
2119 2417 2267 2468 esset
2293 2414 2630 2468 deliberanti
2665 2415 2825 2469 adest
2867 2414 3136 2485 quaedam
3166 2431 3233 2468 ex
3265 2429 3533 2484 gynaeceo

1943 2501 2066 2570 ejus
2080 2502 2288 2572 puella,
2305 2518 2434 2556 cum
2453 2503 2657 2557 eadem
2669 2503 2884 2557 visione
2902 2501 3164 2557 referens
3177 2518 3237 2556 se
3255 2501 3540 2557 monitam

1943 2605 2047 2659 per
2071 2589 2192 2644 haec
2212 2591 2417 2644 eadem
2439 2591 2606 2661 signa
2625 2607 2636 2644 :
2653 2607 2720 2645 ea
2735 2590 2956 2645 nuncin
2971 2591 3098 2645 villa
3114 2591 3538 2661 Guodenghove

1940 2678 2258 2732 habitabat.
2283 2678 2616 2749 Sigehurgis
2641 2682 2835 2733 autem
2864 2679 3103 2734 domina
3120 2679 3262 2748 ejus,
3294 2677 3385 2732 cui
3418 2679 3540 2734 haec

1941 2765 2509 2831 demonstrabantur,
2551 2781 2583 2819 a
2611 2767 2884 2837 cujusque
2917 2783 3016 2820 ore
3041 2766 3289 2836 jurantis
3326 2767 3448 2821 haec
3475 2769 3536 2821 et

1941 2854 2280 2908 obtestantis
2301 2871 2404 2909 nos
2433 2854 2540 2908 ista
2567 2854 2974 2923 decerpsimus,
2995 2853 3181 2908 adhuc
3208 2853 3369 2918 vivit;
3393 2853 3531 2908 vivit

1939 2939 2205 3013 inquam,
2227 2945 2284 2996 et
2309 2941 2576 3014 praesenti
2609 2943 2751 2996 duce
2781 2957 2921 2995 sana
2945 2944 3003 2994 et
3031 2940 3336 2995 incolumis
3350 2941 3528 2994 vesci-

244 3025 497 3080 omnibus
521 3027 849 3082 astantibus
871 3032 927 3082 et
951 3030 1073 3083 haec
1100 3029 1446 3097 videntibus,
1493 3034 1834 3088 miraculum
1852 3041 1902 3102 c
1936 3032 2031 3083 tur
2059 3046 2071 3083 :
2101 3030 2310 3084 nobilis
2333 3046 2601 3100 persona,
2631 3029 2832 3084 domus
2875 3029 3087 3099 ampla,
3126 3044 3251 3082 rem
3285 3027 3532 3082 fideliter

242 3109 457 3168 incussit
501 3115 727 3186 pariter
766 3118 823 3169 et
869 3117 1198 3171 horrorem.
1233 3118 1374 3172 Nam
1410 3123 1466 3173 et
1495 3121 1686 3174 colore
1718 3123 1838 3191 pul-

241 3199 565 3266 chritudinis
614 3205 744 3256 erat
798 3203 1056 3269 diversae,
1090 3205 1190 3259 sed
1249 3207 1493 3260 antehac
1528 3207 1745 3275 inviso;
1782 3211 1838 3263 et

240 3288 465 3344 stridore
514 3291 674 3346 vocis
733 3291 969 3362 quidem
1027 3293 1337 3355 dulciﬂuee,
1386 3295 1484 3348 sed
1553 3297 1836 3352 inaudito.

242 3373 361 3437 Quae
409 3378 544 3433 licet
599 3379 676 3432 ab
721 3380 1047 3435 astantibus
1105 3386 1296 3451 posset
1331 3384 1770 3453 comprehendi,
1808 3401 1842 3438 a

243 3465 460 3520 nemine
504 3472 868 3538 praesumpta
905 3473 992 3523 est
1022 3470 1316 3524 temerari.
1351 3471 1487 3534 Quae
1518 3473 1674 3542 quasi
1714 3474 1840 3544 qui-

238 3549 464 3609 busdam
498 3555 796 3624 plausibus
829 3543 1042 3611 l‘aetitiae
1069 3562 1127 3611 et
1173 3558 1322 3612 vocis
1354 3558 1680 3615 sibilatione
1734 3543 1840 3616 hac

240 3637 354 3694 illac
381 3642 836 3710 circumvolans,
887 3649 946 3699 et
985 3645 1196 3699 iteruin
1245 3645 1460 3700 feretro
1505 3651 1840 3704 sanctorum

240 3723 503 3790 insidens.
557 3747 684 3786 non
731 3731 949 3786 destitit
989 3733 1062 3786 ab
1112 3733 1382 3805 incoepto,
1429 3734 1612 3789 donec
1645 3737 1841 3792 omnia

241 3819 590 3887 competenti
628 3822 1176 3874 consummarentur
1198 3820 1410 3875 officio.

305 3907 384 3962 Η.
426 3907 655 3961 Eadem
686 3905 776 3960 die
809 3923 960 3961 caeca
993 3908 1258 3978 quaedam
1308 3909 1378 3963 de
1411 3908 1542 3963 villa
1570 3909 1838 3977 Hasbina,

240 4005 355 4059 qua
378 3998 506 4048 erat
537 3995 599 4049 in
630 3994 856 4060 vicinia,
902 3997 1169 4066 vulgante
1214 3996 1371 4051 fama
1421 3998 1577 4068 quod
1621 4001 1842 4052 sancto-

242 4091 357 4131 rum
398 4080 756 4136 eﬁ'errentur
808 4098 1073 4153 corpora,
1115 4085 1359 4138 accurrit
1404 4085 1668 4139 celeriter
1709 4102 1840 4140 cum

238 4167 492 4226 candela.
531 4169 782 4224 Biduum
822 4170 1032 4224 deinde
1074 4172 1376 4238 sustinens,
1423 4177 1479 4226 et
1508 4177 1840 4227 sanctorum

239 4255 552 4320 patrocinia
603 4256 1006 4312 indesinenter
1044 4274 1376 4330 exposcens,
1409 4259 1580 4315 tertia
1617 4261 1709 4314 die
1758 4278 1842 4316 re-

238 4340 396 4395 ces.~it
420 4343 580 4398 clare
626 4345 849 4400 videns.

305 4430 386 4483 1'2.
403 4430 691 4502 Sequenti
706 4432 879 4501 igitur
897 4449 1052 4488 anno
1077 4450 1219 4488 uxor
1224 4435 1347 4505 jam
1364 4435 1496 4489 dicti
1517 4436 1837 4505 Lantsonis,

235 4516 466 4572 nomine
491 4519 856 4589 Sigeburgis,
873 4522 1082 4576 morbo
1102 4521 1179 4575 sic
1201 4523 1500 4576 intercutis
1515 4525 1839 4593 laborabat,

236 4614 516 4676 cruraque
537 4607 664 4676 ejus
675 4623 806 4660 cum
822 4607 1064 4677 pedibus
1085 4607 1163 4662 ita
1179 4608 1596 4676 intumuerant,
1618 4613 1677 4664 ut
1692 4627 1841 4682 pene

240 4703 336 4757 per
361 4694 555 4747 totum
589 4710 809 4748 annum
839 4711 944 4748 nec
979 4696 1183 4750 saltem
1215 4697 1534 4763 ecclesiam,
1569 4697 1675 4752 nisi
1703 4699 1841 4754 sella

235 4779 551 4843 gestatoria
574 4781 934 4847 eveheretur,
967 4782 1284 4852 intraverit,
1317 4800 1423 4837 nec
1455 4787 1580 4838 toro
1612 4785 1713 4839 viri
1735 4802 1842 4840 nec

233 4865 499 4920 convivio
528 4867 874 4939 participata
903 4871 996 4935 sit,
1024 4871 1279 4924 edulium
1307 4888 1482 4925 omne
1513 4871 1837 4939 fastidierit,

233 4955 430 5018 potum
463 4958 707 5025 excepta
733 4973 881 5028 aqua
908 4958 1239 5012 universum
1287 4962 1550 5014 execrata
1587 4959 1678 5014 sit.
1711 4962 1841 5015 Haec

235 5035 599 5113 intempesta
613 5043 910 5112 cujusdam
929 5046 1111 5100 noctis
1124 5045 1340 5100 visione
1359 5046 1547 5101 subita
1557 5047 1842 5119 semivigi-

296 5200 441 5268 (534)
481 5201 777 5265 Eumelus,
822 5203 880 5258 in
926 5221 1034 5258 ms.
1073 5205 1382 5272 Gandensi,
1413 5206 1566 5272 apud
1606 5205 1837 5263 Surium

230 5263 503 5342 Elii-crpus,
540 5273 596 5325 in
629 5291 733 5328 ms.
759 5263 902 5329 Rub.
935 5274 1054 5329 Val.
1089 5263 1412 5342 Evcrvrrdits,
1443 5263 1747 5332 Anselmus
1775 5279 1832 5333 in

230 5337 404 5419 Gestis
431 5343 776 5419 pontificum
809 5346 1209 5419 Leodiensium
1232 5349 1383 5417 apud
1401 5337 1831 5419 'Chapeavillum

231 5422 353 5480 cap.
381 5412 448 5485 47
479 5412 563 5485 _de
595 5431 659 5468 eo
686 5415 802 5485 agit
832 5417 1210 5472 et'Eraclium
1254 5412 1436 5482 vocat,
1471 5412 1584 5471 sive
1627 5422 1687 5471 ut
1717 5419 1830 5474 alia

233 5495 363 5536 mss.
398 5482 640 5550 habent,
658 5482 963 5541 Eceracum
985 5494 1035 5540 et
1061 5487 1380 5541 Euraclum.
1412 5487 1570 5542 Sedit
1585 5488 1657 5543 ab
1675 5506 1828 5545 anno

236 5550 335 5603 959
361 5551 434 5607 ad
462 5569 562 5607 an.
589 5558 709 5613 970.
737 5557 952 5613 Dicitur
970 5557 1028 5612 in
1051 5557 1249 5614 Officio
1286 5559 1662 5615 ecclesiastico
1684 5561 1829 5616 Gan-

1856 4310 1913 4373 D

1938 3123 2262 3188 quaerentes
2305 3117 2446 3171 scire
2477 3134 2592 3171 non
2635 3116 2771 3170 sinit
2795 3118 2992 3170 latere.
3037 3115 3175 3178 Quae
3212 3130 3340 3169 cum
3370 3115 3529 3170 omni

1938 3205 2304 3259 festinatione
2325 3205 2556 3260 mittens
2574 3203 3053 3276 presbyteros,qui
3072 3205 3192 3258 haec
3205 3203 3522 3273 explerent,

1939 3293 2250 3359 accersire;
2277 3293 2509 3348 interim
2541 3293 2662 3363 ipsa
2714 3309 2816 3362 pro
2849 3292 3090 3346 obtentu
3120 3291 3523 3360 recuperanda

1939 3380 2136 3435 salutis
2165 3397 2280 3435 non
2305 3397 2472 3452 passa
2502 3380 2813 3451 quiescere,
2846 3377 2981 3432 fecit
3001 3394 3062 3432 se
3087 3377 3225 3432 ferri
3249 3377 3324 3430 ad
3343 3378 3522 3432 eccle-

1940 3469 2169 3532 siam,et
2181 3469 2414 3523 interim
2428 3485 2462 3522 a
2477 3469 2602 3523 loco
2620 3467 2998 3522 denominata
3011 3465 3529 3538 paulatimegerere

1939 3558 2175 3610 terram.
2211 3557 2278 3610 Et
2297 3555 2383 3610 vix
2411 3555 2769 3628 semipedem
2797 3559 2967 3610 terras
2996 3556 3376 3633 eruerunt,‘et
3399 3569 3529 3608 ecce

1941 3647 2272 3698 sanctorum
2295 3643 2554 3698 cisterna:
2585 3643 2643 3698 in
2667 3643 2788 3713 ipsa
2807 3659 2954 3714 pene
2975 3642 3277 3713 superficie
3296 3656 3535 3712 appare~

1941 3731 2103 3785 bant.
2138 3731 2467 3784 Adveniunt
2492 3734 2551 3784 et
2595 3730 2910 3802 presbyteri
2943 3729 3268 3801 quicunque
3298 3729 3534 3785 fuerant

1941 3817 2179 3883 evocati,
2199 3821 2274 3882 et,
2296 3817 2521 3871 retectis
2535 3821 2864 3878 sanctorum
2886 3816 3532 3888 sepulcris,repererunt

1941 3904 2182 3959 nomina
2205 3921 2407 3958 eorum
2437 3908 2776 3975 exprompta
2821 3903 2882 3958 in
2926 3902 3245 3959 breviculis.
3293 3904 3362 3956 Et
3388 3903 3529 3959 dum

1940 4009 2183 4064 quaeque
2223 3993 2398 4063 digna
2441 3991 2816 4047 translatione
2865 3991 3188 4063 adimplent
3216 4007 3320 4061 pro
3349 4006 3539 4060 posse,

1941 4082 2063 4152 ipsa
2069 4097 2187 4150 jam
2218 4081 2369 4135 dicta
2395 4084 2685 4145 matrona,
2708 4095 2836 4150 quae
2854 4079 3014 4149 operi
3037 4078 3536 4132 insistebatatten-

1944 4169 2074 4234 tius,
2126 4168 2312 4223 subito
2354 4184 2650 4233 conversa,
2699 4167 2846 4220 rivos
2874 4165 3079 4221 veneni
3117 4168 3176 4219 et
3213 4164 3535 4236 putredinis

1941 4256 2164 4309 saniem
2197 4255 2270 4309 ad
2298 4255 2528 4309 sextarii
2560 4270 2894 4309 mensuram
2924 4252 3080 4308 videt
3095 4251 3410 4308 excurrisse
3430 4251 3536 4308 sibi

1943 4359 2010 4397 ex
2043 4343 2320 4398 cruribus.
2357 4343 2494 4407 Quae
2531 4342 2888 4397 admirataet
2912 4341 2983 4396 de
3012 4342 3246 4411 recepta
3266 4339 3538 4412 sospitate

1942 4432 2181 4487 hilarior
2210 4433 2454 4495 reddita,
2491 4430 2734 4486 domum
2764 4431 2939 4502 pedes
2974 4428 3164 4495 rediit,
3213 4427 3536 4484 convivium

1944 4520 2266 4590 hospitibus
2302 4524 2361 4574 et
2390 4518 2720 4574 domesticis
2741 4519 3048 4590 opulenter
3077 4516 3393 4588 apparavit,
3415 4517 3540 4588 ipsa

1945 4607 2264 4674 intersedit;
2291 4623 2395 4661 nec
2426 4607 2680 4661 edulium
2704 4606 2938 4677 aliquod
2953 4604 3272 4671 fastidiens,
3298 4620 3403 4658 nec
3421 4603 3536 4658 vini

1941 4695 2238 4765 potionem
2285 4696 2373 4749 vel
2422 4694 2655 4750 alterius
2684 4693 3012 4748 sorbitionis
3033 4693 3160 4764 jam
3200 4692 3540 4748 abhorrens.

1942 4783 2072 4838 Fert
2084 4787 2277 4838 autem
2292 4783 2450 4837 fama
2465 4783 2781 4836 multorum
2796 4783 3002 4836 etante
3014 4797 3120 4836 nos
3130 4779 3542 4853 etimpraasen-

1942 4872 2332 4937 tiarum,hane
2351 4871 2604 4935 beatam,
2623 4869 2761 4924 dum
2780 4867 3537 4924 sanctimonialibusBelisiee

1941 4959 2139 5031 positis
2159 4959 2431 5031 praetecta
2443 4955 2804 5011 suavissimas
2814 4971 3076 5026 supernae
3097 4941 3540 5026 contemplatio-

1942 5048 2030 5102 nis
2046 5051 2308 5118 carperet
2318 5042 3003 5107 fructns,sacratissimam
3014 5043 3298 5116 virginem
3311 5042 3547 5113 praecla-

1942 5208 2206 5264 densium
2237 5205 2544 5262 Landoaldi
2582 5205 2765 5258 Vitam
2789 5211 2837 5258 et
2869 5202 3264 5258 translationem
3285 5198 3431 5268 justo
3466 5197 3538 5252 li-

1945 5280 2039 5334 bro
2066 5279 2411 5352 desci‘gisz'sse,
2445 5275 2600 5352 quod
2805 5291 2918 5330 non
2955 5271 3217 5352 legimus.
3262 5337 3346 5352 “ﬂ

2013 5352 2157 5421 (535)
2196 5340 2419 5421 Βεζίεξᾴ,
2451 5340 2577 5401 aliis
2619 5340 3170 5421 Bibena,_opp_idum
3195 5356 3236 5421 _a
3262 5340 3539 5421 Winters-

1941 5410 2112 5476 hovio
2149 5423 2178 5474 5
2225 5410 2476 5474 millibus
2536 5432 2822 5488 passuum_
2862 5410 3146 5478 diésitum,
3194 5410 3372 5488 habet
3411 5426 3540 5466 am-

1943 5489 2261 5562 plissimum
2292 5483 2579 5560 virginum
2620 5483 3026 5540 canenicarum
3063 5483 3500 5548 monasterium.
