3960 6182
455 366 592 430 ΗΝ

1586 362 1918 431 ῌΕΒΙῧΕΒΙ,
1935 359 2236 424 ΑΒΒΛἪθ
2276 355 2660 432 LOBIENSIS.

458 508 654 566 rusque
682 489 998 556 nobilitatis
1025 489 1178 564 (636)
1199 490 1620 563 Amelhergam
1651 491 1863 548 sanctis
1891 490 2051 546 insti-
2075 493 2130 555 Α
2158 489 2460 550 Manimius
2498 493 2755 560 nomine,
2786 493 3114 561 contractus
3139 489 3574 564 amniumqrum
3595 494 3679 554 vir.

455 583 633 643 tuisse
687 581 946 643 moribus
998 580 1336 652 studiisque.
1391 581 1562 637 Facta
1616 583 1704 636 est
1748 595 1882 636 vero
1933 580 2055 636 haec

455 669 756 732 translatio
773 669 950 732 tertio
978 672 1170 728 Nonas
1197 668 1380 730 Martii
1408 668 1577 738 (537).

1073 758 1302 816 CAPUT
1344 758 1434 812 ΠΙ.

765 846 1049 908 Miracula
1085 845 1476 902 Wintersliovii
1495 851 1741 916 patrata.

525 938 609 994 l3.
641 935 1210 1008 (538)-llludquoque
1236 934 1296 990 in
1323 932 1692 990 memorabili
1721 935 2055 991 sanctorum

453 1023 866 1086 clamitantium
882 1024 1228 1084 miraculum
1251 1021 1499 1080 minimc
1515 1036 1717 1080 remur
1741 1019 2052 1085 silendum,

451 1113 606 1185 quod
631 1111 879 1184 perinde
896 1111 1184 1183 stupenda
1240 1110 1324 1167 sui
1376 1108 1630 1164 novitate
1676 1109 1901 1164 constat
1931 1123 2054 1162 ma-

453 1200 752 1272 gniﬁcum.
802 1201 1046 1260 Praelata
1092 1198 1305 1270 quippe
1357 1195 1631 1255 Lantsoni
1661 1211 1792 1250 cum
1825 1195 2057 1252 basilica

450 1290 539 1346 vel
567 1288 785 1347 fundus
811 1286 1212 1348 sacratissima;
1243 1285 1448 1357 quietis
1485 1283 1898 1354 praedictorum
1922 1299 2054 1336 san-

450 1380 681 1436 ctorum
709 1379 843 1452 post
873 1376 1184 1434 nonnullos
1207 1376 1361 1428 sorte
1379 1372 1754 1437 successisset,
1775 1371 1924 1426 bene
1950 1369 2056 1426 sibi

454 1463 734 1531 conscius,
759 1462 1148 1524 determinato
1180 1460 1420 1516 rationis
1448 1462 1650 1515 tenore
1671 1457 1910 1528 (namin
1923 1473 2056 1514 eum

452 1551 785 1610 constitutio
801 1548 1176 1620 chirographi
1196 1549 1374 1604 tinem
1403 1548 1688 1602 statuerat
1708 1544 2058 1618 possidendi)

454 1655 843 1698 successuram
873 1637 982 1696 sibi
1009 1636 1204 1707 stirpis
1233 1652 1348 1692 suae
1376 1633 1718 1707 progeniem
1757 1633 2057 1705 praelibato

453 1729 579 1784 fore
627 1726 972 1797 privandum
1012 1723 1251 1796 praedio,
1291 1725 1554 1780 consulte
1592 1721 1703 1779 sibi
1733 1721 2057 1793 prospicere

2157 585 2298 649 tute,
2330 599 2436 642 nec
2457 599 2699 640 manum
2725 583 2912 654 gratia
2934 582 3049 642 cibi
3073 581 3333 646 sumendi
3358 582 3615 653 poterated
3636 599 3682 656 us

2160 669 2389 737 ducere,
2424 687 2532 726 nec
2559 670 2667 726 nisi
2698 671 2810 726 alio
2843 672 3193 728 subvehente
3221 670 3292 728 ad
3319 671 3686 728 necessariasu-

2163 763 2280 814 tem
2310 763 2530 816 natura:
2562 761 2891 830 procedere.
2921 762 2970 814 ls
2998 761 3273 832 carpento
3293 758 3500 828 quidem
3519 758 3578 814 ad
3591 776 3686 816 ssu-

2157 849 2348 900 torum
2373 848 2691 916 patrocinia
2738 851 2824 901 est
2870 845 3331 917 provectuszsed
3376 845 3448 902 eis
3491 846 3685 904 salutem

2155 936 2554 1006 plenissimam
2573 936 2651 992 im
2661 935 3062 1008 partientibus,
3077 935 3312 1004 domum
3335 934 3486 994 rediit
3500 934 3635 1006 pedes
3646 938 3688 988 et

2156 1039 2347 1082 sanus.
2381 1025 2444 1080 In
2467 1023 2602 1082 villa
2622 1024 2786 1080 Lewa
2811 1027 2976 1091 i539),
3011 1025 3258 1082 ltuberto
3300 1021 3504 1078 cuidam
3532 1022 3693 1092 prima.

2155 1112 2242 1166 rio
2278 1113 2350 1168 ab
2374 1112 2674 1174 Leodiensi
2711 1113 2976 1184 episcopo
2998 1111 3358 1176 beneficiato,
3380 1113 3490 1166 erat
3513 1110 3690 1176 mulier,

2155 1200 2329 1270 Geyla
2351 1201 2646 1267 vocabulo,
2671 1202 2769 1260 sed
2785 1200 3104 1272 legionario
3118 1202 3290 1271 plena
3301 1198 3695 1270 deemonio,quod

2157 1287 2364 1346 deinde
2384 1289 2570 1359 patuit
2601 1305 2614 1344 :
2649 1306 2789 1346 nam
2827 1289 2998 1348 ducta
3043 1305 3080 1344 a
3121 1286 3377 1360 cognatis
3399 1302 3491 1358 per
3527 1285 3697 1342 diversa

2158 1375 2413 1434 virorum
2459 1376 2558 1437 Dei
2589 1377 2870 1444 cosnobia,
2922 1376 3140 1433 scilicet
3185 1375 3284 1435 SS.
3311 1374 3553 1442 Gervasii,
3575 1373 3699 1434 Lam-

2157 1463 2326 1531 berti,
2357 1465 2659 1532 Trudonis,
2715 1463 3026 1530 Gertrudis,
3080 1480 3214 1518 cum
3256 1479 3519 1534 nusquam
3551 1465 3700 1534 posset

2159 1552 2366 1618 curari,
2411 1556 2793 1623 praesentatur
2837 1553 2962 1623 jam
3022 1551 3327 1622 desperata
3357 1566 3421 1610 eo
3447 1550 3573 1616 loci;
3598 1548 3702 1620 quia

2158 1643 2385 1696 sanctos
2437 1640 2665 1696 naviter
2719 1639 3111 1700 miriﬁcaudos
3157 1638 3456 1710 spectabat
3492 1636 3551 1692 de
3577 1636 3702 1691 hoste

2158 1727 2384 1800 plenior
2413 1729 2536 1786 laus
2551 1727 2850 1801 triumphi.
2876 1726 3011 1792 Quae
3029 1727 3088 1781 in
3115 1725 3430 1798 cupafoute
3458 1723 3702 1780 benedicta

451 1815 808 1880 deliberarit,
840 1831 909 1872 eo
943 1814 1142 1872 animo
1194 1814 1276 1878 ut,
1329 1811 1506 1868 rurali
1555 1810 1806 1881 privatus
1851 1809 2056 1879 fundo,
2079 1797 2136 1863 Β
2158 1797 2520 1874 redundante
2547 1797 2965 1888 ἀθροεῖω,ωοχ
2994 1797 3213 1876 Ποπιθῇ
3236 1814 3298 1874 Β,
3323 1811 3600 1874 ιωάοδιάί
3620 1814 3705 1865 ω.

452 1907 786 1961 sanctorum
818 1903 1023 1963 saltem
1051 1900 1368 1974 pignorum
1386 1915 1504 1955 non
1519 1898 1889 1954 fraudaretur
1909 1898 2058 1954 sola-

450 1991 554 2049 tio.
582 1993 867 2064 Eapeteus
895 1989 1051 2048 enim
1070 1988 1331 2059 ejusdem
1347 1987 1656 2046 dioeceseos
1679 1985 2057 2058 magnificen-

451 2079 925 2151 tiam-pontificis,
959 2081 1136 2138 tantae
1167 2077 1248 2134 illi
1269 2094 1387 2134 suae
1416 2074 1742 2132 devotionis
1774 2072 2060 2130 intimavit

453 2183 755 2226 arcanum.
805 2167 977 2237 Cujus
1009 2166 1158 2224 illico
1203 2163 1614 2221 benedictione
1657 2161 1964 2233 insignitus
2000 2162 2060 2216 et

452 2243 797 2314 auctoritate
827 2255 1152 2316 roboratus,
1187 2253 1574 2324 pretiosarum
1609 2267 1879 2323 gazarum
1918 2248 2058 2305 adiit

454 2341 892 2415 repositorium,
925 2341 1186 2411 deligens
1223 2357 1290 2394 ex
1329 2339 1503 2394 sacris
1541 2337 1878 2410 corporibus
1915 2353 2055 2408 quas

455 2429 765 2489 astimavit
793 2429 1207 2499 portiunculas.
1235 2428 1376 2482 Ecce
1397 2429 1593 2483 autem
1623 2425 1682 2482 in
1705 2425 1826 2497 ipso
1859 2424 2056 2496 praeci-

453 2533 570 2589 puo
600 2516 883 2590 paschalis
917 2517 1064 2576 festo
1106 2514 1321 2587 gaudii,
1377 2514 1676 2570 submissis
1726 2513 2054 2584 bajulorum

453 2602 1224 2674 cervicibus,impendiosum
1245 2601 1794 2660 invaduntlaborem
1811 2599 2053 2667 itineris,

362 2747 368 2752 .
452 2696 517 2750 et
535 2693 611 2752 ad
631 2693 788 2749 fores
819 2707 999 2762 usque
1023 2690 1161 2748 sedis
1185 2693 1424 2748 sacratae
1458 2691 1837 2761 properantes
1856 2703 2054 2760 perve-

462 2779 653 2839 niunt.
678 2780 914 2846 Verum,
940 2779 1206 2835 mirabile
1226 2779 1383 2834 dictu
1413 2777 1425 2830 l
1459 2777 1793 2849 neutiquam
1808 2775 2059 2848 velipsas

455 2866 785 2939 transgredi
807 2868 1210 2940 prmi/alentes,
1244 2865 1564 2936 repentinis
1591 2864 1892 2937 inOpinate
1923 2863 2060 2918 defi-

453 2956 516 3015 xi-
537 2956 794 3030 passibus
809 2957 1032 3014 haesere
1067 2971 1079 3010 :
1111 2955 1275 3012 omni
1303 2957 1502 3034 tamen
1535 2953 1740 3009 annisu
1763 2951 2058 3016 multadiu

2157 1903 2404 1960 ribiliter
2420 1905 2590 1976 coepit
2606 1904 2938 1972 inclamare,
2967 1907 3023 1960 et
3041 1918 3322 1974 magnum
3340 1901 3410 1957 ab
3435 1917 3524 1956 ore
3540 1913 3708 1956 musca-

2159 2008 2290 2046 rum
2322 2008 2564 2048 examen
2593 1992 2860 2048 emittere
2888 2008 2902 2046 :
2934 2007 3063 2064 quas
3086 1990 3381 2048 mediante
3409 1985 3711 2048 hebdomade

2159 2079 2434 2149 paschali,
2462 2080 2673 2133 meruit
2700 2079 3024 2136 emundari.

2234 2170 2316 2220 15.
2350 2167 2546 2222 Mulier
2574 2167 2704 2235 alia,
2736 2168 2792 2222 S.
2836 2166 3074 2224 Bavouis
3111 2166 3345 2232 ancilla,
3375 2159 3714 2232 Audresburgi

2157 2257 2396 2310 eatenus
2411 2259 2792 2320 commorata,
2821 2271 2925 2326 pro
2949 2255 3213 2326 neglecto
3247 2270 3350 2328 per
3361 2268 3534 2310 annos
3559 2264 3715 2312 censu,

2154 2343 2452 2400 oculorum
2485 2343 2603 2398 visu
2633 2347 2716 2399 est
2730 2344 3025 2398 mulctata.
3077 2343 3294 2410 Quarto
3307 2343 3426 2414 jam
3444 2355 3584 2396 anno
3598 2335 3718 2392 caeci-

2155 2430 2255 2486 tati
2286 2431 2755 2498 succumbens,de
2769 2435 2976 2488 caetero
2993 2430 3462 2488 emendationem
3473 2427 3716 2500 pollicens.

2155 2520 2456 2580 candelam
2481 2524 2813 2576 sanctorum
2827 2519 3150 2584 luminariis
3175 2518 3389 2585 attulit,
3409 2532 3622 2574 censum
3642 2530 3721 2568 ue-

2157 2609 2411 2679 glectum
2440 2607 2655 2674 retulit,
2685 2608 3010 2664 illuminata
3034 2607 3187 2664 illico
3221 2623 3365 2664 sana
3391 2603 3623 2660 recessit.
3647 2601 3723 2656 Zu-

2157 2695 2322 2752 bleva
2349 2695 2554 2751 dicitur
2580 2699 2636 2750 et
2661 2695 2775 2750 alia
2804 2695 2938 2752 villa
2969 2711 2982 2749 :
3008 2695 3122 2750 illic
3145 2694 3420 2767 quaedam
3454 2691 3725 2756 muliersex

2153 2799 2448 2840 annorum
2474 2782 2754 2838 curriculo
2803 2783 3129 2855 patiebatur
3171 2782 3447 2856 hydrOpis
3477 2779 3722 2834 morbum.

2157 2870 2319 2926 Videt
2342 2869 2400 2923 in
2431 2870 2550 2926 visu
2597 2874 2880 2926 nocturno
2927 2887 2986 2924 se
3013 2870 3146 2926 illuc
3187 2868 3397 2926 adduci
3439 2883 3560 2924 cum
3603 2864 3726 2921 obla-

2159 2957 2338 3024 tione,
2367 2961 2425 3014 et
2452 2961 2684 3029 recepta
2720 2957 2948 3030 regredi
2987 2957 3289 3026 sospitate.
3315 2956 3473 3020 Quod
3497 2953 3728 3023 evigilans

452 3045 670 3105 frustra
686 3043 899 3132 moliti.
931 3043 1169 3104 tandem
1198 3042 1390 3132 divina
1437 3041 1697 3132 potentia
1743 3056 1800 3096 se
1845 3039 2056 3132 intelli-
2087 3069 2135 3132 ο
2159 3045 2436 3104 continuo
2458 3047 2718 3118 explevit,
2741 3045 2801 3100 in
2829 3047 3082 3118 plaustro
3104 3045 3202 3104 illo
3230 3062 3296 3101 se
3320 3042 3519 3110 deduci
3537 3039 3732 3100 manda-

454 3136 602 3204 gunt
622 3133 827 3199 arceri,
859 3131 1053 3203 sicque
1073 3131 1257 3198 inviti,
1281 3128 1518 3202 pudoris
1539 3129 1626 3186 sui
1657 3133 1876 3185 cesSere
1907 3128 2057 3184 difﬁ-

452 3220 671 3280 cultati.
705 3222 885 3278 Porro
922 3219 1158 3278 illustris
1208 3219 1418 3277 Lantso
1441 3235 1474 3272 a
1514 3217 1810 3288 proposito
1842 3233 2060 3287 nequa-

453 3325 628 3382 quam
657 3307 1010 3368 destituitur.
1059 3307 1270 3362 Verum
1317 3306 1470 3361 diem
1498 3304 1682 3376 ipsam
1713 3306 2060 3374 noctemque

450 3396 1299 3468 contiguamreleemosynarum
1319 3390 1717 3463 largitionibus
1733 3390 2061 3462 crebrisque

450 3498 692 3556 precum
725 3481 1075 3542 continuam
1106 3479 1624 3545 obsecrationibus,
1647 3477 1910 3545 sequenti
1941 3494 2063 3534 rur-

451 3585 544 3626 sus
572 3568 667 3626 die
709 3568 1041 3634 frustratur,
1071 3571 1133 3626 ut
1163 3568 1321 3638 prius
1354 3585 1366 3620 :
1401 3567 1518 3623 imo
1547 3565 1942 3637 perendinatis
1971 3568 2058 3622 to-

2160 3133 2237 3189 vit
2270 3151 2282 3188 :
2325 3137 2383 3188 et
2405 3138 2708 3206 postquam
2725 3133 3033 3190 sanitatem
3062 3132 3445 3205 recuperavit,
3473 3147 3508 3185 a
3533 3127 3730 3186 domino

2157 3237 2262 3276 suo
2289 3221 2558 3278 Hildrado
2589 3221 2795 3280 tradita
2851 3224 3182 3276 sanctorum
3239 3220 3382 3294 juri,
3442 3216 3632 3276 deinde
3667 3228 3732 3270 re-

2161 3309 2346 3366 cessit.

2236 3399 2320 3454 16.
2351 3396 2617 3464 Quidam,
2666 3396 2892 3454 Hildico
2945 3396 3208 3464 nomine,
3271 3394 3437 3462 omni
3477 3391 3736 3466 dissipatus

2162 3485 2407 3554 actione,
2439 3485 2641 3544 silvam
2697 3485 3140 3544 ecclesiasticam
3169 3485 3385 3558 saepius
3441 3483 3735 3552 exstirpans,

2162 3574 2488 3644 increpatus
2505 3573 2743 3630 tandem
2774 3574 3021 3644 quadam
3052 3573 3145 3629 die
3176 3590 3286 3645 per
3305 3588 3523 3640 nomen
3549 3571 3734 3632 sancto-

2162 3677 2292 3718 rum
2323 3664 2386 3714 ut
2414 3661 2616 3718 saltem
2645 3661 2965 3728 desisteret,
2999 3677 3131 3720 cum
3169 3662 3498 3725 munitores
3527 3659 3738 3728 insuper

447 3657 566 3715 tius
592 3657 981 3718 hebdomadis
1023 3656 1224 3716 diebus
1263 3655 1526 3728 quotidie
1555 3657 1795 3714 eosdem
1822 3659 2059 3712 conatus

449 3744 759 3804 consimilis
773 3744 1040 3817 sequitur
1060 3743 1346 3805 liminaris
1365 3743 1642 3802 obstaculi
1661 3743 2060 3815 repulsus.Hac

448 3851 612 3906 ergo,
637 3833 784 3906 quia
803 3834 1002 3894 minus
1039 3835 1414 3897 successerat,
1451 3836 1650 3890 octava
1679 3832 1881 3889 itidem
1920 3830 2061 3890 lucis

451 3938 688 3992 sumre,
734 3921 852 3980 alia
897 3938 1015 3983 uno
1065 3925 1366 3980 cunctatus
1392 3919 1734 3991 aggreditur
1762 3919 1870 3976 via.
1905 3919 2060 3973 Licet

2161 3765 2291 3804 suos
2329 3764 2462 3806 cum
2500 3748 2730 3815 sanctis,
2773 3749 2956 3809 verbis
2996 3749 3200 3806 vilibus
3240 3749 3592 3818 annuum-ot;
3638 3755 3737 3816 pro-

2159 3853 2384 3907 gressus
2409 3835 2673 3907 sequenti
2703 3836 2816 3904 die,
2840 3839 2900 3898 ut
2915 3835 3117 3896 itidem
3143 3837 3388 3904 faceret,
3420 3836 3735 3906 rerumcum

2160 3923 2341 3983 securi
2367 3923 2518 3979 illico
2568 3925 2847 3994 superbus
2878 3925 3232 3990 conscendit,
3284 3928 3346 3984 et
3370 3922 3651 3986 continuo,
3673 3917 3737 3970 in-

443 4011 606 4080 enim
619 4013 916 4069 tutantes
945 4008 1086 4068 fusis
1103 4023 1476 4079 nequaquam
1490 4007 1824 4077 profecisset
1841 4006 2056 4064 oratio-

445 4098 635 4162 nibus.
681 4101 820 4156 tunc
859 4097 1033 4156 omni
1064 4096 1290 4154 virtutis
1318 4094 1632 4154 conamine
1662 4093 2057 4165 praecordialia

443 4186 818 4245 accumulatae
841 4189 995 4252 vota.
1041 4184 1407 4256 plurimaque
1435 4181 1730 4252 spondeus
1757 4181 2051 4252 obsequia,

445 4274 735 4346 delegavit
763 4274 837 4330 ad
867 4273 1053 4344 ipsum
1088 4271 1300 4344 quietis
1343 4286 1551 4326 eorum
1595 4269 1914 4334 basilicam,
1948 4285 2050 4324 no-

2157 4027 2317 4068 verso
2342 4011 2553 4068 cadens
2575 4011 2743 4080 collo,
2769 4015 2969 4083 guttur
2995 4012 3304 4084 liquidum,
3339 4012 3494 4084 quod
3521 4006 3737 4080 blasphe-

2158 4099 2337 4156 miam
2367 4101 2702 4171 spiraverat,
2727 4100 2893 4167 elisit,
2929 4101 3121 4173 sicque
3146 4101 3465 4172 pessimam
3493 4099 3651 4154 vitam
3675 4091 3735 4146 di-

2156 4203 2273 4259 gna
2289 4190 2478 4242 morte
2504 4187 2705 4246 ﬁnivit.
2729 4188 3031 4258 Presbyter
3057 4182 3735 4258 Sarabertusequum,tur-

2155 4274 2259 4329 tim
2286 4278 2455 4330 nocte
2487 4274 2736 4346 quadam
2767 4275 3088 4332 latronibus
3135 4275 3602 4347 subripientibus,
3631 4282 3734 4339 per-

441 4377 584 4418 nam
605 4362 844 4432 frugum
872 4377 1115 4420 suarum
1127 4360 1487 4430 portionem,
1517 4358 1652 4430 quia
1669 4357 1953 4420 decimam
1975 4357 2053 4412 al-
2071 4371 2127 4430 θ
2155 4361 2378 4417 diderat
2408 4378 2422 4416 :
2457 4378 2629 4416 mane
2656 4366 2956 4434 comperto
2984 4363 3057 4416 ad
3075 4366 3281 4424 notum
3312 4360 3634 4434 presidium
3666 4369 3737 4412 cn-

446 4448 623 4506 buius
653 4452 945 4508 constaret
962 4464 1096 4508 esse
1147 4447 1434 4506 Ecclesiae.
1476 4447 1543 4502 Ei
1600 4461 1734 4504 vero
1783 4446 1931 4512 loco,
1961 4444 2052 4499 cui

439 4535 898 4594 dovoiionissuoe
920 4536 1134 4594 inferre
1157 4535 1462 4605 satagebat
1489 4534 1762 4600 fructum,
1787 4547 1910 4588 non
1924 4548 2048 4590 mo-

443 4623 663 4686 dicam.
691 4639 824 4681 cum
857 4623 988 4682 aliis
1030 4623 1333 4683 xeniorum
1365 4621 1666 4693 impensis,
1694 4619 2052 4676 hscreditatis

438 4711 824 4784 sum-largitus
839 4713 928 4770 est
955 4709 1400 4783 possessionem.
1421 4710 1625 4782 Sicque
1643 4708 1905 4773 tandem,
1925 4723 2052 4763 san-

441 4803 668 4858 ctorum
689 4802 953 4868 obtentu,
973 4800 1298 4872 benignum
1311 4797 1702 4858 misericordis
1717 4795 1819 4854 Dei
1840 4794 2052 4852 meruit

441 4893 792 4964 mperium,
815 4889 1048 4962 votique
1063 4904 1307 4961 compos
1331 4904 1398 4944 ac
1418 4903 1519 4959 spe
1533 4886 1750 4958 potitus
1788 4883 2048 4955 optabili,

441 4977 1010 5049 vilipenditpristinm
1021 4977 1377 5052 didﬁcultatis
1392 4973 1716 5046 dispendia,
1739 4971 2052 5044 magniﬁca

427 5065 677 5124 «Domini
701 5065 1083 5123 miseratione
1115 5065 1358 5135 adeptus
1380 5062 1653 5124 desiderii
1685 5061 1770 5116 sui
1795 5061 1975 5116 lucra.

517 5158 601 5211 14.
637 5154 1052 5210 Subenmenha
1074 5169 1291 5208 nomen
1313 5155 1398 5206 est
1413 5150 1600 5217 fundi,
1619 5149 1772 5205 unde
1789 5148 2048 5221 quidam,

509 5299 661 5441 (536;
689 5299 912 5356 (‘olitur
936 5300 995 5356 S.
1025 5300 1380 5380 Amplberga
1413 5301 1478 5358 10
1500 5296 1658 5354 Julii.

509 5373 630 5436 (B37
695 5371 1063 5428 lnsoeebatur
1083 5371 1178 5429 hic
1204 5371 1334 5426 Vita
1363 5369 1421 5425 S.
1457 5368 1658 5428 Landr:

451 5367 1063 5496 ὦφὰἰζιέιρεωθδιιιπ
1083 5370 1178 5429 hic
1204 5367 1334 5426 Vita
1363 5369 1421 5425 S.
1457 5367 1800 5436 Landrad-aa,
1844 5367 1905 5422 in
1939 5385 2049 5424 ms.

515 5510 909 5586 (ﬂammatum
943 5512 1255 5586 hoc‘cqiput
1283 5511 1446 5569 deest
1469 5509 1529 5572 iu
1563 5527 1673 5572 ms.
1698 5508 1914 5570 Rubene
1928 5509 2055 5566 Val-

446 5581 539 5651 lis,
563 5584 628 5638 ut
657 5583 719 5638 et
743 5595 991 5655 sequens
1019 5581 1232 5640 libri‘u.

2153 4449 2350 4516 currit,
2385 4450 2684 4506 candelam
2715 4451 2904 4506 facere
2944 4453 3197 4510 maturat
3231 4467 3245 4505 :
3273 4467 3452 4524 quam
3482 4453 3541 4504 ut
3559 4442 3735 4501 sanctis

2152 4537 2363 4605 attulit,
2397 4540 2456 4594 et
2478 4553 2718 4608 precum
2753 4553 2988 4592 suarum
3017 4539 3148 4594 vota
3175 4536 3561 4610 deprompsit,
3584 4545 3736 4590 rever-

2153 4641 2280 4682 sum
2321 4640 2538 4697 equum
2558 4623 2777 4680 foribus
2797 4627 3082 4680 astantem
3113 4624 3354 4694 reperit.

2226 4715 2310 4768 l7.
2344 4711 2432 4767 Sic
2464 4728 2602 4784 ergo
2634 4711 3029 4785 copiosa,qure
3058 4728 3160 4785 per
3191 4728 3405 4768 eorum
3428 4710 3624 4770 merita
3647 4706 3732 4768 D0-

2153 4800 2346 4858 minus
2377 4800 2645 4872 dignatus
2675 4803 2761 4855 est
2773 4800 3311 4872 operari,miracula
3329 4817 3440 4860 nos
3464 4797 3643 4870 segnis
3668 4804 3733 4850 te-

2155 4888 2402 4944 nacitate
2448 4887 2659 4944 silentii
2710 4888 3213 4960 perhorrescentes
3269 4889 3622 4960 succingere,
3664 4895 3734 4936 res

2152 4975 2387 5046 quidem
2402 4975 2831 5043 memorabiles,
2856 4979 3052 5032 tamen
3066 4977 3236 5048 paulo
3251 4977 3466 5032 ditiusa
3481 4973 3734 5049 proxima-

2150 5066 2207 5117 te
2237 5063 2606 5135 signavimus.
2639 5063 2916 5120 Praesenti
2938 5080 3069 5118 vero
3088 5068 3355 5136 tempore
3383 5049 3729 5120 nihilominus

2150 5151 2302 5223 apud
2335 5167 2438 5205 nos
2466 5156 2628 5222 gesta
2647 5154 2960 5223 suppetunt
2980 5151 3163 5205 adhuc
3184 5152 3482 5224 perplura,
3512 5163 3628 5220 qua?
3648 5139 3732 5230 dog
3759 5201 3762 5204 .

2225 5290 2562 5373 (5‘39).Lewa
2581 5308 2684 5373 seu
2739 5290 2947 5373 L‘eouwa.
2997 5290 3299 5373 oppidum.
3332 5287 3640 5362 Brabantiie

2152 5361 2414 5418 conﬁniis
2471 5362 2623 5434 agri”
2654 5361 3110 5434 LeodiensisLt
3135 5361 3392 5434 millibus
3427 5361 3675 5434 passuum
3701 5370 3730 5408 α

2151 5430 2542 5505 Trudonopoli
2567 5432 2760 5496 distat.
2792 5432 2956 5506 Apud
2987 5431 3216 5492 Surium
3248 5430 3464 5508 legito}
3490 5430 3644 5509 ῥέπε..
3672 5458 3681 5474 .-
