3960 6182
275 333 378 390 Hii

1360 319 1604 382 νηΑ-ε.
1635 322 2034 382 ωωωι
2061 342 2134 366 -ι-
2162 320 2297 380 LIB.
2328 313 2396 380 ιι.

3397 333 3541 392 ιω

272 446 568 508 straitidem
593 443 944 500 mandantes
966 445 1674 512 roboranda-auctoritate,
1694 444 1833 518 peti-
1855 449 1914 508 Α
1938 444 2117 500 istum
2143 443 2252 500 isto
2273 444 2660 502 claudendum
2691 443 2810 503 ﬁne
2830 446 3243 519 judicavimua,
3290 454 3374 518 ut,
3397 451 3542 508 ,τίεί-

275 539 358 595 stis
374 535 490 591 huic
517 550 687 605 quam
708 533 961 589 breviter
986 534 1157 589 inseri
1179 535 1424 590 schedae.
1479 535 1590 590 Nos
1637 538 1832 589 autem

278 622 602 695 respirationi
625 623 947 693 legentium
979 625 1068 678 vel
1089 623 1420 678 auditorum
1472 625 1834 678 consulentes

271 711 486 778 olfactui,
506 725 644 765 neve
657 711 857 781 magni
873 711 1102 766 Domini
1125 711 1432 782 magniﬁca
1452 711 1511 765 in
1524 715 1833 782 angustum

267 801 514 871 cogantur
534 797 831 865 beneﬁcia,
860 799 1051 854 dilatis
1077 799 1468 871 sequentibus,
1501 813 1830 854 sermonem

1937 534 2044 590 bus
2068 532 2302 588 interim
2349 549 2452 605 per
2473 534 2970 593 silentiumrecrea
2995 538 3092 610 tis,
3139 556 3271 613 quin
3298 544 3540 609 restant,

1933 640 2015 694 qu
2026 639 2058 678 ο
2069 622 2226 676 niam
2257 622 2494 693 proprio
2511 623 2770 695 indigere
2788 627 3083 683 volumine
3098 632 3539 699 pernoscuntur,

1941 711 2055 766 alio
2097 723 2293 763 rursus
2322 708 2488 766 initio
2517 713 2880 769 commodius
2899 719 2967 770 et
2986 714 3268 788 insignius
3289 715 3544 787 praelitu-

1933 801 2146 858 lentur.

1349 1115 1696 1205 LIBER
1773 1119 2400 1210 SECUNDUS.

1118 1320 1531 1390 Translatio
1579 1320 2046 1411 reliquiarum
2105 1324 2514 1399 Gandavum

317 1512 360 1562 l.
391 1505 634 1561 lielaturi
662 1503 814 1559 mira
870 1506 1105 1560 Domini
1145 1507 1591 1576 cunctipotentis
1634 1523 1831 1578 Opera,
1863 1509 2344 1570 Bberi.Assensit
2369 1510 2462 1566 ille
2484 1510 2751 1577 ﬁdeliter,
2775 1513 3156 1582 sanctumque
3171 1509 3309 1564 ildei
3329 1523 3537 1581 aggre-

257 1595 440 1668 quibus
464 1595 736 1649 dilectum
770 1593 856 1648 sui
889 1593 1140 1649 nominis
1173 1594 1558 1648 confessorem
1607 1596 1666 1648 B.
1697 1597 1835 1650 Lan-

253 1685 500 1739 doaldum
538 1683 838 1754 sociosque
853 1683 975 1753 ejus
989 1682 1203 1736 nostris
1222 1683 1280 1736 in
1305 1683 1662 1754 temporibus
1683 1683 1833 1738 miri-

252 1774 342 1827 iic'e
369 1773 632 1844 dignatus
660 1776 745 1825 est
775 1772 1104 1842 propalare,
1130 1770 1368 1839 dignum
1397 1787 1599 1824 remur
1620 1787 1726 1825 nec
1745 1787 1835 1824 su-

255 1861 517 1931 perﬂnum
565 1859 1016 1914 memorabilem
1065 1857 1459 1912 translationis
1493 1857 1834 1913 eorumdem

254 1954 557 2002 sanctorum
575 1948 937 2021 praemittere
960 1946 1410 2018 jucunditatem,
1439 1962 1542 2016 per
1572 1962 1749 2015 quam
1778 1949 1836 2000 et

252 2035 485 2107 ipsorum
525 2036 830 2106 signorum
879 2035 1214 2090 enituerunt
1258 2035 1559 2100 nonnulla,
1590 2038 1650 2087 et
1678 2035 1836 2088 locus

251 2127 421 2178 vester
450 2125 534 2178 vel
559 2123 725 2194 regio
753 2122 1106 2194 dignationis
1137 2137 1336 2177 eorum
1359 2121 1569 2175 meruit
1593 2121 1838 2176 feliciter

259 2209 502 2282 insigniri
524 2210 856 2282 praesentia.
872 2210 1052 2281 Igitur
1068 2225 1305 2264 emenso
1329 2209 1556 2263 dierum
1590 2209 1879 2289 ωτι-ἰωοο

251 2298 317 2364 lo,
345 2313 469 2352 cum
498 2297 916 2368 inexplicabilis
941 2298 1046 2351 aevi
1073 2297 1335 2351 mortalis
1365 2296 1446 2350 ita
1479 2297 1838 2367 exigeretde—

253 2385 874 2457 terminatio,praafatus
895 2385 1124 2438 illustris
1163 2385 1394 2451 Lantso,
1420 2383 1838 2439 determinatus

258 2473 502 2528 videlicet
531 2473 967 2544 proememorati
999 2487 1290 2544 possessor
1313 2471 1497 2539 fundi,
1519 2473 1736 2526 cunctis
1757 2473 1836 2527 vi-

254 2562 502 2617 ventibus
528 2575 849 2617 commune
880 2560 1140 2615 debitum
1173 2559 1359 2625 solvit,
1391 2560 1683 2631 prolisque
1721 2577 1838 2615 sua:

249 2650 655 2706 successionem
679 2649 939 2720 ejusdem
971 2647 1340 2720 possessionis
1364 2647 1701 2703 haereditate
1736 2647 1836 2702 de-

242 2736 432 2792 stituit.
462 2737 791 2811 lmperiatis
811 2740 1004 2792 autem
1021 2735 1346 2791 serenitatis
1357 2736 1700 2791 moderante
1721 2737 1838 2790 cle-

1935 1597 2100 1652 diens
2117 1599 2370 1654 officium
2393 1601 2638 1671 implere
2657 1598 3132 1656 maturavit.Ecce
3145 1602 3362 1663 autem,
3380 1597 3537 1652 dictu

1936 1687 2218 1742 mirabile!
2236 1689 2606 1760 repentinum
2619 1689 2956 1742 sanctorum
2977 1685 3316 1757 suifragium
3336 1685 3540 1741 dereli-
3585 1703 3602 1712 -

1935 1776 2028 1829 cta
2059 1777 2266 1846 conjux
2310 1775 2600 1846 experitur
2647 1775 2905 1830 infirma.
2949 1774 2990 1828 E
3019 1773 3260 1846 vestigio
3286 1788 3540 1845 namque

1936 1863 2154 1935 dirigit,
2199 1863 2296 1935 qui
2354 1863 2718 1935 praemissum
2759 1877 2794 1917 a
2820 1867 3156 1917 sanctorum
3195 1877 3421 1917 accessu
3449 1876 3542 1916 ru-

1933 1956 2239 2005 moverent
2262 1951 2561 2017 maritum,
2594 1953 2792 2019 utpote
2819 1950 2947 2020 ipsa
2965 1965 3100 2003 mox
3123 1951 3541 2018 seoutura,sau-

1935 2040 2281 2109 ctorumque
2331 2038 2700 2110 praesentiam
2733 2037 3075 2108 expetituro,
3127 2041 3187 2090 et
3225 2050 3328 2106 per
3355 2039 3542 2091 semet

1937 2141 2065 2196 quae
2083 2125 2353 2181 mittebat
2383 2128 2668 2181 oblatura.
2701 2125 2815 2180 Sed
2845 2123 3145 2180 inhibente
3166 2124 3276 2179 loci
3288 2124 3374 2178 vel
3389 2126 3540 2178 tem-

1937 2214 2094 2282 poris
2117 2215 2409 2284 angustia,
2426 2229 2498 2269 ne
2523 2216 2855 2269 sanctorum
2889 2215 3218 2267 moraretur
3240 2209 3539 2282 profectio,

1938 2301 2088 2356 lator
2118 2303 2441 2356 munusculi
2497 2304 2830 2356 sanctorum
2863 2316 2923 2354 se
2953 2299 3362 2356 misericordias
3397 2313 3544 2369 pra:-

1939 2390 2259 2445 sentialiter
2309 2391 2624 2445 submissus
2663 2389 2878 2456 intulit,
2909 2401 3224 2459 coramque
3252 2387 3543 2459 ipsisem-

1940 2477 2102 2532 nium
2134 2479 2231 2550 qui
2258 2480 2506 2534 aderant
2519 2477 2744 2533 notitias
2776 2477 2837 2530 in
2870 2491 3046 2531 uxore
3077 2472 3542 2546 exhibita-pieta-

1938 2565 2012 2619 tis
2043 2581 2249 2621 eorum
2281 2583 2479 2638 opera,
2507 2566 2580 2620 ad
2601 2565 2835 2620 laudem
2885 2569 2945 2618 et
2974 2563 3223 2635 gloriam
3250 2563 3543 2634 cunctipo-

1937 2654 2112 2707 tentis
2132 2655 2384 2721 Domini,
2418 2656 2767 2724 protestatus
2807 2656 2866 2707 et
2892 2652 3178 2724 professus
3209 2655 3315 2706 est.

2005 2742 2062 2798 4.
2122 2741 2408 2796 Praeterea
2449 2741 2726 2812 quoniam
2758 2739 3138 2812 profectionis
3176 2737 3543 2794 conducebat

251 2826 457 2882 mantia
481 2834 657 2899 (que,
687 2825 961 2881 laudabili
988 2824 1308 2880 devotionis
1325 2828 1480 2891 voto,
1501 2827 1704 2895 suapte
1732 2841 1835 2879 na-
1866 2849 1913 2909 ρ
1935 2829 2547 2898 competentia,locata
2564 2828 2725 2883 navis
2735 2841 2870 2882 cum
2889 2825 3260 2882 mercenariis
3269 2825 3541 2896 jucunda:

244 2916 362 2968 tura
387 2915 740 2970 benevolum
783 2913 1008 2967 induxit
1052 2910 1340 2973 animum,
1395 2926 1694 2966 servorum
1733 2911 1835 2966 Dei
1936 2921 2272 2972 sanctorum
2290 2916 2609 2972 devectioni
2636 2914 2955 2970 instituitur
2973 2912 3426 2969 famulari.Eece
3443 2928 3543 2968 aa-

243 3001 536 3058 vilitatibus
567 3001 873 3073 impendio
893 2999 1267 3072 prospicere),
1289 2999 1496 3054 eadem
1527 2999 1828 3070 posseio,

245 3089 442 3162 absque
453 3089 866 3162 refragationis
879 3089 1399 3154 obstaculo,vestraz
1416 3086 1714 3158 potestatis
1738 3103 1832 3141 re-

239 3177 415 3250 legata
425 3181 598 3235 cessit
611 3178 842 3245 ditioni,
872 3178 1247 3248 prelatorum
1259 3175 1472 3230 scilicet
1494 3178 1830 3230 sanctorum

235 3269 502 3337 praeelecti
518 3267 734 3324 Christi
747 3266 948 3321 militis
961 3263 1181 3336 egregii
1195 3263 1539 3319 confessoris
1567 3263 1825 3318 Bavonis.

295 3357 344 3410 '2.
364 3357 554 3428 igitur
579 3355 724 3428 quia
740 3354 968 3425 sapiens
995 3368 1228 3423 semper
1255 3352 1377 3423 agit
1404 3352 1716 3423 sapienter,
1728 3368 1827 3406 ve-

234 3445 337 3498 atro
367 3445 700 3499 restitutam
723 3441 841 3513 juri
867 3440 1063 3511 sagaci
1086 3440 1499 3511 perlustrantes
1518 3438 1825 3507 industria,

237 3530 411 3587 altiori
435 3530 802 3587 intellexistis
822 3528 1084 3593 consilio,
1124 3527 1467 3581 honorabile
1502 3525 1828 3596 depositum

235 3618 345 3689 ejus
370 3621 560 3692 ipsam
590 3617 1046 3692 praeponderare
1068 3630 1162 3668 om
1173 3613 1548 3679 nimodo,uec
1559 3617 1678 3668 tam
1699 3629 1830 3682 pre-

231 3704 344 3761 tiosi
373 3707 636 3763 thesauri
686 3706 916 3760 thecam
944 3719 1013 3758 eo
1043 3701 1155 3757 loci
1189 3701 1416 3756 tantillo
1448 3701 1830 3756 osculandam

227 3794 634 3866 modio.Super
655 3810 769 3866 qua
796 3808 860 3847 re
881 3791 1164 3846 trutinata
1189 3789 1344 3844 inter
1369 3802 1465 3844 vos
1485 3788 1583 3844 diu
1612 3791 1832 3846 mutua:

226 3882 539 3938 collationis
570 3880 1018 3947 deliberatione,
1057 3877 1405 3948 astipulante
1427 3878 1709 3948 praeterea
1737 3894 1831 3934 ar-

223 3970 628 4043 chipraasulum
659 3974 719 4025 et
732 3968 1058 4025 antistitum
1071 3966 1561 4038 prudentiumque
1574 3965 1830 4023 virorum

224 4060 650 4127 convenientia,
691 4058 766 4115 ad
802 4057 994 4122 vestri,
1026 4054 1514 4128 praspollentioris
1540 4052 1828 4124 videlicet,

223 4147 608 4204 eminentiam
640 4147 751 4203 loci
769 4147 1104 4202 sanctorum
1128 4143 1390 4198 cinerum
1409 4142 1710 4198 transferri
1738 4144 1833 4199 de-

1933 3007 2052 3058 tem
2086 3021 2233 3059 unus
2252 3004 2430 3059 remis
2459 3003 2892 3075 applicitorum,
2933 3003 3025 3057 cui
3057 2999 3352 3072 quoddam
3385 3001 3538 3055 aeui-

1933 3091 2099 3146 derat
2146 3092 2302 3147 haud
2331 3093 2506 3163 longe
2529 3090 2938 3158 infortunium,
2988 3089 3071 3144 rei
3098 3087 3402 3143 familiaris
3433 3087 3545 3142 dis-

1931 3180 2144 3252 pendio
2170 3179 2513 3246 stimulatus,
2531 3183 2905 3251 susceptoque
2934 3178 3132 3232 labore
3147 3177 3543 3244 obsatumtns,

1929 3272 2064 3322 ante
2080 3268 2432 3322 destinatum
2455 3268 2678 3322 itineris
2691 3269 3153 3337 expensum,tam
3179 3261 3542 3320 sanctoinfe-

1930 3355 2007 3410 lix
2047 3372 2168 3410 sese
2199 3356 2496 3428 subripere
2526 3353 3252 3426 praesumpsit-ofﬂdoﬁed
3271 3351 3542 3424 quianon

1928 3443 2376 3510 contemnenda,
2431 3459 2538 3497 nec
2586 3442 2818 3497 utilitati
2868 3441 3103 3513 privatis
3150 3439 3545 3494 substituenda

1927 3535 2258 3586 sanctorum
2279 3531 2493 3585 feretra
2511 3530 2747 3597 fuerint,
2769 3529 2986 3601 absque
3014 3542 3246 3584 moroso
3264 3525 3548 3599 persensit

1928 3618 2260 3673 interstitio.
2285 3619 2594 3673 Ultroneus
2603 3633 2856 3689 namque
2873 3619 2930 3671 et
2944 3615 3316 3671 inexorabilis
3329 3616 3550 3669 electo-

1928 3720 2061 3760 rum
2084 3707 2182 3760 Dei
2208 3707 2435 3760 avulsus
2462 3704 2809 3771 ministerio,
2857 3720 2976 3758 non
3007 3702 3184 3758 modo
3209 3691 3546 3757 deliberate

1929 3808 2050 3848 non
2076 3792 2293 3864 profuit
2312 3791 2701 3859 utilitati,imo
2724 3790 2962 3861 dignam
2993 3804 3113 3844 non
3126 3792 3548 3861 spontepassus

1931 3885 2019 3935 est
2047 3879 2544 3952 redargutionem.
2571 3877 2880 3934 Discedens
2921 3877 3118 3949 itaque
3137 3891 3269 3930 .non
3298 3874 3551 3947 spatiosa

1930 3973 2201 4040 peragrat
2224 3967 2456 4035 itinera,
2492 3982 2682 4039 neque
2714 3965 3040 4022 desiderata
3068 3963 3285 4035 expetit
3313 3963 3498 4034 spatia
3530 3981 3545 4020 :

1930 4072 2131 4111 verum
2143 4055 2358 4112 mentis
2370 4054 2655 4110 alienatus
2683 4051 3038 4125 integritate,
3057 4050 3308 4122 pristino
3318 4065 3550 4122 quoque

1931 4143 2330 4198 membrorum
2361 4143 2667 4198 frustatrus
2687 4141 2913 4211 vigore,
2931 4137 3020 4192 vix
3037 4135 3552 4209 proximesibique
3629 4189 3637 4196 ,

227 4236 465 4292 crevistis
484 4237 763 4308 pignora.
788 4233 909 4289 Sed
939 4233 1092 4288 inter
1121 4231 1233 4287 iter
1247 4232 1563 4303 agendum,
1585 4231 1728 4287 dum
1750 4231 1830 4287 vi-
1855 4244 1910 4303 1)
1932 4229 2098 4283 citius
2121 4229 2333 4284 oblatae
2347 4227 2571 4284 vicinius
2585 4241 2781 4299 sepem
2800 4223 3234 4296 cumgmssibus
3251 4222 3554 4280 oﬁendens

225 4320 657 4380 delicetsanctae
685 4321 1008 4377 devotionis
1036 4320 1278 4375 tandem
1319 4319 1710 4373 celebraretur
1735 4335 1830 4374 ex-

225 4412 451 4480 secutio,
484 4415 943 4482 sanctorumque
969 4407 1394 4479 pretiosissima:
1421 4421 1526 4476 per
1554 4422 1672 4461 non
1706 4423 1834 4461 mo-

224 4495 406 4554 dicam
429 4500 667 4556 itineris
692 4495 1186 4568 intercapedinem
1211 4493 1668 4549 transferrentur
1695 4492 1831 4548 reli-

223 4587 386 4656 quise,
419 4587 694 4659 contigit,
726 4589 790 4641 ut
809 4601 912 4656 par
955 4586 1100 4651 erat,
1153 4583 1434 4654 plurimos
1450 4581 1836 4638 finitimorum

223 4677 338 4731 tam
359 4677 549 4734 felicis
583 4675 876 4748 opinionis
903 4672 1172 4745 compari
1196 4687 1455 4729 rumore.

290 4769 340 4819 3.
373 4766 536 4820 inter
583 4764 894 4820 nonnullos
937 4763 1132 4834 itaque
1175 4758 1508 4814 auditorum
1547 4759 1839 4831 comperit

224 4849 339 4907 huic
358 4853 652 4925 languida
678 4851 968 4924 quadam,
997 4865 1125 4921 qua:
1157 4847 1518 4919 aegritudinis
1565 4847 1836 4917 depressa

225 4941 507 5010 pondere,
534 4940 731 4996 lectuli
757 4936 1126 4993 detinebatur
1159 4938 1361 5002 strato,
1398 4938 1601 4988 utnon
1635 4934 1835 4990 diebus

217 5026 339 5097 jam
372 5027 707 5085 numerosis
735 5027 804 5083 ab
830 5043 921 5094 eo,
944 5025 1052 5081 nisi
1082 5022 1837 5095 bajulata,exsurgeret.Scd

226 5131 354 5171 cum
370 5119 479 5172 hac
498 5115 745 5190 optabili
761 5114 940 5170 auditi
961 5113 1211 5168 rumoris
1217 5112 1584 5183 jucunditate
1600 5110 1657 5165 in
1673 5127 1837 5182 spem

229 5200 442 5260 bonam
468 5204 693 5278 pariter
705 5203 964 5274 erigitur,
979 5201 1050 5256 de
1069 5200 1355 5255 destitutae
1382 5197 1578 5253 salutis
1599 5212 1836 5270 recupe-

228 5293 452 5348 ratione
478 5309 592 5366 per
616 5295 948 5346 sanctorum
996 5287 1444 5360 opitulationem
1495 5285 1839 5342 ﬁducialiter

232 5381 608 5436 certioratur.
630 5379 792 5434 Unde
818 5395 934 5433 non
965 5373 1718 5446 cunctata,perunanimem
1730 5369 1840 5427 sibi

231 5469 1005 5541 collateralem,apparatum
1018 5464 1273 5521 candelae
1290 5463 1702 5519 munusculum
1716 5477 1843 5517 san-

233 5558 464 5616 ctorum
481 5555 711 5636 meritis
727 5557 786 5615 et
800 5556 1121 5630 praesentiae
1130 5555 1405 5628 precatur
1415 5549 1680 5608 celeriter
1689 5549 1844 5612 exhi-

1931 4315 2302 4387 commigrat,
2319 4314 2515 4386 ibique
2532 4312 2792 4383 stupidus
2813 4309 3250 4382 dejiciturtQuin
3268 4308 3448 4364 etiam
3459 4325 3554 4364 au-

1932 4404 2237 4473 perantem
2250 4399 2630 4455 nihilominus
2650 4398 2920 4454 instantis
2948 4396 3059 4451 diei
3081 4396 3446 4468 particulam,
3469 4399 3555 4451 to-

1933 4492 2172 4560 tumque
2200 4486 2494 4559 sequentis
2532 4485 2718 4541 noctis
2747 4499 3048 4539 excursum
3090 4483 3298 4538 debitas
3323 4483 3550 4554 impen-

1935 4573 2080 4630 dens
2111 4574 2340 4641 ultioni,
2370 4573 2632 4628 haarebat
2653 4571 2954 4627 attonitus.
3016 4569 3256 4625 Attritus
3281 4585 3420 4640 ergo
3449 4568 3556 4624 ali-
3611 4585 3614 4589 ·

1935 4661 2189 4734 quandiu
2214 4665 2376 4715 tanto
2401 4660 2780 4731 correptionis
2801 4658 3058 4725 verbere,
3085 4657 3436 4729 tandemque
3453 4656 3552 4727 pio

1935 4752 2265 4805 sanctorum
2290 4765 2434 4820 quos
2462 4747 2846 4820 vilipenderat
2875 4745 3138 4812 obtentu,
3169 4744 3558 4816 benigno'mi-

1935 4837 2177 4892 serentis
2201 4837 2301 4890 Dei
2328 4835 2588 4889 visitatus
2617 4837 2900 4906 respectu,
2940 4832 3062 4904 ipse
3087 4836 3280 4886 reatus
3310 4833 3397 4887 sui
3423 4847 3550 4887 me-

1936 4925 2167 4981 dullitus
2196 4922 2470 4994 intelligit
2501 4921 2800 4976 offensam.
2843 4921 2968 4976 Mox
2997 4920 3174 4992 igitur
3198 4923 3261 4976 ut
3279 4919 3557 4976 fenestra-

1935 5017 2058 5068 tum
2088 5011 2300 5067 mentis
2329 5010 2626 5083 penetrale
2658 5025 2784 5064 sera
2811 5008 2945 5064 licet
2964 5009 3248 5080 transegit
3273 5008 3557 5080 poeniten-

1937 5098 2366 5170 tia,-consopito
2395 5097 2612 5169 pariter
2642 5097 2871 5169 corpori
2895 5096 3119 5151 desides
3143 5095 3442 5164 reviguere
3467 5093 3550 5146 vi-

1921 5178 2028 5242 res
2051 5205 2064 5240 :
2090 5185 2546 5260 posthabitisque
2560 5183 2818 5255 pristinas
2833 5181 3174 5238 intentionis
3185 5178 3552 5234 mordacibus

1937 5276 2108 5343 curis,
2139 5275 2259 5329 solo
2286 5289 2420 5328 vero
2452 5275 2805 5337 sanctorum,
2833 5270 3057 5341 pridem
3086 5266 3373 5337 neglecto,
3397 5283 3551 5321 nunc

1938 5363 2231 5420 inhianter
2254 5362 2508 5433 ﬂagrans
2538 5359 3084 5430 obsequio,emensa
3109 5357 3427 5409 retrorsum
3439 5355 3554 5410 fes-

1939 5452 2078 5507 tinis
2105 5450 2366 5524 passibus
2389 5447 2695 5504 remetitur
2731 5444 2961 5511 itinera,
2992 5445 3058 5497 ut
3103 5441 3340 5498 tandem
3388 5443 3551 5498 laeta-

1943 5541 2172 5602 bundus
2193 5553 2401 5600 eorum
2421 5552 2549 5599 sese
2566 5532 2811 5610 inferret
2819 5531 3168 5615 praesentiae.
3193 5530 3368 5614 cujus
3387 5529 3560 5610 nimi.
