3960 6174
412 373 442 428 ἰ
455 373 558 430 123

1565 364 1888 423 HERIGERI
1919 363 2207 422 ABBATIS
2234 362 2588 422 LOBIENSIS

3576 373 3596 425 l
3611 373 3703 428 114

421 511 553 551 rum
577 492 824 550 recentis
840 488 1140 562 castigatio
1153 489 1702 563 verberis,verezque
1731 489 2028 546 conversio
2049 494 2104 554 Α
2125 489 2387 544 tudinem
2411 487 2473 543 in
2500 487 2679 544 oculis
2699 503 2800 559 per
2817 502 3004 543 annos
3026 486 3238 542 multos
3257 500 3556 560 perpessa:
3575 505 3708 562 quia,

421 581 814 657 paenitudinis,
837 577 1051 634 velocia
1071 577 1350 650 [vestigia]
1376 579 1746 634 reddiderant
1769 596 1781 634 :
1805 595 1907 632 nec
1937 595 2028 633 re-

423 669 638 742 quievit
667 669 870 733 donec,
898 666 1013 722 voti
1053 683 1288 738 compos
1309 667 1595 738 optabilis,
1619 667 1868 738 gloriosa
1897 683 2032 720 san-

419 761 643 812 ctorum
658 755 1098 828 praesentialiter
1109 759 1556 827 consequeretur
1569 756 1795 822 merita,
1812 770 2032 808 coram-

421 859 532 914 que
574 843 712 914 ipsis
753 845 812 896 et
856 844 1173 897 multorum
1203 843 1530 914 frequentia
1560 846 1855 912 expertam
1886 841 1946 895 in
1972 857 2031 894 se

418 932 769 1000 protestatus
794 933 878 984 est
902 929 1342 1000 castigationem
1373 933 1429 982 et
1459 929 1848 982 clementiam.

495 1019 547 1071 5.
580 1018 705 1087 Ipso
734 1019 929 1070 autem
956 1015 1066 1082 die,
1102 1015 1158 1070 id
1188 1021 1272 1070 est
1301 1019 1498 1070 octavo
1541 1015 1826 1070 Kalendas
1865 1015 2029 1084 Apri-

419 1103 510 1171 lis,
545 1120 658 1175 quo
690 1104 750 1157 in
798 1102 1215 1157 monasterium
1239 1102 1540 1173 prtefatum
1601 1118 1730 1155 cum
1777 1100 2035 1171 reliquiis

421 1190 640 1246 eisdem
657 1194 743 1245 est
758 1191 1058 1256 intratum,
1075 1189 1283 1244 mulier
1305 1189 1589 1260 quaedam,
1615 1190 1761 1258 (540)
1778 1188 2032 1242 Lenekin

422 1279 684 1346 nomine,
702 1278 1202 1350 praevenit,lumen
1226 1277 1318 1330 diu
1334 1277 1606 1330 amissum
1620 1276 1835 1348 recepit
1848 1275 2037 1329 Idibus

421 1365 652 1438 Aprilis,
674 1367 822 1436 (541)
843 1365 988 1418 feria
1001 1364 1169 1418 tertia
1182 1364 1394 1418 scilicet
1408 1363 1786 1418 hebdomadas
1807 1363 2038 1434 pascha-

418 1453 510 1509 lis.
540 1453 736 1508 Puella
766 1453 1030 1524 quazdam
1063 1467 1213 1506 caeca
1233 1452 1302 1506 de
1333 1452 1465 1504 villa
1484 1453 1630 1518 (542)
1657 1451 1914 1506 Ostholta
1934 1449 2040 1503 ad-

423 1541 602 1607 venit,
636 1540 874 1594 nomine
915 1540 1312 1605 Teudsmudis,
1353 1540 1737 1610 vespertinam
1779 1539 2038 1609 synaxim

423 1629 700 1685 fratribus
729 1627 1154 1682 celebrantibus
1199 1627 1505 1692 sustinens,
1561 1627 1734 1681 rediit
1774 1628 1927 1680 clare
1969 1626 2044 1680 vi-

335 1735 364 1754 ⁶
427 1718 592 1785 dens,
621 1732 726 1770 nec
756 1717 860 1770 vias
890 1716 1094 1770 ducem
1121 1716 1360 1770 ulterius
1385 1731 1669 1786 quaerens.

2129 582 2460 632 sanctorum
2485 577 2705 632 meritis
2725 576 3056 648 sospitatem
3084 576 3337 648 indepta,
3367 577 3486 633 sine
3503 577 3712 633 ductore

2130 666 2391 738 gaudens
2415 669 2472 719 et
2501 666 2789 718 exsultans
2815 663 3092 718 remeavit
3115 665 3187 718 ad
3211 665 3458 736 pr0pria.

2201 758 2253 808 8.
2281 754 2556 823 Deinceps
2583 752 2786 824 quinto
2814 752 3054 806 Kalend.
3105 752 3257 806 Junii
3291 753 3496 806 mulier
3514 752 3580 806 de
3604 752 3720 807 villa

2131 842 2379 906 Rothen,
2403 840 2770 912 paupercula,
2792 839 3129 893 Adalmudis
3153 839 3556 905 vocitata,dum
3573 856 3632 893 ex
3650 840 3722 894 in-

2133 929 2405 982 ﬁrmitate
2435 928 2616 981 nimia
2658 928 2810 981 facta
2840 927 3039 980 fuisset
3077 943 3248 994 caeca,
3286 926 3483 980 audita
3531 930 3724 981 sancto-

2134 1033 2263 1070 rum
2295 1015 2470 1082 fama,
2490 1016 2562 1069 ad
2575 1031 2777 1069 eorum
2801 1014 3166 1069 desiderabat
3185 1013 3484 1086 pervenire
3507 1015 3725 1084 patroci-

2136 1106 2232 1159 nia
2259 1122 2275 1156 :
2303 1104 2404 1158 sed
2434 1104 2572 1156 dum
2601 1103 2821 1156 inflatis
2843 1101 3203 1156 cruribusvix
3225 1105 3477 1171 reperet,
3509 1105 3563 1154 et
3585 1119 3614 1154 a
3633 1102 3728 1154 suis

2137 1209 2252 1264 prie
2284 1194 2620 1261 paupertate
2653 1190 2750 1244 illo
2785 1189 2989 1244 deduci
3025 1190 3169 1260 (544)
3203 1189 3466 1259 neglecta
3504 1193 3657 1256 esset,
3683 1195 3730 1242 et

2135 1281 2240 1332 hac
2264 1278 2671 1349 desperatione
2706 1276 2879 1330 nimis
2917 1277 3251 1342 tabesceret,
3286 1279 3457 1330 nocte
3487 1291 3727 1346 superve-

2139 1368 2335 1421 niente
2348 1383 2405 1420 se
2425 1365 2618 1435 sopori
2641 1364 2900 1430 indulsit,
2925 1363 3020 1419 SS.
3044 1364 3441 1418 Landoaldum
3463 1365 3518 1416 et
3545 1363 3738 1417 Vincia~

2141 1471 2276 1508 nam
2299 1453 2497 1508 habitu
2531 1452 2999 1522 splendidissimo
3027 1451 3275 1504 incensis
3304 1451 3496 1515 cereis,
3515 1453 3737 1504 astantes

2141 1542 2246 1596 sibi
2267 1540 2539 1612 cognovit
2553 1557 2570 1602 ;
2584 1540 2890 1610 evigilans,
2913 1539 3436 1609 reintegrationem
3456 1539 3624 1593 totius
3638 1555 3738 1593 cor-

2142 1628 2298 1700 poris
2318 1628 2514 1682 adesse
2541 1627 2647 1680 sibi
2665 1627 2970 1697 persensit,
2991 1626 3253 1680 dolorem
3267 1627 3448 1680 totius
3469 1625 3739 1680 inﬁmita-

2146 1717 2217 1770 tis
2235 1716 2532 1770 recessisse
2561 1715 2756 1770 didicit
2782 1732 2794 1768 :
2821 1715 2880 1768 in
2903 1715 3215 1768 crastinum
3239 1715 3312 1769 de
3339 1713 3733 1770 illuminatione

497 1810 552 1862 6.
583 1807 644 1858 ln
676 1805 799 1874 ipsa
817 1804 950 1857 villa
973 1803 1081 1857 fuit
1106 1804 1375 1869 etaltera,
1410 1803 1563 1856 intra
1583 1818 1769 1857 annos
1788 1801 2046 1857 infantiae
2070 1799 2124 1859 B
2143 1806 2267 1876 jam
2287 1807 2462 1870 certa,
2487 1803 2557 1857 de
2574 1804 2794 1874 reliqua
2815 1803 3058 1856 sanitate
3083 1819 3200 1856 non
3218 1803 3419 1869 dubia,
3437 1819 3538 1874 per
3557 1817 3612 1855 se
3629 1816 3737 1854 cum

427 1893 513 1948 ita
541 1891 837 1946 debilitata
869 1894 929 1944 ut
959 1894 1092 1945 ante
1117 1907 1337 1944 annum
1369 1907 1473 1945 nec
1501 1891 1746 1960 pedibus
1784 1890 2049 1944 incedere

429 1996 536 2035 nec
579 1980 780 2033 saltem
813 1995 847 2032 a
881 1979 1027 2032 lecto
1071 1978 1316 2049 quiverit
1348 1993 1603 2049 surgere.
1652 1979 1807 2031 Hanc
1845 1981 2052 2058 mater,

431 2067 776 2140 supradictis
794 2067 1098 2121 virtutibus
1111 2068 1314 2133 excita,
1335 2067 1523 2138 primo
1556 2083 1729 2121 mane
1751 2068 1901 2121 inter
1921 2067 2051 2124 bra-

427 2155 560 2211 chia
583 2155 686 2210 sub
711 2155 837 2210 divo
881 2154 1126 2221 sustulit,
1155 2171 1260 2225 pro
1307 2155 1428 2226 ejus
1477 2155 1915 2226 recuperatione
1960 2170 2053 2207 vo-

444 2247 569 2299 tum
585 2243 793 2296 sanctis
804 2241 1180 2308 fecit,scilicet
1195 2242 1291 2296 illo
1305 2259 1363 2296 se
1375 2257 1504 2295 cum
1519 2243 1714 2296 sobole
1727 2245 2046 2308 venturam,
2063 2293 2099 2327 ο

437 2331 793 2387 oblationem
810 2329 1026 2400 pariter
1039 2330 1306 2384 devotam
1324 2345 1514 2384 secum
1529 2329 1868 2383 delaturam.
1887 2329 2050 2392 Quod

441 2418 780 2488 utexplevit,
799 2417 992 2488 puella
1006 2417 1284 2487 paulatim
1307 2417 1611 2487 subrigens
1636 2433 1756 2471 sese
1779 2417 1837 2469 in
1853 2416 2045 2487 pedes,

431 2505 612 2571 stetit,
642 2504 950 2570 convaluit,
1005 2503 1302 2556 ambulare
1345 2504 1534 2574 caapit,
1558 2507 1615 2557 et
1643 2503 1800 2558 abiit.
1829 2503 2047 2557 Ibidem

431 2592 648 2648 exstitit
673 2595 730 2645 et
757 2591 890 2653 alia,
917 2590 1140 2644 Lewich
1155 2591 1422 2654 vocitata,
1441 2590 1639 2644 itidem
1669 2591 1830 2645 omni
1851 2606 2048 2661 corpo-

428 2679 512 2736 ris
528 2677 1016 2745 virtuteinvalida,
1047 2694 1117 2732 ea
1139 2694 1268 2732 cum
1282 2678 1408 2748 jam
1435 2694 1582 2748 pene
1597 2679 1953 2750 desperasset
1977 2678 2047 2732 de

434 2767 572 2834 vita,
639 2766 836 2821 audita
884 2765 1208 2837 signorum,
1259 2782 1386 2837 quae
1435 2766 1548 2820 illic
1589 2767 1826 2832 ﬁebant,
1868 2767 2043 2834 fama,

435 2870 669 2911 cereum
698 2857 1029 2909 sanctorum
1055 2853 1398 2908 luminariiis
1421 2854 1662 2909 devovit.
1685 2855 1806 2909 Mox
1822 2858 1884 2908 ut
1913 2855 2044 2908 illuc

435 2941 1018 3009 destinavit,valentia
1031 2942 1200 2996 totius
1211 2942 1469 3014 corporis
1488 2943 1683 2997 statim
1700 2941 2042 3013 reintegrari

432 3030 670 3087 meruit.
700 3030 850 3102 (543)
901 3030 1163 3084 Wechtre
1210 3045 1424 3085 nomen
1464 3030 1610 3085 villae
1647 3035 1762 3098 est;
1810 3030 2109 3129 Ribertac

435 3123 560 3174 erat
586 3118 702 3173 illic
739 3118 949 3172 mulier
977 3121 1326 3188 nuncupata,
1359 3117 1530 3171 variis
1557 3118 1916 3189 passionibus
1943 3118 2041 3172 de-

434 3209 599 3262 tenta
627 3209 687 3261 et
713 3221 861 3277 pene
887 3205 1046 3259 omni
1078 3205 1475 3260 membrorum
1501 3205 1688 3260 ofﬁcio
1721 3205 1994 3260 destituta
2027 3221 2040 3258 :

435 3294 512 3350 ad
529 3293 741 3349 horum
779 3293 1124 3347 memoriam
1172 3293 1378 3346 devota
1429 3293 1684 3360 accessit,
1736 3293 2046 3365 aliquantis

434 3381 638 3437 diebus
665 3380 956 3436 demorari
995 3380 1241 3434 instituit
1269 3380 1578 3435 sanitatem
1609 3386 1913 3436 consecuta
1954 3396 2045 3436 re-

429 3469 616 3524 cessit.

502 3563 556 3612 7.
588 3556 786 3610 Mulier
813 3558 1095 3627 praeterea
1123 3556 1388 3626 quaedam
1414 3572 1509 3610 xui
1528 3557 1768 3612 Kalend.
1796 3556 1922 3612 Maii
1943 3573 2046 3628 pro

435 3644 556 3699 ﬁlio
575 3647 850 3715 rogatura
872 3644 1048 3698 venit.
1072 3644 1209 3698 Huic
1238 3644 1388 3697 filius
1429 3644 1587 3698 domi
1631 3645 1862 3699 relictus
1903 3649 2046 3711 erat,

433 3732 674 3788 nomine
686 3732 1018 3803 Adelgerus,
1048 3748 1166 3786 non
1192 3732 1612 3787 solumlumine
1632 3735 1931 3788 oculorum
1956 3734 2050 3788 de-

437 3821 686 3887 stitutus,
718 3821 817 3875 sed
847 3823 905 3874 et
941 3820 1142 3892 capitis
1168 3825 1224 3876 et
1265 3821 1522 3892 corporis
1545 3822 1862 3876 rheumatis
1886 3825 2049 3877 motu

334 3974 340 3980 _
435 3909 710 3981 gibbosus
731 3912 902 3965 totus.
923 3910 1100 3964 Mater
1117 3926 1221 3980 pro
1243 3911 1366 3981 ejus
1389 3910 1827 3982 recuperatione
1845 3911 2047 3979 oravit,

434 4003 629 4053 votum
641 3998 810 4066 fecit;
833 3999 1042 4053 timore
1058 3998 1371 4070 filii,quem
1399 3998 1766 4071 desperatum
1793 3999 2046 4071 reliquit,

436 4085 604 4140 citius
630 4086 802 4142 rediit
830 4102 843 4140 :
877 4089 938 4139 ut
963 4086 1203 4142 domum
1232 4087 1530 4152 remeavit,
1555 4086 1737 4140 filium
1756 4087 2048 4142 videntem

432 4174 730 4247 reperit,et
752 4178 911 4230 certa
931 4174 1327 4230 incolumitate
1353 4174 1707 4246 gaudentem
1734 4176 1872 4230 laeta
1888 4191 2046 4230 rece-

435 4261 538 4332 pit.
562 4264 695 4318 Post
707 4263 848 4329 haec,
871 4263 976 4316 sub
991 4262 1084 4317 die
1109 4263 1355 4333 septimo
1377 4262 1601 4317 decimo
1616 4263 2042 4330 Kalend.Junii,

437 4349 671 4405 advenit
697 4349 928 4414 ancilla,
944 4349 1153 4422 Egerin
1175 4354 1392 4417 vocata,
1416 4350 1748 4406 albedinem
1772 4352 1856 4406 vel
1886 4353 2050 4424 lippi-
2070 4381 2124 4440 Β

533 4490 654 4559 540)
681 4490 778 4544 Ms.
812 4489 1114 4545 Gandense
1139 4489 1390 4545 Leveki'n.

526 4561 648 4633 541)
669 4561 840 4633 _Dicto
874 4577 1030 4633 anno
1059 4565 1183 4624 980,
1212 4579 1325 4632 quo
1363 4563 1519 4633 cyclo
1556 4564 1709 4618 lunae
1746 4568 1831 4631 l2,
1854 4564 1989 4620 solis
2018 4569 2052 4620 4

413 4629 1120 4755 ’ξὶξῐῗὶεὲξοιιιὶιιὶοειιίὺιιε
1151 4633 1194 4685 D
1227 4629 1288 4698 Β,
1322 4629 1538 4688 Pascha
1566 4635 1668 4689 fuit
1697 4629 2050 4692 celebratum

577 4716 666 4755 pri
693 4717 759 4755 is.

437 4704 496 4758 il
528 4701 759 4758 Aprilis.

527 4717 882 4828 afﬁngimus
905 4771 1114 4828 Schult.

534 4781 630 4828 542
684 4781 882 4828 Sumus
905 4781 1114 4828 Schult.

534 4781 660 4912 διδζ
684 4843 841 4897 Idem
876 4843 1114 4898 Wentiae.

517 4912 663 4990 (@114)
696 4913 793 4990 Hic
820 4915 949 4968 ﬁnit
967 4930 1073 4969 ms.
1099 4916 1426 4990 Gaudense,
1471 4917 1848 4990 sequentibus
1873 4918 2057 4975 tribus

435 4983 591 5061 foliis
618 4984 1039 5061 char_ta_e_purie,
1080 4986 1434 5061 substitutis,
1466 4983 1654 5061 utpar
1685 4994 1770 5045 est
1799 4991 2054 5058 credere,

439 5055 501 5111 in
529 5055 716 5111 locum
745 5055 1018 5112 foliérum
1044 5057 1484 5116 elaceratorum.

2151 1892 2278 1948 aliis
2307 1891 2753 1946 admiratoribus
2771 1891 2966 1944 multis
2989 1894 3323 1944 sanctorum
3355 1890 3560 1945 limina
3581 1891 3742 1944 tenta-

2152 1980 2233 2033 vit
2261 1979 2522 2045 invisere,
2551 1979 2868 2047 gratiarum
2899 1979 3154 2033 actiones
3181 1994 3286 2048 pro
3319 1994 3487 2049 posse
3518 1993 3627 2032 non
3649 1993 3742 2030 ces-

2153 2067 2296 2120 savit
2317 2067 2393 2120 im
2403 2066 2743 2138 pendere.ln
2762 2066 3162 2132 crastinum,id
3177 2070 3285 2132 est,
3305 2069 3515 2137 quarto
3529 2063 3741 2118 Kalend.

2150 2155 2324 2222 Junii,
2359 2154 2624 2226 quaedam
2679 2155 2899 2208 femina
2927 2155 3305 2221 Frethunara,
3347 2158 3406 2208 et
3432 2155 3555 2223 ipsa
3599 2168 3745 2213 caeca,

2150 2249 2482 2298 sanctorum
2512 2243 2715 2296 limina
2741 2242 3020 2296 orationis
3041 2242 3246 2313 gratia,
3272 2257 3447 2295 causa
3471 2241 3657 2294 salutis
3674 2257 3749 2294 ex-

2149 2332 2432 2402 petendas,
2464 2329 2658 2384 adibat
2691 2345 2704 2384 :
2737 2329 2836 2383 sed
2859 2329 2918 2382 in
2952 2329 3074 2400 ipsa
3095 2330 3184 2383 via
3223 2326 3476 2383 necdum
3503 2328 3625 2383 illuc
3645 2343 3750 2398 per-

2148 2421 2401 2485 venerat,
2430 2422 2487 2472 et
2516 2433 2644 2471 ecce
2673 2416 2915 2487 pristina
2954 2417 3199 2471 sanitate
3226 2421 3484 2488 recepta,
3508 2416 3750 2470 incedens

2147 2507 2456 2577 gaudebat.

2218 2599 2270 2648 9.
2305 2592 2577 2665 Sequenti
2593 2593 2828 2648 demum
2860 2593 2953 2648 die
2968 2597 3163 2648 sancto
3188 2595 3581 2661 Pentecostes,
3619 2591 3750 2663 quod

2147 2684 2232 2735 est
2253 2681 2670 2752 (545)5ecundo
2707 2681 2948 2734 Kalend.
2979 2680 3153 2746 Junii,
3199 2681 3445 2752 quidam
3467 2678 3753 2735 Theodori-

2146 2786 2264 2836 cus,
2295 2769 2484 2823 nervis
2513 2769 2956 2839 totiuscorporis
2977 2786 3082 2840 per
3094 2785 3279 2823 annos
3300 2770 3521 2824 multos
3548 2771 3750 2824 contra-

2143 2861 2287 2924 ctus,
2333 2858 2525 2911 multis
2575 2857 2840 2912 veridicis
2872 2858 3116 2912 testibus
3162 2874 3366 2912 coram
3432 2857 3749 2920 astantibus,

2147 2946 2386 3001 omnino
2405 2946 2739 3017 sospitatem
2761 2949 2846 3000 est
2868 2945 3124 3016 adeptus.
3140 2945 3368 3001 Deinde
3389 2946 3562 3001 tertio
3585 2946 3752 2999 Nonas

2144 3035 2296 3102 Julii,
2320 3035 2465 3089 feria
2493 3034 2696 3107 quinta
2717 3034 2977 3105 ejusdem
3000 3035 3411 3102 hebdomadas,
3438 3035 3642 3090 mulier
3664 3048 3754 3087 ca:-

2145 3141 2212 3178 ca
2241 3141 2307 3178 ex
2337 3139 2484 3195 pago
2527 3125 2674 3193 (546)
2698 3124 3168 3190 Bracbbantensi,
3193 3127 3429 3178 sanctos
3458 3140 3591 3178 cum
3609 3122 3751 3177 auxi-

2143 3213 2345 3267 liatum
2371 3213 2706 3278 invocasset,
2739 3217 2798 3266 et
2836 3213 3120 3266 luminare
3153 3213 3546 3268 deferendum
3572 3212 3650 3267 eis
3664 3227 3752 3283 pro

2145 3318 2308 3374 posse
2340 3304 2614 3372 parasset,
2639 3317 2756 3355 non
2787 3316 2951 3355 mora
2972 3302 3206 3369 exstitit,
3253 3305 3312 3357 et
3337 3303 3542 3356 lumen
3583 3300 3754 3356 oculo-

2144 3407 2276 3445 rum
2295 3390 2530 3462 recepit.
2566 3391 2646 3444 De
2677 3390 2882 3444 eodem
2906 3406 3053 3461 pago
3090 3391 3321 3444 existitit
3350 3396 3412 3446 et
3441 3392 3620 3446 altera
3644 3404 3755 3442 mu-

2147 3480 2272 3546 lier,
2315 3496 2440 3551 quae
2474 3479 2654 3534 nimio
2683 3494 2888 3533 renum
2932 3479 3138 3534 affecta
3177 3480 3405 3547 dolore,
3463 3497 3568 3552 per
3609 3478 3756 3532 unius

2146 3569 2329 3623 ferme
2355 3569 2492 3622 anni
2518 3569 2767 3639 spatium
2816 3570 2890 3624 ad
2925 3569 3157 3634 nullius,
3209 3573 3272 3623 ut
3302 3570 3433 3640 ipsa
3469 3569 3754 3629 fatebatur,

2148 3657 2321 3712 ofﬁcii
2363 3657 2838 3712 commoditatem
2882 3658 3056 3712 valuit
3104 3673 3440 3728 exsurgere.
3503 3658 3626 3712 Haec
3674 3653 3755 3708 ubi

2149 3751 2477 3801 sanctorum
2507 3746 2760 3816 pignora
2789 3746 2978 3800 delata
3028 3746 3246 3810 didicit,
3276 3750 3333 3800 et
3395 3764 3501 3818 per
3548 3763 3614 3800 ea
3657 3743 3752 3797 illic

2147 3835 2298 3890 mira
2326 3835 2553 3907 operari
2577 3834 3174 3907 cognovit,candelam
3200 3851 3302 3904 pro
3329 3829 3755 3908 readipiscenda

2149 3924 2330 3978 salute
2361 3924 2586 3978 devovit
2610 3940 2624 3989 ;
2657 3927 2717 3976 ut
2737 3923 2820 3976 sui
2837 3924 2896 3977 in
2924 3927 3086 3978 tanto
3111 3923 3312 3978 dolore
3337 3925 3754 3982 misererentur,

2150 4013 2332 4066 oravit
2360 4029 2371 4066 :
2399 4011 2670 4066 continuo
2703 4011 2962 4082 sospitati
2992 4011 3250 4082 pristina:
3284 4013 3540 4074 reddita,
3572 4008 3756 4066 cande-

2150 4099 2266 4154 lam
2297 4101 2510 4154 sanctis
2541 4100 2746 4154 devote
2777 4098 3046 4166 offerens,
3080 4099 3437 4154 cinctorium
3466 4100 3630 4155 simul
3649 4112 3758 4170 pro-

2149 4188 2298 4256 tulit,
2329 4205 2432 4260 pro
2464 4189 2702 4260 indepta
2729 4187 3123 4242 incolumitate
3146 4189 3368 4260 gratias
3392 4190 3510 4245 Deo
3538 4203 3635 4259 per
3651 4199 3755 4241 sau-

2148 4281 2373 4333 ctorum
2404 4278 2613 4333 merita
2633 4277 2946 4333 immensas
2972 4277 3187 4332 retulit.

2222 4500 2366 4570 (545)
2400 4498 2665 4571 Μθιιάιιηι
2708 4496 3034 4570 irrepserat,
3084 4503 3141 4554 et
3177 4516 3238 4554 ιιι
3270 4500 3517 4556 Kalend.
3577 4515 3672 4571 pro
3707 4512 3749 4571 ιι

2153 4566 2276 4624 erat
2309 4566 2719 4642 pesitum,cum
2747 4566 2881 4642 tunc
2912 4571 3103 4642 littera
3131 4571 3519 4642 ,Dominicalis
3545 4566 3679 4624 esset
3698 4566 3748 4630 C,

2153 4644 2212 4695 et
2239 4641 2397 4712 patet
2425 4657 2493 4694 ex
2529 4641 2919 4712 sequentibus,
2960 4641 3057 4695 ubi
3115 4641 3260 4696 feria
3290 4659 3320 4693 v
3349 4659 3483 4696 cum
3508 4658 3565 4696 ιιι
3587 4642 3750 4694 Nonas

2157 4711 2308 4766 Junii
2333 4711 2722 4782 conjungitur,
2751 4714 2808 4766 et
2838 4727 2983 4766 novo
3025 4712 3241 4766 mendo
3270 4712 3416 4766 Julii
3438 4717 3563 4768 erat
3592 4723 3750 4782 fercu-

2154 4799 2282 4837 sum
2303 4799 2317 4848 ;
2340 4781 2472 4836 cum
2505 4781 2789 4851 scriptura
2819 4785 2966 4836 esset
2995 4782 3160 4836 finita
3187 4800 3284 4836 xm
3321 4784 3447 4837 Kal.
3475 4781 3624 4838 Julii.

2227 4857 2370 4922 (546)
2399 4853 2688 4924 lndicatur
2719 4853 2933 4924 vicinus
2975 4868 3116 4924 ager
3147 4854 3476 4920 Alostanus,
3512 4852 3604 4907 ubi
3636 4855 3749 4905 tunc

2158 4927 2281 4980 erat
2306 4923 2465 4994 regio
2488 4922 2985 4980 Brachbantensis.
