3960 6174
210 389 312 445 “25
1343 375 1498 432 VITA
1522 373 1580 432 S.
1613 372 1921 432 UBSMARI
1945 368 2236 439 ABBATIS
3343 381 3479 438 “a6

202 537 2079 589 Μ

594 670 1140 757 MONITUM
1217 671 1338 756 IN
1414 661 2123 764 OPUSCULUM
2197 664 2989 765 SUBSEQUENS.

807 846 996 919 (Apud
1025 847 1252 902 MABILL.
1275 845 1418 899 Acta
1447 843 1552 901 SS.
1586 843 1811 899 Ordinis
1831 841 1895 896 S.
1925 838 2152 905 Bened.,
2185 842 2331 896 tom.
2366 841 2450 908 ιν,
2480 857 2620 912 pag.
2650 841 2802 900 557.)

2083 534 3457 576 Μ

247 1095 548 1167 Fragmenta
567 1091 838 1167 quaedam
869 1089 1126 1167 referam
1151 1105 1218 1142 ex
1242 1087 1548 1167 .llerigero,
1577 1087 1784 1167 abbate
1809 1081 2094 1167 Lo‘bi'ensi‘,
2119 1085 2226 1167 qui.
2254 1084 2431 1167 libros
2457 1084 2604 1165 duos
2635 1084 2720 1138 De
2755 1085 2869 1167 vita
2981 1088 3234 1167 Ursinari
3255 1090 3481 1167 abbatis

192 1153 524 1223 metrovedidit
549 1153 653 1215 sub
676 1161 912 1214 initium
941 1159 1220 1226 smculixx,
1240 1153 1513 1228 idemque
1529 1174 1618 1209 res
1644 1159 1834 1228 gestas
1856 1155 1912 1209 8.
1932 1153 2230 1228 Landehni
2255 1153 2556 1228 L_obiensis
2582 1157 2926 1228 monasterii
2949 1159 3287 1228 conditoris,
3304 1161 3480 1216 etiam

192 1238 397 1292 versibus
423 1231 680 1286 reddidit.
701 1232 1013 1296 Utramque
1035 1229 1185 1282 hanc
1207 1224 1468 1296 llerigeri
1501 1224 1958 1279 lucubrationem
1991 1242 2055 1278 ex
2080 1224 2440 1296 bibliotheca
2457 1225 2816 1295 percelehris
2841 1230 3176 1284 monasterii
3195 1229 3252 1283 8.
3275 1224 3481 1285 ⁷νὶὶοηί

194 1303 673 1378 apudVerodunum
699 1295 1201 1378 accepi_b_eneticio
1230 1295 1489 1378 religiosi
1515 1314 1582 1376 ac
1609 1296 1819 1378 eruditi
1848 1296 2390 1378 viri-.Bar‘tholomaai
2419 1295 2652 1378 Senoci,
2692 1297 3002 1378 theologia;
3029 1301 3278 1378 lectoris,
3297 1301 3477 1378 amici

192 1365 298 1442 uici,
322 1373 602 1447 qui,_serii_s
635 1373 769 1447 licet
799 1365 999 1447 studiis
1019 1365 1526 1447 occupatus,70peri
1552 1371 1748 1420 nostro
1763 1365 2229 1447 suppe'tiasr‘ferre
2259 1383 2375 1420 non
2397 1371 2600 1421 cessat.
2629 1369 2695 1420 In
2728 1384 2834 1421 ms.
2867 1365 3061 1424 codice
3083 1371 3154 1424 ad
3181 1365 3274 1425 me
3292 1375 3481 1426 trans-

193 1436 542 1514 missio‘legitur
573 1444 692 1496 haec
725 1441 1021 1514 inscriptio
1053 1436 1420 1514 :__IN'Cumsri
1448 1453 1656 1491 nomne
1688 1436 1884 1491 lNClPtT
1912 1436 2114 1490 VITAS.
2137 1437 2380 1491 Uasmm
2413 1455 2784 1492 consessoms
2827 1455 3006 1500 ATQUE
3035 1457 3347 1514 PONTIFICIS,
3383 1459 3481 1497 vn-

194 1511 426 1571 Neasmus
457 1514 672 1567 [lenient
700 1512 1039 1583 glegendum
1067 1511 1360 1583 Humorem)
1379 1525 1601 1583 ABB.&TIS
1625 1524 1907 1583 monerem
1939 1524 2469 1583 uernopexaumno
2494 1524 2830 1583 eonomine};
2860 1526 3177 1574 conrosru,
3206 1511 3484 1566 nimirum

191 1587 371 1640 duobus
389 1585 555 1649 libris,
588 1577 1147 1646 uno‘de'virtutibus,
1182 1580 1294 1633 alio
1323 1578 1394 1630 de
1423 1578 1713 1631 miraculis
1735 1578 1790 1631 S.
1820 1577 2091 1649 Ursinari.
2129 1578 2305 1632 Primi
2332 1578 2461 1631 libri
2493 1580 2602 1632 hoc
2626 1579 2934 1634 exordium
2960 1584 3046 1634 est
3074 1597 3088 1634 :

858 1651 1046 1705 Primo
1066 1666 1374 1720 supremum
1398 1652 1535 1701 mira
1560 1651 1811 1717 vertigine
1829 1648 2019 1701 calum

853 1723 1072 1791 Afﬂans
1097 1718 1292 1774 cuncta
1322 1718 1430 1791 Det
1445 1721 1572 1791 fecit
1609 1721 1873 1791 sapientia
1900 1719 2117 1791 summi.

189 1796 294 1849 Post
319 1794 615 1858 secundum
648 1793 863 1846 librum
896 1788 952 1846 in
981 1792 1188 1845 eodem
1211 1789 1524 1860 exemplari
1551 1790 1920 1844 continenter
1937 1789 2236 1858 subjicitur
2262 1788 2470 1843 eodem
2492 1789 2667 1844 metri
2694 1807 2913 1862 genere
2935 1791 3066 1846 VITA
3097 1791 3154 1846 S.
3182 1792 3484 1850 LANDELINI

191 1881 294 1918 cum
316 1867 412 1919 hoc
442 1865 603 1919 initio
639 1881 651 1918 :
2265 1917 2276 1927 .

854 1932 1133 2001 Ingenz‘tus
1167 1931 1393 1985 Genitor
1406 1947 1504 2000 per
1542 1929 1772 1983 Verbum
1791 1932 2193 1996 cunctz'creator,

855 2002 933 2055 Et
963 2003 1188 2056 Gem'tus
1214 2017 1439 2067 regnans
1461 2008 1604 2072 nuta
1615 2001 1890 2072 fabricata
1901 2002 2227 2072 gubernans.

191 2071 300 2134 Qua:
328 2075 461 2141 Vita,
495 2073 721 2128 tametsi
764 2073 1014 2127 auctoris
1042 2087 1261 2125 nomen
1307 2088 1422 2124 non
1455 2071 1716 2142 prznfert,
1767 2070 2023 2142 Herigeri
2061 2075 2257 2125 tamen
2303 2087 2426 2142 esse
2462 2087 2808 2142 persuasum
2843 2073 3030 2127 habeo
3063 2076 3188 2128 tum
3219 2091 3289 2128 ex
3315 2070 3489 2131 simili

187 2144 326 2197 metri
364 2146 568 2214 specie,
596 2149 716 2197 tum
746 2160 810 2196 ex
839 2143 1044 2195 eadem
1072 2158 1250 2211 quam
1279 2141 1582 2214 utrobique
1623 2141 1787 2214 atfei't
1817 2140 2016 2214 auctor
2042 2140 2880 2214 etyimologiqam’Crispinzensts
2924 2144 3264 2214 monasterii
3298 2161 3332 2198 θ.
3352 2149 3490 2202 cris-

180 2211 505 2286 pantibusmt
533 2217 718 2286 putat)
749 2216 904 2286 aquis
946 2214 1144 2286 fontis,
1187 2228 1222 2265 a
1260 2214 1458 2286 sancto
1502 2211 1559 2263 in
1607 2227 1674 2264 eo
1713 2211 2674 2286 locor‘eliciti.'Ccrtefleri_gerum
2702 2213 2892 2286 Vitam
2923 2212 2978 2266 8.
3016 2214 3270 2286 Ursmari
3299 2221 3488 2273 metro

188 2283 412 2354 edidisse,
439 2281 666 2354 aliaque
697 2281 882 2337 multa
901 2283 1190 2354 scripsisse
1220 2284 1445 2354 constat
1474 2281 2005 2354 excontinuatione
2034 2281 2299 2336 Chronici
2331 2281 2651 2354 Lobiensis,
2701 2284 2859 2352 quod
2902 2287 3084 2338 exstat
3130 2284 3190 2337 in
3221 2289 3382 2340 tomo
3417 2289 3487 2342 VI

184 2351 460 2430 Spicilegii.
497 2351 612 2408 Cur
637 2371 770 2407 vero
795 2351 1097 2430 utramque
1128 2353 1277 2404 hanc
1309 2351 1562 2430 tlerigeri
1595 2352 2050 2430 lucubratipnem
2092 2369 2208 2430 n_o_n
2243 2351 2540 2430 retulerim
2574 2351 2892 2430 integram,
2913 2354 3067 2430 illud
3090 2355 3155 2430 in_
3183 2371 3356 2430 causa
3381 2358 3489 2412 fuit

183 2424 310 2494 quod
332 2422 536 2494 printer
564 2441 830 2479 excursus
856 2422 1136 2494 quosdam
1167 2423 1422 2494 murales
1449 2422 1707 2494 ingratos
1747 2422 1891 2494 nihil
1919 2423 2091 2476 habet
2112 2423 2399 2494 diversum
2433 2423 2507 2475 ab
2556 2422 2877 2494 Actisrsive
2911 2423 2966 2477 S.
3001 2425 3324 2491 Landelini,
3354 2443 3485 2494 quae

182 2491 228 2542 in
271 2491 548 2562 secundo;
608 2495 722 2548 sive
757 2494 814 2548 S.
872 2491 1150 2559 Ursmari,
1208 2508 1338 2563 qua:
1383 2491 1443 2544 in
1489 2493 1596 2545 hoc
1642 2493 1814 2546 tertio
1864 2493 2081 2547 Seeculo
2109 2492 2490 2559 exhibuimus,
2521 2493 2780 2564 exceptis
2833 2494 3178 2565 quibusdam
3235 2491 3492 2552 versibus

179 2577 297 2630 quos
322 2565 407 2618 hic
428 2566 659 2620 damus.

653 2817 981 2924 VITA
1057 2818 1564 2924 SANCTI
1645 2820 2292 2924 UBSMARI
2370 2821 2981 2924 ABBATIS

1438 3029 1745 3116 (Fragm.
1786 3047 1874 3098 ex
1909 3028 2084 3099 libro
2121 3029 2206 3117 Ι.)

751 3216 955 3288 (Apud.
988 3216 1216 3271 Manum.
1248 3215 1385 3272 Acta
1405 3213 1510 3271 SS.
1544 3215 1665 3276 0rd.
1698 3215 1761 3272 S.
1791 3215 1992 3272 Bened.
2026 3217 2170 3275 Saec.
2203 3219 2294 3286 IIl,
2330 3217 2481 3287 part.
2513 3230 2552 3282 ι,
2580 3229 2713 3288 pag.
2749 3219 2894 3289 608.)

174 3459 271 3519 Sed
298 3483 448 3523 nunc
478 3487 550 3524 ex
581 3467 824 3540 reliquis
845 3467 1051 3522 Christi
1085 3469 1342 3521 taceatur
1363 3467 1630 3536 alumnis,
1797 3473 1853 3532 Α
1874 3469 2190 3524 Germanus
2227 3463 2564 3534 Parisiaeus,
2591 3466 2906 3524 Germanus
2937 3472 2995 3524 et
3018 3471 3184 3540 alter,
3277 3511 3280 3514 ‹

177 3549 399 3609 Lumina
431 3559 531 3628 qui
565 3556 702 3611 vitae
736 3557 955 3610 mundo
984 3556 1264 3627 praeclara
1295 3553 1477 3621 fuere,
1876 3557 2048 3619 Istam
2088 3573 2194 3630 per
2235 3570 2508 3614 normam
2551 3556 2826 3626 quoniam
2864 3575 3132 3616 meruere
3189 3569 3490 3634 coronam,

175 3637 544 3724 Doctrinaque
572 3661 679 3699 sua
706 3642 1279 3715 repleruutundiquc
1302 3646 1523 3696 cuncta.
1877 3643 2007 3700 Fert
2049 3646 2302 3713 Gothus,
2342 3642 2638 3712 Ausonius,
2687 3644 2894 3714 Gallus,
2943 3648 3176 3721 Scytha,
3230 3653 3489 3724 Noricus,

173 3723 335 3812 Celsa,
358 3731 463 3785 tibi
482 3732 747 3803 geminae
775 3731 1106 3795 mittuntur,
1136 3730 1340 3788 Roma.
1361 3729 1665 3797 columnae,
3269 3723 3486 3812 [lndus,

172 3811 350 3872 Petrus
375 3835 513 3874 cum
553 3821 761 3886 Paulo,
788 3834 1036 3890 quorum
1066 3817 1308 3872 fundata
1337 3818 1630 3889 triumpho
1875 3817 2166 3886 Hebraaus,
2193 3822 2444 3885 Graecus,
2480 3819 2791 3888 Romanus,
2824 3822 3109 3879 Barbarus
3132 3828 3347 3889 omnis.

171 3900 438 3961 Primatus
473 3925 684 3964 arcem
707 3909 995 3979 quadrum
1026 3905 1336 3979 praetendis
1363 3905 1421 3960 in
1443 3906 1666 3962 orbem.
1873 3905 2104 3961 Talibus
2129 3905 2397 3961 Ecclesia!
2425 3904 2740 3961 fautoribus
2773 3908 3028 3980 undique
3067 3911 3233 3969 firme

170 3988 210 4040 Α
243 3992 443 4061 quibus
470 3995 741 4066 insignes
767 3995 997 4048 illorum
1030 4010 1242 4064 nempe
1269 4009 1537 4065 sequaces
1879 3991 2124 4048 Obstant
2153 3990 2466 4047 imbriferis
2493 3996 2662 4047 vento
2694 3996 2988 4065 quatiente
3025 4001 3314 4070 procellis,

172 4075 526 4151 Sumpsimus
561 4087 854 4149 auctores,
888 4082 1042 4136 illinc
1073 4082 1237 4137 nobis
1270 4083 1581 4138 venientes.
1878 4081 2137 4152 Desuper
2165 4083 2226 4134 et
2249 4082 2477 4152 petram
2510 4085 2807 4151 nequeunt
2838 4083 3130 4154 trepidare
3163 4089 3418 4147 ruinam.

171 4163 319 4221 Clara
346 4170 633 4243 Dionysio
662 4173 798 4225 tunc
828 4170 1008 4225 Gallia
1040 4169 1340 4224 Parisiensi
1878 4167 2167 4239 Tempore
2199 4166 2531 4236 promerita:
2559 4167 2834 4223 sedarunt
2861 4170 3081 4227 caelitus
3107 4173 3209 4230 irae

169 4249 399 4311 Credula
428 4258 621 4313 divini
650 4257 898 4328 suscepit
929 4256 1148 4312 femina
1170 4257 1350 4312 verbi.
1882 4254 2133 4319 Quidam
2164 4257 2436 4322 terrores,
2459 4256 2643 4325 plebis
2671 4259 2828 4312 mala
2863 4262 3024 4330 gesta
3045 4260 3293 4331 piantes.

168 4338 228 4392 Et
253 4342 522 4400 Clemens
550 4344 1056 4401 Mediomatricum
1087 4344 1289 4398 missus
1321 4344 1393 4400 ad
1420 4346 1642 4413 urbem,
1883 4341 2173 4396 Servatius
2195 4343 2474 4398 servando
2502 4343 2680 4398 fidem
2711 4349 2898 4401 servat
2927 4353 3275 4419 pereuntem

169 4424 368 4484 Edocet
394 4432 456 4486 in
497 4434 700 4487 solum
725 4431 944 4486 vicinos
979 4431 1213 4485 credere
1251 4430 1563 4490 Christum.
1885 4429 2118 4485 Orando
2147 4431 2447 4503 populum,
2473 4432 2801 4503 Trajectum
2849 4435 2998 4490 forte
3027 4452 3350 4498 reservans.

166 4515 493 4601 Treveribus
525 4520 687 4576 terni
710 4519 1020 4575 mittuntur
1043 4519 1214 4574 corde
1254 4519 1411 4574 fideli
1884 4517 2124 4572 Remica
2151 4518 2478 4589 Remigium
2513 4520 2766 4575 celebrat
2796 4522 2956 4593 plebs
2994 4541 3156 4582 sacra
3180 4533 3492 4601 sacratum,

168 4598 392 4678 Triuum
414 4607 698 4680 personis
726 4609 1060 4672 Dominum,
1085 4607 1296 4661 deitate
1327 4607 1425 4662 sed
1461 4624 1640 4662 unum
1886 4604 2128 4660 Francia
2156 4605 2443 4678 baptismo
2483 4624 2588 4680 per
2617 4625 2790 4680 quem
2823 4615 3116 4667 recreatur
3149 4614 3210 4670 in
3240 4617 3418 4674 almo.

171 4688 405 4748 Credere
422 4696 526 4767 qui
545 4695 1330 4766 doceantpopulumlavacro
1353 4695 1785 4754 renovandum:
1888 4693 2075 4764 Digna
2105 4695 2478 4765 conspicuum
2509 4697 2796 4751 veneraris
2828 4698 2996 4753 laude
3018 4700 3349 4770 νθάειδῐιιω,

171 4774 388 4835 Scilicet
411 4782 763 4849 Eucherius,
792 4783 1084 4843 Martinus.
1113 4781 1501 4853 Valeriusque.
1809 4783 1859 4841 B
1889 4781 2211 4847 Attrahata,
2237 4785 2364 4836 tuas
2385 4782 2628 4853 dignum
2648 4785 2900 4840 relevare
2919 4787 3134 4845 ruinas.

179 4863 366 4922 Credit
394 4869 787 4942 Agrippinus,
812 4870 945 4924 fidei
966 4869 1030 4923 fit
1059 4871 1288 4941 Tunger
1319 4871 1607 4928 alumnus.
1893 4868 2226 4923 Audomare
2256 4870 2440 4924 salum
2467 4870 2752 4926 Morinum
2772 4872 3007 4928 frenare
3033 4881 3246 4946 suetus,

181 4950 565 5027 Propugnant
591 4958 772 5012 fortes
793 4957 997 5012 Christi
1024 4958 1229 5012 virtute
1258 4957 1474 5012 duelles
1895 4955 2006 5010 Nec
2036 4957 2140 5012 tibi
2162 4957 2407 5027 Neptuni
2435 4959 2720 5015 mandans
2753 4977 3029 5018 concessa
3057 4965 3317 5035 tridenti,

178 5036 468 5098 Nitentem
500 5049 638 5099 toto
668 5046 903 5116 laqueos
928 5046 1289 5115 praetendere
1313 5045 1555 5113 mundo,
1898 5043 2005 5097 His
2033 5060 2165 5098 cum
2197 5044 2427 5099 Bertino
2454 5062 2596 5118 quos
2627 5048 2821 5103 turbat
2850 5054 3062 5120 pontus
3093 5054 3314 5110 adesto.

183 5127 596 5205 Decipiturque
630 5149 731 5187 sua
761 5133 1048 5203 perfossus
1069 5137 1301 5204 guttura
1329 5132 1549 5204 praeda,
1969 5132 2261 5203 Insignem
2299 5132 2518 5188 meritis
2547 5136 2892 5192 Autbertum
2923 5137 3355 5196 Cameracensis

183 5213 586 5275 Occumbente
613 5221 728 5274 fide
759 5237 862 5292 pro
895 5236 1054 5275 sacra
1080 5226 1334 5292 martyre
1364 5224 1532 5288 teste,
1898 5218 2084 5274 Infula
2107 5219 2500 5287 commendat,
2535 5221 2630 5292 qui
2665 5225 3012 5294 perlustrare
3039 5228 3282 5295 solebat,

184 5301 531 5362 Confessore
566 5307 670 5380 pio
697 5309 898 5362 mortis
924 5309 1214 5379 gaudente
1233 5309 1552 5379 triumpho,
1903 5305 1960 5360 Si
1990 5324 2091 5361 sua
2119 5307 2475 5378 condignum
2502 5309 2679 5365 ferret
2699 5313 3004 5383 parrochia
3031 5315 3285 5370 fructum
3302 5357 3315 5371 .

184 5388 292 5447 Nec
321 5395 675 5465 trepidante
709 5411 914 5450 necem
940 5396 986 5449 si
1016 5396 1372 5466 provenisset
1403 5399 1679 5454 atrocem.
1901 5393 2185 5466 Morosum
2214 5396 2461 5466 cleptem
2487 5403 2846 5456 converterat
2864 5401 2958 5456 ille
2986 5401 3244 5459 ferocem
3269 5421 3283 5459 :

185 5458 480 5567 Silveste-r,
506 5483 813 5551 Martinus,
841 5458 1104 5551 Hilarius,
1135 5481 1610 5554 Ambrosiusque,
1904 5458 2072 5554 Cidhs
2101 5486 2165 5538 ut
2187 5484 2277 5538 hic
2297 5458 2474 5541 vitam
2503 5501 2831 5547 memorem
2861 5491 3198 5567 quantisper
3302 5497 3503 5554 ortum

186 5565 398 5629 Bricius
417 5575 612 5647 atque
643 5571 850 5645 Lupus,
881 5571 1162 5646 Sulpicius
1187 5588 1251 5633 ac
1275 5571 1554 5642 Anianus,
1903 5572 2155 5630 Praeclue
2182 5571 2534 5634 Francorum
2579 5577 2844 5655 celsaque
2870 5565 3195 5660 propagine
3220 5586 3425 5666 natum
