3960 6174
478 381 622 439 H27

1633 363 1958 424 BERIGEN
1987 361 2276 422 ABBA’HS
2307 361 2664 421 LOBIENSIS
3626 360 3746 417 H28

481 501 848 575 Ηαείιιοθπιεθ
876 495 1067 552 501m
1104 493 1218 549 fert
1234 493 1390 564 hunc
1420 494 1479 546 θῐ
1496 478 1695 546 Γίιῐηον
1724 491 2020 546 “unum;
2121 491 2178 550 Α
2196 502 2550 558 Francorum
2579 502 2812 572 gentem
2844 495 3020 553 simili
3052 511 3158 551 nec
3189 493 3339 550 sorte
3368 495 3602 550 duellem

484 591 912 660 Exceptumque
941 599 1102 638 sacro
1134 581 1424 653 baptismo
1455 580 1698 652 praesule
1724 579 1796 632 ab
1824 578 1969 650 ipso,

483 677 942 744 lnstructumque
967 670 1077 743 piis
1105 687 1244 725 cura
1272 668 1566 724 mandane
1592 671 1898 739 parentum

485 762 772 819 Litterulis
797 764 854 816 et
883 762 1012 832 lege
1036 775 1215 814 sacra.
1248 757 1497 813 Proinde
1520 758 1812 811 furentum

483 851 671 908 IEtate
698 852 763 903 ut
786 849 955 903 libuit
963 847 1426 919 juvenili,fertur
1454 844 1512 901 in
1543 847 1708 899 antro

484 936 771 1009 Praecipiti
805 939 977 1003 totus,
1010 936 1280 990 cunctum
1308 934 1498 988 cordis
1523 932 1837 1003 cogitatum

484 1027 733 1084 Adnisus
762 1026 866 1080 sub
896 1024 1240 1098 perditionis
1271 1024 1423 1078 ferre
1452 1021 1811 1086 barathrum,

490 1113 742 1171 Crassari
759 1113 958 1168 solitus
982 1110 1179 1183 spoliis
1209 1110 1518 1182 praedaque
1535 1109 1811 1163 viantum.

561 1203 854 1259 Laubacus
881 1201 1168 1272 grandem
1200 1215 1314 1270 quo
1338 1197 1628 1252 derivatur
1656 1197 1716 1250 in
1748 1210 1982 1249 amnem

488 1292 797 1349 Sambram
807 1288 1174 1360 permodicus
1186 1302 1402 1340 nomen
1417 1284 1543 1352 tibi,
1566 1284 1764 1351 Lobia,
1783 1283 1955 1347 rivus,

488 1379 699 1452 Figens
724 1381 1072 1450 perpetuum
1097 1373 1300 1429 Morosi
1334 1373 1592 1427 moribus
1615 1375 1813 1444 aptum

496 1466 780 1533 Infundis,
815 1465 898 1520 vel
931 1466 1078 1519 forte
1099 1479 1200 1517 suo
1230 1462 1300 1517 de
1331 1459 1570 1515 nomine
1602 1460 1766 1514 dictis

491 1552 878 1619 Maurifalisia,
909 1550 1270 1616 Maurineias,
1284 1548 1741 1619 'Landoleasque.

494 1643 698 1699 Fertur
727 1641 885 1696 enim
916 1640 1051 1711 quia
1073 1641 1203 1710 post
1243 1638 1531 1708 baptisma
1562 1636 1858 1690 binomius
1885 1635 2032 1689 esset

492 1732 566 1786 Et
593 1734 722 1803 post
741 1731 864 1784 haec
883 1727 1177 1782 Landelini
1200 1741 1526 1796 cognomen
1555 1724 1813 1778 haberet.

493 1819 644 1876 Dum
673 1818 929 1889 spirante
952 1816 1052 1869 Dei
1083 1814 1318 1868 tandem
1342 1812 1601 1866 bonitate
1627 1810 1885 1881 superni,

495 1907 894 1979 BeSpectuque
926 1903 1019 1974 pio
1051 1902 1240 1956 cordis
1260 1903 1637 1972 compunctus
1657 1896 1715 1952 in
1740 1899 1880 1963 imo,
1980 1910 1984 1915 '

495 1995 753 2052 Festinat
783 1994 1256 2047 Cameracensem
1295 1988 1526 2042 devotus
1560 1987 1629 2042 ad
1663 1988 1892 2053 urbem,

497 2081 761 2140 Pontifici
780 2080 1044 2154 patrique
1075 2078 1170 2149 pio
1201 2077 1509 2131 commissa
1544 2076 1781 2130 fatendo

500 2170 776 2238 Procidit,
796 2173 853 2224 et
867 2185 1060 2240 genua
1076 2166 1427 2238 amplectens
1448 2165 1806 2236 genibusque
1825 2164 2104 2218 volutans.

502 2258 689 2324 Quem
717 2273 852 2312 mox
865 2255 1208 2310 Romuleam
1221 2252 1754 2320 contenderejussit
1781 2253 1854 2308 ad
1879 2253 2108 2316 urbem,

501 2345 767 2402 Gaudens
793 2344 1014 2398 excelsa
1034 2343 1321 2395 mutatum
1343 2340 1421 2392 sic
1459 2340 1583 2393 fore
1615 2339 1834 2408 dextra,

505 2433 769 2489 lndicens
795 2447 1041 2502 agapem
1072 2428 1242 2483 simul
1276 2431 1333 2481 et
1346 2428 1570 2499 jejunia
1599 2427 1821 2483 crebra.

578 2521 707 2576 Arci
731 2520 1003 2575 Martinus
1023 2518 1298 2571 Romanas
1325 2531 1474 2588 papa
1503 2516 1702 2570 beatus

513 2613 764 2667 Praaesse
794 2607 1093 2662 videbatur
1112 2607 1326 2666 sancte,
1351 2604 1680 2675 pariterque
1709 2606 2004 2676 prodesse.
2059 2670 2061 2672 _

510 2699 651 2753 Huic
671 2713 774 2752 sua
802 2696 1054 2752 Morosus
1085 2693 1394 2764 deplorans
1423 2692 1669 2746 crimina
1693 2708 1945 2763 prorsus,

509 2785 671 2842 Ilicet
715 2801 749 2840 a
778 2799 928 2838 noxa
953 2781 1166 2836 meruit
1196 2779 1443 2835 laxarier
1468 2779 1651 2846 omni,
1861 2841 1864 2846 ι

507 2873 728 2945 Accipit
751 2875 812 2928 et
839 2870 1066 2926 veniam
1095 2867 1339 2939 simplex
1356 2867 1638 2921 confessio
1669 2871 1915 2938 gratam.

509 2962 784 3033 Indeptus
813 2961 1032 3024 votum,
1073 2957 1264 3010 natale
1286 2971 1544 3009 reversus
1564 2955 1638 3009 ad
1660 2971 1880 3022 arvum,

513 3052 562 3104 Α
585 3049 737 3104 dicto
758 3049 882 3120 jam
915 3045 1159 3117 praesule
1190 3059 1258 3098 eo
1279 3043 1527 3097 donatur
1554 3046 1800 3110 honore,

513 3137 699 3202 Quem
727 3137 913 3190 valeat
934 3133 1062 3205 quis
1084 3131 1396 3203 graecizans
1417 3147 1452 3185 a
1479 3135 1633 3184 sorte
1664 3147 1886 3184 vocare.

514 3224 777 3280 Romana
814 3222 1068 3295 posthaec
1096 3218 1413 3290 repedabat
1449 3219 1522 3272 ab
1553 3217 1694 3271 urbe
1725 3218 1978 3273 secundo

515 3312 706 3369 Sumit
729 3315 789 3365 et
818 3310 954 3364 inde
991 3307 1236 3379 gradum
1281 3306 1384 3359 sub
1429 3305 1636 3359 eodem
1676 3307 2120 3377 presbyteratus.

514 3401 674 3455 Tunc
703 3403 762 3454 et
790 3395 1035 3451 Laubaci
1067 3393 1278 3465 repetit
1308 3392 1536 3447 deserta
1559 3393 1768 3460 locelli,

518 3486 738 3542 Serviat
766 3487 830 3537 ut
849 3482 1095 3547 Christo,
1131 3481 1317 3535 fuerat
1347 3494 1460 3550 quo
1489 3480 1736 3550 pessime
1764 3481 1980 3551 praedo.

517 3571 698 3628 Lobia
721 3569 1016 3644 przedonis
1041 3571 1176 3621 tunc
1203 3567 1407 3620 cellula
1440 3568 1504 3621 ﬁt
1533 3567 1886 3622 famulantis.

519 3659 743 3717 Christo
773 3662 1026 3729 tuncque
1056 3655 1167 3710 loci
1199 3657 1553 3726 consurgunt
1581 3656 1836 3710 culmina
1864 3658 2042 3711 nostri

525 3749 769 3805 Pulchro
807 3749 1108 3810 structore,
1142 3745 1370 3798 fuerant
1399 3760 1525 3814 quas
1556 3743 1707 3798 foeda
1752 3746 1976 3800 latrone
2006 3763 2018 3801 :

524 3835 944 3906 Prasdandique
971 3834 1126 3887 locus
1155 3830 1336 3886 flendi
1364 3832 1709 3886 transfertur
1735 3833 1793 3885 in
1834 3849 1986 3888 usus.

526 3927 782 3984 Crimine
806 3925 1142 3997 prolapsum
1181 3921 1282 3975 sed
1306 3919 1497 3975 reddit
1517 3921 1894 3990 justiﬁcatum

523 4014 714 4070 Gratia
741 4028 970 4068 summa
999 4011 1123 4084 Dei,
1154 4011 1377 4064 donans
1406 4011 1638 4079 peccata
1667 4009 1868 4064 fatenti
1903 4027 1915 4065 :

527 4104 948 4161 Convertuntur
973 4100 1052 4154 ibi
1067 4098 1410 4153 famulantia
1428 4093 1847 4153 Cuncticreanti

528 4191 779 4263 Agmina
801 4189 1142 4253 multorum,
1179 4184 1423 4241 ditantia
1448 4171 1595 4263 forte
1627 4187 1915 4242 locellum.

521 4255 757 4335 Praefuit
784 4277 873 4332 his
899 4273 1075 4347 igitur
1105 4275 1272 4329 Pater
1300 4275 1423 4346 ipse
1453 4276 1511 4327 et
1537 4255 1775 4345 profuit,
1807 4293 2028 4348 augens

516 4368 662 4422 Tum
689 4365 919 4432 fundos,
965 4379 1275 4418 numerum
1307 4365 1430 4416 tum
1479 4361 1879 4434 multiplicavit
1906 4382 2128 4421 eorum.

528 4455 630 4509 Cui
653 4467 1003 4508 successores
1022 4451 1431 4522 adjutoresque
1460 4451 1640 4506 fuere.

525 4541 784 4606 Quorum
815 4539 1150 4594 nominibus
1175 4540 1409 4593 fortuna
1435 4539 1545 4593 fuit
1570 4539 1837 4596 caruisse.

2198 591 2519 646 Secernunt
2540 588 2810 660 sceptris;
2848 584 3200 642 Chlodoveus
3228 582 3445 654 Belgica
3474 582 3648 652 segnis

2197 680 2380 751 Regni
2405 682 2627 748 sceptra
2671 680 2895 740 tenens,
2941 673 3037 727 sed
3070 672 3152 726 nil
3197 671 3476 726 laudabile
3504 670 3754 740 linquens,

2194 768 2332 823 Tres
2360 767 2560 822 itidem
2608 780 2813 836 segnes
2848 761 3080 834 proprio
3103 761 3173 815 de
3205 759 3422 814 semine
3453 759 3638 812 fratres

2201 854 2392 927 Liquit
2427 853 2809 918 Hlotharium,
2846 849 3182 915 Hildricum,
3216 852 3273 901 et
3297 846 3667 901 Teodericum.

2200 945 2360 997 Alter
2385 946 2444 996 at
2471 942 2530 995 in
2563 940 2799 1011 sceptris
2839 941 3107 992 Austrum
3131 936 3446 1006 Sigibertus
3466 933 3672 1003 agebat,

2203 1030 2506 1085 Suﬂ’retius
2533 1044 2748 1083 nomen
2773 1027 3030 1092 dederat,
3063 1024 3150 1078 cui
3179 1023 3401 1078 Mettius
3425 1021 3578 1075 urbe.

2203 1116 2312 1181 Qui
2345 1117 2480 1188 quia
2511 1116 2799 1186 privatum
2822 1113 3005 1168 doluit
3029 1129 3087 1167 se
3112 1111 3378 1183 germine
3397 1108 3631 1180 prolum,

2201 1205 2287 1259 Ad
2316 1205 2554 1275 stirpem
2582 1203 2846 1257 sobolum
2879 1216 2994 1254 non
3026 1216 3284 1270 unquam
3316 1196 3666 1251 deﬁcientum

2203 1291 2344 1346 Hinc
2375 1290 2533 1344 illinc
2565 1289 2834 1344 duodena
2852 1287 2985 1341 viris
3015 1285 3278 1342 cosnobia
3306 1285 3512 1338 sanctis

2203 1378 2438 1444 Struxit,
2471 1377 2783 1449 apostolica
2802 1377 3027 1430 valeant
3045 1374 3144 1428 ubi
3177 1374 3366 1427 vivere
3378 1387 3595 1437 norma,

2201 1466 2581 1536 Munificaque
2616 1481 2791 1518 manu
2817 1463 3016 1518 ditavit
3040 1461 3212 1515 divite
3243 1477 3438 1514 censu.

2200 1554 2359 1608 Tunc
2389 1558 2448 1608 et
2475 1553 2784 1624 Pippinum
2817 1551 2983 1605 nobis
3018 1567 3084 1604 ea
3116 1554 3382 1620 tempora
3413 1547 3651 1619 primum

2203 1643 2430 1697 Mittunt
2459 1641 2761 1707 illustrem,
2794 1640 2963 1694 rebus
2993 1639 3077 1692 vel
3111 1639 3336 1692 honore
3358 1639 3641 1707 potentem
3668 1650 3680 1687 :

2207 1732 2306 1787 Cui
2340 1733 2581 1802 generat
2609 1730 2773 1785 binas
2798 1729 3047 1798 conjunx
3074 1728 3340 1798 ltaberga
3371 1740 3622 1790 sorores;

2206 1821 2484 1890 Beggam,
2498 1818 2855 1882 Gertrudem,
2876 1815 3269 1869 Grimoaldum
3291 1830 3306 1867 ι
3327 1830 3500 1884 quem
3518 1811 3637 1866 aula
3650 1808 3769 1880 prio-

3593 1899 3714 1961 [rem

2209 1997 2389 2068 Regia
2420 1994 2657 2066 dignata
2687 1997 2790 2059 est,
2820 1991 3032 2064 quique
3064 1993 3262 2045 auctor
3292 1992 3420 2045 erat
3444 1985 3768 2049 Stabulensis,

2213 2085 2417 2139 Sancte
2444 2082 2731 2148 Remacle,
2764 2079 3099 2135 monasterii
3123 2083 3316 2133 tecum
3345 2075 3673 2131 aedificandi.

2216 2172 2387 2242 Cujus
2418 2169 2748 2242 adoptando
2775 2168 3043 2238 majeslas
3063 2167 3225 2238 regia
3249 2166 3477 2237 prolem

2212 2261 2446 2314 Fecerat
2478 2273 2600 2312 esse
2638 2271 2799 2309 suam
2821 2272 2834 2308 :
2858 2255 2960 2310 sed
2980 2257 3109 2325 post
3136 2255 3259 2307 haec
3286 2256 3458 2307 natus
3486 2255 3541 2306 et
3568 2249 3663 2322 ipsi

2213 2347 2318 2410 Qui
2343 2345 2612 2400 succedat
2635 2344 2708 2411 ei,
2741 2343 2990 2397 donatur
3017 2358 3260 2396 munere
3285 2339 3517 2394 Christi.

2218 2435 2401 2500 Quem
2434 2437 2602 2506 pater
2630 2436 2692 2486 ut
2719 2434 2945 2503 regnet,
2978 2430 3111 2485 ﬁdei
3138 2430 3384 2484 mandat
3411 2424 3720 2483 Grimoaldi.

2216 2524 2318 2577 Ille
2347 2539 2513 2576 suum
2553 2521 2742 2593 potius
2764 2520 2938 2573 voluit
2975 2519 3279 2573 succedere
3309 2521 3539 2572 natum.

2220 2611 2438 2681 Accipit
2465 2609 2573 2663 hoc
2599 2607 2824 2679 gravius
2858 2606 3257 2662 condemnans
3305 2622 3409 2659 rex
3447 2603 3780 2663 Chlodoveus,

2217 2699 2650 2769 Hildricumque
2672 2714 2836 2750 suum
2867 2711 3067 2767 regem
3103 2694 3237 2748 facit
3267 2693 3698 2748 Austrasiorum.

2287 2788 2498 2842 Verum
2519 2784 2810 2840 Gertrudis
2841 2787 3062 2839 sacrata
3089 2782 3430 2854 virginitate

2218 2875 2441 2930 Floruit
2470 2877 2528 2928 et
2556 2874 2734 2944 signis
2765 2889 2776 2926 :
2800 2872 2899 2926 sed
2924 2873 3178 2943 Beggam
3213 2875 3370 2926 sorte
3389 2869 3640 2942 jugalem

2148 2967 2196 3029 C
2221 2963 2523 3034 Ansigisus
2543 2962 2739 3027 habet,
2770 2960 2989 3014 Arnulfi
3016 2959 3171 3014 ﬁlius
3201 2959 3370 3026 almi,

2221 3052 2431 3123 Regius
2461 3067 2527 3105 ex
2559 3049 2734 3104 atavis
2784 3065 2957 3119 quem
3003 3049 3252 3118 compsit
3272 3047 3544 3118 germine
3574 3041 3784 3115 sanguis.

2221 3141 2378 3195 Alter
2404 3138 2679 3210 Pippinus
2704 3138 2910 3190 horum
2941 3140 3026 3189 est
3050 3136 3121 3189 de
3153 3136 3446 3206 sanguine
3469 3137 3646 3199 natus,

2225 3228 2325 3283 Cui
2347 3226 2644 3298 proprium
2663 3226 2760 3280 dat
2773 3241 2986 3278 nomen
3002 3241 3138 3278 avus
3162 3241 3174 3278 :
3191 3224 3294 3278 sed
3316 3227 3379 3278 et
3391 3222 3587 3278 omnia
3598 3231 3788 3291 prorsus

2228 3316 2364 3380 Quae
2393 3315 2499 3368 sibi
2521 3316 2672 3380 sunt,
2705 3313 2808 3366 sed
2825 3317 2881 3367 et
2908 3328 3031 3366 esse
3062 3316 3305 3383 queunt,
3337 3312 3475 3366 huic
3498 3308 3697 3381 praedia
3715 3321 3788 3357 ce-

3577 3397 3736 3459 [dunt

2229 3492 2334 3558 Qui
2371 3489 2550 3562 patris
2576 3493 2829 3545 mortem
2860 3487 3049 3542 dirum
3071 3490 3328 3543 mutatus
3355 3487 3416 3541 in
3446 3487 3680 3550 hostem,

2229 3585 2412 3652 Atque
2440 3579 2792 3634 Theoderico
2824 3578 3133 3633 minitandi
3165 3578 3317 3631 bella
3352 3578 3606 3641 subacto,

2227 3670 2351 3741 Ipse
2381 3670 2725 3739 potestatem
2753 3666 3088 3722 uanciscens
3112 3664 3588 3736 sceptrigeralem

2230 3757 2416 3811 Nectit
2440 3760 2662 3828 sceptra
2689 3755 2803 3809 suis
2831 3755 3006 3808 etiam
3038 3754 3294 3809 confinia
3319 3752 3584 3826 sceptris.

2233 3845 2404 3915 Cujus
2430 3843 2708 3915 largiﬂuis
2734 3841 3093 3915 permaxima
3115 3842 3292 3896 Lobia
3322 3841 3497 3897 donis

2233 3937 2643 4008 Augmentata,
2704 3935 2916 3987 statum
2965 3931 3210 4003 sumpsit
3256 3947 3368 4002 per
3440 3927 3637 3984 sarcula
3677 3937 3794 3980 sum-

3558 4016 3715 4087 [mum
3730 4027 3742 4074 ς

2235 4113 2685 4181 Ursmarumque
2704 4124 2930 4163 sacrum
2943 4106 3167 4163 meritis
3183 4124 3360 4180 super
3390 4103 3585 4162 omnia
3596 4102 3793 4170 dignum

2154 4236 2210 4298 Β
2233 4198 2464 4254 Mandat
2485 4196 2829 4267 evangelica:
2859 4199 3232 4267 spargentem
3263 4194 3494 4249 semina
3531 4191 3670 4255 vitae,

2237 4286 2677 4357 Laubacumque
2708 4299 2950 4356 gregem
3011 4282 3368 4355 pascendum
3427 4280 3596 4336 tradit
3622 4273 3789 4332 cidem.

2235 4377 2315 4431 De
2336 4373 2495 4444 cujus
2515 4373 2630 4428 vita
2657 4372 3000 4427 meritorum
3030 4371 3198 4427 laude
3228 4371 3406 4426 beata

2236 4465 2421 4517 Pauca
2445 4460 2716 4516 locuturis
2741 4459 2889 4513 adsit
2917 4459 3012 4530 pia
3045 4459 3510 4530 Cunctipotentis

2235 4550 2446 4617 Gratia,
2479 4547 2813 4620 pontificem
2833 4547 3005 4602 faciat
3034 4564 3159 4620 quas
3191 4547 3360 4601 laude
3381 4545 3681 4604 celebrem,

596 4632 723 4701 Ipse
750 4628 855 4683 5‘11)
893 4628 1015 4680 hinc
1047 4627 1187 4680 alias
1230 4626 1643 4697 commigl‘anS,
1687 4629 2134 4702 Crispiniensem
2237 4639 2493 4696 Plurima
2505 4636 2870 4708 perspicuum
2891 4652 3064 4707 quem
3079 4635 3511 4706 redduntgesta
3533 4633 3790 4687 bonorum

479 4761 494 4770 ς
527 4719 718 4785 Forte,
745 4715 829 4769 sui
864 4715 934 4769 de
973 4713 1147 4767 fontis
1200 4729 1350 4784 aqua
1390 4713 1674 4786 crispante
1711 4721 1991 4786 vocatam,

528 4804 800 4861 Condidit
827 4801 1148 4868 ecclesiam,
1175 4801 1368 4855 divina
1409 4804 1641 4858 orac‘ula
1670 4804 1993 4874 honorans,

530 4893 600 4947 Et
628 4892 839 4946 cedens
867 4889 1127 4944 Laubaca
1163 4889 1273 4942 tuis
1309 4905 1342 4943 o
1366 4889 1625 4960 plantula
1655 4893 1852 4948 ramis.

531 4979 623 5036 Sic
647 4979 822 5035 etiam
851 4979 1057 5032 Paulus
1086 4979 1276 5033 fuerat
1293 4978 1421 5049 jam
1453 4980 1657 5034 cedere
1682 4981 1895 5052 jussus,

534 5067 971 5142 Postposuitque
988 5067 1268 5140 Phryges:
1289 5070 1574 5138 spectatur
1587 5069 1800 5142 quippe
1824 5072 2135 5131 Johannes.

532 5161 690 5218 Tunc
717 5158 923 5213 fratres
952 5155 1194 5228 gemini,
1227 5156 1554 5226 Dagoberto
1585 5173 1720 5230 rege
1743 5161 1940 5232 creati,

2312 4727 2615 4781 U'rsmarus
2644 4729 2872 4780 sanctus
2900 4723 3123 4779 meritis
3153 4727 3211 4778 et
3239 4726 3463 4779 honore
3486 4729 3740 4776 coruscus.

2241 4815 2549 4870 Nobilitate
2575 4814 2790 4882 cluens,
2821 4829 3054 4868 morum
3079 4812 3368 4884 probitate
3403 4813 3692 4870 nitescens,

2246 4902 2674 4958 Commendant
2693 4903 2859 4957 ahnae
2882 4901 3056 4972 gestis
3086 4901 3381 4972 praeconia
3402 4899 3528 4954 vita:

2247 4990 2413 5055 Quod
2442 4990 2631 5044 natale
2670 4989 2991 5061 proprium,
3021 5006 3053 5044 ο
3081 4988 3373 5056 Teoracia,
3406 5002 3553 5060 pago

2246 5078 2588 5151 Sumpserit,
2611 5081 2667 5132 et
2689 5078 2838 5145 villa,
2866 5094 3041 5150 quam
3070 5078 3228 5132 fama
3247 5077 3416 5132 Fleon
3447 5068 3689 5130 vocitavit

2248 5167 2419 5240 Cujus
2439 5167 2647 5223 vicinas
2683 5165 2996 5240 perlambit
3023 5167 3268 5223 Samber
3298 5180 3518 5222 arenas.

2034 5379 2326 5428 .τ----
