3960 6174
480 331 609 386 uel
1601 321 1926 379 HERIGERI
1964 322 2251 379 ABBATIS
2292 322 2670 382 LOBIENSIS.
3608 332 3719 387 “32

464 454 525 508 in
557 468 757 508 mense
773 451 967 507 autem
982 451 1163 515 sexto,
1185 445 1244 503 id
1265 449 1351 502 est
1366 445 1585 513 Martio,
1603 448 1734 517 post
1765 446 2069 502 dimidium
2091 452 2146 510 Α
2170 465 2330 520 pum,
2356 451 2414 502 et
2442 448 2643 501 Arium
2676 448 3080 520 presbyterum
3129 464 3315 509 suum,
3372 449 3462 503 sed
3487 449 3637 506 etiam
3664 453 3723 507 de

463 560 707 607 annum,
733 541 947 596 eisdem
965 535 1254 603 Kalendis,
1279 536 1653 592 annuntiatus
1682 540 1769 592 est
1797 536 2070 599 Christus,
2176 537 2391 591 Pascha
2429 537 2796 603 celebrando,
2838 536 2998 608 quod
3055 537 3210 607 prius
3267 538 3334 591 ab
3395 537 3726 595 Orientalibus

461 647 579 702 quo
607 630 914 699 conceptus
943 628 1030 680 est
1058 627 1117 680 et
1145 641 1361 697 passus,
1394 625 1709 680 secundum
1736 624 1908 680 illud:
1940 623 2072 680 Non
2173 627 2454 697 agebatur
2478 643 2654 698 quam
2685 627 2756 680 ab
2786 625 2919 696 ipsis
2946 626 3181 680 Judaeis.
3207 626 3380 680 Judaei
3398 627 3557 692 enim,
3578 645 3728 683 annos

460 733 857 790 coquesagnum
891 717 946 768 in
991 715 1126 772 lacte
1163 715 1350 768 matris
1381 731 1490 768 sua:
1523 713 1725 786 (Exod.
1757 731 1911 782 mu,
1948 717 2067 781 I9);
2170 715 2401 768 lunares
2429 717 2756 785 sequentes,
2786 713 2844 767 in
2903 714 3244 784 quibusdam
3289 714 3612 768 cmbolismis
3632 733 3724 770 uno

457 805 518 860 id
549 809 653 872 est,
686 821 805 860 non
836 820 904 859 eo
932 803 1024 859 die
1056 803 1344 858 Christum
1389 802 1719 870 interﬁcias,
1767 819 1880 874 quo
1931 818 2069 856 con-
2170 818 2369 857 mense
2390 806 2706 873 antequam
2738 819 2862 870 nos,
2893 805 2950 857 et
2975 802 3084 856 hoc
3106 806 3242 856 ante
3267 801 3640 872 aequinoctium
3655 820 3729 858 ce-

457 897 655 966 ceptus
679 897 784 962 est,
814 892 989 965 quod,
1017 891 1151 948 licet
1194 891 1458 959 vetuerit,
1503 891 1844 962 praesciebat
1869 894 2066 946 tamen
2171 892 2432 956 lebrant;
2458 892 2557 945 sed
2579 890 2670 945 hic
2699 908 2863 946 error
2889 909 2957 946 ex
2982 891 3130 946 libro
3151 890 3314 945 Beda:
3327 892 3404 944 De
3421 891 3728 960 temporibus

454 982 682 1038 Iudaeos
710 997 828 1036 non
841 980 1241 1048 obaudituros;
1265 979 1626 1034 sicntetAdaa
1647 979 1872 1051 lignum
1891 979 2068 1034 scien-
2168 978 2333 1033 facile
2361 979 2670 1034 decutitur.
2704 977 3027 1034 Orientales
3086 995 3241 1043 vero,
3298 977 3392 1049 qui
3422 993 3722 1032 successores

454 1070 552 1128 tite
569 1071 708 1127 boni
729 1073 787 1126 et
808 1070 945 1125 mali
961 1068 1158 1137 vetuit,
1179 1068 1335 1140 quod
1355 1071 1553 1123 tamen
1577 1085 1711 1123 eum
1736 1084 1856 1122 non
1880 1067 2069 1122 obser-
2170 1068 2565 1138 apostolorum
2587 1068 2893 1138 jactabant
2931 1084 2991 1122 se
3022 1066 3357 1132 consectari,
3386 1066 3479 1120 sed
3527 1081 3726 1120 concor-

453 1163 721 1215 vaturum
747 1158 1048 1231 praescivit,
1100 1159 1337 1230 propter
1362 1156 1538 1229 quod,
1572 1156 1710 1211 dicit
1730 1155 2063 1210 Psalmista:
2170 1154 2327 1210 diam
2343 1155 2619 1210 solarium
2636 1156 2997 1211 etlunarium
3012 1170 3302 1211 annorum
3324 1170 3438 1209 non
3459 1170 3733 1225 usquequa.

455 1246 659 1304 Beatus
677 1250 857 1303 vz'rcuz'
865 1265 971 1302 non
983 1247 1264 1318 imputavit
1292 1244 1561 1300 Dominus
1574 1250 1856 1316 peccatum
1885 1242 2063 1310 (Psal.
2169 1259 2280 1314 que
2307 1243 2665 1315 perscrutati,
2706 1247 2952 1316 utroque
2994 1243 3388 1299 claudicabant
3415 1241 3572 1313 pede.
3603 1241 3724 1305 Qua-

454 1354 602 1406 xxxx,
631 1336 707 1408 2).
743 1337 786 1392 Ο
818 1352 995 1408 quam
1027 1335 1414 1406 periculosum
1445 1344 1529 1389 est
1548 1335 1635 1389 vel
1668 1351 1702 1388 a
1731 1333 1966 1398 Deo,vel
1995 1332 2067 1387 ab
2170 1335 2409 1402 propter
2434 1335 2641 1404 rogatu
2661 1332 2929 1404 Sylvestri
2962 1350 3127 1406 papae
3153 1330 3356 1387 missus
3385 1333 3466 1385 est
3488 1331 3552 1384 ab
3580 1330 3730 1402 impe-

455 1426 648 1500 aliquo
676 1427 876 1481 sancto
907 1424 1025 1479 viro
1071 1424 1213 1478 talia
1253 1421 1674 1494 praemonendo
1706 1421 1928 1488 audire,
1979 1419 2070 1474 cui
2172 1423 2367 1475 ratore
2398 1420 2558 1476 Osius
2590 1421 2975 1476 Cordubensis
3001 1422 3319 1494 episcopus,
3351 1419 3444 1491 qui
3472 1423 3734 1490 unumque

455 1516 592 1588 quia
619 1513 863 1587 Spiritus
892 1513 1041 1568 inest
1066 1512 1409 1585 prophetiae,
1455 1529 1588 1568 raro
1621 1511 1916 1584 contingit
1945 1527 2072 1583 quae
2171 1508 2510 1580 corrigeret,
2537 1511 2595 1564 et
2623 1526 2825 1581 pacem
2856 1509 3012 1565 inter
3032 1508 3446 1564 Alexandrinos
3470 1523 3734 1578 compone-

453 1602 726 1674 prohibet
755 1618 873 1656 non
900 1600 1160 1655 eveniret
1183 1599 1477 1672 Languido
1502 1600 1662 1655 enim
1682 1599 1755 1654 ad
1787 1599 2073 1670 piscinam
2173 1599 2281 1664 ret,
2315 1597 2416 1652 sed
2440 1613 2698 1652 reversus
2721 1601 2805 1653 est
2833 1599 2957 1654 sine
2989 1599 3211 1654 effectu.
3233 1597 3408 1669 Igitur
3434 1598 3620 1667 rogatu
3637 1595 3733 1665 Syl-

452 1695 654 1746 sanato
686 1689 858 1746 tristis
887 1688 1266 1760 praemonuit:
1301 1687 1450 1742 Vade
1466 1689 1593 1758 jam
1622 1696 1671 1743 et
1702 1688 1815 1742 noli
1827 1704 2072 1759 peccare,
2175 1686 2369 1752 vestri,
2422 1690 2476 1740 et
2514 1686 2676 1756 jussu
2727 1686 3092 1742 Constantini
3134 1688 3485 1756 congregata
3513 1683 3732 1754 synodus

451 1795 520 1834 ne
557 1777 783 1835 deterius
827 1777 1037 1850 aliquid
1064 1779 1339 1846 contingat
1379 1776 1569 1848 (Joan.
1625 1793 1683 1846 ν,
1750 1779 1856 1846 14).
1901 1778 2076 1832 Dete-
2100 1829 2149 1850 ἢ
2178 1773 2332 1845 apud
2363 1774 2635 1841 Nicaeam,
2667 1791 2767 1846 per
2803 1775 2946 1829 duos
2973 1791 3200 1829 menses
3243 1773 3525 1828 celebrata
3543 1773 3634 1834 est,
3659 1769 3734 1824 ubi

451 1866 570 1922 rius
603 1867 815 1940 quippe
840 1866 893 1922 ei
927 1865 1190 1938 contigit,
1235 1864 1468 1938 quando
1517 1865 1577 1919 in
1603 1864 1874 1936 passione
1915 1865 2077 1920 Chri-
2097 1860 2149 1888 ³)
2179 1877 2344 1917 error
2389 1863 2508 1917 Arii
2546 1864 2712 1918 facile
2747 1863 3162 1936 deprehensus,
3190 1862 3305 1917 cito
3327 1861 3431 1917 fuit
3456 1860 3733 1914 damnatus.

449 1957 538 2010 sto
559 1956 788 2028 alapam
815 1953 991 2009 dedit.
1007 1952 1357 2026 Igiturhisin
1372 1951 1612 2008 veritate
1645 1952 2070 2021 constantibus,
2177 1948 2293 2004 Sed
2322 1951 2392 2005 de
2439 1953 2690 2024 paschali
2723 1952 3123 2008 observatione
3155 1950 3497 2024 quaestiones
3526 1947 3738 2004 difﬁciles

445 2043 628 2116 liquet
654 2042 940 2099 Christum
971 2059 1087 2097 uno
1111 2042 1436 2114 eodemque
1457 2041 1549 2096 die
1574 2044 1998 2114 etconceptum
2017 2045 2074 2096 et
2177 2042 2234 2093 et
2264 2056 2413 2111 pene
2445 2041 2864 2097 inextricabiles
2897 2042 2994 2095 diu
3007 2041 3406 2112 suntagitataa.
3425 2038 3504 2094 Ad
3517 2037 3738 2092 ultimum

444 2149 698 2208 passum.
727 2133 810 2188 De
840 2131 1186 2187 Kalendario
1207 2134 1429 2198 antem,
1450 2132 1537 2186 vel
1558 2130 1726 2186 annis
1750 2130 2071 2185 Dominieae
2177 2129 2590 2200 quaestionibus
2603 2130 3074 2201 Ptolomasiregis
3104 2145 3348 2184 cumLxx
3379 2124 3740 2197 Interpretibus

443 2221 882 2289 incarnationis,
903 2219 1450 2292 propterinscitiam
1475 2222 1811 2290 temporum
1846 2235 2063 2290 magna
2175 2217 2445 2286 recitatis,
2481 2235 2598 2274 x1111
2630 2235 2859 2290 quoque
2891 2219 3041 2272 Iunis
3072 2216 3436 2289 paschalibus
3472 2212 3741 2269 secundum

443 2313 531 2368 est
555 2309 897 2366 consultatio
928 2308 1510 2380 chronographorum
1526 2351 1540 2366 .
1582 2306 1689 2372 Qui
1733 2307 1894 2362 enim
1921 2307 2067 2362 scire
2171 2309 2549 2363 Pachomium
2564 2307 2941 2375 conﬁrmatis,
2961 2307 3248 2361 sancitum
3271 2309 3358 2361 est
3374 2309 3433 2360 ut
3453 2304 3738 2376 quicunque

442 2399 632 2472 potuit
646 2399 823 2453 abbas
839 2396 1144 2468 Dionysius
1173 2413 1207 2450 a
1235 2413 1336 2451 suo
1362 2399 1629 2468 tempore
1656 2397 1812 2451 retro
1832 2411 2069 2467 compu-
2171 2395 2443 2469 deinceps
2468 2397 2684 2452 Pascha
2720 2413 2851 2451 cum
2895 2396 3128 2463 Iudaeis,
3156 2394 3216 2449 id
3242 2397 3330 2449 est
3360 2395 3492 2448 ante
3519 2391 3738 2463 aequino-

439 2492 774 2544 tansannos
797 2484 1220 2556 imperatorum
1239 2500 1418 2556 usque
1444 2483 1518 2539 ad
1545 2482 2064 2556 quadragesimum
2170 2484 2370 2554 ctium,
2422 2486 2788 2552 celebrasset,
2845 2486 3160 2539 anathema
3210 2486 3380 2537 esset.
3439 2479 3544 2535 Sed
3571 2479 3622 2533 in
3655 2492 3746 2531 mu

442 2575 762 2633 secundum
791 2572 1029 2645 Augusti
1055 2572 1290 2628 Ciesal‘is
1322 2589 1568 2639 annum,
1611 2573 1707 2645 qui
1734 2573 1842 2627 fuit
1874 2589 2062 2627 annus
2170 2575 2322 2634 Iunis
2349 2575 2645 2632 Pachomii
2678 2573 2970 2628 invenitur
3001 2577 3137 2627 ante
3170 2569 3593 2644 aequinoctium,
3615 2564 3742 2638 quod

443 2664 668 2738 primus
681 2661 989 2718 nativitatis
1009 2660 1237 2729 Christi,
1258 2661 1577 2716 secundum
1590 2660 1865 2716 chronica
1885 2661 2007 2715 Ειιει

2174 2668 2228 2723 in
2259 2684 2357 2722 V111
2379 2665 2662 2720 Kalendas
2683 2663 2890 2734 Aprilis
2908 2663 3219 2734 putabatur
3238 2677 3357 2714 x1111
3377 2661 3509 2714 luna
3537 2656 3738 2729 pascha-

439 2753 561 2813 bii?
591 2749 919 2817 Quomodo,
945 2748 1548 2821 inquam,indubitate
1582 2748 1726 2803 scire
1751 2749 1940 2821 potuit
1965 2765 2002 2820 q

2181 2758 2256 2823 is,
2285 2775 2317 2810 v
2347 2756 2459 2823 die,
2490 2755 2549 2808 id
2572 2757 2656 2808 est
2677 2753 2734 2806 in
2753 2770 2827 2807 xu
2867 2751 3154 2806 Kalendas
3171 2749 3409 2822 Aprilis;
3441 2750 3535 2802 aut
3563 2763 3633 2800 ιιιι
3655 2745 3745 2806 die,

439 2843 682 2914 integris
713 2839 879 2895 annis
908 2836 1299 2910 regnaverint,
1331 2838 1428 2911 qui
1461 2837 1684 2910 aliquot
1714 2853 1942 2892 menses
1975 2854 2003 2890 v

2177 2848 2228 2903 id
2257 2849 2342 2901 est
2373 2845 2433 2899 in
2462 2861 2515 2898 ιιι
2546 2842 2832 2896 Kalendas
2851 2840 3082 2912 Aprilis,
3103 2839 3198 2894 ubi
3222 2843 3281 2892 et
3305 2837 3579 2893 terminus
3601 2837 3650 2887 et
3667 2831 3741 2885 ali-

441 2933 563 2988 dies
587 2925 1092 3003 superhabuerint,
1120 2929 1339 2998 quanta
1368 2925 1707 2998 interregna
1736 2925 1973 2992 fuerint.
2000 2923 2061 2979 id
2167 2934 2394 3008 quoties
2417 2932 2542 3003 ipsa
2559 2929 2898 2986 solemnitas
2917 2927 3240 3000 reperitur;
3263 2931 3366 2982 aut
3395 2943 3454 2980 ιιι
3480 2924 3584 2989 die,
3614 2921 3661 2976 id
3684 2923 3749 2973 est

442 3024 547 3088 est,
578 3035 694 3074 uno
740 3016 1012 3072 defuncto
1060 3017 1118 3070 et
1166 3016 1348 3070 altero
1397 3013 1725 3083 substituto,
1777 3017 2006 3086 quantu:

2192 3042 2227 3078 n
2261 3040 2300 3078 Χ
2323 3021 2609 3076 Kalendas
2640 3018 2871 3089 Aprilis,
2916 3017 3015 3072 ubi
3042 3015 3388 3071 solemnitas
3412 3017 3650 3076 tantum;
3672 3011 3749 3061 aut

440 3107 720 3180 temporis
740 3103 1165 3160 intercesserit?
1188 3102 1301 3158 Sed
1332 3103 1561 3171 Graecis,
1585 3105 1817 3157 auctore
1831 3102 2062 3156 Nicaeno
2099 3108 2146 3168 (1
2167 3111 2374 3183 pridie,
2409 3109 2467 3164 id
2502 3111 2588 3163 est
2617 3124 2673 3162 ιχ
2700 3105 2988 3161 Kalendas
3040 3103 3273 3175 Aprilis,
3325 3102 3423 3158 ubi
3448 3105 3748 3170 utrumque;

442 3196 684 3254 CODCiIiO
702 3197 760 3250 et
775 3194 946 3250 beato
969 3191 1175 3264 Cyrillo
1205 3190 1598 3246 Alexandrino
1615 3191 1908 3264 episcopo.
1946 3207 2067 3246 [118-
2171 3203 2270 3254 aut
2291 3199 2348 3254 in
2381 3197 2505 3270 ipsa
2530 3213 2630 3250 vm
2662 3193 3055 3249 Kalendarum
3084 3192 3198 3259 die,
3233 3191 3335 3246 ubi
3362 3188 3660 3246 identidem
3675 3185 3751 3240 ad-

442 3285 530 3359 gis
558 3281 1016 3348 assentiendum,
1049 3280 1145 3352 qui
1196 3283 1254 3334 et
1286 3279 1524 3334 ﬁnitimi
1573 3279 1963 3336 Orientalibus
2009 3283 2068 3335 et
2170 3291 2424 3344 notatur,
2458 3288 2683 3357 Itaque,
2705 3286 2804 3338 aut
2835 3280 3196 3337 anathemati
3226 3277 3654 3351 suhjacendum,
3675 3275 3752 3329 aut

443 3373 612 3430 vicini
660 3370 1112 3445 apostolicorum
1156 3367 1416 3422 virorum
1464 3367 1626 3422 fuere
1677 3369 2007 3439 temporibu

2187 3378 2318 3432 sicut
2346 3377 2404 3431 in
2433 3375 2661 3430 Nicaeno
2716 3371 2957 3427 concilio
3006 3369 3299 3425 sancitum
3330 3372 3436 3435 est,
3467 3367 3662 3422 Pascha
3687 3365 3751 3417 est

446 3462 648 3520 omnis
668 3460 829 3516 enim
856 3457 1189 3529 Βηῖίίῐυίίθιεν
1212 3459 1274 3510 αι
1294 3455 1374 3510 ait
1403 3459 1599 3510 orator
1620 3457 1929 3525 malimus:
1951 3473 2064 3529 quo
2171 3464 2607 3522 celebrandum.
2644 3462 2991 3518 Conclusum
3035 3462 3122 3514 est
3161 3459 3342 3531 igitur
3375 3461 3432 3513 et
3459 3454 3751 3528 {Egyptiaca

447 3551 679 3625 propius
700 3548 901 3604 aberat
921 3546 992 3601 ab
1014 3548 1147 3601 ortu
1177 3543 1441 3599 etdivina
1454 3545 1755 3616 progenie,
1773 3562 1842 3600 eo
1863 3547 2011 3601 melii

2185 3555 2496 3628 iisciplina,
2528 3552 2626 3626 qui
2671 3549 2976 3624 peritiores
3027 3548 3087 3603 in
3131 3551 3252 3603 arte
3279 3545 3587 3603 calculandi
3628 3543 3749 3605 sunt,

447 3655 576 3712 qua;
600 3639 769 3692 erant
809 3649 944 3690 vera
976 3633 1269 3688 cernebat.
1312 3631 1379 3687 Hi
1411 3631 1608 3705 itaque
1656 3650 1750 3688 vui
1785 3650 1970 3689 annos
1997 3635 2068 3690 ab
2171 3647 2370 3718 utpote
2391 3641 2545 3716 apud
2559 3657 2702 3713 quos
2716 3655 3018 3712 nunquam
3041 3637 3573 3709 pluviae,nunquam
3591 3629 3752 3686 nubila

448 3721 1099 3783 IncamationeDomini
1123 3721 1315 3778 minus
1331 3737 1508 3794 quam
1541 3720 1790 3777 οίῙὌιιῙιιε
1814 3721 2069 3796 Βίοηινείί
2171 3717 2352 3800 fuere,
2377 3729 2782 3801 ethorologica
2803 3728 3032 3783 ratione
3046 3725 3466 3799 aequinoctium
3486 3720 3692 3778 vernale
3705 3717 3748 3771 in

448 3815 791 3889 δηρραῑειιι;
812 3828 975 3884 ergo:
998 3810 1318 3867 “cundum
1349 3809 1496 3878 “103:
1527 3809 1744 3882 Primus
1773 3810 1846 3866 ab
1876 3813 2069 3866 lncal“
2172 3840 2247 3877 xu
2271 3820 2669 3876 Kalendarum
2682 3817 2875 3889 potius
2907 3831 3052 3871 esse.
3080 3817 3148 3869 Et
3177 3831 3360 3888 quam
3380 3809 3750 3884 congruenter,

452 3904 687 3960 natione
717 3900 949 3959 Domini
981 3917 1166 3956 annus
1195 3899 1241 3954 is
1262 3901 1349 3954 est
1373 3899 1473 3973 qui
1499 3902 1584 3954 est
1612 3899 1673 3955 in
1694 3900 1904 3956 circulo
1935 3899 2071 3955 Dio-
2173 3927 2349 3984 quam
2379 3911 2534 3982 apte,
2563 3906 2708 3962 feria
2726 3904 3038 3978 quippemi
3061 3903 3201 3959 dum
3221 3905 3558 3958 crearentur
3578 3898 3750 3958 sidera,

454 3993 600 4066 nysii
622 4008 830 4048 nonus.
861 3991 912 4045 Is
936 3991 1133 4044 autem
1169 3992 1256 4044 est
1283 4004 1496 4052 xxxuu,
1522 3988 1620 4061 qui
1651 3991 1736 4044 est
1759 3988 1818 4042 in
1853 3989 2067 4043 CII‘CLIIO
2172 3998 2295 4072 ipso
2318 3999 2644 4063 momento,
2673 3993 3061 4050 dividentibus
3081 3993 3377 4065 sphaeram
3401 3991 3667 4045 cmlestem
3685 3999 3755 4036 so-

455 4080 711 4155 Πίοῐιῖδίί
739 4097 868 4148 XL“:
914 4078 1136 4134 habens
1169 4093 1244 4132 V11
1281 4084 1712 4144 concurrentes:
1772 4093 1893 4131 X1111
1935 4092 2070 4148 θΡθο·
2175 4091 2228 4144 le
2259 4090 2318 4143 et
2345 4087 2503 4153 luna,
2537 4088 2595 4139 et
2613 4084 2731 4138 sole
2749 4082 2986 4155 quidem
3009 4080 3294 4148 Arietem,
3319 4081 3456 4136 luna
3477 4081 3651 4133 autem
3671 4072 3750 4128 ob-

456 4175 633 4240 ctam,
661 4169 981 4226 terminum
1002 4167 1060 4223 in
1086 4182 1142 4220 x1
1170 4165 1412 4223 Kalend.
1437 4164 1830 4236 Aprilis,feria
1860 4165 2076 4220 scilicet
2179 4177 2402 4232 umente
2429 4175 2679 4241 Libram,
2709 4172 2895 4246 patuit
2924 4171 3074 4226 inm
3090 4169 3486 4224 Kalendarum
3502 4164 3752 4237 aequinoc-

458 4278 514 4331 ν,
543 4261 775 4335 quando
807 4261 864 4314 et
895 4257 1070 4314 Coena
1119 4257 1272 4312 faeta
1322 4258 1429 4324 εει,
1479 4258 1539 4310 et
1571 4272 1808 4329 νθερθτθ
1860 4256 2078 4311 P330113
2178 4265 2324 4321 tium
2355 4264 2586 4319 vernale
2618 4262 2809 4319 fuisse.
2839 4262 2987 4334 Ergo
3007 4259 3067 4314 in
3085 4276 3182 4313 xm
3205 4257 3611 4322 Kalendarum,
3638 4248 3753 4306 feria

460 4349 738 4407 celebrari
769 4350 956 4421 coepta
1002 4350 1108 4414 est,
1141 4345 1286 4401 sicut
1317 4343 1454 4399 ᾱὶοὶι
1485 4345 1788 4412 Dominus,
1833 4344 1926 4400 die
1959 4361 2080 4400 X1111
2105 4371 2263 4452 D1“,
2297 4351 2564 4425 apparuit
2594 4349 2786 4418 arida;
2819 4349 2878 4404 in
2933 4365 3053 4403 x1111
3098 4346 3495 4401 Kalendarum
3531 4341 3659 4397 feria
3703 4352 3751 4401 ll,

515 4440 532 4452 .
899 4437 938 4452 η
1037 4436 1050 4452 ι
1138 4436 1179 4452 π
1293 4433 1475 4452 ονρι.
1550 4435 2067 4452 .,,,
2187 4443 2206 4452 ,.
2280 4447 2289 4452 -
2494 4440 2576 4452 ,η
2860 4440 2869 4452 .
3021 4437 3032 4446 .
3178 4435 3279 4452 ενι
3385 4435 3560 4452 sum-
3615 4426 3748 4452 :1“;

464 4440 539 4496 ad
567 4453 871 4510 vesperum
899 4436 1114 4492 9330113
1137 4433 1373 4490 Domini
1397 4437 1503 4502 est,
1539 4437 1597 4489 9t
1625 4438 1684 4489 10
1711 4451 1778 4489 XV
1810 4435 1914 4490 διώ
1944 4435 2083 4490 Ιαηᾶ
2105 4426 2159 4452 ν
2181 4443 2400 4498 factum
2429 4443 2514 4496 est
2542 4440 3000 4506 firmamentum;
3018 4437 3077 4490 in
3092 4451 3162 4490 xv
3176 4435 3587 4498 Kalendarum,
3615 4427 3664 4483 id
3688 4426 3752 4479 est

463 4525 892 4584 solemnitatem
918 4523 1298 4592 celebrabilis,
1331 4524 1566 4595 quando
1601 4526 1659 4579 et
1685 4539 1883 4596 passus
1913 4523 2083 4592 est,id
2183 4531 2328 4587 feria
2357 4548 2398 4598 ι,
2431 4529 2686 4601 afﬁgitur
2713 4526 2935 4600 primus
2966 4525 3085 4580 dies
3143 4525 3360 4591 sazculi,
3419 4527 3475 4576 et
3517 4513 3749 4590 ingressio

467 4619 554 4673 est
572 4613 907 4670 xKalendas
933 4612 1161 4684 Aprilis,
1183 4619 1242 4667 et
1259 4612 1578 4668 Sabbatum
1602 4613 1835 4686 quando
1862 4613 2084 4686 requie-
2185 4621 2318 4677 solis
2349 4619 2407 4674 in
2456 4618 2736 4673 Arietem.
2769 4615 2863 4671 His
2902 4615 2983 4669 ita
3011 4614 3070 4667 in
3101 4613 3345 4668 veritate
3383 4605 3749 4667 constantibus

467 4707 548 4763 vit
577 4705 636 4760 in
666 4703 948 4776 sepulcro,
994 4702 1133 4755 luna
1185 4717 1298 4769 XVI,
1347 4717 1399 4754 1x
1443 4702 1729 4756 Kalendas
1757 4702 1998 4776 Aprilis,
2027 4705 2084 4758 et
2184 4709 2328 4765 feria
2363 4725 2417 4776 v,
2442 4706 2501 4762 id
2521 4709 2605 4762 est
2620 4722 2673 4760 χι
2705 4704 2947 4761 Kalend.
2967 4701 3179 4775 Aprilis
3195 4701 3376 4756 creati
3396 4702 3525 4754 sunt
3543 4693 3752 4770 pisceset

469 4793 836 4851 Dominicum
854 4790 1010 4846 diem
1028 4787 1477 4845 Resurrectionis
1495 4807 1592 4846 νιιι
1607 4791 1896 4846 Kalendas
1915 4792 2080 4863 Apri-
2186 4813 2346 4865 aves;
2380 4795 2524 4851 feria
2551 4797 2748 4849 autem
2777 4810 2855 4861 v1,
2888 4792 2946 4848 id
2977 4795 3063 4846 est
3092 4807 3125 4844 x
3163 4789 3412 4844 Kalend.
3444 4781 3751 4858 Aprili5.f30‘

468 4883 560 4951 lis,
627 4884 768 4937 luna
815 4896 948 4935 xvn.
1007 4879 1318 4933 Praeclare:
1379 4895 1518 4934 nam
1574 4879 1634 4934 in
1683 4880 2080 4952 questionibus
2185 4889 2274 4941 tus
2294 4888 2379 4942 est
2406 4884 2607 4947 homo,
2637 4884 2695 4938 et
2724 4881 3005 4954 producta
3054 4881 3139 4934 est
3178 4877 3248 4933 de
3303 4878 3480 4932 latere
3509 4874 3618 4945 ejus
3644 4871 3749 4923 Eva.

470 4969 771 5028 Ptolomaei
815 4969 967 5042 regis
1004 4985 1139 5024 cum
1191 4984 1294 5022 Lxx
1340 4969 1756 5041 Interpretibus
1811 4970 1882 5025 de
1934 4971 2082 5029 libro
2185 4976 2253 5030 Et
2304 4973 2402 5030 ubi
2475 4970 2843 5039 auctoratius,
2917 4968 3016 5024 ubi
3083 4967 3334 5022 sanctius
3407 4980 3508 5037 per
3559 4969 3749 5015 crucem

469 5060 646 5117 Exodi
661 5057 909 5132 agitatis,
943 5058 1368 5130 deprehensum
1396 5061 1482 5112 est
1510 5060 1859 5132 aequinoctia
1889 5064 1946 5117 et
1970 5065 2082 5118 sol-
2187 5063 2390 5120 Christi
2439 5060 2824 5117 redimeretur
2870 5059 3072 5126 homo,
3120 5061 3178 5112 et
3227 5057 3298 5112 de
3344 5052 3609 5125 sanguine
3645 5061 3750 5118 pro-

467 5149 621 5206 stitia
650 5149 711 5204 in
753 5164 830 5203 χιι
873 5146 1288 5214 Kalendarum,
1319 5147 1509 5218 potius
1536 5164 1715 5219 quam
1752 5148 1811 5203 in
1841 5152 2077 5222 octavis,
2184 5152 2385 5210 ﬂuenti
2435 5169 2465 5207 e
2538 5152 2717 5206 latere
2783 5148 2990 5204 Christi
3062 5146 3451 5219 baptizaretur
3527 5134 3748 5195 Ecclesia,

466 5241 647 5297 etiam
672 5236 899 5294 ratione
926 5233 1262 5306 horologica
1290 5249 1410 5289 esse
1443 5234 1869 5294 adnotandum.
1903 5240 2082 5316 Cons-
2183 5260 2360 5316 quam
2392 5241 2449 5296 in
2480 5241 2602 5312 ipso
2629 5239 2720 5293 die
2771 5237 3061 5294 eteadem
3109 5231 3496 5290 Kalendario?
3533 5229 3594 5284 Et
3635 5222 3748 5316 sicut

465 5329 691 5387 tantine
704 5327 919 5402 quippe
937 5305 1192 5397 Augusto
1213 5339 1346 5376 xvm
1366 5322 1596 5394 imperii
1611 5326 1695 5379 sui
1712 5343 1864 5382 anno
1891 5309 2081 5401 bapti-
2182 5305 2331 5387 Oeus
2360 5331 2430 5386 ab
2458 5305 2724 5401 operibus
2753 5327 2867 5382 suis
2891 5324 3174 5398 requievit
3198 5324 3257 5378 in
3310 5322 3401 5376 die
3434 5317 3677 5402 Sabbato,
3702 5305 3747 5360 id

465 5401 970 5487 zato,scandalum
996 5417 1192 5470 ortum
1221 5414 1308 5467 est
1326 5427 1431 5484 per
1459 5413 1738 5469 Ecclesias
1757 5416 2082 5478 Orientales
2183 5423 2267 5475 est
2295 5437 2411 5474 vnn
2451 5418 2574 5473 Kal.
2619 5415 2824 5486 April.,
2879 5414 2960 5468 ita
3003 5418 3060 5468 et
3105 5411 3354 5467 Christus
3400 5409 3456 5462 in
3500 5401 3741 5487 sepulcro.

465 5508 690 5567 naviter
717 5505 1046 5573 aediﬁcatae,
1070 5506 1170 5560 aut
1196 5505 1521 5571 renovatas,
1554 5519 1674 5559 non
1703 5507 1891 5562 solum
1915 5507 1986 5563 de
2009 5507 2080 5564 si-
2183 5509 2460 5566 Successit
2488 5505 2937 5563 Resurrectiouis
2957 5505 3080 5578 ejus
3110 5503 3229 5558 dies
3261 5495 3572 5556 Dominica,
3602 5489 3654 5578 id
3674 5486 3742 5542 est

464 5595 804 5659 multatibus
813 5594 968 5652 inter
975 5591 1368 5651 Alexande
1380 5592 1836 5652 Alexandrinum
1847 5596 1998 5674 episc
2009 5614 2070 5656 ο-
2179 5614 2278 5656 vm
2305 5597 2549 5656 Kalend.
2558 5595 2738 5674 April.
2749 5603 2909 5670 ,quae
2923 5575 3004 5652 no
3005 5611 3042 5652 ιι
3054 5592 3238 5650 solum
3255 5587 3466 5663 prima,
3485 5580 3577 5640 sed
3588 5575 3736 5636 etiam
