3960 6174
223 428 363 486 H33

1250 412 1587 475 EPISTOLA
1614 415 1711 473 AD
1755 408 2088 471 HUGONEM
2121 412 2530 475 MONACHUM.

3428 432 3570 489 H35

218 541 552 599 inscribitur
578 554 683 612 pro
716 541 942 596 octava.
975 537 1045 592 Ut
1069 539 1268 591 autem
1303 541 1635 595 transcenso
1662 535 1844 609 aequi-
1865 537 1923 599 Α
1941 534 2272 592 Sedveritas
2290 552 2423 593 cum
2454 538 2662 595 Graecis
2683 538 2935 598 scienda.
2966 542 3337 605 Consuetudo
3364 553 3564 609 autem

219 632 441 698 noctio,
475 633 647 701 utque
676 627 737 681 in
761 626 938 682 tertia
963 625 1848 699 hebdomada,utqueDominica

219 722 332 787 die,
370 719 515 774 sicut
552 715 792 787 angelus
819 731 928 787 per
958 716 1250 784 pastorem
1297 714 1597 769 mandavit
1632 714 1846 769 Victori

216 827 384 884 papa:
440 803 903 871 Romano,facile
935 806 1021 857 est
1065 802 1309 857 inveniri
1340 804 1492 874 apud
1537 802 1751 857 Bedam
1784 802 1842 857 in

215 901 364 955 libro
395 899 473 952 De
504 892 868 965 temporibus
899 897 969 946 de
1004 891 1261 963 ipsorum
1295 895 1677 946 sacramento.
1697 891 1841 944 Nam

212 987 392 1043 Judaei
416 998 783 1057 quocumque
818 980 912 1036 die
930 983 1060 1051 post
1079 980 1486 1047 Sabbatum,id
1508 982 1592 1034 est
1617 996 1734 1033 una
1754 980 1841 1033 vel

213 1077 408 1153 prima
435 1073 685 1140 Sabbati,
722 1087 861 1143 qua:
894 1068 1070 1124 modo
1104 1069 1313 1124 dicitur
1350 1069 1471 1124 dies
1515 1068 1840 1136 Dominica,

212 1171 310 1224 aut
338 1164 587 1220 secunda
616 1162 887 1227 Sabbati,
912 1163 1012 1214 aut
1032 1158 1207 1213 tertia
1228 1158 1594 1225 Sabbati,aut
1633 1162 1843 1230 quarta

212 1254 466 1319 Sabbati,
500 1256 593 1307 aut
620 1250 836 1323 quinta
870 1248 1129 1314 Sabbati,
1170 1248 1307 1303 luna
1332 1264 1450 1301 x1111
1482 1246 1841 1315 occurrisset,
1880 1268 1884 1273 ·

211 1344 419 1400 eodem
451 1340 561 1405 die,
590 1338 748 1393 facto
800 1350 1059 1407 vespere,
1112 1335 1171 1388 et
1202 1351 1269 1389 xv
1314 1336 1456 1389 luna
1503 1334 1840 1405 incipiente,

208 1433 505 1490 habebant
520 1428 827 1495 Pascha,et
856 1428 996 1498 quot
1026 1424 1149 1479 dies
1177 1427 1545 1497 superessent
1563 1441 1741 1496 usque
1769 1425 1844 1479 ad

211 1523 551 1587 Sabbatum,
580 1516 1005 1590 protrahebaut
1030 1513 1173 1568 illud
1203 1531 1381 1587 usque
1401 1514 1478 1569 ad
1499 1514 1842 1582 Sabbatum,

213 1616 269 1666 et
298 1612 486 1681 ipsum
519 1606 741 1662 Pascha
768 1602 1071 1676 aliquoties
1101 1618 1134 1655 v
1164 1601 1388 1666 diebus,
1422 1601 1728 1673 aliquoties
1761 1620 1843 1657 1111

211 1704 269 1755 et
295 1699 582 1768 deinceps,
608 1693 919 1766 aliquoties
950 1707 1064 1746 uno
1106 1693 1336 1745 tantum
1380 1691 1474 1746 die
1500 1692 1587 1745 vel
1618 1691 1844 1747 duobus

213 1792 345 1843 ante
373 1787 722 1851 Sabbatum,
759 1783 903 1838 sicut
925 1780 1166 1852 contigit
1196 1780 1252 1835 in
1274 1780 1544 1853 passiene
1584 1781 1839 1844 Domini,

1949 624 2416 694 Ecclesiarum,si
2449 644 2567 683 non
2594 632 2679 684 est
2702 632 2907 686 contra
2952 631 3153 702 ﬁdem,
3185 638 3343 693 nullo
3383 641 3562 698 modo

1943 714 2470 784 permutauda,nec
2500 716 2581 772 eis
2602 717 2700 791 qui
2717 716 2776 772 in
2800 735 2897 774 vm
2915 721 3160 790 Kalend,
3190 728 3559 798 putaverunt,

1945 801 2188 857 omnino
2219 802 2649 875 abrogandum,
2668 821 2800 861 cum
2831 807 3037 864 Graecis
3049 826 3183 867 vero
3206 815 3265 867 et
3280 812 3561 887 Egyptiis

1946 891 2018 946 de
2040 908 2114 945 xn
2146 892 2535 950 sentiendum.
2565 894 2731 959 Quod
2764 897 2980 953 dictum
3002 899 3271 956 adversus
3292 904 3559 959 hmresim

1945 996 2075 1051 quas
2100 996 2285 1051 nuper
2315 986 2514 1037 exorta
2544 986 2632 1038 est
2660 985 2810 1040 valet
2826 986 3393 1059 plurimum,domno
3422 992 3558 1048 Ger-

1944 1069 2113 1124 berto
2144 1068 2304 1125 illam
2338 1087 2406 1125 ex
2431 1071 2712 1128 Toletano
2740 1075 2980 1131 concilio
3008 1082 3557 1152 praerogaute.Nam

1944 1172 2078 1211 cum
2102 1156 2217 1211 sint
2238 1175 2270 1211 v
2300 1158 2424 1213 dies
2448 1176 2482 1214 a
2521 1177 2599 1214 x11
2622 1162 2898 1218 Kalendis
2912 1181 3088 1237 usque
3114 1166 3189 1222 ad
3213 1185 3327 1237 vin,
3362 1169 3407 1224 si
3438 1170 3560 1226 dies

1944 1245 2280 1300 Dominicus
2296 1248 2546 1319 paschae,
2562 1252 2662 1305 aut
2677 1249 2991 1308 Sabbatum
3008 1258 3294 1325 sanctum,
3328 1261 3426 1313 aut
3447 1261 3561 1315 Pa-

1944 1350 2239 1402 rasceven,
2259 1338 2357 1390 aut
2376 1352 2543 1393 coma
2562 1338 2792 1394 Domini
2822 1341 3233 1415 praapedierint
3248 1347 3560 1417 quominus

1945 1422 2312 1478 annuntiatio
2339 1424 2525 1481 beatae
2553 1427 2743 1483 Mariae
2796 1431 2999 1486 matris
3056 1433 3335 1490 celebrari
3383 1438 3561 1508 possit

1944 1510 2006 1565 in
2038 1510 2298 1582 quolibet
2322 1529 2388 1567 ex
2421 1513 2558 1586 ipsis
2593 1532 2626 1571 v
2656 1516 2877 1586 diebus,
2905 1519 3209 1593 anticipari
3230 1524 3462 1594 valebit,
3505 1530 3565 1581 et

1942 1598 2289 1671 rescriptum
2320 1604 2586 1658 nostrum
2614 1604 2885 1662 adversus
2910 1607 3057 1677 haec,
3086 1609 3132 1664 si
3162 1610 3414 1681 petieris,
3448 1613 3561 1669 im-

1943 1689 2175 1759 petrare
2200 1689 2786 1760 valebis.Haic,frater
2811 1694 3200 1766 dilectissime,
3221 1703 3561 1758 summatim

1941 1776 2308 1849 breviterque
2328 1780 2461 1852 quia
2479 1797 2586 1852 per
2599 1783 3014 1856 memetipsum
3031 1786 3371 1844 infirmitate
3386 1790 3564 1846 inter-

210 1877 445 1951 quando
473 1875 623 1930 feria
651 1890 683 1926 v
712 1872 1244 1942 advesperascente,
1274 1873 1333 1925 et
1386 1870 1528 1924 luna
1577 1885 1646 1923 xv
1692 1868 1835 1925 inci-
1859 1853 1913 1915 Β
1941 1866 2221 1936 pellente,
2252 1871 2310 1922 et
2341 1869 2643 1925 oculorum
2666 1870 2788 1926 acie
2810 1872 2939 1943 jam
2969 1875 3277 1946 caligante,
3309 1878 3558 1935 scribere

211 1965 430 2038 piente,
450 1963 634 2038 ipsam
659 1961 893 2015 noctem
921 1961 977 2012 et
1001 1961 1339 2029 sequentem
1360 1957 1521 2011 diem
1541 1956 1840 2014 habebant

208 2036 314 2124 pro
350 2036 749 2116 Pascha,sicut
776 2047 914 2102 dicit
948 2047 1296 2118 evangelista
1322 2045 1502 2099 :Erat
1520 2047 1726 2116 pascha
1785 2054 1836 2101 et

207 2159 401 2210 azyma
428 2146 550 2211 post
591 2137 811 2192 biduum
844 2134 1034 2199 (Marc.
1067 2151 1205 2203 x1111,
1243 2138 1325 2201 1).
1368 2134 1694 2189 Sabbatum
1729 2151 1830 2190 au-

206 2235 329 2285 tem
384 2228 759 2298 subsequens,
794 2240 910 2278 non
937 2224 1118 2279 solum
1143 2226 1389 2295 propter
1420 2222 1824 2293 semeptisum,

202 2318 308 2374 sed
335 2321 395 2372 et
420 2319 660 2389 propter
687 2312 1116 2369 solemnitatem
1142 2313 1503 2383 paschalem,
1535 2312 1697 2383 quasi
1731 2313 1833 2368 du-

200 2409 335 2481 plex
360 2407 575 2460 festum
589 2403 889 2459 dicebatur
906 2402 1220 2457 Sabbatum
1242 2402 1660 2457 Sabbatorum.
1681 2401 1831 2466 Quid

203 2499 404 2552 autem
436 2494 608 2550 distet
637 2492 790 2547 inter
804 2492 1018 2546 Pascha
1048 2494 1105 2546 et
1133 2507 1358 2563 azyma,
1390 2490 1482 2544 vel
1513 2489 1558 2542 si
1601 2490 1828 2546 indiffe-

201 2588 409 2639 renter
432 2582 675 2648 dicatur,
728 2580 871 2635 sicut
920 2580 1071 2650 apud
1125 2579 1306 2634 alium
1357 2578 1821 2649 evangelistam:

200 2672 403 2727 Prima
433 2678 612 2725 autem
639 2669 723 2723 die
752 2685 1080 2738 azymorum,
1111 2668 1324 2740 quando
1376 2668 1581 2738 pascha
1631 2669 1825 2722 immo-

204 2761 316 2814 lari
334 2759 464 2814 sole!
492 2758 689 2825 (Matii.
718 2775 862 2825 xxvi,
926 2756 1034 2828 l7),
1061 2759 1148 2812 vel
1197 2759 1340 2829 quot
1398 2755 1599 2810 diebus
1643 2755 1825 2811 Judaei

208 2853 533 2921 antequam
553 2865 679 2915 nos,
693 2848 775 2901 vel
790 2849 931 2919 quot
950 2846 1249 2902 nobiscum
1269 2845 1567 2901 celebrent
1586 2846 1823 2914 Pascha,

208 2938 369 3010 apud
403 2937 616 2991 Bedam
653 2936 889 2991 inventu
919 2935 1081 2989 facile
1108 2938 1212 2990 est.
1246 2934 1451 3005 Liquet
1480 2931 1658 3003 igitur
1689 2932 1826 3003 quia

203 3027 371 3099 prius
392 3025 712 3081 Orientales
735 3040 912 3096 quam
943 3023 1045 3094 ipsi
1087 3022 1268 3077 Judaei
1302 3019 1696 3077 celebrabant.
1723 3021 1821 3076 Ju-

205 3115 320 3169 daei
352 3113 538 3180 enim,
578 3113 709 3167 licet
737 3113 807 3167 de
834 3111 1176 3184 aequinoctio
1204 3110 1509 3183 aliquoties
1540 3114 1824 3179 errarent,
1850 3132 1901 3196 α

202 3207 411 3258 tamen
441 3218 559 3256 x1111
590 3203 787 3255 lunam
833 3201 1239 3273 sequebantur.
1291 3198 1611 3254 Orientales
1662 3215 1822 3268 vero,

199 3292 429 3346 lunaris
459 3290 652 3344 circuli
678 3288 906 3360 penitus
937 3288 1143 3360 ignari,
1177 3286 1596 3361 aequinoctium
1628 3290 1824 3343 autem

198 3380 259 3435 in
278 3396 381 3433 vui
405 3378 689 3433 Kalendas
712 3377 918 3448 Aprilis
948 3379 1235 3444 tenentes,
1253 3377 1396 3433 sicut
1434 3379 1492 3432 et
1521 3377 1688 3432 multi
1720 3395 1826 3434 no-

197 3472 488 3532 strorum,
534 3468 732 3537 utpote
782 3466 1152 3537 Augustinus,
1181 3465 1534 3537 Fulgentius,
1564 3466 1824 3521 Joannes

198 3556 669 3627 Chrysostomus,
693 3559 750 3609 et
776 3556 894 3627 ipse
952 3555 1186 3622 Plinius,
1221 3570 1335 3626 quo
1359 3554 1537 3609 etiam
1565 3554 1656 3609 die
1689 3572 1821 3610 cou-

192 3645 538 3717 ceptionem
555 3632 759 3698 Christi
791 3647 849 3699 et
864 3644 1192 3716 passionem
1213 3642 1816 3710 adnotabant,Pascha

192 3734 258 3789 in
310 3750 367 3787 v1
402 3732 690 3788 Kalendas
717 3732 926 3804 Aprilis
975 3729 1390 3787 celebrandum
1424 3730 1816 3801 praelixerant,

193 3836 573 3895 quocumque
588 3820 679 3876 die
695 3820 1074 3876 hebdomadis
1085 3819 1467 3887 evenisset,sic
1475 3822 1534 3874 ut
1550 3822 1608 3874 et
1620 3820 1819 3877 Natale

192 3911 437 3967 Domini
459 3910 520 3965 in
542 3927 638 3964 Vlll
657 3910 942 3965 Kalendas
978 3909 1253 3964 Januarii.
1276 3908 1470 3964 Victor
1497 3925 1633 3965 vero
1664 3926 1817 3982 papa

189 4001 519 4067 Romanus,
539 3998 610 4053 ab
624 4000 833 4070 angelo
850 4014 957 4071 per
968 4002 1258 4071 pastorem
1279 3998 1534 4052 monitus
1553 4015 1810 4070 quocun-

189 4106 307 4160 que
336 4087 430 4142 die
460 4086 844 4142 hebdomadis
872 4086 997 4159 ipsa
1026 4103 1077 4141 v1
1107 4086 1497 4141 Kalendarum
1526 4087 1811 4159 Aprilium

189 4177 321 4232 dies
342 4173 794 4249 provenisset,in
827 4174 1199 4231 Dominicum
1231 4175 1384 4230 diem
1410 4176 1627 4231 Pascha
1647 4176 1810 4233 diffe-

188 4265 447 4320 rendum
473 4264 691 4321 statuit.
716 4264 784 4318 Et
814 4264 883 4318 de
916 4264 1218 4319 Dominica
1245 4264 1417 4328 bene,
1445 4268 1508 4319 ut
1534 4265 1653 4338 ipse
1699 4266 1809 4321 uti-

187 4371 307 4427 que
335 4370 451 4426 quo
474 4354 756 4409 Dominus
769 4353 1084 4409 resurrexit
1113 4354 1235 4408 dies
1251 4370 1551 4425 nunquam
1571 4371 1811 4427 permu-

1940 1970 2062 2009 non
2085 1956 2268 2027 potui.
2289 1956 2470 2012 Minus
2487 1958 2559 2014 de
2579 1959 2798 2030 leporis
2808 1961 3136 2020 urbanitate
3154 1967 3561 2035 euravi,sciens

1939 2059 2039 2097 eos
2072 2045 2170 2115 qui
2202 2049 2337 2101 ante
2368 2063 2473 2102 nos
2503 2047 2575 2102 de
2603 2047 2824 2103 artibus
2874 2050 3176 2122 scripsere,
3208 2058 3272 2109 ut
3325 2059 3555 2112 tantum

1938 2130 2409 2205 intelligerentur
2450 2135 2801 2205 elaborasse,
2835 2138 3230 2211 eloquentiam
3252 2159 3386 2199 vero
3430 2161 3561 2200 om-

1938 2221 2079 2277 nino
2112 2223 2455 2295 neglexisse.
2486 2225 2626 2280 Volo
2656 2229 2853 2282 autem
2884 2243 2991 2299 pro
3050 2231 3282 2287 talionis
3329 2250 3555 2292 recom-

1933 2311 2276 2379 pensatione
2306 2310 2491 2367 vicem
2521 2329 2849 2385 reposcere,
2876 2319 2941 2371 ut
2965 2317 3101 2390 quia
3132 2321 3315 2377 multa
3338 2328 3471 2378 sunt
3495 2324 3552 2380 in

1934 2397 2241 2471 Scripturis
2259 2400 2462 2456 divinis
2476 2418 2603 2474 quae
2631 2406 2896 2460 nostrum
2912 2406 3180 2463 videntur
3201 2409 3556 2470 intellectum

1933 2486 2253 2557 offendere,
2285 2490 2447 2545 vobis
2473 2491 2794 2560 orantibus,
2830 2496 2892 2548 et
2921 2494 3346 2567 Scripturarum
3395 2516 3556 2557 cam-

1930 2591 2036 2647 pos
2059 2578 2553 2650 percurrentibus,
2580 2580 3098 2651 possintlucidiora
3114 2603 3255 2643 esse.

2002 2664 2197 2721 Primo
2240 2665 2491 2738 qualiter
2512 2670 2740 2724 tantam
2772 2671 3164 2730 diversitatem
3196 2694 3325 2749 qua:
3351 2680 3435 2733 est
3492 2679 3553 2736 in

1928 2753 2174 2809 homilia
2203 2755 2371 2809 Bedze
2389 2755 2460 2810 de
2476 2756 2815 2813 Palmarum
2844 2760 2935 2816 die
2953 2763 3178 2821 valeam
3201 2764 3549 2825 discernere.

1934 2863 1963 2891 ‹‹
1989 2844 2209 2913 Agnus,
2239 2843 2450 2915 inquit,
2484 2844 2792 2917 paschalis,
2821 2849 2982 2921 cujus
3008 2851 3411 2912 immolatione
3441 2875 3552 2929 po-

1927 2931 2094 3000 pulus
2126 2932 2298 2985 Israel
2344 2936 2431 2987 est
2486 2933 2560 2987 ab
2610 2933 2880 3007 IEgyptia
2932 2940 3201 2996 servitute
3255 2944 3548 3016 liberatus,

1928 3020 2063 3073 ante
2094 3035 2127 3074 v
2157 3018 2279 3073 dies
2311 3020 2565 3089 Paschae,
2597 3020 2657 3076 id
2707 3026 2792 3078 est
2823 3042 2939 3080 xnu
2968 3027 3107 3084 luna
3136 3030 3210 3085 ad
3246 3048 3549 3104 vesperum

1921 3107 2111 3179 jussus
2132 3110 2218 3162 est
2249 3107 2566 3168 immolari.
2599 3109 2942 3183 Significans
2966 3132 3101 3173 eum
3128 3120 3226 3192 qui
3256 3138 3361 3178 nos
3416 3141 3546 3180 sau-

1928 3195 2104 3267 guine
2126 3212 2228 3251 suo
2257 3197 2667 3271 redempturus
2693 3204 2829 3259 ante
2868 3222 2899 3259 v
2926 3204 3046 3261 dies
3102 3209 3353 3279 Paschaa,
3387 3212 3544 3271 idem

1927 3284 2214 3341 hodierna
2226 3286 2340 3354 die,
2356 3304 2573 3361 magno
2593 3292 3047 3362 praecedentium
3061 3300 3544 3375 sequentiumque

1928 3374 2280 3445 populorum
2306 3376 2521 3448 gaudio
2579 3394 2644 3434 ac
2689 3380 3024 3439 laudatione
3056 3386 3352 3458 deductus,
3386 3374 3543 3449 venit

1926 3462 1986 3516 in
2018 3464 2307 3537 templum
2330 3466 2589 3522 Domini.

2000 3551 2265 3609 Secundo
2285 3554 2356 3609 de
2376 3555 2633 3627 epistolis
2671 3558 3053 3618 decretalibus
3083 3565 3278 3623 Jacobi
3310 3573 3368 3625 et
3417 3570 3543 3627 Cle-

1924 3642 2141 3697 mentis
2172 3643 2247 3699 ad
2276 3645 2619 3701 alterutrum
2648 3648 2923 3718 missis,in
2947 3653 3152 3724 quibus
3174 3656 3254 3713 ita
3273 3657 3541 3717 Clemens

1923 3729 2005 3785 ait
2033 3729 2104 3785 de
2134 3730 2304 3787 beato
2332 3734 2530 3802 Petro,
2562 3734 2707 3790 sicut
2724 3737 2851 3807 jam
2880 3755 3068 3810 passo.
3126 3745 3307 3815 Igitur
3364 3750 3534 3806 Petro

1920 3817 2146 3873 vivente
2182 3821 2556 3876 manifestum
2588 3826 2675 3877 est
2695 3841 2827 3880 eum
2853 3844 2972 3883 non
2995 3831 3302 3902 scripsisse.
3333 3838 3399 3891 Et
3446 3840 3539 3894 Ja-

1920 3906 2134 3961 cobum
2164 3924 2260 3963 V111
2291 3908 2459 3963 anuis
2492 3910 2866 3968 manifestum
2906 3918 2993 3970 est
3046 3921 3180 3974 ante
3205 3924 3537 3991 passionem

1919 3993 2075 4049 Petri
2106 3994 2434 4051 decessisse.
2467 3998 2602 4053 Post
2657 4000 2985 4069 passionem
3030 4022 3163 4061 vero
3198 4008 3353 4065 beati
3380 4013 3534 4070 Petri

1917 4083 2089 4139 Linus
2114 4100 2189 4138 x11
2218 4085 2383 4140 annis
2404 4087 2462 4140 et
2492 4087 2798 4143 Anacletus
2819 4090 3086 4161 totidem,
3114 4102 3533 4169 cooperatores

1917 4172 2248 4242 Clementis,
2301 4173 2397 4247 qui
2429 4175 2600 4230 Petro
2658 4192 2789 4231 vere
2842 4187 3211 4253 successerat,
3239 4188 3526 4247 exstitere.

1912 4262 2085 4317 Multo
2129 4261 2324 4317 minus
2358 4261 2537 4334 igitur
2564 4262 2806 4319 istorum
2838 4268 3104 4341 tempore
3131 4274 3323 4344 potuit
3351 4278 3527 4335 Jacob

1912 4350 2247 4406 rescribere.
2267 4352 2401 4407 Post
2426 4350 2727 4407 decessum
2756 4370 2892 4411 vero
2914 4356 3193 4430 ipsorum,
3218 4378 3349 4420 cum
3400 4366 3527 4424 Cle-

184 4414 437 4511 taretur,
454 4446 512 4498 et
539 4446 743 4513 utpost
763 4442 1177 4515 aequinoctium
1200 4414 1429 4515 semper
1455 4414 1673 4499 Pascha
1711 4462 1804 4501 ce-
1829 4414 1887 4476 D
1911 4440 2367 4495 menssolusvml
2393 4440 2561 4496 annis
2580 4441 2863 4499 Romanae
2883 4448 3219 4517 praesideret
3235 4453 3520 4527 Ecclesim,

182 4533 537 4589 lebraretur.
554 4533 626 4587 Ut
642 4549 773 4587 vero
795 4536 923 4604 post
942 4548 1081 4599 x1111,
1096 4530 1153 4586 id
1173 4535 1257 4587 est
1277 4532 1335 4586 in
1350 4549 1408 4587 ιιι
1433 4533 1805 4593 hebdomade

182 4623 362 4693 hujus
376 4620 568 4676 saeculi
595 4621 833 4676 omnino
856 4621 1042 4675 adhuc
1056 4623 1152 4675 aut
1167 4620 1566 4692 ignorabatur,
1609 4628 1707 4679 aut
1728 4643 1800 4682 ne

182 4711 515 4782 legebatur,
544 4709 799 4765 donecin
824 4709 1055 4765 Niczena
1070 4709 1287 4781 synodo
1316 4712 1798 4784 etasquinoctium

182 4816 263 4855 χιι
297 4798 562 4853 Kabend.
612 4798 791 4870 April.
842 4798 1165 4869 praeﬁxum,
1216 4801 1274 4853 et
1323 4799 1442 4855 dies
1478 4803 1794 4872 paschales,

172 4888 349 4957 juxta
370 4904 487 4942 x1111
508 4889 672 4943 lunas
696 4886 1012 4955 Pachomii,
1037 4886 1304 4959 deinceps
1334 4892 1467 4943 sunt
1486 4891 1792 4951 observati.

182 4977 303 5032 Hoc
337 4993 474 5031 vero
505 4976 819 5032 certissime
871 4975 1172 5031 sciendum
1219 4977 1376 5049 quod
1420 4977 1465 5032 si
1515 4996 1582 5035 eo
1640 4984 1791 5038 tem-

179 5087 329 5145 pore
381 5065 725 5139 aequinoctia
753 5068 812 5120 et
856 5064 1100 5121 solstitia
1136 5065 1195 5121 in
1248 5084 1321 5121 x11
1378 5069 1789 5147 Kalendarum,

179 5161 332 5215 sicut
390 5155 564 5210 modo
641 5156 833 5209 essent
909 5154 1166 5226 praeﬁxa,
1228 5173 1528 5231 nunquam
1581 5179 1790 5222 conce-

177 5250 413 5322 ptiones
439 5247 497 5299 et
531 5244 747 5299 natales
798 5243 952 5298 beati
1012 5244 1249 5299 Joannis
1297 5248 1355 5300 et
1407 5246 1580 5322 ipsius
1627 5255 1788 5312 Chri-

1906 4530 2088 4585 multo
2121 4529 2307 4586 adhuc
2336 4529 2529 4586 minus
2561 4530 2918 4591 credendum
2946 4540 3031 4592 est
3045 4541 3297 4610 potuisse
3314 4548 3520 4603 rescri-

1904 4620 2041 4675 bere
2072 4620 2361 4692 completo
2412 4637 2445 4675 a
2482 4618 2749 4693 passione
2797 4625 2991 4681 Jacobi
3039 4646 3185 4685 xxxn
3228 4649 3516 4695 annorum

1901 4712 2181 4781 tempore.

1967 4798 2157 4853 Tertio
2190 4798 2261 4854 de
2302 4800 2515 4857 nostris
2566 4804 3005 4864 Treverensibus
3051 4810 3352 4883 Euchario,
3411 4814 3514 4872 Va-

1896 4886 2059 4956 lerio,
2086 4888 2469 4963 Materno,qui
2486 4891 2756 4950 dicuntur
2774 4896 2931 4953 missi
2944 4897 3116 4953 fuisse
3153 4901 3224 4955 ab
3246 4908 3507 4976 apostolo

1898 4980 2088 5046 Petro,
2120 4980 2177 5033 et
2206 4979 2363 5034 locus
2413 4981 2648 5053 quidem
2688 4983 2747 5039 in
2797 4988 3027 5043 Elisatio
3078 5004 3229 5062 pago
3289 5010 3506 5053 nomen

1894 5067 2116 5122 habens
2147 5067 2329 5139 Eligia
2348 5070 2665 5125 concordat
2696 5090 2826 5130 cum
2860 5093 3064 5132 eorum
3095 5078 3368 5152 historia;
3403 5083 3504 5139 sed

1893 5178 1927 5215 a
1952 5158 2219 5230 passione
2248 5157 2403 5213 beati
2435 5161 2587 5215 Petri
2619 5162 2716 5234 qui
2739 5167 2824 5220 est
2852 5184 2948 5222 x111
2995 5184 3180 5225 annus
3234 5170 3497 5237 Neronis,

1891 5250 1989 5323 qui
2020 5248 2067 5303 si
2108 5248 2261 5303 forte
2306 5248 2677 5316 Eucherium,
2730 5254 3019 5312 Valerium
3074 5261 3132 5313 et
3175 5259 3497 5317 Maternum

164 5339 250 5396 sti
317 5337 379 5391 in
438 5351 531 5390 vm
585 5331 995 5401 Kalendarum,
1055 5333 1156 5387 sed
1222 5334 1408 5405 potius
1475 5338 1534 5394 in
1580 5359 1656 5398 xu
1706 5364 1789 5403 es-

163 5430 309 5485 sent
336 5423 658 5494 assignatas.
694 5422 838 5477 Nam
863 5421 959 5493 qui
1018 5421 1140 5494 ipsa
1198 5424 1542 5495 aaquinoctia
1589 5430 1650 5485 in
1688 5450 1787 5492 vm

166 5517 301 5571 Kal.
329 5510 807 5586 putaverunt,ipsi
837 5510 1071 5565 easdem
1103 5511 1661 5575 festivitatesibidem
1693 5540 1788 5580 as-

174 5603 572 5677 signaverunt,
620 5601 859 5673 propter
894 5599 1036 5655 illud
1087 5600 1242 5673 quod
1296 5601 1437 5658 dixit
1489 5606 1782 5672 Joannes:

175 5691 349 5751 Illum
361 5694 561 5767 oportet
582 5705 916 5760 crescere,me
943 5694 1119 5746 autem
1136 5691 1311 5748 minui
1336 5690 1524 5766 (Joan.
1552 5713 1636 5770 u1,
1666 5702 1779 5778 30).

1883 5337 2221 5397 Treveribus
2251 5336 2426 5406 misit,
2455 5341 2590 5394 ante
2616 5340 2836 5415 aliquot
2865 5362 3047 5401 annos
3072 5346 3348 5416 passionis
3377 5368 3495 5409 sum

1885 5434 1995 5488 hoc
2025 5427 2182 5495 fecit,
2226 5430 2639 5497 computantur
2672 5432 2811 5488 anni
2840 5451 3026 5488 ccum
3061 5450 3235 5505 usque
3257 5438 3331 5494 ad
3389 5458 3495 5498 an-

1886 5537 2031 5579 num
2048 5516 2777 5591 xxvConstantini,quando
2792 5519 3171 5578 obiitsanctus
3185 5524 3489 5602 Sylvester,

1885 5610 2045 5683 cujus
2058 5610 2221 5682 jussu
2248 5607 2479 5664 Arelate
2505 5607 2658 5664 facta
2705 5612 2791 5666 est
2828 5610 3100 5683 synodus,
3130 5614 3227 5671 ubi
3277 5619 3490 5693 legitur

1882 5699 2209 5762 interfuisse
2237 5702 2467 5757 sanctus
2492 5699 2777 5759 Maternus
2811 5699 3249 5778 Agrippinensis
3268 5710 3487 5785 cpisco-
