3960 6174
474 416 614 474 1139

1596 407 1895 465 NOTGEHI
1923 408 2334 467 LEODIENSIS
2364 408 2677 467 EPISCOPI

3616 409 3731 467 “er

476 536 645 594 xerit.
668 535 836 591 Anno
866 533 969 586 995
996 527 1147 587 sedit
1174 527 1235 584 in
1264 526 1509 585 concilio
1530 528 1873 585 Mosomensi
1906 546 1957 584 ιν
1979 531 2087 586 No-
2107 534 2165 593 Α
2191 529 2593 597 conﬁrmatur,
2652 529 2806 602 quod
2836 530 3020 586 totum
3056 543 3274 584 annum
3305 530 3431 584 1007
3464 528 3735 585 decurrisse

473 644 582 684 nas
607 624 778 691 Junii,
808 620 908 677 ubi
933 620 1154 692 agitata
1184 622 1269 676 est
1295 635 1465 674 causa
1514 618 1804 689 Arnulpbi
1862 636 1893 674 e
1948 620 2085 674 sede

474 712 746 771 Remensi
774 710 1003 782 deiecti,
1037 713 1094 765 et
1114 708 1373 766 Gerberti
1405 709 1464 764 in
1493 708 1614 780 ejus
1643 709 1834 764 locum
1878 709 2080 764 subro-

471 804 613 877 gati.
639 801 841 857 Videt.
862 802 945 856 IX
964 815 1127 856 conc.
1150 798 1379 855 Labbei.
1396 799 1612 854 Eodem
1639 815 1792 854 anno
1811 798 1869 853 in
1888 800 2082 853 locum

471 890 767 948 demortui
824 887 1063 945 Rotardi
1121 888 1415 943 Camerac.
1468 886 1721 960 episc0pi
1782 887 2081 942 Erluinum

471 979 699 1036 Leodic.
732 976 995 1033 Ecclesia:
1027 974 1496 1031 archidiaconum
1539 974 1869 1048 promoveri
1914 992 2079 1030 cura-

471 1068 570 1135 vit,
604 1067 777 1139 idque
804 1082 983 1138 opera
1005 1064 1287 1120 Mathildis
1339 1063 1470 1119 filim
1524 1063 1765 1119 Othonis
1792 1062 2081 1128 Quindeli—

470 1155 774 1230 burgensis
798 1154 1123 1210 abbatissae.
1152 1152 1351 1208 Adfuit
1379 1155 1436 1207 et
1464 1152 1683 1225 synodo
1718 1152 2076 1208 Francofort.

473 1245 566 1300 ad.
603 1246 764 1310 1000,
794 1242 891 1298 ubi
924 1241 983 1297 8.
1015 1240 1291 1297 Henricus
1320 1239 1640 1313 imperator
1668 1257 1773 1312 pro
1804 1240 2082 1312 erigenda

471 1330 885 1404 Bambergensi
924 1329 1173 1385 Ecclesia
1200 1328 1259 1383 in
1292 1328 1677 1402 episcopalem
1721 1328 2103 1401 supplicavit!

471 1422 637 1475 Anno
675 1422 809 1475 1007
863 1418 984 1489 ejus
1014 1420 1222 1489 rogatu
1285 1416 1559 1473 Henricus
1612 1415 1945 1472 Germaniae
1980 1434 2080 1473 rex

471 1507 761 1563 benefacit
786 1505 1112 1561 Thornensi
1148 1505 1430 1561 nobilium
1461 1505 1874 1561 canonicarum
1906 1507 2078 1562 colle-

472 1596 567 1667 gio
591 1594 749 1665 (Μίν.
778 1600 891 1648 not.
925 1611 973 1649 c.
1002 1593 1114 1665 78).

541 1681 803 1754 Denique
837 1680 1025 1749 annis,
1054 1680 1280 1737 meritis
1308 1683 1367 1736 et
1401 1681 1585 1753 gloria
1609 1683 1837 1753 plenus,
1870 1682 2079 1738 exactis

470 1770 531 1826 in
551 1770 835 1843 regimine
860 1772 926 1824 36
949 1769 1135 1838 annis,
1163 1769 1236 1824 ad
1259 1769 1547 1824 Christum
1582 1770 1840 1838 evolavit,
1869 1787 1920 1824 IV
1950 1770 2079 1826 Idus

2188 619 2470 676 videatur.
2495 619 2550 675 S.
2584 618 2741 674 enim
2773 618 3046 673 Henricus
3072 618 3381 690 imperator
3404 618 3519 689 ejus
3544 618 3741 689 petitio-

2188 725 2264 763 ne
2290 708 2577 764 benefacit
2593 707 2914 763 Thornensi
2946 707 3189 777 collegio
3217 710 3495 778 praecepto
3549 708 3666 761 dato
3708 725 3737 761 ιι

2188 797 2378 853 Nonas
2404 796 2575 852 Junii.
2605 797 2822 852 Deinde
2871 795 3145 851 erectioni
3173 795 3592 866 Bambergensis
3616 796 3738 867 epis-

2188 890 2424 958 copatus
2449 886 2780 959 subscripsit
2831 885 2940 940 hoc
2986 885 3107 956 ipso
3168 900 3321 939 anno
3368 883 3619 938 Kalendis
3645 885 3741 938 No-

2185 974 2457 1042 vembris,
2484 978 2546 1029 ut
2565 975 2759 1030 videre
2791 976 2876 1029 est
2910 973 3064 1045 apud
3093 973 3385 1028 Labbeum
3406 975 3545 1027 tom.
3574 972 3739 1035 lX,col.

2183 1063 2308 1117 785.
2340 1063 2614 1135 Adeoque
2646 1079 2763 1117 non
2785 1065 2919 1117 ante
2940 1061 3000 1116 in
3018 1064 3355 1133 sequentem
3382 1077 3589 1115 annum
3607 1078 3740 1115 meu-

2182 1166 2242 1204 se
2274 1150 2450 1223 Aprili
2476 1152 2811 1207 demortuus
2849 1150 2962 1205 dici
3009 1152 3217 1222 potest.
3255 1148 3628 1205 Confirmatur
3659 1150 3743 1204 de-

2182 1238 2358 1311 nique
2411 1240 2749 1295 auctoritate
2798 1239 3089 1294 Lamberti
3118 1239 3633 1309 Scafnaburgensis,
3666 1240 3745 1310 qui

2182 1327 2256 1382 ad
2287 1329 2441 1383 hunc
2470 1345 2691 1383 annum
2722 1328 2958 1400 Notgeri
2988 1328 3209 1383 obitum
3231 1328 3434 1393 refert,
3456 1331 3583 1380 utet
3596 1326 3742 1382 Chro-

2181 1416 2355 1471 nicon
2393 1417 2727 1485 Leodiense,
2760 1418 2936 1472 Labb.
2967 1417 3108 1473 Bibl.
3142 1433 3247 1470 ms.
3284 1419 3430 1471 tom.
3460 1414 3742 1487 l,pag.337.

2251 1507 2431 1561 Porro
2458 1506 2593 1578 quia
2614 1507 2735 1561 sine
2762 1506 2960 1560 dolore
3000 1522 3117 1560 non
3160 1504 3445 1559 amittitur
3473 1504 3616 1575 quod
3639 1519 3742 1557 cum

2178 1610 2380 1649 amore
2394 1594 3055 1667 possidetur,orbitatem
3073 1609 3230 1648 suam
3248 1592 3615 1663 deplorarunt
3643 1608 3745 1647 om-

2179 1698 2281 1737 nes
2302 1682 2477 1737 totius
2518 1683 2774 1739 dioecesis
2823 1682 3076 1739 ordines.
3110 1683 3171 1735 In
3204 1681 3348 1735 urbe
3381 1680 3501 1735 dies
3528 1680 3742 1751 singulos

2176 1770 2283 1827 sibi
2317 1774 2687 1843 sumpserunt
2713 1771 2940 1843 singula
2969 1758 3387 1826 canonicorum
3436 1768 3660 1840 collegia
3696 1771 3746 1822 ut

468 1859 679 1931 Aprilis
723 1875 879 1913 anno
910 1857 1077 1925 1007;
1118 1859 1272 1925 1008,
1328 1857 1519 1930 inquit
1545 1858 1838 1926 Mabillon,
1864 1860 2077 1918 Annal.
2105 1855 2156 1914 B
2177 1859 2329 1930 patri
2374 1860 2577 1931 patrias
2637 1862 3030 1930 parentarent,
3066 1874 3131 1912 ac
3161 1858 3406 1912 demum
3435 1856 3492 1911 in
3540 1856 3745 1910 Ecclesia

470 1948 848 2019 tom.lV,pag.
861 1949 957 2003 201
972 1945 1167 2019 ,idque
1185 1945 1527 2002 auctoritate
1546 1945 1836 2019 scriptoris
1851 1945 1993 2001 Vita:
2017 1947 2076 2003 S.

467 2034 806 2091 Theodorici
826 2033 1144 2107 Andagin,,
1163 2051 1261 2090 seu
1279 2033 1335 2089 S.
1354 2034 1590 2089 Huberti
1618 2035 1861 2098 abbatis,
1882 2034 2078 2108 quiip-

468 2122 584 2178 sius
609 2123 846 2195 mqualis
875 2122 1004 2190 fuit,
1036 2122 1250 2196 quique
1280 2126 1472 2179 ortum
1487 2124 1610 2195 ejus
1628 2124 1707 2178 sic
1727 2126 1891 2179 notat
1910 2143 1924 2180 :
1941 2124 2079 2179 «Na-

466 2214 558 2268 tus
577 2215 663 2267 est
683 2228 837 2267 anno
869 2213 1158 2267 Incarnat.
1182 2212 1351 2267 Dom.
1389 2214 1524 2267 1007
1551 2211 1904 2284 imperatore
1925 2213 2079 2285 apud

468 2303 761 2357 Romanos
809 2302 867 2354 et
921 2299 1247 2356 Germanos
1277 2299 1543 2368 Henrico,
1573 2316 1727 2354 anno
1759 2304 2075 2373 postquam

463 2388 684 2447 Juniori
698 2386 909 2443 Othoni
922 2390 1271 2442 successerat
1294 2390 1476 2456 sexto,
1492 2388 1837 2460 praesidente
1856 2388 1914 2443 in
1933 2390 2074 2445 Leo-

466 2476 651 2531 diensi
669 2476 802 2530 sede
816 2476 1325 2546 Notgero,magnm
1339 2474 1655 2530 sanctitatis
1673 2478 1730 2530 et
1746 2476 2073 2547 prudentiae

465 2564 608 2631 viro,
651 2566 955 2636 postquam
976 2562 1273 2617 ordinatus
1284 2562 1472 2617 fuerat
1490 2562 1789 2636 episcopus
1813 2581 1968 2620 anno
1993 2583 2077 2620 se-

466 2652 651 2725 ptimo
682 2650 1002 2722 trigesimo,
1038 2654 1146 2707 etc.
1182 2672 1211 2700 ››
1239 2652 1309 2705 Et
1341 2655 1403 2706 ut
1454 2652 1601 2706 alter
1658 2652 1838 2707 codex
1869 2653 2030 2708 addit
2061 2671 2075 2711 :

463 2738 792 2813 Priusquam
816 2740 931 2797 vita
954 2739 1217 2797 decederet
1242 2756 1382 2795 anno
1429 2757 1555 2795 uno.
1608 2740 1773 2805 Quod
1832 2744 1891 2796 et
1942 2740 2079 2796 inde

2178 1946 2236 2002 S.
2265 1947 2522 2015 Joannis,
2557 1950 2619 2002 ut
2650 1965 2748 2004 suo
2790 1950 3139 2002 testamento
3193 1949 3486 2012 sanxerat,
3532 1946 3747 2016 sepultus

2178 2038 2265 2090 est
2290 2035 2364 2090 ad
2391 2037 2567 2090 Aram
2600 2036 2656 2091 8.
2687 2036 2904 2091 Hilarii.
2936 2037 3017 2090 De
3046 2035 3165 2100 illo,
3197 2035 3555 2106 prmterjam
3573 2034 3748 2086 relatos

2177 2125 2515 2179 Anselmum
2543 2128 2601 2179 et
2632 2124 2947 2196 zEgidium,
2980 2123 3100 2195 agit
3131 2122 3439 2179 Albericus
3460 2122 3517 2176 in
3550 2119 3750 2176 Chroni-

2178 2227 2265 2268 co.
2302 2213 2570 2283 Ejusdem
2604 2212 2871 2268 meminit
2900 2213 3223 2268 Chronicon
3259 2212 3602 2266 Centulense
3624 2211 3658 2262 l.
3685 2226 3750 2273 ιιι,

2178 2318 2228 2354 c.
2256 2303 2343 2357 30.
2372 2300 2559 2356 Vitam
2586 2300 2645 2356 S.
2682 2299 2935 2356 Remacli
2978 2303 3188 2373 rogatu
3217 2299 3565 2353 Warinfredi
3603 2296 3749 2350 abba-

2178 2387 2249 2442 tis
2280 2388 2636 2444 Stabulensis
2670 2389 3015 2459 composuit,
3050 2393 3113 2443 ut
3146 2404 3262 2443 non
3286 2387 3434 2441 nulli
3465 2387 3667 2441 volunt.
3698 2386 3745 2437 In

2176 2476 2361 2531 Marca
2392 2476 2715 2550 Hispanica,
2749 2494 2804 2549 p.
2839 2478 2962 2542 994,
2997 2477 3246 2532 refertur
3276 2476 3596 2547 Notgerum
3620 2472 3751 2526 subs-

2175 2564 2438 2635 cripsisse
2468 2564 2669 2619 litteris
2690 2564 2980 2620 Benedicti
3015 2581 3180 2635 papa:
3211 2564 3331 2618 VIII
3353 2580 3461 2637 pro
3501 2561 3756 2634 Urgellen-

2175 2652 2222 2706 si
2251 2653 2517 2721 Ecclesia,
2545 2653 2701 2726 quod
2732 2657 2882 2708 stare
2912 2652 3135 2725 nequit.

1322 3046 1922 3157 NOTITIA
2049 3048 2925 3155 LITTERARIA

1193 3280 1457 3352 (Fama,
1510 3278 1751 3337 Biblioth
1829 3278 1968 3335 med.
2022 3283 2073 3337 ét
2122 3281 2228 3353 inf.
2278 3280 2428 3351 Lat.,
2473 3282 2617 3336 tom.
2668 3280 2732 3347 V,
2790 3296 2849 3351 p.
2909 3277 3059 3351 143.)

537 3495 845 3563 Notgerus,
873 3492 1227 3562 Nothegerus,
1260 3491 1728 3563 Notkerusmatus
1754 3494 1814 3548 in
1848 3494 2073 3563 Suevia,
2101 3501 2148 3561 C
2180 3496 2464 3567 ptembris
2488 3498 2592 3551 sub
2609 3497 2843 3569 Notgeri
2873 3498 3114 3553 nomine
3139 3501 3198 3553 et
3238 3499 3431 3556 Vitam
3448 3502 3514 3558 S.
3540 3500 3762 3563 Remacti,

466 3581 766 3653 episcOpus
789 3579 1271 3652 quadragesimus
1322 3584 1512 3637 sextus
1559 3582 1630 3638 ab
1694 3599 1834 3638 ann.
1868 3585 1973 3640 972
2002 3584 2077 3639 ad
2179 3585 2436 3640 vicesimi
2458 3584 2689 3656 septimi
2722 3587 2794 3640 ab
2827 3603 2962 3641 ann.
2999 3589 3106 3642 650
3129 3588 3203 3642 ad
3234 3590 3342 3644 653
3387 3591 3632 3663 episcopi
3650 3591 3761 3644 Leo-

470 3671 610 3725 1008
639 3666 990 3735 Leodiensis,
1022 3668 1175 3739 apud
1220 3669 1509 3726 Othonem
1547 3672 1619 3726 ΙΙΙ
1639 3670 2077 3743 imperatorem,

465 3773 642 3831 quem
668 3756 1015 3828 cognatione
1048 3757 1399 3830 attingebat,
1428 3758 1734 3830 gratiosus,
1766 3759 1826 3813 in
1840 3759 2081 3831 epistola

465 3846 537 3901 ad
554 3844 967 3899 Werinfridum
980 3845 1252 3901 abbatem
1280 3846 1710 3915 Stabulensem,
1725 3848 1871 3904 Vite
1888 3848 1953 3904 S.
1971 3848 2079 3903 Re-

462 3932 1040 4005 macli,apudSurium
1056 3935 1086 3987 3
1107 3936 1521 4007 septembr.,et
1540 3937 1720 3992 Gestis
1736 3937 2077 4008 pontificum

460 4021 907 4094 Tungrensium,
931 4021 1416 4093 Trajectensium,
1446 4024 1853 4080 Leodiensium
1876 4042 1910 4080 a
1929 4026 2075 4081 Cha-

396 4122 405 4135 ’
462 4110 704 4183 peavillo
730 4114 1052 4181 prmmissa,
1087 4110 1399 4183 proﬁtetur
1419 4128 1478 4167 se
1501 4129 1611 4167 non
1639 4114 1809 4184 hujus
1834 4113 2079 4169 Βενιαεᾶ

460 4199 615 4254 modo
626 4199 777 4254 sedet
796 4206 1108 4254 ceterorum
1137 4216 1247 4254 suae
1269 4199 1401 4255 sedi,
1415 4201 1737 4271 pontiﬁcum
1753 4209 1987 4273 tempora
2026 4210 2076 4257 et

458 4296 761 4359 gesta,quaz
780 4288 1133 4359 undecunque
1149 4295 1374 4360 potuere
1404 4289 1638 4357 corradi,
1676 4290 1748 4344 ad
1776 4308 1876 4345 sua
1912 4308 2075 4363 usque

460 4381 697 4446 tempora
725 4375 1013 4445 collegisse.
1047 4378 1215 4431 Gesta
1243 4379 1441 4431 autem
1472 4378 1571 4433 illa
1592 4378 1924 4450 primorum
1956 4379 2074 4449 epi-

462 4479 769 4533 scoporum
790 4480 959 4530 xxvu,
994 4482 1111 4519 non
1144 4465 1249 4519 sub
1279 4466 1514 4537 Notgeri
1543 4467 1641 4522 sed
1675 4468 1779 4522 sub
1810 4466 2075 4536 Harigeri

460 4549 685 4604 abbatis
714 4550 1008 4606 Lobiensis
1028 4553 1268 4608 nomine
1293 4553 1451 4609 edita
1475 4560 1609 4611 sunt
1638 4573 1672 4611 a
1695 4557 1917 4610 Joanne
1930 4556 2071 4611 Cha-

460 4637 726 4707 peavillo,
757 4641 800 4693 t.
832 4642 853 4693 l
886 4639 1146 4711 Sylloges
1180 4658 1300 4696 suae
1332 4641 1403 4695 de
1434 4643 1714 4714 episcopis
1738 4643 2070 4699 Leodiensi-

456 4726 582 4792 bus,
618 4727 775 4792 1612,
806 4728 864 4793 4,
887 4731 946 4781 et
977 4727 1251 4799 Harigero
1285 4732 1503 4786 auctori
1536 4732 1871 4787 tribuuntur
1910 4750 1943 4787 a
1980 4733 2069 4786 Si-

2181 3673 2413 3741 diensis,
2443 3678 2501 3731 et
2529 3675 2689 3729 libros
2718 3675 2852 3729 duos
2879 3674 2942 3727 de
2970 3675 3088 3744 eius
3116 3678 3422 3745 miraculis,
3464 3679 3524 3734 in
3554 3692 3762 3751 quorum

2179 3764 2431 3818 secundo
2462 3762 2881 3818 monasterium
2913 3761 3255 3819 Stabulense
3280 3782 3315 3819 a
3349 3768 3529 3822 Danis
3550 3767 3761 3821 ann.883

2179 3856 2442 3906 exustum
2462 3852 2543 3906 ita
2566 3850 2839 3917 refertur,
2874 3854 2937 3905 ut
2968 3855 3167 3906 auctor
3193 3852 3289 3907 illo
3326 3871 3390 3909 se
3422 3857 3621 3911 nuntio
3650 3868 3763 3908 con-

2176 3942 2497 3994 sternatum
2530 3942 2773 3994 testetur
2806 3956 2819 3993 :
2851 3938 2929 3994 Et
2947 3955 3063 3994 ecce
3086 3941 3370 4010 perfertur
3394 3944 3468 3997 ad
3492 3962 3583 3998 nos
3607 3945 3763 3996 tristi:-

2175 4029 2357 4095 simus,
2391 4032 2499 4083 etc.
2536 4030 2734 4099 Itaque
2768 4027 3110 4099 antiquioris
3140 4030 3445 4101 scriptoris
3476 4033 3642 4087 verba
3663 4032 3758 4084 haec

2175 4119 2327 4184 sunt,
2363 4132 2549 4187 neque
2581 4120 2779 4171 tamen
2812 4116 2942 4171 ideo
2969 4113 3039 4171 de
3066 4117 3323 4189 Notgero
3349 4120 3545 4191 aliquo
3568 4120 3757 4175 seniore

2173 4204 2383 4259 horum
2410 4205 2694 4259 librorum
2726 4209 2961 4259 auctore
2993 4205 3401 4275 cogitandum.
3426 4209 3549 4262 Vita
3564 4207 3755 4263 ελλη-

2173 4292 2355 4347 doaldi
2394 4292 2873 4365 archipresbyteri
2899 4310 3028 4348 saec.
3056 4311 3152 4357 vn,
3187 4296 3445 4366 Hotgani
3475 4298 3753 4351 sociumm-

2173 4398 2283 4453 que
2308 4382 2561 4437 Amantii
2621 4381 2870 4447 diaconi,
2918 4382 3157 4436 Adriani
3223 4386 3525 4456 martyris,
3556 4382 3751 4443 Juliani,

2172 4470 2459 4525 Viniciana;
2490 4473 2547 4524 et
2573 4470 2900 4524 Adeltrudis
2929 4471 3088 4523 libris
3119 4488 3180 4538 ιι,
3208 4472 3429 4544 scripta
3465 4475 3621 4544 jussu
3651 4472 3757 4525 Not~

2171 4558 2293 4628 geri
2326 4558 2396 4612 ab
2427 4558 2631 4612 eodem
2693 4558 2992 4629 Harigero,
3054 4563 3227 4630 atque
3277 4561 3540 4632 Notgero
3568 4556 3751 4615 auctori

2170 4646 2303 4700 inde
2332 4646 2568 4711 tributa,
2596 4646 2754 4717 cujus
2793 4646 2969 4701 etiam
2996 4646 3237 4716 epistola
3278 4666 3379 4703 an.
3420 4652 3525 4705 980
3554 4648 3620 4704 ad
3649 4646 3754 4698 W0-

2171 4751 2401 4789 marum
2459 4735 2729 4790 abbatem
2778 4735 3139 4789 Gaudenscm
3178 4736 3314 4790 data
3387 4737 3753 4807 praemittitur.

456 4814 719 4881 goberto,
747 4830 873 4887 cap.
908 4817 1026 4872 138.
1064 4816 1384 4872 Verisimile
1430 4823 1630 4876 tamen
1678 4821 1905 4877 videtur
1948 4839 2065 4876 non
2088 4824 2140 4882 D
2172 4828 2354 4878 exstat
2385 4824 2537 4894 apud
2569 4824 2797 4878 Surium
2833 4826 2897 4877 19
2932 4823 3135 4890 Martii,
3168 4827 3226 4877 et
3274 4841 3415 4879 cum
3446 4817 3753 4880 Henscheuii

456 4901 748 4957 diversum
771 4921 913 4976 opus
927 4906 1101 4961 fuisse
1123 4908 1279 4978 quod
1300 4924 1331 4962 a
1362 4909 1610 4981 Notgero
1636 4916 1988 4984 susceptum,
2012 4917 2069 4966 et

454 4990 527 5045 ab
547 4990 822 5063 Harigero
850 4994 1083 5065 Notgeri
1103 4996 1290 5052 amico
1310 4996 1547 5070 aliisque
1561 5001 1870 5070 conjuncta
1892 5017 2070 5072 opera

454 5080 775 5151 perfectum
803 5086 909 5148 est,
932 5087 1131 5139 utnon
1146 5085 1394 5140 absurde
1416 5089 1735 5159 suspicatur
1757 5089 2012 5145 Ondinus
2026 5094 2065 5144 t.

450 5169 517 5233 ll,
539 5186 675 5242 pag.
708 5171 833 5226 484.
860 5174 1047 5244 Atque
1065 5174 1127 5227 in
1159 5173 1281 5227 Vita
1312 5174 1374 5231 S.
1396 5174 1639 5231 Remacli
1671 5178 1823 5251 apud
1839 5178 2068 5234 Surium

448 5262 506 5313 et
533 5260 687 5331 apud
732 5260 1165 5335 Chapeavillum
1186 5266 1230 5319 t.
1264 5265 1307 5331 l,
1334 5280 1469 5335 pag.
1507 5269 1574 5321 82
1606 5285 1751 5340 seq.,
1782 5270 1966 5323 multa
1996 5268 2069 5322 ad

448 5348 687 5406 verbum
738 5352 967 5409 eadem.
1031 5350 1272 5407 Exhibet
1331 5357 1526 5408 autem
1583 5356 1779 5412 Surius
1810 5357 1884 5413 ad
1915 5359 1945 5411 3
1974 5356 2071 5413 Se-

2172 4913 2327 4968 notis
2358 4912 2415 4965 in
2441 4912 2596 4966 Actis
2626 4910 2889 4968 Sanctor.
2944 4915 3091 4964 tom.
3150 4911 3236 4964 III
3266 4912 3477 4973 Martii,
3526 4929 3649 4984 pag.
3678 4913 3751 4967 35.

2170 5005 2261 5057 41.
2306 5002 2483 5056 Vitam
2515 5000 2575 5056 S.
2604 4999 2866 5053 Hadelini
2896 4999 3210 5071 presbyteri
3237 5001 3392 5055 circa
3421 5018 3558 5056 ann.
3588 5000 3682 5053 690
3708 4999 3751 5051 in

2174 5090 2390 5161 Belgio,
2423 5089 2628 5144 eadem
2654 5091 2794 5143 Acta
2822 5088 2925 5142 sub
2952 5089 3187 5158 Notgeri
3237 5091 3482 5144 nomine
3533 5088 3751 5144 offerunt

2172 5182 2319 5235 tom.
2352 5179 2378 5232 Ι
2410 5178 2572 5233 Febr.
2634 5180 2684 5242 3,
2722 5194 2779 5249 p.
2807 5175 2934 5244 372,
2970 5179 3093 5233 376.
3136 5177 3202 5231 Et
3249 5177 3604 5233 Mabillonius
3629 5176 3747 5230 Stet.

2174 5270 2216 5322 ll
2245 5268 2630 5331 Benedictin.,
2669 5285 2725 5339 p.
2766 5264 2923 5322 1013.
