3960 6174
213 426 338 487 1141

1294 423 1457 479 VITA
1488 423 1546 478 S.
1587 421 1924 479 HADALINI
1951 419 2422 479 CONFESSORIS

3393 427 3538 487 1142

283 685 802 811 GESTA

942 682 2144 811 EPISCOPOBUM
2278 683 3455 816 LEODIENSIUM

1459 870 1626 942 (Vidé
1650 887 1809 941 supra
1840 872 1896 925 in
1925 871 2252 945 Hnmeeno.)

357 1108 922 1301 VITA
1103 997 2050 1298 SANC—T—I—
2150 1107 3378 1306 HADALINI

1372 1381 2341 1490 CONFESSOBIS

615 1548 1028 1607 CONDITORIS
1078 1546 1497 1604 MONASTERII
1543 1543 1918 1600 CELLENSIS
1971 1545 2207 1601 PROPE
2245 1545 2653 1605 DIONANTUM
2698 1549 2801 1606 AD
2848 1549 3107 1608 MOSAM.

901 1673 1139 1728 Auctore
1170 1671 1429 1734 Norasne
1456 1669 1740 1725 Leodz'ensi
1766 1668 2032 1740 episcopo,
2063 1671 2147 1723 uti
2173 1684 2238 1725 ea:
2264 1687 2416 1727 num.
2448 1673 2479 1726 6
2513 1673 2832 1744 intelligitur

377 1794 563 1869 (Apud
605 1795 811 1850 MABlLL
863 1793 1007 1848 Acta
1030 1789 1139 1848 SS.
1164 1790 1279 1846 0rd.
1311 1790 1376 1845 S.
1410 1788 1810 1912 Βὸηέᾱηέξοὲιά

1915 1803 2077 1927 upoag.
2108 1790 2266 1846 lOl3.
2296 1787 2386 1845 Ea:
2416 1807 2516 1849 ms.
2546 1790 2666 1849 όοιί.
2692 1793 3095 1866 Andaginénsis
3122 1805 3352 1854 monast.

267 2088 314 2138 1.
346 2082 474 2137 Fnit
493 2083 551 2137 Β.
586 2079 897 2136 Hadalinus
924 2077 1244 2150 Aquitaniae
1278 2073 1572 2130 territorio
1601 2075 1812 2139 cretus,
1833 2075 1887 2134 Α
1916 2073 2169 2128 matibus
2191 2075 2517 2144 ostentavit,
2559 2092 2811 2149 eumque
2840 2078 3026 2136 vicem
3051 2097 3216 2138 suam
3266 2086 3536 2159 supplere

191 2171 371 2227 nobili
383 2169 704 2243 propagine
745 2171 922 2234 ortus,
946 2167 1004 2221 in
1032 2169 1233 2222 tenera
1247 2166 1417 2220 aetate
1429 2179 1665 2218 morum
1683 2177 1815 2235 pro-

188 2261 372 2316 bitate
394 2260 756 2331 grandaevus,
778 2255 1034 2330 pueritiae
1059 2272 1240 2310 annos
1265 2253 1812 2320 excedens,consor—

185 2351 262 2405 tio
294 2366 508 2404 senum
559 2346 888 2404 Salomonis
938 2360 1166 2417 semper
1225 2343 1410 2398 inesse
1461 2341 1721 2414 cupiens,
1753 2345 1813 2396 et

188 2439 326 2494 dum
362 2455 487 2493 sese
518 2436 776 2509 quotidie
819 2435 890 2490 ad
916 2450 1141 2504 majora
1163 2432 1446 2488 niteretur
1475 2431 1808 2493 extendere,

187 2529 371 2583 etiam
392 2527 542 2581 illius
568 2523 774 2580 famosi
805 2523 1150 2595 patriarchae
1182 2522 1446 2592 exempla
1467 2522 1706 2575 conatus
1727 2522 1812 2573 est

186 2616 549 2688 pertentare,
605 2613 697 2667 cui
746 2611 826 2666 ait
865 2610 1192 2665 Dominus:
1239 2610 1354 2664 Exi
1408 2609 1471 2662 de
1523 2615 1664 2662 terra
1714 2612 1812 2664 tua

185 2705 345 2776 (Gen.
369 2721 469 2768 χιι,
502 2704 573 2773 1),
607 2704 716 2757 etc.
744 2700 911 2765 Quod
933 2698 1462 2768 etiamjamdudum
1486 2698 1677 2768 plures
1702 2697 1812 2750 hoc

184 2795 383 2866 ipsum
408 2791 674 2846 audierat
703 2788 962 2854 actitare,
995 2790 1053 2842 et
1081 2802 1186 2858 pro
1214 2785 1422 2841 viribus
1443 2785 1557 2840 suis
1580 2784 1812 2839 illorum

184 2882 382 2953 impar
407 2879 642 2934 nolebat
673 2893 974 2949 apparere,
1005 2878 1233 2929 sanctus
1287 2875 1502 2929 scilicet
1529 2872 1811 2945 Agricius,

183 2970 556 3036 Maximinus,
583 2967 873 3031 Paulinus,
891 2965 1145 3036 ejusdem
1164 2963 1361 3036 patrias
1378 2961 1695 3028 exsules,ad
1708 2977 1812 3016 no-

184 3063 394 3125 stram,
418 3057 479 3112 id
503 3060 588 3112 est
616 3057 969 3110 Francorum
1027 3054 1381 3108 devenerant
1408 3055 1648 3106 terram.
1705 3049 1815 3113 Qui

183 3149 372 3204 etiam
401 3148 603 3217 postea
619 3142 934 3198 Trevericee
965 3140 1114 3196 sedis
1135 3138 1607 3213 archiepiscopali
1631 3137 1816 3194 infula

181 3234 510 3297 sublimati,
535 3233 730 3303 ibique
764 3233 1022 3285 mortem
1053 3229 1336 3295 obientes,
1368 3245 1500 3283 cum
1560 3227 1811 3282 Domino

182 3322 486 3379 miraculis
529 3318 939 3375 attestantibus
980 3334 1037 3372 se
1067 3316 1254 3371 vivere
1291 3316 1689 3371 manifestant.
1721 3314 1812 3370 Sic

179 3427 420 3485 quoque
436 3412 498 3467 B.
524 3408 830 3464 Bemaclus
842 3405 1268 3477 Tungrensium
1280 3407 1492 3477 praesul
1519 3403 1810 3459 almitluus

1914 2165 2049 2233 post
2070 2179 2130 2217 se
2156 2164 2444 2220 cathedrae
2465 2182 2583 2221 suae
2613 2167 3046 2240 subrogandum
3065 2189 3133 2226 ex
3161 2173 3402 2230 nomine
3433 2175 3534 2232 de-

1915 2250 2180 2321 signavit.
2202 2252 2374 2307 Plebe
2400 2253 2596 2325 itaque
2650 2255 2764 2311 suis
2814 2257 2987 2313 sacris
3035 2259 3538 2320 benedictionibus

1912 2338 2208 2412 insignita,
2242 2342 2302 2395 Β.
2336 2342 2616 2398 Haladino
2647 2360 2844 2401 secum
2867 2347 3207 2418 comitante,
3227 2350 3325 2407 diu
3357 2352 3538 2408 desti-

1913 2432 2120 2484 natum
2140 2429 2430 2502 accipiunt
2454 2433 2660 2486 callem
2685 2432 2792 2504 (3).

1987 2522 2042 2574 3.
2065 2519 2179 2574 Sed
2202 2535 2332 2574 cum
2351 2520 2820 2593 Dominusipsius
2831 2523 3118 2581 benedicti
3135 2528 3538 2587 Hadalinisan-

1913 2607 2126 2663 ctitatis
2135 2609 2156 2678 j
2167 2608 2311 2663 ubar
2323 2625 2495 2681 super
2511 2610 2923 2668 candelabrum
2935 2614 3538 2689 ponere(Matth.v,15)

1913 2697 2222 2769 popularis
2253 2698 2588 2770 disponeret
2631 2701 2906 2770 notionis,
2941 2704 3205 2777 contigit,
3237 2708 3376 2763 dum
3427 2707 3540 2764 iter

1919 2789 2188 2857 agerent,
2222 2790 2285 2839 ut
2313 2787 2726 2843 accumberent
2757 2791 2964 2862 quietis
2987 2795 3178 2864 gratia
3196 2797 3536 2865 ambo,dor—

1914 2874 2235 2946 mientique
2255 2874 2326 2929 de
2352 2892 2467 2947 quo
2499 2876 2690 2947 agitur
2719 2883 2939 2948 sancto,
2971 2883 3119 2938 alter
3145 2883 3408 2955 vigilans,
3436 2887 3538 2942 be-

1916 2962 2127 3034 nignus
2159 2963 2375 3018 scilicet
2405 2965 2729 3034 Remaclus,
2754 2968 2890 3024 solis
2915 2970 3146 3026 radium
3198 2973 3296 3044 qui
3336 2974 3542 3030 eberat

1913 3050 2094 3106 vultui
2120 3051 2438 3108 imminens
2467 3055 2816 3125 soporantis,
2844 3058 3106 3128 angelico
3128 3061 3306 3116 velari
3332 3078 3538 3118 cerne-

1913 3142 2007 3194 ret
2036 3140 2510 3196 obumbramine.
2570 3142 2861 3214 Evigilans
2914 3149 3110 3203 autem
3154 3149 3236 3204 ait
3273 3150 3350 3205 ad
3397 3166 3538 3207 eum

1913 3227 2115 3282 beatus
2146 3229 2408 3301 pontifex
2437 3247 2449 3284 :
2484 3230 2683 3286 Frater
2713 3232 3060 3303 dulcissime,
3104 3235 3150 3292 si
3175 3251 3352 3308 quam
3379 3255 3536 3295 nunc

1912 3315 2196 3373 visionem
2222 3318 2283 3372 in
2316 3320 2540 3375 somnis
2569 3320 2831 3393 agnoscis
2880 3323 2984 3378 tibi
3033 3327 3326 3382 ostensam
3384 3328 3532 3397 fore,

1911 3406 2057 3461 mihi
2083 3405 2340 3462 indicare
2364 3425 2440 3463 ne
2478 3409 2733 3478 differas,
2766 3410 3122 3475 charissima.
3154 3416 3230 3469 At
3255 3414 3351 3472 ille
3375 3417 3540 3473 vultu

179 3482 383 3556 etDeo
401 3497 785 3570 dignus,Goar
800 3495 1064 3550 Rhenum
1093 3492 1328 3548 ﬂuvium
1347 3493 1498 3548 circa
1514 3495 1807 3548 monaste-
1832 3482 1884 3542 Β
1912 3494 2197 3551 submisso
2228 3495 2420 3568 primo
2466 3498 2748 3563 renitens,
2786 3501 2887 3556 sed
2932 3506 3064 3574 post
3109 3503 3368 3574 jubentis
3409 3505 3536 3560 voci

176 3591 332 3645 rium
355 3604 526 3643 suum
557 3583 983 3641 transeuntium
1024 3583 1370 3650 consolator,
1403 3580 1710 3652 caeterique
1742 3596 1816 3634 ex

179 3679 399 3734 eadem
424 3675 664 3749 regione
686 3672 840 3730 felici
863 3673 1004 3727 ﬁnes
1020 3675 1334 3727 noscuntur
1350 3673 1576 3727 nostros
1604 3668 1809 3724 adiisse

180 3767 494 3839 perplures
531 3764 628 3837 (1).
733 3793 736 3796 ~

247 3860 306 3910 2.
347 3855 606 3909 Cernens
628 3853 689 3907 B.
727 3848 1038 3905 Hadalinus
1064 3864 1241 3919 quem
1300 3846 1481 3902 nimio
1531 3844 1810 3917 diligebat

179 3959 395 4001 amore
425 3959 461 3996 a
488 3944 605 3996 Deo
618 3944 678 3996 et
704 3937 1044 3995 hominibus
1058 3937 1376 3992 exaltatum
1405 3937 1462 3990 et
1491 3933 1809 4006 pontificali

181 4032 473 4088 cathedra
496 4029 895 4094 sublimatum,
933 4042 1052 4080 non
1111 4028 1197 4080 est
1254 4028 1467 4080 nostrai
1523 4023 1810 4078 facultatis

183 4124 460 4178 evolvere
491 4123 708 4192 quanta
737 4133 838 4171 cor
859 4116 982 4186 ejus
1007 4118 1065 4169 et
1088 4115 1288 4185 lingua
1318 4114 1604 4186 repletum
1633 4112 1809 4167 fuerit

184 4208 575 4267 exsultatione
593 4212 690 4274 (2).
726 4208 902 4260 Porro
935 4205 1097 4276 cujus
1148 4202 1342 4257 meriti
1394 4201 1806 4273 religionisque

181 4300 437 4371 integrae
467 4297 528 4351 in
557 4296 765 4352 eodem
811 4292 1090 4348 exstiterit
1119 4290 1426 4362 regimine,
1485 4290 1804 4361 qualiterve

186 4387 506 4443 Stabulaus
534 4381 1088 4440 etMalmundarium
1114 4379 1466 4435 monasteria
1483 4382 1810 4434 construxe-

188 4478 268 4531 rit
300 4474 403 4547 pio
430 4473 648 4539 labore,
665 4472 724 4526 in
745 4471 866 4541 ejus
888 4470 1023 4525 Vita:
1041 4469 1189 4524 libro
1217 4467 1542 4540 quicunque
1555 4467 1689 4522 velit
1704 4483 1804 4538 po-

187 4565 333 4621 terit
364 4562 639 4633 reperire.
664 4564 737 4615 At
761 4577 894 4616 vero
926 4561 1231 4630 postquam
1261 4558 1478 4612 cultum
1513 4571 1810 4612 servorum

190 4654 293 4709 Dei
329 4652 392 4706 in
415 4649 630 4705 eisdem
680 4647 954 4705 coenobiis
997 4648 1438 4718 aggregaverat,
1486 4645 1812 4701 habitacula

189 4755 432 4813 quoque
461 4737 754 4809 religionis
783 4736 908 4792 usui
930 4738 1068 4807 apta
1086 4751 1302 4805 magna
1325 4751 1390 4788 ex
1423 4739 1587 4806 parte
1618 4733 1810 4806 dispo-

191 4832 394 4884 suerat
415 4845 428 4881 ;
449 4828 604 4899 quod
619 4843 852 4897 semper
865 4823 1071 4880 habuit
1095 4823 1152 4877 in
1173 4826 1328 4890 voto,
1351 4822 1680 4878 remotioris
1705 4823 1814 4877 sci-

190 4919 330 4973 licet
347 4917 480 4972 vita:
507 4915 902 4982 solitudinem,
933 4913 1032 4980 sic,
1048 4915 1164 4968 Deo
1182 4914 1703 4980 annuente,nactus
1728 4915 1813 4966 est

191 5004 583 5059 occasionem.
615 5003 894 5067 Tandem,
927 5002 1059 5056 licet
1092 4999 1450 5067 difficillime,
1483 4998 1813 5071 impetravit

194 5098 396 5148 tamen
429 5108 464 5145 a
491 5108 628 5163 rege
656 5096 719 5146 ut
748 5091 889 5145 alius
921 5089 1024 5144 sibi
1053 5089 1404 5155 succederet,
1438 5091 1496 5142 et
1543 5087 1647 5143 sibi
1713 5088 1812 5142 diu

192 5181 590 5235 desideratum
625 5196 890 5235 eremum
931 5178 1090 5232 adire
1123 5177 1342 5245 liceret,
1372 5176 1472 5232 ubi
1497 5180 1754 5232 remotus
1779 5193 1812 5232 a

193 5269 352 5322 curis
409 5269 791 5334 stecularibus,
869 5267 1102 5322 liberius
1156 5266 1408 5321 inhiaret
1467 5266 1807 5322 caelestibus.

197 5360 258 5413 S.
280 5357 604 5412 Theodardi
635 5358 811 5412 vitam
853 5355 988 5411 satis
1012 5354 1375 5427 probabilem
1407 5354 1531 5426 regi
1557 5358 1615 5408 et
1665 5354 1814 5426 opti-

272 5482 350 5549 (1)
382 5482 555 5536 Multa
571 5481 662 5537 hic
693 5480 1226 5536 omisimusinserta
1257 5480 1328 5534 de
1355 5479 1480 5534 Vita
1509 5478 1567 5533 S.
1601 5480 1808 5534 Rema-

197 5554 271 5606 cli
299 5570 368 5607 ex
398 5554 576 5624 ipsius
601 5553 752 5608 Actis
784 5571 879 5609 an.
915 5554 1022 5624 66-5;
1046 5550 1367 5624 repetenda
1403 5594 1416 5606 .

279 5624 355 5695 ('2')
383 5620 520 5680 Hinc
539 5625 755 5696 colligit
795 5620 1129 5696 Bollandns;
1155 5621 1494 5678 Hadalinum
1523 5620 1679 5696 prius
1711 5623 1812 5678 Re-

207 5693 399 5751 mac'lo
450 5693 750 5752 adhaesisse
774 5712 970 5770 ,quam
1016 5693 1375 5750 Stabuletum
1422 5693 1809 5750 conderetur:

1836 4693 1884 4755 C

1909 3583 2343 3656 obtemperans,
2371 3586 2452 3642 ait
2482 3604 2499 3640 :
2523 3605 2556 3641 ‹
2585 3588 2967 3646 Decreveram
2983 3590 3105 3660 tibi,
3136 3593 3306 3648 Pater
3322 3593 3535 3650 beatis-

1907 3671 2072 3737 sime,
2105 3689 2236 3745 quaa
2265 3673 2526 3730 vider-am
2552 3675 2612 3732 in
2668 3678 2940 3747 praesenti
2986 3680 3268 3749 occulere,
3330 3699 3532 3739 verum

1909 3760 2146 3816 evolutis
2171 3760 2394 3833 aliquot
2443 3763 2646 3820 diebus
2700 3765 2906 3821 humili
2959 3782 3178 3838 pronus
3221 3769 3532 3827 devotione

1907 3848 2378 3920 patefacere.Sed
2393 3866 2526 3906 cum
2555 3854 2672 3908 tute
2690 3853 2934 3923 jussioni
2961 3855 3280 3927 quidquam
3311 3873 3537 3929 negare-

1909 3937 1994 3991 fas
2024 3954 2143 3992 non
2168 3936 2241 3991 sit
2265 3957 2277 3992 :
2305 3937 2455 4005 Vidi,
2489 3939 2754 4012 inquam,
2775 3941 3134 4010 columbam,
3162 3960 3296 4000 cum
3312 3945 3527 4001 blando

1909 4040 2116 4096 sopore
2130 4024 2512 4098 quiescerem,
2533 4029 2605 4084 de
2624 4031 2766 4086 coelo
2783 4046 2956 4100 super
2982 4047 3076 4086 me
3091 4030 3400 4103 indignum
3424 4033 3528 4088 alis

1909 4113 2172 4185 expansis
2224 4115 2580 4173 descendere
2611 4119 2795 4183 (Joan.
2821 4135 2860 4185 ι,
2890 4118 3002 4189 32),
3032 4119 3342 4191 oculosque
3366 4136 3526 4177 meos

1910 4201 2338 4273 aliquantulum
2371 4203 2832 4268 circumvolitare
2853 4222 2879 4273 ;-
2902 4205 3095 4277 sicque
3122 4210 3296 4277 caput
3325 4224 3524 4264 meum

1907 4291 2521 4364 supersedere,meque
2535 4295 2645 4349 hoc
2663 4310 2838 4350 omen
2852 4293 2991 4366 quid
3010 4293 3149 4350 boni
3164 4295 3529 4367 portenderit

1906 4378 2844 4454 fateorignorare.»AtB.pontifex
2855 4382 3526 4447 Remaclushilarietiam

1910 4468 2140 4523 intuens
2180 4471 2380 4525 vultu:
2416 4491 2445 4519 «
2477 4470 2732 4539 Excellit,
2764 4470 2971 4543 inquit,
3005 4489 3038 4527 ο
3080 4472 3377 4544 Haladine,
3433 4473 3528 4528 di-

1911 4556 2100 4627 gnitas
2116 4559 2216 4612 tua
2227 4557 2627 4615 modicitatem
2642 4559 3288 4634 meam,indignumque
3301 4579 3398 4620 me
3422 4563 3524 4618 tali

1912 4645 2098 4701 fateor
2128 4646 2304 4713 socio,
2332 4663 2508 4718 quem
2537 4648 2822 4704 famulatu
2866 4649 3204 4706 obumbrari
3255 4651 3525 4724 conspexi

1913 4733 2275 4806 angelico.Te
2298 4751 2403 4805 per
2429 4734 2585 4790 diem
2618 4737 2702 4792 sol
2731 4753 2849 4792 non
2873 4740 3021 4801 uret,
3050 4754 3238 4810 neque
3266 4741 3404 4798 luna
3421 4754 3526 4810 per

1914 4826 2165 4890 noctem,
2199 4822 2278 4878 ait
2309 4823 2612 4880 Psalmista
2640 4824 2814 4894 (Psal.
2846 4842 2966 4893 cxv,
2995 4825 3073 4898 6),
3121 4826 3257 4899 quia
3309 4843 3416 4883 nec
3464 4829 3523 4884 in

1914 4911 2162 4980 Christo,
2184 4927 2289 4966 nec
2313 4910 2372 4965 in
2405 4911 2686 4968 illustrata
2710 4929 2815 4984 per
2834 4930 2968 4969 eum
2997 4915 3236 4970 excedes
3254 4915 3524 4974 Ecclesia.

1915 5001 2192 5055 Columba
2218 5000 2430 5071 quippe
2445 4999 2720 5072 Spiritum
2740 5006 3003 5056 sanctum
3021 5002 3120 5074 qui
3142 5019 3316 5074 super
3328 5005 3526 5059 Domi-

1913 5106 2055 5143 num
2078 5088 2137 5143 in
2160 5087 2429 5143 Jordanis
2451 5089 2708 5144 ﬂuminis
2736 5089 3083 5161 baptismate
3131 5093 3433 5162 requievit,
3467 5095 3526 5146 et

1913 5195 2048 5233 eum
2089 5178 2216 5233 oleo
2271 5177 2663 5234 exsultationis
2694 5195 2815 5253 prae
2846 5179 3158 5254 particibus
3197 5180 3311 5233 suis
3365 5178 3526 5233 unxit

1917 5266 2088 5337 (Psal.
2115 5283 2261 5334 XLIV,
2293 5269 2367 5336 8),
2395 5267 2676 5337 ostendit;
2704 5267 2824 5340 ipse
2841 5269 3027 5340 gratia
3056 5266 3376 5322 mitissime
3400 5267 3524 5337 pie-

1910 5355 2046 5411 tatis
2075 5358 2241 5411 tuum
2279 5371 2378 5410 cor
2414 5356 2734 5425 illustravit,
2766 5360 2938 5430 teque
2968 5357 3026 5410 in
3052 5355 3390 5425 suijservitio
3421 5373 3520 5428 pe-

1910 5478 2197 5563 siquide‘m
2227 5479 2534 5563 Romaclus
2555 5479 2685 5551 jam
2715 5480 3014 5553 episcopus
3039 5477 3200 5534 istius
3225 5484 3524 5537 monaste-

1911 5551 1983 5605 rii
2002 5551 2387 5607 fundamenta
2397 5552 2556 5623 jecit.

1983 5620 3030 5705 (3)AIAlincS.iiej11aclicunililandalino
3062 5638 3348 5705 secessum
3370 5638 3525 5678 anno

1913 5693 2034 5749 fere
2059 5697 2162 5751 660
2192 5695 2522 5768 contigisse,
2551 5693 2612 5750 in
2643 5694 2796 5748 Actis
2823 5693 2880 5750 S.
2909 5693 3165 5749 Remacli
3190 5693 3454 5750 diximus.
