3960 6174
467 422 605 482 1143

1576 424 1877 487 NOTGERI
1921 428 2329 490 LEODIENSIS
2386 432 2702 495 EPISCOPl

3627 446 3739 503 tibi

453 546 717 603 reuniter
745 545 1051 618 delegavit.
1075 564 1107 599 s
1138 545 1269 603 Haac
1291 551 1350 603 et
1383 548 1469 605 his
1495 532 1707 606 similia
1733 568 1908 607 sacrae
1954 569 2085 608 eru-
2112 557 2169 617 A
2191 558 2256 612 et
2282 556 2355 613 de
2384 558 2574 632 pomis
2598 560 2845 631 paradisi
2899 558 2999 617 Dei
3057 562 3441 618 conversando
3490 563 3593 620 illic
3633 582 3745 622 mn-

458 635 693 692 ditionis
717 635 894 691 verba
918 635 1230 693 Haladinus
1261 653 1297 692 a
1334 639 1453 695 Deo
1483 640 1697 695 electus
1724 640 1913 696 cordis
1943 657 2085 696 aure

464 724 757 793 audiebat,
787 726 846 779 et
875 725 949 781 ad
992 725 1220 799 majora
1271 744 1332 783 se
1382 728 1662 785 virtutum
1708 746 1886 803 opera
1922 729 2081 786 dein.

460 829 593 885 ceps
622 813 926 889 accingere
952 815 1264 889 cogitabat.
1380 826 1385 829 ‘

527 903 582 957 4.
613 902 825 958 Rursus
853 903 1144 977 benignus
1156 904 2077 977 pontifexRemaclusfuturorum

456 990 729 1063 praescius
759 992 841 1047 ait
869 992 944 1047 ad
974 984 1139 1049 illum
1182 995 1487 1050 :Accelera
1538 1012 1701 1068 ergo,
1730 996 1932 1065 ﬁlimi,
1965 997 2078 1053 alio

460 1083 679 1153 quanto
708 1080 794 1137 ius
814 1082 1242 1155 profectionem
1265 1082 1555 1139 Christum
1573 1089 1911 1141 consectans
1922 1102 2073 1157 prae-

459 1170 687 1228 ducem.
722 1171 944 1228 Vallem
964 1171 1301 1245 contiguam
1327 1174 1496 1229 saltui
1517 1174 1614 1247 qui
1646 1174 1735 1247 adj
1746 1178 1871 1230 acet
1896 1175 2070 1231 ﬂuvio

458 1276 633 1333 quem
661 1260 880 1317 Letiam
909 1259 990 1334 (4)
1021 1262 1219 1317 dicunt
1247 1261 1441 1325 vicini,
1472 1262 1675 1318 adiens
1724 1264 1916 1319 locum
1980 1262 2080 1336 qui

458 1351 618 1405 In’ter
645 1352 1155 1423 quatuor-montes
1180 1350 1682 1423 vocaturinquire,
1712 1355 1771 1407 et
1792 1351 1927 1421 illic,
1961 1353 2079 1407 Deo

459 1438 775 1512 cohospite,
804 1438 907 1493 tibi
924 1437 1314 1495 habitaculum
1357 1443 1531 1512 atque
1583 1440 1903 1508 oratorium
1949 1459 2084 1497 con-

460 1527 864 1599 strue,angelis
894 1526 991 1583 ubi
1013 1527 1353 1601 prmsulibus
1382 1528 1631 1584 Domino
1660 1530 1886 1586 Christo
1906 1530 2081 1603 digne

459 1617 650 1672 valeas
669 1615 1041 1672 militare.llle
1058 1617 1182 1672 haec
1200 1617 1491 1690 praesagia
1506 1617 1677 1673 hilari
1691 1622 1890 1674 mente
1911 1619 2083 1674 susci-

462 1705 647 1776 piens,
682 1704 939 1777 vestigiis
983 1704 1269 1779 pontiﬁcis
1300 1708 1638 1779 provolvere
1669 1706 1824 1763 nisus
1854 1711 1958 1763 est.
2011 1709 2085 1763 At

2186 646 2389 715 vivari,
2420 647 2584 703 sicuti
2619 648 2677 704 in
2723 651 2982 722 catalogo
3028 650 3285 706 vivorum
3327 652 3615 709 illustrium
3664 657 3746 728 qui

2187 733 2409 791 ibidem
2440 753 2612 809 super
2636 739 2815 794 altare
2841 743 3079 811 apparet
3100 740 3321 807 assidue
3346 741 3579 797 habetur
3600 742 3750 799 inser-

2188 827 2334 879 tum.
2366 825 2494 881 Haec
2534 830 2688 894 sunt,
2731 829 2939 900 inquit,
2989 829 3231 884 nomina
3278 846 3475 885 eorum
3498 832 3585 903 qui
3636 849 3746 887 cum

2187 914 2250 971 B.
2293 914 2563 971 Remaclo
2586 917 3002 972 monasterium
3028 917 3331 973 Stabulaus
3361 919 3513 989 prius
3553 920 3748 975 inhabi-

2192 1006 2313 1057 tare
2361 1007 2659 1076 coeperunt
2690 1004 2789 1060 :S.
2841 1005 3159 1072 Remaclus,
3220 1005 3255 1061 8
3335 1006 3649 1075 Hadalinus,
3698 1010 3745 1065 S.

2184 1090 2579 1156 Theodardus,
2605 1092 2662 1148 S.
2697 1094 3054 1162 Lambertus,
3088 1095 3208 1166 ejus
3232 1094 3536 1167 spixitualns
3582 1101 3746 1168 procul

2187 1180 2362 1236 dubio
2386 1181 2446 1236 in
2476 1182 2822 1256 baptismate
2845 1182 3012 1251 filius,
3043 1185 3101 1240 8.
3130 1185 3748 1251 Hubertus,Chrislianus

2185 1286 2416 1341 quoque
2442 1263 2916 1342 sapientissimus,
2958 1276 3015 1327 et
3052 1275 3243 1330 caeteri
3281 1275 3469 1329 inulti.

2254 1357 2312 1414 6.
2346 1358 2459 1414 Sed
2490 1363 2552 1415 ut
2580 1361 2655 1416 ad
2684 1377 2752 1415 ea
2783 1362 2935 1416 unde
2956 1363 3125 1434 paulo
3138 1367 3441 1419 momento
3460 1365 3748 1420 divertimus

2185 1448 2514 1516 redeamus,
2543 1450 2711 1520 cmpit
2731 1450 2932 1504 beatus
2949 1451 3136 1505 locum
3156 1451 3527 1507 habitationis
3546 1471 3647 1507 suae
3666 1455 3751 1508 Ha-

2187 1536 2340 1591 dalin
2352 1555 2413 1591 us
2434 1539 2715 1604 excolere,
2743 1542 2955 1593 sanctae
2973 1539 3426 1594 conversationis
3438 1556 3601 1612 opere
3616 1542 3750 1596 ador-

2188 1626 2429 1693 nare,de
2449 1626 2540 1681 die
2567 1626 2627 1681 in
2661 1626 2814 1681 diem
2829 1626 3035 1682 Christi
3048 1628 3234 1682 bonus
3249 1628 3400 1683 odor
3415 1629 3530 1683 Deo
3556 1629 3609 1683 in
3621 1630 3747 1684 omni

2186 1715 2311 1769 loco
2340 1730 2460 1769 esse
2485 1713 2571 1787 (ΙΙ
2584 1713 2710 1770 Cor.
2732 1732 2790 1782 ιι,
2823 1718 2929 1787 t5).
2957 1716 3105 1771 Sane
3124 1716 3278 1788 quod
3296 1717 3538 1772 caelestis
3556 1718 3748 1772 lucerna

462 1794 557 1850 ille
579 1793 835 1865 benigno
853 1794 1087 1850 hortatu
1117 1793 1282 1850 illum
1315 1795 1570 1863 elevans,
1604 1798 1669 1849 ut
1698 1796 1889 1851 locum
1949 1812 2084 1852 cum
2116 1877 2147 1879 ξ
2187 1802 2284 1857 diu
2314 1804 2493 1859 latere
2525 1805 2631 1859 sub
2663 1804 2842 1859 modii
2864 1805 3201 1877 nequiverat
3230 1807 3443 1862 umbra
3469 1807 3671 1879 (Matth.
3709 1825 3749 1859 v.

460 1881 768 1955 aliquantis
798 1883 1106 1938 comitibus
1120 1881 1327 1951 adiret,
1348 1882 1787 1954 etuprocedente
1814 1887 2084 1957 tempore
2112 1877 2164 1937 Β
2191 1890 2413 1964 15),nec
2426 1893 2620 1948 civitas
2633 1893 2903 1948 abscondi
2916 1910 3087 1964 supra
3099 1899 3368 1950 montem
3384 1877 3749 1967 ροέίιδμίαειι.

461 1971 531 2026 ad
563 1987 623 2027 se
666 1987 818 2044 saepe
869 1970 1217 2027 visitationis
1276 1971 1466 2043 gratia
1511 1971 1751 2043 rediret,
1778 1972 2080 2031 suadebat.

461 2058 706 2117 Exorata
722 2059 916 2133 itaque
929 2060 1313 2132 etimpetrata
1324 2059 1730 2117 benedictione
1744 2076 2083 2133 progressus

462 2147 779 2221 indagandi
811 2149 1105 2222 cupidine,
1152 2148 1258 2204 viri
1285 2149 1584 2221 cujusdam
1611 2149 1708 2221 qui
1765 2150 2078 2205 vocabatur

460 2240 573 2296 Beo
596 2239 827 2295 devenit
855 2239 1121 2308 domum,
1155 2254 1447 2311 aagreque,
1480 2240 1675 2295 uxoris
1690 2240 2077 2311 scilicetjuva-

462 2328 642 2395 mine,
673 2326 924 2400 hospitio
958 2326 1293 2399 impetrato,
1328 2326 1480 2383 inter
1508 2327 1859 2383 versandum
1891 2327 2078 2400 inqui—

461 2433 615 2473 rere.
648 2416 892 2471 Sanctus
911 2414 1266 2486 jamdictum
1297 2416 1471 2487 cmpit
1499 2416 2077 2488 locum,obtentoque

462 2504 566 2568 sub
599 2503 748 2559 dulci
771 2503 1077 2558 ducamine
1097 2504 1290 2558 locum
1311 2503 1552 2571 invenit,
1567 2506 1683 2560 Deo
1700 2505 1917 2574 gratias
1933 2505 2072 2576 egit,

460 2590 829 2663 Adjutorium
861 2593 1128 2647 nostrum
1183 2590 1245 2645 in
1298 2590 1540 2647 nomine
1587 2593 1831 2648 Domine
1892 2593 2062 2664 (Psal.

460 2697 645 2748 cum,
681 2683 732 2748 8)
761 2679 987 2735 cecinit.
1022 2679 1303 2753 Deinceps
1339 2680 1732 2736 habitaculum
1771 2682 2072 2751 construit,

461 2768 860 2836 oratoriolum,
894 2770 955 2823 ut
979 2770 1118 2824 tunc
1148 2769 1429 2841 temporis
1459 2786 1624 2841 posse
1650 2770 1778 2837 fuit,
1810 2770 2072 2842 perfecit,

463 2872 699 2928 seseque
731 2855 937 2911 Christi
964 2856 1270 2911 famulatui
1309 2858 1768 2931 angelorumque
1801 2859 2071 2930 praesidio

461 2948 651 3000 totum
674 2944 788 3000 illic
810 2945 1048 3000 devotus
1077 2944 1387 3004 contrudit.
1415 2947 1478 3000 lu
1497 2945 1653 3001 fame
1677 2946 1853 3019 igitur
1880 2950 1939 3002 et
1956 2948 2070 3016 siti,
2110 2980 2123 2993 ο

462 3033 521 3089 in
553 3033 769 3106 frigore
780 3036 838 3089 et
850 3033 1136 3102 nuditate,
1150 3033 1211 3090 in
1242 3034 1535 3090 laboribus
1547 3038 1605 3089 et
1638 3035 1874 3091 diversis
1889 3053 2069 3109 ango-

2185 1996 2238 2047 v,
2261 1980 2369 2052 14),
2393 1980 2653 2052 pervenit
2680 1982 2839 2037 fama
2866 1982 3181 2037 sanctitatis
3211 1984 3337 2054 ejus
3364 1984 3439 2038 ad
3468 2000 3624 2039 aures
3649 1984 3751 2054 Pip-

2184 2068 2306 2140 pini
2318 2069 2666 2142 gloriossimi
2688 2074 2822 2125 tunc
2861 2070 3139 2143 temporis
3164 2072 3348 2143 regis:
3374 2072 3474 2144 qui
3510 2075 3566 2126 ut
3590 2071 3753 2143 regina

2183 2157 2335 2213 Saba
2365 2159 2440 2214 ad
2468 2159 2678 2213 veteris
2705 2159 2982 2231 temporis
3008 2159 3495 2228 Salomonem,ita
3521 2162 3591 2216 ad
3627 2160 3754 2215 istius

2180 2245 2402 2316 paciﬁci
2418 2263 2482 2301 ac
2508 2246 2915 2317 sapientissimi
2936 2247 3037 2302 Dei
3055 2247 3311 2303 ministri
3334 2248 3576 2303 accurrit
3596 2246 3751 2301 humi-

2182 2333 2249 2389 lis
2275 2335 2669 2401 mansionem,
2696 2335 3062 2407 consiliisque
3090 2336 3490 2392 saluberrimis
3519 2337 3585 2391 ah
3608 2352 3667 2391 eo
3701 2334 3756 2389 de

2179 2422 2539 2493 subjicienda
2566 2440 2690 2478 sese
2714 2424 2851 2495 Regi
2872 2440 3074 2494 regum
3096 2424 3322 2480 Christo
3341 2429 3399 2479 et
3419 2423 3755 2497 gubernando

2179 2512 2499 2566 secundum
2540 2512 2668 2583 ejus
2698 2511 3009 2583 imperium
3038 2529 3219 2584 regno
3242 2511 3755 2585 abipsiusmellitluo

2178 2593 2455 2665 susceptis
2476 2592 3121 2665 eloquio,suﬂ'ragioque
3144 2595 3534 2666 quarumdam
3554 2610 3669 2665 quae
3681 2592 3754 2646 ad-

2176 2681 2287 2735 huc
2319 2698 2353 2736 a
2373 2682 2764 2753 provisoribus
2781 2681 2890 2736 loci
2921 2685 3197 2737 tenentur
3213 2683 3483 2738 villarum
3505 2698 3753 2745 concesso,

2176 2771 2434 2842 gaudens
2452 2771 2523 2825 de
2536 2771 2689 2826 beati
2720 2770 2819 2824 viri
2843 2771 3128 2842 colloquio
3146 2787 3269 2826 sese
3283 2772 3537 2827 reddidit
3555 2770 3751 2842 palatio.

2177 2859 2246 2912 Et
2275 2857 2411 2930 quia
2440 2858 2521 2913 nil
2549 2858 2711 2913 deest
2727 2857 3067 2913 timentibus
3086 2859 3299 2926 Deum,
3320 2859 3486 2915 multi
3516 2860 3584 2913 de
3606 2857 3755 2912 facul-

2175 2947 2391 3002 tatibus
2416 2950 2474 3001 et
2501 2944 2820 3001 redditibus
2848 2945 2964 3000 suis
2994 2946 3116 3017 ejus
3132 2949 3521 3003 voluntariam
3543 2962 3754 3019 pauper-

2176 3038 2358 3090 tatem
2377 3034 2749 3107 suppeditare
2768 3034 3058 3103 volebant,
3082 3039 3145 3089 ut
3172 3036 3562 3091 conversionis
3580 3035 3686 3105 ejus
3708 3033 3751 3086 iu

460 3121 923 3187 ribus,asrumnis
942 3125 1116 3194 atque
1136 3122 1543 3194 pressuris,De’i
1556 3124 1782 3179 athleta
1796 3125 1986 3181 sobrie
2016 3129 2076 3181 et
2100 3162 2148 3223 Ο
2178 3124 2387 3178 eodem
2418 3125 2542 3177 loco
2573 3124 3052 3194 augmentaretur
3083 3122 3345 3222 aﬂ'ectus.
3380 3125 3521 3179 Nam
3552 3125 3693 3179 fuere
3707 3122 3751 3175 iu

462 3211 656 3283 quiete
677 3215 735 3266 et
747 3211 839 3283 pie
852 3210 1250 3279 Domino,non
1270 3212 1719 3279 saeculo,vivens,
1737 3214 2077 3286 expectabat

462 3299 999 3371 illicbeatamspem
1027 3302 1084 3353 et
1113 3299 1426 3355 adventum
1446 3299 1646 3371 gloria
1667 3302 1865 3372 magni
1887 3302 1988 3357 Dei
2019 3305 2077 3357 et

461 3387 772 3444 Salvatoris
784 3386 965 3441 nostri
994 3387 1124 3441 Jesu
1146 3386 1352 3443 Christi
1374 3387 1508 3458 (Tit.
1533 3387 1593 3451 ii,
1630 3388 1739 3460 l2),
1760 3390 2076 3461 castigans-

463 3489 577 3545 que
607 3476 665 3527 et
690 3471 1471 3544 servitutianimisubjiciens
1501 3474 1805 3545 proprium
1819 3477 2074 3547 quotidie

464 3561 883 3634 corpus,ipsam
916 3560 1177 3615 animum
1194 3561 1518 3617 caelestibus
1540 3562 1855 3633 deputabat
1870 3564 2079 3621 indesi-

463 3652 672 3705 nenter
711 3648 979 3717 excubiis,
1012 3665 1213 3721 regem
1235 3649 1294 3704 in
1326 3649 1588 3705 accubitu
1637 3667 1742 3707 suo
1777 3652 2073 3710 sedentem

462 3738 709 3794 nardum
726 3736 1366 3805 miriﬁciodoris(Cant.
1382 3754 1420 3805 ι,
1443 3737 1531 3808 ll)
1558 3738 1819 3810 priorum
1842 3745 2076 3797 actuum

462 3823 721 3899 quotidie
748 3826 808 3881 in
843 3842 946 3883 ara
974 3825 1163 3881 cordis
1191 3826 1539 3882 sacriﬁcium
1571 3828 1911 3885 delectabile
1950 3847 2076 3885 ma-

460 3916 671 3971 ctando
705 3914 1072 3970 munificaus.

534 4009 587 4060 5.
629 4004 883 4061 Audiens
906 3997 1110 4059 autem
1141 4004 1364 4060 famam
1392 4004 1714 4060 sanctitatis
1742 4008 2073 4078 sanctasque

459 4085 910 4151 conversationis
933 4093 1240 4150 monitoris
1269 4093 1377 4159 sui,
1410 4094 1564 4149 beati
1589 4094 1805 4150 scilicet
1821 4096 2076 4151 Remacli

460 4183 517 4237 in
548 4183 814 4240 coenobio
841 4183 1117 4255 praedicto
1132 4182 1457 4250 Stabulaus,
1473 4182 1628 4253 quod
1646 4184 1957 4239 studebant
1976 4201 2078 4240 un-

458 4270 631 4343 dique
658 4271 732 4327 ad
748 4286 882 4325 eum
899 4272 1055 4325 velut
1074 4286 1210 4342 apes
1224 4271 1299 4326 ad
1316 4271 1566 4326 alvearia
1585 4272 1897 4342 conﬂuere,
1925 4287 2078 4328 non-

464 4359 605 4414 nulli
630 4376 689 4415 se
725 4358 1145 4431 omnipotentis
1178 4358 1437 4414 servituti
1461 4359 1675 4414 addere
1705 4363 1764 4414 et
1791 4360 1907 4415 leni
1929 4359 2074 4433 jugo

2178 3211 2300 3283 ejus
2340 3211 2552 3266 vicinio
2588 3214 2703 3265 tres
2729 3211 3021 3282 germani,
3054 3212 3167 3266 Beo
3194 3204 3416 3267 scilicet
3442 3214 3563 3283 jam
3585 3212 3752 3273 dictus,

2178 3298 2459 3354 Triclinus
2487 3300 2655 3364 alter,
2675 3298 2881 3353 tertius
2912 3299 3243 3366 Balduinus,
3277 3317 3531 3373 quorum
3551 3300 3753 3372 quisque

2178 3388 2333 3461 quod
2371 3388 2484 3442 illic
2505 3387 2841 3459 possederat
2869 3388 3154 3442 concessit
3182 3380 3447 3445 devotus.

2249 3482 2301 3531 '7.
2331 3476 2556 3531 Nomen
2589 3476 2781 3547 itaque
2812 3477 2936 3547 ejus
2965 3476 3269 3547 pervicina
3302 3478 3431 3533 loca
3457 3475 3657 3532 cunctis
3682 3473 3753 3528 in-

2179 3564 2387 3631 notuit,
2417 3565 2750 3635 factumque
2783 3567 2868 3618 est
2892 3568 2956 3618 ut
2992 3581 3059 3618 ex
3114 3565 3212 3620 illo
3236 3569 3506 3637 tempore
3534 3583 3566 3619 a
3595 3562 3751 3617 multis

2178 3652 2534 3725 frequentari
2547 3651 2829 3722 caepisset:
2845 3652 2965 3722 ipse
2978 3652 3141 3706 enim
3156 3654 3425 3709 caelibem
3440 3653 3750 3724 dignamque

2180 3744 2297 3797 Deo
2317 3740 2459 3796 inibi
2473 3741 2647 3796 vitam
2664 3741 2931 3795 ducebat.
2951 3741 3168 3796 Omnes
3184 3742 3646 3813 supervenientes
3658 3754 3749 3792 non

2182 3830 2355 3886 modo
2379 3829 2681 3885 dulcedine
2695 3830 3005 3884 verborum
3026 3830 3482 3903 animmquiores
3493 3828 3747 3887 reddebat.

2179 3934 2380 3973 verum
2408 3921 2466 3973 et
2486 3917 2780 3973 charitatis
2800 3917 2989 3972 ofﬁcia
3004 3918 3087 3972 eis
3104 3935 3209 3989 pro
3227 3920 3468 3975 modulo
3482 3934 3577 3973 suo
3606 3916 3750 3970 liben-

2178 4007 2397 4061 tissime
2409 4006 2805 4077 impendebat.
2835 4007 2903 4060 Et
2919 4006 3057 4077 quia
3071 4007 3351 4061 eumdem
3368 4009 3555 4063 locum
3569 4021 3658 4059 sua
3683 4016 3747 4055 sa.

2177 4112 2276 4150 cra
2293 4097 2725 4149 consecraverat
2748 4094 3147 4161 conversione,
3164 4096 3349 4150 voluit
3375 4097 3499 4169 pius
3517 4093 3747 4150 Dominus

2176 4184 2352 4238 verba
2380 4199 2507 4255 qum
2530 4186 2664 4237 ante
2678 4183 2926 4237 dixerat:
2962 4182 3071 4249 Qui
3099 4200 3202 4245 me,
3235 4184 3448 4256 inquit,
3471 4180 3742 4247 honoriﬁcu-

2177 4273 2310 4327 verit
2336 4271 2695 4339 honoriﬁcabo
2725 4287 2845 4323 eum
2877 4270 2944 4342 (1.
2973 4271 3185 4340 Regm,
3216 4274 3327 4341 30),
3353 4273 3412 4327 in
3444 4273 3549 4327 hoc
3562 4268 3741 4324 famqu

2177 4376 2278 4413 suo
2309 4359 2633 4415 ostendere.
2655 4359 2914 4430 Cumque
2937 4359 3121 4414 locelli
3128 4360 3252 4430 jam
3271 4360 3500 4414 dilatari
3527 4355 3742 4427 coepisset

460 4447 667 4502 Christi
689 4449 837 4501 colla
864 4448 1235 4515 subnectere;
1269 4447 1366 4502 alii
1394 4463 1528 4502 vero
1560 4448 1771 4503 liberos
1786 4450 2073 4504 suoslibe-
2096 4448 2150 4506 D
2177 4447 2462 4519 angustia,
2496 4447 2608 4501 duo
2639 4446 2860 4518 equites
2890 4463 3020 4501 cum
3064 4447 3293 4503 duobus
3318 4448 3552 4504 assuetis
3570 4440 3741 4499 venati-

457 4534 694 4601 ralibus,
719 4533 839 4588 imo
862 4535 1194 4590 monasticis
1224 4534 1594 4591 instruendos
1651 4535 1983 4607 disciplinis,
2016 4541 2075 4592 et

459 4625 571 4680 illic
593 4626 876 4696 perpetuo
913 4623 1286 4679 inservituros
1300 4626 1645 4680 contrudere
1669 4643 1683 4693 ;
1709 4626 1872 4680 multi
1895 4625 2069 4680 etiam

460 4714 531 4768 de
560 4710 933 4769 facultatibus
952 4710 1067 4766 suis
1095 4715 1154 4766 et
1166 4712 1448 4767 reditibus
1477 4713 1592 4767 suis
1617 4716 1953 4768 sanctorum
1977 4732 2074 4769 ne-

459 4800 814 4856 cessitatibus
842 4799 1273 4855 communicare
1298 4819 1312 4865 ;
1343 4801 1607 4857 studebat
1628 4802 1820 4873 etipse
1845 4803 1917 4858 ad
1935 4820 2070 4859 eum

462 4888 809 4944 visitationis
831 4892 891 4944 et
920 4888 1102 4944 nimio
1128 4889 1420 4945 charitatis
1450 4892 1657 4946 ardore
1684 4907 1835 4963 saepe
1851 4892 2069 4959 venire,

522 5038 606 5111 (4)
634 5037 794 5093 Letia
824 5054 967 5111 seu
1010 5038 1205 5106 Lastia,
1229 5040 1400 5109 vulgo
1429 5039 1613 5111 Lesch,
1646 5058 1745 5107 res,
1774 5040 1959 5095 oritur
2006 5042 2065 5099 in

452 5109 787 5175 Arduenna,
822 5109 973 5182 haud
997 5111 1251 5180 procula
1283 5110 1563 5182 Bullonio,
1593 5111 1787 5182 ibique
1802 5115 2070 5182 terraper

456 5182 598 5239 duas
624 5182 814 5237 leucas
847 5180 1169 5255 absorptus,
1196 5180 1662 5255 erumpitindee
1692 5180 1834 5255 rupe
1862 5183 1919 5236 in
1960 5180 2071 5238 Ha-

455 5271 595 5309 num
628 5268 868 5324 pagum,
902 5251 1163 5325 ac‘Mosas
1190 5251 1684 5325 miscetur-inedia
1713 5251 1872 5325 leuca
1892 5270 2066 5325 supra

453 5322 803 5395 Dionantum
820 5322 1653 5395 oppidum,aquo‘sesquihorm
1668 5323 1874 5378 itinere
1897 5322 2070 5380 distat

454 5396 612 5468 vicus
635 5394 795 5449 Cella;-
821 5392 1143 5468 appcllatus
1192 5392 1236 5468 a7
1285 5392 1343 5447 S.
1394 5392 1656 5468 lladaliui
1714 5397 2067 5468 monasterio

458 5466 578 5521 illic
610 5464 959 5538 constructo.
1010 5465 1191 5538 Lapsu
1221 5464 1503 5538 temporis
1548 5466 1831 5538 monachi
1873 5468 2066 5522 locum

450 5537 1069 5620 cesserunt‘cauonicis,
1088 5534 1266 5620 quiet
1303 5534 1409 5620 ipsi
1422 5534 1705 5620 baronurn
1719 5537 2067 5620 Cellensium

448 5607 850 5680 vexationibus
908 5607 1159 5680 fatigati,
1186 5607 1446 5680 Visetum
1495 5607 1759 5680 translati
1796 5613 1949 5676 sunt,
1983 5610 2068 5664 uti

449 5680 600 5738 infra
628 5679 907 5737 dicemus.
933 5678 1092 5738 Nunc
1148 5679 1302 5757 apud
1333 5678 1515 5737 Cellas
1552 5680 1666 5735 stat
1695 5678 1964 5749 Ecclesia,
1998 5698 2062 5736 ac

2176 4537 2295 4590 bus
2312 4535 2541 4590 Umbris
2560 4536 2709 4590 forte
2736 4536 2970 4590 fortuna
2989 4536 3183 4608 ignari
3197 4537 3362 4606 cujus
3379 4534 3654 4607 dignitatis
3673 4546 3738 4582 es-

2175 4628 2260 4678 set
2288 4623 2550 4679 vallicula
2574 4624 2888 4689 venientes,
2917 4624 3136 4694 experti
3184 4628 3323 4679 sunt
3355 4625 3411 4678 in
3467 4616 3741 4690 semetipsis

2176 4714 2312 4785 quid
2343 4713 2785 4768 advenientibus
2803 4730 2979 4781 agere
3013 4718 3379 4783 competeret
3397 4709 3738 4767 cmteris..\'am

2174 4817 2347 4857 mane
2376 4805 2698 4873 surgentes,
2740 4801 3038 4856 exanimes
3060 4801 3266 4873 quibus
3310 4800 3527 4856 advecti
3554 4796 3739 4852 fuerant

2174 4891 2521 4945 invenerunt
2550 4890 2876 4963 sonipedes,
2905 4905 3192 4962 superque
3242 4892 3475 4944 mortua
3504 4886 3738 4942 cadavera

2174 5041 2371 5113 titulus
2419 5041 2852 5113 prtepositurae;
2892 5043 2951 5113 at
3010 5039 3066 5113 in
3111 5039 3343 5113 acclivis
3397 5038 3547 5093 collis
3582 5036 3737 5113 latere

2170 5112 2326 5184 haud
2348 5102 2521 5184 longe
2543 5102 2579 5166 Ξ).
2606 5110 2885 5184 primaria
2914 5110 3183 5184 Ecclesia,
3220 5112 3331 5165 alia
3380 5113 3463 5163 est
3516 5102 3734 5184 uidicula.

2173 5182 2269 5254 ubi
2299 5180 2564 5254 cellulam
2592 5180 2858 5254 primum
2878 5181 3151 5254 exstruxit
3204 5184 3376 5252 atque
3403 5180 3732 5254 eremeticam

2169 5252 2346 5307 vitam
2372 5247 2904 5324 egitHadaIinus.iii
2934 5268 3047 5324 qua
3080 5252 3202 5321 ejus
3232 5247 3482 5324 tumulus
3501 5247 3731 5301 cernitur.

2173 5324 2301 5379 Haec
2328 5321 2556 5378 fereex
2581 5323 2879 5389 Bollando,
2925 5321 3023 5393 qui
3078 5327 3232 5376 recte
3287 5321 3474 5393 arguit
3512 5324 3730 5393 errorem}

2173 5395 2707 5467 ΡΙιἰιίρρὶΑῐιέξῐξπειινίἱἶ
2752 5383 2962 5467 μῖρῇειὲ
2992 5383 3384 5467 coenobium,“
3411 5392 3643 5467 LulosaS,
3685 5383 3727 5467 9i

2172 5462 2387 5521 Cella'm
2412 5465 2470 5520 S.
2502 5465 2712 5519 Gisleni
2750 5464 2804 5517 in
2842 5464 3276 5528 Hannoniamec
3310 5478 3423 5516 non
3456 5462 3724 5532 bessiugam

2170 5537 2455 5611 Flaudriac
2486 5537 2763 5611 oppidum
2789 5552 2931 5611 cum
2962 5535 3129 5611 Cellis
3164 5532 3418 5588 Hadalini
3450 5531 3515 5611 ad
3541 5528 3723 5611 113‘!th

2171 5592 2407 5664 fluvium
2425 5592 2833 5663 confundentis
2865 5607 2921 5661 in
2951 5608 3211 5679 catalogo
3238 5619 3431 5677 gener.
3448 5600 3513 5654 ad
3540 5602 3566 5651 3
3587 5592 3721 5648 Febr.
