  <div class='ocr_page' id='page_1' title='image "/cluster/home/n/w/nwhite01/storage/ocr_20150623/139/hvd.32044054759998/578.png"; bbox 0 0 3960 6182; ppageno 0'>
   <div class='ocr_carea' id='block_1_1' title="bbox 212 438 346 494">
    <p class='ocr_par' dir='ltr' id='par_1_1' title="bbox 212 438 346 494">
     <span class='ocr_line' id='line_1_1' title="bbox 212 438 346 494; baseline -0.015 -1"><span class='ocrx_word' id='word_1_1' title='bbox 212 438 346 494; x_wconf 67' lang='grc'>1145</span> 
     </span>
    </p>
   </div>
   <div class='ocr_carea' id='block_1_2' title="bbox 1304 425 2439 486">
    <p class='ocr_par' dir='ltr' id='par_1_2' title="bbox 1304 425 2439 486">
     <span class='ocr_line' id='line_1_2' title="bbox 1304 425 2439 486; baseline 0.003 -4"><span class='ocrx_word' id='word_1_2' title='bbox 1304 427 1462 485; x_wconf 77' lang='grc' dir='ltr'>νιτΑ</span> <span class='ocrx_word' id='word_1_3' title='bbox 1490 427 1550 486; x_wconf 92' lang='lat' dir='ltr'>S.</span> <span class='ocrx_word' id='word_1_4' title='bbox 1582 425 1909 483; x_wconf 80' lang='lat' dir='ltr'>HADALINI</span> <span class='ocrx_word' id='word_1_5' title='bbox 1944 426 2439 486; x_wconf 80' lang='lat' dir='ltr'>CONFESSORIS.</span> 
     </span>
    </p>
   </div>
   <div class='ocr_carea' id='block_1_3' title="bbox 3391 434 3530 495">
    <p class='ocr_par' dir='ltr' id='par_1_3' title="bbox 3391 434 3530 495">
     <span class='ocr_line' id='line_1_3' title="bbox 3391 434 3530 495; baseline 0.036 -8"><span class='ocrx_word' id='word_1_6' title='bbox 3391 434 3530 495; x_wconf 78' lang='grc'>1146</span> 
     </span>
    </p>
   </div>
   <div class='ocr_carea' id='block_1_4' title="bbox 205 551 3525 632">
    <p class='ocr_par' dir='ltr' id='par_1_4' title="bbox 205 551 3525 632">
     <span class='ocr_line' id='line_1_4' title="bbox 205 551 3525 632; baseline 0.001 -16"><span class='ocrx_word' id='word_1_7' title='bbox 205 576 399 616; x_wconf 85' lang='lat' dir='ltr'>canes.</span> <span class='ocrx_word' id='word_1_8' title='bbox 431 560 546 615; x_wconf 80' lang='lat' dir='ltr'>Hoc</span> <span class='ocrx_word' id='word_1_9' title='bbox 564 558 866 629; x_wconf 87' lang='lat' dir='ltr'>comperto</span> <span class='ocrx_word' id='word_1_10' title='bbox 888 552 985 628; x_wconf 90' lang='lat' dir='ltr'>qui</span> <span class='ocrx_word' id='word_1_11' title='bbox 1009 558 1145 610; x_wconf 85' lang='lat' dir='ltr'>tunc</span> <span class='ocrx_word' id='word_1_12' title='bbox 1166 554 1445 627; x_wconf 85' lang='lat' dir='ltr'>temporis</span> <span class='ocrx_word' id='word_1_13' title='bbox 1465 553 1665 608; x_wconf 87' lang='lat' dir='ltr'>aderat</span> <span class='ocrx_word' id='word_1_14' title='bbox 1684 568 1826 624; x_wconf 74' lang='lat' dir='ltr'>prae-</span> <span class='ocrx_word' id='word_1_15' title='bbox 1848 552 1905 613; x_wconf 74' lang='grc' dir='ltr'>Α</span> <span class='ocrx_word' id='word_1_16' title='bbox 1931 551 2145 616; x_wconf 87' lang='lat' dir='ltr'>Quibus</span> <span class='ocrx_word' id='word_1_17' title='bbox 2172 554 2255 609; x_wconf 86' lang='lat' dir='ltr'>ita</span> <span class='ocrx_word' id='word_1_18' title='bbox 2284 554 2852 626; x_wconf 79' lang='lat' dir='ltr'>gestis,&#39;inﬁrmitate</span> <span class='ocrx_word' id='word_1_19' title='bbox 2874 556 3079 613; x_wconf 88' lang='lat' dir='ltr'>ultima</span> <span class='ocrx_word' id='word_1_20' title='bbox 3098 564 3393 632; x_wconf 70' lang='lat' dir='ltr'>praeventa</span> <span class='ocrx_word' id='word_1_21' title='bbox 3418 558 3525 619; x_wconf 83' lang='lat' dir='ltr'>est.</span> 
     </span>
    </p>
   </div>
   <div class='ocr_carea' id='block_1_5' title="bbox 205 640 1823 720">
    <p class='ocr_par' dir='ltr' id='par_1_5' title="bbox 205 640 1823 720">
     <span class='ocr_line' id='line_1_5' title="bbox 205 640 1823 720; baseline -0.006 -16"><span class='ocrx_word' id='word_1_22' title='bbox 205 650 314 715; x_wconf 89' lang='lat' dir='ltr'>sul,</span> <span class='ocrx_word' id='word_1_23' title='bbox 336 649 497 720; x_wconf 84' lang='lat' dir='ltr'>cujus</span> <span class='ocrx_word' id='word_1_24' title='bbox 518 663 693 714; x_wconf 89' lang='lat' dir='ltr'>nunc,</span> <span class='ocrx_word' id='word_1_25' title='bbox 724 648 841 701; x_wconf 90' lang='lat' dir='ltr'>Deo</span> <span class='ocrx_word' id='word_1_26' title='bbox 883 647 1199 710; x_wconf 89' lang='lat' dir='ltr'>annuente,</span> <span class='ocrx_word' id='word_1_27' title='bbox 1242 642 1499 704; x_wconf 84' lang='lat' dir='ltr'>nomine,</span> <span class='ocrx_word' id='word_1_28' title='bbox 1529 657 1645 696; x_wconf 90' lang='lat' dir='ltr'>non</span> <span class='ocrx_word' id='word_1_29' title='bbox 1677 640 1823 711; x_wconf 89' lang='lat' dir='ltr'>proh</span> 
     </span>
    </p>
   </div>
   <div class='ocr_carea' id='block_1_6' title="bbox 207 729 1820 804">
    <p class='ocr_par' dir='ltr' id='par_1_6' title="bbox 207 729 1820 804">
     <span class='ocr_line' id='line_1_6' title="bbox 207 729 1820 804; baseline -0.006 -11"><span class='ocrx_word' id='word_1_30' title='bbox 207 736 401 793; x_wconf 83' lang='lat' dir='ltr'>nefas!</span> <span class='ocrx_word' id='word_1_31' title='bbox 429 736 637 791; x_wconf 91' lang='lat' dir='ltr'>merito</span> <span class='ocrx_word' id='word_1_32' title='bbox 656 733 1093 804; x_wconf 55' lang='lat' dir='ltr'>famulamurﬁi)</span> <span class='ocrx_word' id='word_1_33' title='bbox 1118 732 1259 798; x_wconf 89' lang='lat' dir='ltr'>sedi,</span> <span class='ocrx_word' id='word_1_34' title='bbox 1285 731 1625 786; x_wconf 89' lang='lat' dir='ltr'>auctoritate</span> <span class='ocrx_word' id='word_1_35' title='bbox 1642 729 1820 783; x_wconf 89' lang='lat' dir='ltr'>inter-</span> 
     </span>
    </p>
   </div>
   <div class='ocr_carea' id='block_1_7' title="bbox 207 816 1823 898">
    <p class='ocr_par' dir='ltr' id='par_1_7' title="bbox 207 816 1823 898">
     <span class='ocr_line' id='line_1_7' title="bbox 207 816 1823 898; baseline -0.006 -18"><span class='ocrx_word' id='word_1_36' title='bbox 207 826 458 881; x_wconf 90' lang='lat' dir='ltr'>minavit</span> <span class='ocrx_word' id='word_1_37' title='bbox 479 818 814 898; x_wconf 86' lang='lat' dir='ltr'>episcopali,</span> <span class='ocrx_word' id='word_1_38' title='bbox 846 840 918 877; x_wconf 89' lang='lat' dir='ltr'>ne</span> <span class='ocrx_word' id='word_1_39' title='bbox 944 822 1070 894; x_wconf 88' lang='lat' dir='ltr'>quis</span> <span class='ocrx_word' id='word_1_40' title='bbox 1098 822 1351 893; x_wconf 66' lang='lat' dir='ltr'>posthaec</span> <span class='ocrx_word' id='word_1_41' title='bbox 1382 836 1556 892; x_wconf 88' lang='lat' dir='ltr'>eques</span> <span class='ocrx_word' id='word_1_42' title='bbox 1586 816 1823 873; x_wconf 88' lang='lat' dir='ltr'>oratorii</span> 
     </span>
    </p>
   </div>
   <div class='ocr_carea' id='block_1_8' title="bbox 206 910 1823 985">
    <p class='ocr_par' dir='ltr' id='par_1_8' title="bbox 206 910 1823 985">
     <span class='ocr_line' id='line_1_8' title="bbox 206 910 1823 985; baseline -0.004 -18"><span class='ocrx_word' id='word_1_43' title='bbox 206 914 362 969; x_wconf 90' lang='lat' dir='ltr'>illius</span> <span class='ocrx_word' id='word_1_44' title='bbox 397 913 709 985; x_wconf 82' lang='lat' dir='ltr'>attingeret</span> <span class='ocrx_word' id='word_1_45' title='bbox 738 912 881 965; x_wconf 83' lang='lat' dir='ltr'>ﬁnes</span> <span class='ocrx_word' id='word_1_46' title='bbox 915 928 927 963; x_wconf 94' lang='lat'>:</span> <span class='ocrx_word' id='word_1_47' title='bbox 963 911 1248 981; x_wconf 81' lang='lat' dir='ltr'>delegavit</span> <span class='ocrx_word' id='word_1_48' title='bbox 1273 910 1384 964; x_wconf 69' lang='lat' dir='ltr'>illic</span> <span class='ocrx_word' id='word_1_49' title='bbox 1411 924 1639 980; x_wconf 87' lang='lat' dir='ltr'>quoque</span> <span class='ocrx_word' id='word_1_50' title='bbox 1658 924 1723 960; x_wconf 84' lang='lat' dir='ltr'>ex</span> <span class='ocrx_word' id='word_1_51' title='bbox 1740 923 1823 961; x_wconf 88' lang='lat' dir='ltr'>re-</span> 
     </span>
    </p>
   </div>
   <div class='ocr_carea' id='block_1_9' title="bbox 207 998 1824 1070">
    <p class='ocr_par' dir='ltr' id='par_1_9' title="bbox 207 998 1824 1070">
     <span class='ocr_line' id='line_1_9' title="bbox 207 998 1824 1070; baseline -0.004 -14"><span class='ocrx_word' id='word_1_52' title='bbox 207 1004 451 1070; x_wconf 80' lang='lat' dir='ltr'>ditibus,</span> <span class='ocrx_word' id='word_1_53' title='bbox 478 1007 539 1057; x_wconf 94' lang='lat' dir='ltr'>ut</span> <span class='ocrx_word' id='word_1_54' title='bbox 566 1019 690 1057; x_wconf 91' lang='lat' dir='ltr'>rem</span> <span class='ocrx_word' id='word_1_55' title='bbox 720 1001 983 1055; x_wconf 71' lang='lat' dir='ltr'>Ecclesia:</span> <span class='ocrx_word' id='word_1_56' title='bbox 1017 1004 1249 1065; x_wconf 67' lang='lat' dir='ltr'>nostrae,</span> <span class='ocrx_word' id='word_1_57' title='bbox 1285 1000 1475 1054; x_wconf 88' lang='lat' dir='ltr'>villam</span> <span class='ocrx_word' id='word_1_58' title='bbox 1514 1014 1642 1070; x_wconf 74' lang='lat' dir='ltr'>qua:</span> <span class='ocrx_word' id='word_1_59' title='bbox 1667 998 1824 1051; x_wconf 81' lang='lat' dir='ltr'>Mons</span> 
     </span>
    </p>
   </div>
   <div class='ocr_carea' id='block_1_10' title="bbox 210 1085 1823 1162">
    <p class='ocr_par' dir='ltr' id='par_1_10' title="bbox 210 1085 1823 1162">
     <span class='ocr_line' id='line_1_10' title="bbox 210 1085 1823 1162; baseline -0.004 -17"><span class='ocrx_word' id='word_1_60' title='bbox 210 1092 522 1147; x_wconf 74' lang='lat' dir='ltr'>Francheri</span> <span class='ocrx_word' id='word_1_61' title='bbox 557 1093 630 1162; x_wconf 86' lang='lat'>(6)</span> <span class='ocrx_word' id='word_1_62' title='bbox 662 1094 917 1155; x_wconf 80' lang='lat' dir='ltr'>vocatur,</span> <span class='ocrx_word' id='word_1_63' title='bbox 942 1090 1037 1143; x_wconf 91' lang='lat' dir='ltr'>ubi</span> <span class='ocrx_word' id='word_1_64' title='bbox 1064 1090 1407 1143; x_wconf 81' lang='lat' dir='ltr'>miraculum</span> <span class='ocrx_word' id='word_1_65' title='bbox 1437 1087 1591 1159; x_wconf 91' lang='lat' dir='ltr'>quod</span> <span class='ocrx_word' id='word_1_66' title='bbox 1618 1085 1823 1140; x_wconf 90' lang='lat' dir='ltr'>accidit</span> 
     </span>
    </p>
   </div>
   <div class='ocr_carea' id='block_1_11' title="bbox 212 1177 1817 1247">
    <p class='ocr_par' dir='ltr' id='par_1_11' title="bbox 212 1177 1817 1247">
     <span class='ocr_line' id='line_1_11' title="bbox 212 1177 1817 1247; baseline -0.002 -12"><span class='ocrx_word' id='word_1_67' title='bbox 212 1185 271 1235; x_wconf 89' lang='lat' dir='ltr'>et</span> <span class='ocrx_word' id='word_1_68' title='bbox 305 1179 609 1235; x_wconf 68' lang='lat' dir='ltr'>memoriae</span> <span class='ocrx_word' id='word_1_69' title='bbox 633 1196 787 1234; x_wconf 88' lang='lat' dir='ltr'>nunc</span> <span class='ocrx_word' id='word_1_70' title='bbox 808 1178 1139 1244; x_wconf 79' lang='lat' dir='ltr'>intervenit,</span> <span class='ocrx_word' id='word_1_71' title='bbox 1165 1178 1326 1232; x_wconf 82' lang='lat' dir='ltr'>nefas</span> <span class='ocrx_word' id='word_1_72' title='bbox 1345 1177 1509 1231; x_wconf 89' lang='lat' dir='ltr'>silere</span> <span class='ocrx_word' id='word_1_73' title='bbox 1530 1179 1817 1247; x_wconf 85' lang='lat' dir='ltr'>putamus.</span> 
     </span>
    </p>
   </div>
   <div class='ocr_carea' id='block_1_12' title="bbox 283 1262 1819 1329">
    <p class='ocr_par' dir='ltr' id='par_1_12' title="bbox 283 1262 1819 1329">
     <span class='ocr_line' id='line_1_12' title="bbox 283 1262 1819 1329; baseline -0.006 -5"><span class='ocrx_word' id='word_1_74' title='bbox 283 1272 339 1324; x_wconf 88' lang='lat'><strong>8.</strong></span> <span class='ocrx_word' id='word_1_75' title='bbox 364 1270 504 1323; x_wconf 92' lang='lat' dir='ltr'>Cum</span> <span class='ocrx_word' id='word_1_76' title='bbox 526 1285 659 1323; x_wconf 90' lang='lat' dir='ltr'>casu</span> <span class='ocrx_word' id='word_1_77' title='bbox 678 1284 961 1322; x_wconf 88' lang='lat' dir='ltr'>messores</span> <span class='ocrx_word' id='word_1_78' title='bbox 975 1266 1081 1320; x_wconf 83' lang='lat' dir='ltr'>sibi</span> <span class='ocrx_word' id='word_1_79' title='bbox 1110 1266 1443 1321; x_wconf 82' lang='lat' dir='ltr'>laborarent</span> <span class='ocrx_word' id='word_1_80' title='bbox 1463 1264 1691 1329; x_wconf 88' lang='lat' dir='ltr'>heriles,</span> <span class='ocrx_word' id='word_1_81' title='bbox 1735 1262 1819 1316; x_wconf 92' lang='lat' dir='ltr'>di-</span> 
     </span>
    </p>
   </div>
   <div class='ocr_carea' id='block_1_13' title="bbox 206 1352 1821 1429">
    <p class='ocr_par' dir='ltr' id='par_1_13' title="bbox 206 1352 1821 1429">
     <span class='ocr_line' id='line_1_13' title="bbox 206 1352 1821 1429; baseline -0.004 -17"><span class='ocrx_word' id='word_1_82' title='bbox 206 1359 411 1429; x_wconf 86' lang='lat' dir='ltr'>rigunt</span> <span class='ocrx_word' id='word_1_83' title='bbox 427 1361 624 1411; x_wconf 89' lang='lat' dir='ltr'>sancto</span> <span class='ocrx_word' id='word_1_84' title='bbox 639 1359 1061 1427; x_wconf 86' lang='lat' dir='ltr'>conquerentes</span> <span class='ocrx_word' id='word_1_85' title='bbox 1080 1372 1143 1408; x_wconf 84' lang='lat' dir='ltr'>ex</span> <span class='ocrx_word' id='word_1_86' title='bbox 1167 1355 1279 1409; x_wconf 87' lang='lat' dir='ltr'>suis</span> <span class='ocrx_word' id='word_1_87' title='bbox 1297 1356 1573 1426; x_wconf 87' lang='lat' dir='ltr'>legatum,</span> <span class='ocrx_word' id='word_1_88' title='bbox 1589 1352 1821 1406; x_wconf 88' lang='lat' dir='ltr'>humili-</span> 
     </span>
    </p>
   </div>
   <div class='ocr_carea' id='block_1_14' title="bbox 206 1441 1822 1515">
    <p class='ocr_par' dir='ltr' id='par_1_14' title="bbox 206 1441 1822 1515">
     <span class='ocr_line' id='line_1_14' title="bbox 206 1441 1822 1515; baseline -0.004 -15"><span class='ocrx_word' id='word_1_89' title='bbox 206 1450 299 1500; x_wconf 87' lang='lat' dir='ltr'>ter</span> <span class='ocrx_word' id='word_1_90' title='bbox 323 1448 628 1500; x_wconf 85' lang='lat' dir='ltr'>exorantes</span> <span class='ocrx_word' id='word_1_91' title='bbox 649 1444 972 1498; x_wconf 89' lang='lat' dir='ltr'>remedium</span> <span class='ocrx_word' id='word_1_92' title='bbox 997 1444 1272 1497; x_wconf 78' lang='lat' dir='ltr'>adbibere</span> <span class='ocrx_word' id='word_1_93' title='bbox 1303 1441 1822 1515; x_wconf 85' lang='lat' dir='ltr'>Opportunum.llle</span> 
     </span>
    </p>
   </div>
   <div class='ocr_carea' id='block_1_15' title="bbox 202 1527 1823 1602">
    <p class='ocr_par' dir='ltr' id='par_1_15' title="bbox 202 1527 1823 1602">
     <span class='ocr_line' id='line_1_15' title="bbox 202 1527 1823 1602; baseline -0.003 -16"><span class='ocrx_word' id='word_1_94' title='bbox 202 1550 344 1588; x_wconf 85' lang='lat' dir='ltr'>vero</span> <span class='ocrx_word' id='word_1_95' title='bbox 367 1550 426 1588; x_wconf 89' lang='lat' dir='ltr'>se</span> <span class='ocrx_word' id='word_1_96' title='bbox 452 1533 668 1587; x_wconf 90' lang='lat' dir='ltr'>misisse</span> <span class='ocrx_word' id='word_1_97' title='bbox 695 1532 803 1585; x_wconf 88' lang='lat' dir='ltr'>illis</span> <span class='ocrx_word' id='word_1_98' title='bbox 819 1532 942 1601; x_wconf 91' lang='lat' dir='ltr'>jam</span> <span class='ocrx_word' id='word_1_99' title='bbox 966 1531 1159 1585; x_wconf 89' lang='lat' dir='ltr'>retulit</span> <span class='ocrx_word' id='word_1_100' title='bbox 1178 1534 1614 1602; x_wconf 90' lang='lat' dir='ltr'>potum,verum</span> <span class='ocrx_word' id='word_1_101' title='bbox 1638 1527 1823 1598; x_wconf 88' lang='lat' dir='ltr'>segni-</span> 
     </span>
    </p>
   </div>
   <div class='ocr_carea' id='block_1_16' title="bbox 206 1616 1823 1688">
    <p class='ocr_par' dir='ltr' id='par_1_16' title="bbox 206 1616 1823 1688">
     <span class='ocr_line' id='line_1_16' title="bbox 206 1616 1823 1688; baseline -0.004 -13"><span class='ocrx_word' id='word_1_102' title='bbox 206 1623 287 1677; x_wconf 87' lang='lat' dir='ltr'>tie</span> <span class='ocrx_word' id='word_1_103' title='bbox 322 1620 598 1676; x_wconf 85' lang='lat' dir='ltr'>delatoris</span> <span class='ocrx_word' id='word_1_104' title='bbox 633 1620 897 1675; x_wconf 88' lang='lat' dir='ltr'>dilatum.</span> <span class='ocrx_word' id='word_1_105' title='bbox 927 1622 1005 1674; x_wconf 87' lang='lat' dir='ltr'>Ne</span> <span class='ocrx_word' id='word_1_106' title='bbox 1031 1635 1165 1674; x_wconf 89' lang='lat' dir='ltr'>vero</span> <span class='ocrx_word' id='word_1_107' title='bbox 1191 1619 1279 1673; x_wconf 87' lang='lat' dir='ltr'>siti</span> <span class='ocrx_word' id='word_1_108' title='bbox 1308 1620 1639 1673; x_wconf 86' lang='lat' dir='ltr'>laborantes</span> <span class='ocrx_word' id='word_1_109' title='bbox 1668 1616 1823 1688; x_wconf 90' lang='lat' dir='ltr'>peri-</span> 
     </span>
    </p>
   </div>
   <div class='ocr_carea' id='block_1_17' title="bbox 202 1706 1819 1774">
    <p class='ocr_par' dir='ltr' id='par_1_17' title="bbox 202 1706 1819 1774">
     <span class='ocr_line' id='line_1_17' title="bbox 202 1706 1819 1774; baseline -0.004 -9"><span class='ocrx_word' id='word_1_110' title='bbox 202 1712 550 1765; x_wconf 87' lang='lat' dir='ltr'>clitarentur</span> <span class='ocrx_word' id='word_1_111' title='bbox 581 1709 824 1774; x_wconf 87' lang='lat' dir='ltr'>diutina,</span> <span class='ocrx_word' id='word_1_112' title='bbox 859 1713 1088 1762; x_wconf 90' lang='lat' dir='ltr'>sanctus</span> <span class='ocrx_word' id='word_1_113' title='bbox 1120 1708 1193 1762; x_wconf 84' lang='lat' dir='ltr'>ad</span> <span class='ocrx_word' id='word_1_114' title='bbox 1244 1709 1433 1762; x_wconf 89' lang='lat' dir='ltr'>locum</span> <span class='ocrx_word' id='word_1_115' title='bbox 1486 1706 1819 1774; x_wconf 82' lang='lat' dir='ltr'>adveniens,</span> 
     </span>
    </p>
   </div>
   <div class='ocr_carea' id='block_1_18' title="bbox 202 1793 1820 1869">
    <p class='ocr_par' dir='ltr' id='par_1_18' title="bbox 202 1793 1820 1869">
     <span class='ocr_line' id='line_1_18' title="bbox 202 1793 1820 1869; baseline -0.004 -16"><span class='ocrx_word' id='word_1_116' title='bbox 202 1816 496 1854; x_wconf 85' lang='lat' dir='ltr'>messores</span> <span class='ocrx_word' id='word_1_117' title='bbox 516 1798 786 1854; x_wconf 87' lang='lat' dir='ltr'>bacillum</span> <span class='ocrx_word' id='word_1_118' title='bbox 807 1814 920 1869; x_wconf 87' lang='lat' dir='ltr'>quo</span> <span class='ocrx_word' id='word_1_119' title='bbox 940 1796 1119 1851; x_wconf 87' lang='lat' dir='ltr'>iverat</span> <span class='ocrx_word' id='word_1_120' title='bbox 1140 1796 1284 1866; x_wconf 81' lang='lat' dir='ltr'>ﬁgit,</span> <span class='ocrx_word' id='word_1_121' title='bbox 1300 1797 1358 1850; x_wconf 92' lang='lat' dir='ltr'>et</span> <span class='ocrx_word' id='word_1_122' title='bbox 1385 1794 1592 1849; x_wconf 75' lang='lat' dir='ltr'>affectu</span> <span class='ocrx_word' id='word_1_123' title='bbox 1614 1793 1820 1848; x_wconf 90' lang='lat' dir='ltr'>intimo</span> 
     </span>
    </p>
   </div>
   <div class='ocr_carea' id='block_1_19' title="bbox 202 1864 1898 1956">
    <p class='ocr_par' dir='ltr' id='par_1_19' title="bbox 202 1864 1898 1956">
     <span class='ocr_line' id='line_1_19' title="bbox 202 1864 1898 1956; baseline -0.003 -14"><span class='ocrx_word' id='word_1_124' title='bbox 202 1888 398 1943; x_wconf 86' lang='lat' dir='ltr'>cordis</span> <span class='ocrx_word' id='word_1_125' title='bbox 426 1886 628 1942; x_wconf 90' lang='lat' dir='ltr'>oravit.</span> <span class='ocrx_word' id='word_1_126' title='bbox 661 1886 832 1956; x_wconf 90' lang='lat' dir='ltr'>Cujus</span> <span class='ocrx_word' id='word_1_127' title='bbox 865 1884 1144 1940; x_wconf 90' lang='lat' dir='ltr'>orationis</span> <span class='ocrx_word' id='word_1_128' title='bbox 1175 1885 1347 1939; x_wconf 86' lang='lat' dir='ltr'>verba</span> <span class='ocrx_word' id='word_1_129' title='bbox 1385 1883 1574 1939; x_wconf 85' lang='lat' dir='ltr'>cordis</span> <span class='ocrx_word' id='word_1_130' title='bbox 1602 1886 1823 1937; x_wconf 88' lang='lat' dir='ltr'>scruta—</span> <span class='ocrx_word' id='word_1_131' title='bbox 1847 1864 1898 1922; x_wconf 83' lang='grc' dir='ltr'>Β</span> 
     </span>
    </p>
   </div>
   <div class='ocr_carea' id='block_1_20' title="bbox 202 1971 1821 2045">
    <p class='ocr_par' dir='ltr' id='par_1_20' title="bbox 202 1971 1821 2045">
     <span class='ocr_line' id='line_1_20' title="bbox 202 1971 1821 2045; baseline -0.002 -16"><span class='ocrx_word' id='word_1_132' title='bbox 202 1981 298 2031; x_wconf 88' lang='lat' dir='ltr'>tor</span> <span class='ocrx_word' id='word_1_133' title='bbox 325 1975 566 2041; x_wconf 80' lang='lat' dir='ltr'>audivit,</span> <span class='ocrx_word' id='word_1_134' title='bbox 599 1979 658 2029; x_wconf 94' lang='lat' dir='ltr'>et</span> <span class='ocrx_word' id='word_1_135' title='bbox 704 1975 835 2029; x_wconf 88' lang='lat' dir='ltr'>fons</span> <span class='ocrx_word' id='word_1_136' title='bbox 882 1974 1142 2045; x_wconf 87' lang='lat' dir='ltr'>largiﬂue</span> <span class='ocrx_word' id='word_1_137' title='bbox 1187 1974 1501 2027; x_wconf 85' lang='lat' dir='ltr'>scaturiens</span> <span class='ocrx_word' id='word_1_138' title='bbox 1546 1971 1821 2027; x_wconf 87' lang='lat' dir='ltr'>continuo</span> 
     </span>
    </p>
   </div>
   <div class='ocr_carea' id='block_1_21' title="bbox 201 2060 1818 2136">
    <p class='ocr_par' dir='ltr' id='par_1_21' title="bbox 201 2060 1818 2136">
     <span class='ocr_line' id='line_1_21' title="bbox 201 2060 1818 2136; baseline -0.002 -17"><span class='ocrx_word' id='word_1_139' title='bbox 201 2066 419 2136; x_wconf 87' lang='lat' dir='ltr'>erupit,</span> <span class='ocrx_word' id='word_1_140' title='bbox 452 2064 777 2118; x_wconf 89' lang='lat' dir='ltr'>sitibundos</span> <span class='ocrx_word' id='word_1_141' title='bbox 806 2063 1068 2128; x_wconf 83' lang='lat' dir='ltr'>exsatiat,</span> <span class='ocrx_word' id='word_1_142' title='bbox 1102 2062 1371 2116; x_wconf 89' lang='lat' dir='ltr'>meritum</span> <span class='ocrx_word' id='word_1_143' title='bbox 1407 2060 1509 2114; x_wconf 89' lang='lat' dir='ltr'>viri</span> <span class='ocrx_word' id='word_1_144' title='bbox 1545 2061 1818 2115; x_wconf 88' lang='lat' dir='ltr'>declarat.</span> 
     </span>
    </p>
   </div>
   <div class='ocr_carea' id='block_1_22' title="bbox 280 2148 1823 2223">
    <p class='ocr_par' dir='ltr' id='par_1_22' title="bbox 280 2148 1823 2223">
     <span class='ocr_line' id='line_1_22' title="bbox 280 2148 1823 2223; baseline -0.004 -16"><span class='ocrx_word' id='word_1_145' title='bbox 280 2156 335 2207; x_wconf 86' lang='lat'>9.</span> <span class='ocrx_word' id='word_1_146' title='bbox 368 2152 706 2223; x_wconf 85' lang='lat' dir='ltr'>Emporium</span> <span class='ocrx_word' id='word_1_147' title='bbox 739 2169 843 2223; x_wconf 88' lang='lat' dir='ltr'>per</span> <span class='ocrx_word' id='word_1_148' title='bbox 867 2152 1017 2205; x_wconf 80' lang='lat' dir='ltr'>idem</span> <span class='ocrx_word' id='word_1_149' title='bbox 1043 2155 1272 2222; x_wconf 89' lang='lat' dir='ltr'>tempus</span> <span class='ocrx_word' id='word_1_150' title='bbox 1299 2150 1452 2220; x_wconf 87' lang='lat' dir='ltr'>quod</span> <span class='ocrx_word' id='word_1_151' title='bbox 1473 2148 1823 2203; x_wconf 85' lang='lat' dir='ltr'>diciturDio-</span> 
     </span>
    </p>
   </div>
   <div class='ocr_carea' id='block_1_23' title="bbox 199 2238 1822 2312">
    <p class='ocr_par' dir='ltr' id='par_1_23' title="bbox 199 2238 1822 2312">
     <span class='ocr_line' id='line_1_23' title="bbox 199 2238 1822 2312; baseline -0.002 -18"><span class='ocrx_word' id='word_1_152' title='bbox 199 2248 342 2294; x_wconf 82' lang='lat' dir='ltr'>mmt</span> <span class='ocrx_word' id='word_1_153' title='bbox 372 2242 513 2295; x_wconf 91' lang='lat' dir='ltr'>dum</span> <span class='ocrx_word' id='word_1_154' title='bbox 540 2240 885 2312; x_wconf 70' lang='lat' dir='ltr'>praeteriret,</span> <span class='ocrx_word' id='word_1_155' title='bbox 913 2257 1044 2294; x_wconf 88' lang='lat' dir='ltr'>ecce</span> <span class='ocrx_word' id='word_1_156' title='bbox 1076 2240 1341 2311; x_wconf 79' lang='lat' dir='ltr'>quaedam</span> <span class='ocrx_word' id='word_1_157' title='bbox 1371 2238 1579 2292; x_wconf 87' lang='lat' dir='ltr'>mulier</span> <span class='ocrx_word' id='word_1_158' title='bbox 1627 2254 1822 2292; x_wconf 88' lang='lat' dir='ltr'>accur—</span> 
     </span>
    </p>
   </div>
   <div class='ocr_carea' id='block_1_24' title="bbox 200 2325 1823 2399">
    <p class='ocr_par' dir='ltr' id='par_1_24' title="bbox 200 2325 1823 2399">
     <span class='ocr_line' id='line_1_24' title="bbox 200 2325 1823 2399; baseline -0.003 -15"><span class='ocrx_word' id='word_1_159' title='bbox 200 2347 366 2395; x_wconf 83' lang='lat' dir='ltr'>rens,</span> <span class='ocrx_word' id='word_1_160' title='bbox 410 2328 818 2399; x_wconf 88' lang='lat' dir='ltr'>mugitumque</span> <span class='ocrx_word' id='word_1_161' title='bbox 868 2328 1019 2382; x_wconf 88' lang='lat' dir='ltr'>vocis</span> <span class='ocrx_word' id='word_1_162' title='bbox 1068 2328 1359 2389; x_wconf 88' lang='lat' dir='ltr'>emittens,</span> <span class='ocrx_word' id='word_1_163' title='bbox 1418 2325 1657 2397; x_wconf 86' lang='lat' dir='ltr'>vestigia</span> <span class='ocrx_word' id='word_1_164' title='bbox 1701 2326 1823 2396; x_wconf 87' lang='lat' dir='ltr'>ejus</span> 
     </span>
    </p>
   </div>
   <div class='ocr_carea' id='block_1_25' title="bbox 203 2414 1823 2487">
    <p class='ocr_par' dir='ltr' id='par_1_25' title="bbox 203 2414 1823 2487">
     <span class='ocr_line' id='line_1_25' title="bbox 203 2414 1823 2487; baseline -0.002 -14"><span class='ocrx_word' id='word_1_165' title='bbox 203 2418 609 2483; x_wconf 82' lang='lat' dir='ltr'>osculabatur;</span> <span class='ocrx_word' id='word_1_166' title='bbox 635 2417 735 2470; x_wconf 91' lang='lat' dir='ltr'>sed</span> <span class='ocrx_word' id='word_1_167' title='bbox 754 2433 880 2487; x_wconf 62' lang='lat' dir='ltr'>quae</span> <span class='ocrx_word' id='word_1_168' title='bbox 900 2416 1211 2470; x_wconf 88' lang='lat' dir='ltr'>anhelabat</span> <span class='ocrx_word' id='word_1_169' title='bbox 1224 2416 1416 2481; x_wconf 90' lang='lat' dir='ltr'>corde,</span> <span class='ocrx_word' id='word_1_170' title='bbox 1434 2414 1823 2485; x_wconf 89' lang='lat' dir='ltr'>voceimplere</span> 
     </span>
    </p>
   </div>
   <div class='ocr_carea' id='block_1_26' title="bbox 196 2502 1821 2578">
    <p class='ocr_par' dir='ltr' id='par_1_26' title="bbox 196 2502 1821 2578">
     <span class='ocr_line' id='line_1_26' title="bbox 196 2502 1821 2578; baseline -0.004 -17"><span class='ocrx_word' id='word_1_171' title='bbox 196 2506 509 2578; x_wconf 84' lang='lat' dir='ltr'>nequibat.</span> <span class='ocrx_word' id='word_1_172' title='bbox 526 2504 790 2559; x_wconf 88' lang='lat' dir='ltr'>Substitit</span> <span class='ocrx_word' id='word_1_173' title='bbox 812 2507 1047 2575; x_wconf 90' lang='lat' dir='ltr'>ergo,et</span> <span class='ocrx_word' id='word_1_174' title='bbox 1067 2502 1507 2575; x_wconf 80' lang='lat' dir='ltr'>pepulunicirca</span> <span class='ocrx_word' id='word_1_175' title='bbox 1536 2520 1595 2556; x_wconf 90' lang='lat' dir='ltr'>se</span> <span class='ocrx_word' id='word_1_176' title='bbox 1632 2506 1821 2557; x_wconf 87' lang='lat' dir='ltr'>astan-</span> 
     </span>
    </p>
   </div>
   <div class='ocr_carea' id='block_1_27' title="bbox 198 2590 1824 2665">
    <p class='ocr_par' dir='ltr' id='par_1_27' title="bbox 198 2590 1824 2665">
     <span class='ocr_line' id='line_1_27' title="bbox 198 2590 1824 2665; baseline -0.003 -16"><span class='ocrx_word' id='word_1_177' title='bbox 198 2599 327 2649; x_wconf 88' lang='lat' dir='ltr'>tem</span> <span class='ocrx_word' id='word_1_178' title='bbox 362 2610 630 2665; x_wconf 65' lang='lat' dir='ltr'>quasnam</span> <span class='ocrx_word' id='word_1_179' title='bbox 645 2597 813 2658; x_wconf 90' lang='lat' dir='ltr'>esset,</span> <span class='ocrx_word' id='word_1_180' title='bbox 835 2593 1166 2663; x_wconf 66' lang='lat' dir='ltr'>qumhtervc</span> <span class='ocrx_word' id='word_1_181' title='bbox 1188 2592 1243 2645; x_wconf 87' lang='lat' dir='ltr'>id</span> <span class='ocrx_word' id='word_1_182' title='bbox 1271 2592 1319 2645; x_wconf 87' lang='lat' dir='ltr'>ei</span> <span class='ocrx_word' id='word_1_183' title='bbox 1341 2590 1824 2650; x_wconf 83' lang='lat' dir='ltr'>accidissetinter-</span> 
     </span>
    </p>
   </div>
   <div class='ocr_carea' id='block_1_28' title="bbox 198 2679 1823 2755">
    <p class='ocr_par' dir='ltr' id='par_1_28' title="bbox 198 2679 1823 2755">
     <span class='ocr_line' id='line_1_28' title="bbox 198 2679 1823 2755; baseline -0.004 -17"><span class='ocrx_word' id='word_1_184' title='bbox 198 2683 457 2755; x_wconf 79' lang='lat' dir='ltr'>rogavit.</span> <span class='ocrx_word' id='word_1_185' title='bbox 489 2684 560 2735; x_wconf 84' lang='lat' dir='ltr'>At</span> <span class='ocrx_word' id='word_1_186' title='bbox 584 2681 666 2735; x_wconf 91' lang='lat' dir='ltr'>illi</span> <span class='ocrx_word' id='word_1_187' title='bbox 696 2686 759 2735; x_wconf 91' lang='lat' dir='ltr'>ut</span> <span class='ocrx_word' id='word_1_188' title='bbox 805 2682 1053 2734; x_wconf 91' lang='lat' dir='ltr'>multum</span> <span class='ocrx_word' id='word_1_189' title='bbox 1096 2679 1377 2751; x_wconf 88' lang='lat' dir='ltr'>temporis</span> <span class='ocrx_word' id='word_1_190' title='bbox 1408 2680 1529 2749; x_wconf 91' lang='lat' dir='ltr'>jam</span> <span class='ocrx_word' id='word_1_191' title='bbox 1582 2681 1823 2733; x_wconf 77' lang='lat' dir='ltr'>fluxerat</span> 
     </span>
    </p>
   </div>
   <div class='ocr_carea' id='block_1_29' title="bbox 193 2766 1825 2843">
    <p class='ocr_par' dir='ltr' id='par_1_29' title="bbox 193 2766 1825 2843">
     <span class='ocr_line' id='line_1_29' title="bbox 193 2766 1825 2843; baseline -0.004 -17"><span class='ocrx_word' id='word_1_192' title='bbox 193 2772 366 2843; x_wconf 87' lang='lat' dir='ltr'>quod</span> <span class='ocrx_word' id='word_1_193' title='bbox 389 2774 553 2825; x_wconf 90' lang='lat' dir='ltr'>muta</span> <span class='ocrx_word' id='word_1_194' title='bbox 574 2771 777 2824; x_wconf 79' lang='lat' dir='ltr'>etfecta</span> <span class='ocrx_word' id='word_1_195' title='bbox 798 2769 1190 2835; x_wconf 83' lang='lat' dir='ltr'>sitintimavit,</span> <span class='ocrx_word' id='word_1_196' title='bbox 1208 2772 1266 2822; x_wconf 90' lang='lat' dir='ltr'>et</span> <span class='ocrx_word' id='word_1_197' title='bbox 1291 2771 1351 2821; x_wconf 93' lang='lat' dir='ltr'>ut</span> <span class='ocrx_word' id='word_1_198' title='bbox 1374 2768 1424 2821; x_wconf 91' lang='lat' dir='ltr'>ci</span> <span class='ocrx_word' id='word_1_199' title='bbox 1450 2766 1750 2822; x_wconf 83' lang='lat' dir='ltr'>infortunii</span> <span class='ocrx_word' id='word_1_200' title='bbox 1767 2769 1825 2821; x_wconf 91' lang='lat' dir='ltr'>et</span> 
     </span>
    </p>
   </div>
   <div class='ocr_carea' id='block_1_30' title="bbox 196 2856 1825 2929">
    <p class='ocr_par' dir='ltr' id='par_1_30' title="bbox 196 2856 1825 2929">
     <span class='ocr_line' id='line_1_30' title="bbox 196 2856 1825 2929; baseline -0.004 -14"><span class='ocrx_word' id='word_1_201' title='bbox 196 2859 560 2915; x_wconf 80' lang='lat' dir='ltr'>infelicitatis</span> <span class='ocrx_word' id='word_1_202' title='bbox 580 2858 843 2913; x_wconf 73' lang='lat' dir='ltr'>miSereri</span> <span class='ocrx_word' id='word_1_203' title='bbox 870 2858 1145 2929; x_wconf 84' lang='lat' dir='ltr'>dignetur</span> <span class='ocrx_word' id='word_1_204' title='bbox 1166 2856 1448 2928; x_wconf 90' lang='lat' dir='ltr'>supplices</span> <span class='ocrx_word' id='word_1_205' title='bbox 1467 2872 1671 2911; x_wconf 86' lang='lat' dir='ltr'>omnes</span> <span class='ocrx_word' id='word_1_206' title='bbox 1690 2856 1825 2910; x_wconf 76' lang='lat' dir='ltr'>olfe-</span> 
     </span>
    </p>
   </div>
   <div class='ocr_carea' id='block_1_31' title="bbox 196 2931 1820 3019">
    <p class='ocr_par' dir='ltr' id='par_1_31' title="bbox 196 2931 1820 3019">
     <span class='ocr_line' id='line_1_31' title="bbox 196 2931 1820 3019; baseline -0.003 -16"><span class='ocrx_word' id='word_1_207' title='bbox 196 2951 347 3003; x_wconf 84' lang='lat' dir='ltr'>runt</span> <span class='ocrx_word' id='word_1_208' title='bbox 362 2963 583 3018; x_wconf 85' lang='lat' dir='ltr'>preces.</span> <span class='ocrx_word' id='word_1_209' title='bbox 602 2946 783 3019; x_wconf 86' lang='lat' dir='ltr'>Et_ille</span> <span class='ocrx_word' id='word_1_210' title='bbox 813 2963 824 2999; x_wconf 93' lang='lat'>:</span> <span class='ocrx_word' id='word_1_211' title='bbox 853 2968 878 2993; x_wconf 86' lang='grc'>‹‹</span> <span class='ocrx_word' id='word_1_212' title='bbox 905 2947 1026 3000; x_wconf 82' lang='lat' dir='ltr'>Non</span> <span class='ocrx_word' id='word_1_213' title='bbox 1046 2946 1188 3010; x_wconf 66' lang='lat' dir='ltr'>hazc,</span> <span class='ocrx_word' id='word_1_214' title='bbox 1217 2946 1423 3016; x_wconf 87' lang='lat' dir='ltr'>inquit,</span> <span class='ocrx_word' id='word_1_215' title='bbox 1446 2948 1642 2999; x_wconf 88' lang='lat' dir='ltr'>nostra</span> <span class='ocrx_word' id='word_1_216' title='bbox 1666 2931 1820 3010; x_wconf 73' lang='lat' dir='ltr'>sunt,</span> 
     </span>
    </p>
   </div>
   <div class='ocr_carea' id='block_1_32' title="bbox 194 3037 1822 3105">
    <p class='ocr_par' dir='ltr' id='par_1_32' title="bbox 194 3037 1822 3105">
     <span class='ocr_line' id='line_1_32' title="bbox 194 3037 1822 3105; baseline -0.003 -13"><span class='ocrx_word' id='word_1_217' title='bbox 194 3038 307 3092; x_wconf 80' lang='lat' dir='ltr'>sed</span> <span class='ocrx_word' id='word_1_218' title='bbox 331 3040 665 3090; x_wconf 89' lang='lat' dir='ltr'>sanctorum</span> <span class='ocrx_word' id='word_1_219' title='bbox 701 3037 959 3100; x_wconf 83' lang='lat' dir='ltr'>Patrum,</span> <span class='ocrx_word' id='word_1_220' title='bbox 980 3049 1229 3105; x_wconf 86' lang='lat' dir='ltr'>quorum</span> <span class='ocrx_word' id='word_1_221' title='bbox 1264 3050 1367 3088; x_wconf 88' lang='lat' dir='ltr'>nos</span> <span class='ocrx_word' id='word_1_222' title='bbox 1394 3049 1672 3105; x_wconf 89' lang='lat' dir='ltr'>suppares</span> <span class='ocrx_word' id='word_1_223' title='bbox 1702 3049 1822 3087; x_wconf 87' lang='lat' dir='ltr'>esse</span> 
     </span>
    </p>
   </div>
   <div class='ocr_carea' id='block_1_33' title="bbox 194 3105 1895 3194">
    <p class='ocr_par' dir='ltr' id='par_1_33' title="bbox 194 3105 1895 3194">
     <span class='ocr_line' id='line_1_33' title="bbox 194 3105 1895 3194; baseline -0.003 -13"><span class='ocrx_word' id='word_1_224' title='bbox 194 3125 404 3181; x_wconf 83' lang='lat' dir='ltr'>meriti</span> <span class='ocrx_word' id='word_1_225' title='bbox 420 3125 642 3179; x_wconf 88' lang='lat' dir='ltr'>utinam</span> <span class='ocrx_word' id='word_1_226' title='bbox 660 3124 1027 3194; x_wconf 87' lang='lat' dir='ltr'>contingeret</span> <span class='ocrx_word' id='word_1_227' title='bbox 1041 3125 1123 3177; x_wconf 81' lang='lat' dir='ltr'>vel</span> <span class='ocrx_word' id='word_1_228' title='bbox 1144 3123 1406 3178; x_wconf 82' lang='lat' dir='ltr'>extremi.</span> <span class='ocrx_word' id='word_1_229' title='bbox 1424 3146 1451 3171; x_wconf 83' lang='lat'>»</span> <span class='ocrx_word' id='word_1_230' title='bbox 1471 3124 1717 3193; x_wconf 91' lang='lat' dir='ltr'>Populus</span> <span class='ocrx_word' id='word_1_231' title='bbox 1729 3140 1825 3177; x_wconf 88' lang='lat' dir='ltr'>au-</span> <span class='ocrx_word' id='word_1_232' title='bbox 1845 3105 1895 3166; x_wconf 70' lang='grc' dir='ltr'>ο</span> 
     </span>
    </p>
   </div>
   <div class='ocr_carea' id='block_1_34' title="bbox 192 3210 1823 3285">
    <p class='ocr_par' dir='ltr' id='par_1_34' title="bbox 192 3210 1823 3285">
     <span class='ocr_line' id='line_1_34' title="bbox 192 3210 1823 3285; baseline -0.002 -16"><span class='ocrx_word' id='word_1_233' title='bbox 192 3220 324 3269; x_wconf 81' lang='lat' dir='ltr'>tem</span> <span class='ocrx_word' id='word_1_234' title='bbox 354 3214 582 3285; x_wconf 82' lang='lat' dir='ltr'>magnis</span> <span class='ocrx_word' id='word_1_235' title='bbox 601 3213 951 3267; x_wconf 84' lang='lat' dir='ltr'>clamoribus</span> <span class='ocrx_word' id='word_1_236' title='bbox 968 3212 1335 3283; x_wconf 85' lang='lat' dir='ltr'>suggerebat,</span> <span class='ocrx_word' id='word_1_237' title='bbox 1351 3214 1412 3265; x_wconf 92' lang='lat' dir='ltr'>ut</span> <span class='ocrx_word' id='word_1_238' title='bbox 1428 3211 1523 3283; x_wconf 92' lang='lat' dir='ltr'>qui</span> <span class='ocrx_word' id='word_1_239' title='bbox 1544 3210 1823 3281; x_wconf 90' lang='lat' dir='ltr'>pietatem</span> 
     </span>
    </p>
   </div>
   <div class='ocr_carea' id='block_1_35' title="bbox 190 3300 1821 3373">
    <p class='ocr_par' dir='ltr' id='par_1_35' title="bbox 190 3300 1821 3373">
     <span class='ocr_line' id='line_1_35' title="bbox 190 3300 1821 3373; baseline -0.004 -15"><span class='ocrx_word' id='word_1_240' title='bbox 190 3307 254 3358; x_wconf 85' lang='lat' dir='ltr'>ct</span> <span class='ocrx_word' id='word_1_241' title='bbox 291 3302 670 3357; x_wconf 88' lang='lat' dir='ltr'>clementiam</span> <span class='ocrx_word' id='word_1_242' title='bbox 710 3318 943 3371; x_wconf 81' lang='lat' dir='ltr'>semper</span> <span class='ocrx_word' id='word_1_243' title='bbox 980 3301 1278 3367; x_wconf 88' lang='lat' dir='ltr'>docuerat,</span> <span class='ocrx_word' id='word_1_244' title='bbox 1327 3300 1446 3373; x_wconf 87' lang='lat' dir='ltr'>ipse</span> <span class='ocrx_word' id='word_1_245' title='bbox 1488 3316 1715 3372; x_wconf 90' lang='lat' dir='ltr'>quoque</span> <span class='ocrx_word' id='word_1_246' title='bbox 1762 3300 1821 3353; x_wconf 93' lang='lat' dir='ltr'>in</span> 
     </span>
    </p>
   </div>
   <div class='ocr_carea' id='block_1_36' title="bbox 192 3388 1821 3459">
    <p class='ocr_par' dir='ltr' id='par_1_36' title="bbox 192 3388 1821 3459">
     <span class='ocr_line' id='line_1_36' title="bbox 192 3388 1821 3459; baseline -0.003 -12"><span class='ocrx_word' id='word_1_247' title='bbox 192 3392 444 3447; x_wconf 81' lang='lat' dir='ltr'>miseria</span> <span class='ocrx_word' id='word_1_248' title='bbox 466 3391 616 3445; x_wconf 89' lang='lat' dir='ltr'>illius</span> <span class='ocrx_word' id='word_1_249' title='bbox 629 3390 986 3444; x_wconf 72' lang='lat' dir='ltr'>muliercula:</span> <span class='ocrx_word' id='word_1_250' title='bbox 1003 3389 1343 3459; x_wconf 84' lang='lat' dir='ltr'>dignaretur</span> <span class='ocrx_word' id='word_1_251' title='bbox 1366 3390 1690 3443; x_wconf 87' lang='lat' dir='ltr'>ostendere.</span> <span class='ocrx_word' id='word_1_252' title='bbox 1714 3388 1821 3452; x_wconf 85' lang='lat' dir='ltr'>Qui</span> 
     </span>
    </p>
   </div>
   <div class='ocr_carea' id='block_1_37' title="bbox 190 3477 1822 3551">
    <p class='ocr_par' dir='ltr' id='par_1_37' title="bbox 190 3477 1822 3551">
     <span class='ocr_line' id='line_1_37' title="bbox 190 3477 1822 3551; baseline -0.002 -17"><span class='ocrx_word' id='word_1_253' title='bbox 190 3484 315 3535; x_wconf 89' lang='lat' dir='ltr'>stat</span> <span class='ocrx_word' id='word_1_254' title='bbox 350 3479 565 3551; x_wconf 88' lang='lat' dir='ltr'>pietate</span> <span class='ocrx_word' id='word_1_255' title='bbox 590 3483 800 3544; x_wconf 89' lang='lat' dir='ltr'>motus,</span> <span class='ocrx_word' id='word_1_256' title='bbox 835 3483 893 3533; x_wconf 89' lang='lat' dir='ltr'>ct</span> <span class='ocrx_word' id='word_1_257' title='bbox 923 3479 992 3532; x_wconf 93' lang='lat' dir='ltr'>de</span> <span class='ocrx_word' id='word_1_258' title='bbox 1017 3478 1201 3531; x_wconf 83' lang='lat' dir='ltr'>verbis</span> <span class='ocrx_word' id='word_1_259' title='bbox 1235 3478 1462 3532; x_wconf 90' lang='lat' dir='ltr'>Domini</span> <span class='ocrx_word' id='word_1_260' title='bbox 1497 3494 1623 3548; x_wconf 65' lang='lat' dir='ltr'>qua)</span> <span class='ocrx_word' id='word_1_261' title='bbox 1651 3477 1822 3531; x_wconf 87' lang='lat' dir='ltr'>disci-</span> 
     </span>
    </p>
   </div>
   <div class='ocr_carea' id='block_1_38' title="bbox 198 3567 1817 3641">
    <p class='ocr_par' dir='ltr' id='par_1_38' title="bbox 198 3567 1817 3641">
     <span class='ocr_line' id='line_1_38' title="bbox 198 3567 1817 3641; baseline -0.003 -18"><span class='ocrx_word' id='word_1_262' title='bbox 198 3568 363 3641; x_wconf 88' lang='lat' dir='ltr'>pulis</span> <span class='ocrx_word' id='word_1_263' title='bbox 393 3568 509 3622; x_wconf 90' lang='lat' dir='ltr'>suis</span> <span class='ocrx_word' id='word_1_264' title='bbox 548 3567 900 3641; x_wconf 87' lang='lat' dir='ltr'>promiserat</span> <span class='ocrx_word' id='word_1_265' title='bbox 933 3584 945 3620; x_wconf 88' lang='lat'>:</span> <span class='ocrx_word' id='word_1_266' title='bbox 978 3567 1318 3638; x_wconf 67' lang='lat' dir='ltr'>Quwcunque</span> <span class='ocrx_word' id='word_1_267' title='bbox 1366 3574 1573 3619; x_wconf 75' lang='lat' dir='ltr'>orantes</span> <span class='ocrx_word' id='word_1_268' title='bbox 1608 3567 1817 3637; x_wconf 77' lang='lat' dir='ltr'>petitis,</span> 
     </span>
    </p>
   </div>
   <div class='ocr_carea' id='block_1_39' title="bbox 190 3655 1821 3726">
    <p class='ocr_par' dir='ltr' id='par_1_39' title="bbox 190 3655 1821 3726">
     <span class='ocr_line' id='line_1_39' title="bbox 190 3655 1821 3726; baseline -0.003 -14"><span class='ocrx_word' id='word_1_269' title='bbox 190 3656 484 3712; x_wconf 76' lang='lat' dir='ltr'>credentes</span> <span class='ocrx_word' id='word_1_270' title='bbox 514 3658 777 3725; x_wconf 76' lang='lat' dir='ltr'>accipietis</span> <span class='ocrx_word' id='word_1_271' title='bbox 806 3655 1005 3726; x_wconf 79' lang='lat' dir='ltr'>(Marc.</span> <span class='ocrx_word' id='word_1_272' title='bbox 1042 3672 1118 3716; x_wconf 75' lang='grc' dir='ltr'>χι,</span> <span class='ocrx_word' id='word_1_273' title='bbox 1154 3656 1266 3726; x_wconf 63' lang='grc'>24),</span> <span class='ocrx_word' id='word_1_274' title='bbox 1319 3655 1586 3719; x_wconf 79' lang='lat' dir='ltr'>conﬁsus,</span> <span class='ocrx_word' id='word_1_275' title='bbox 1632 3657 1821 3708; x_wconf 87' lang='lat' dir='ltr'>totum</span> 
     </span>
    </p>
   </div>
   <div class='ocr_carea' id='block_1_40' title="bbox 188 3744 1821 3814">
    <p class='ocr_par' dir='ltr' id='par_1_40' title="bbox 188 3744 1821 3814">
     <span class='ocr_line' id='line_1_40' title="bbox 188 3744 1821 3814; baseline -0.002 -14"><span class='ocrx_word' id='word_1_276' title='bbox 188 3764 253 3800; x_wconf 86' lang='lat' dir='ltr'>se</span> <span class='ocrx_word' id='word_1_277' title='bbox 291 3745 369 3799; x_wconf 86' lang='lat' dir='ltr'>ad</span> <span class='ocrx_word' id='word_1_278' title='bbox 430 3744 739 3798; x_wconf 82' lang='lat' dir='ltr'>Dominum</span> <span class='ocrx_word' id='word_1_279' title='bbox 783 3744 1026 3797; x_wconf 87' lang='lat' dir='ltr'>contulit</span> <span class='ocrx_word' id='word_1_280' title='bbox 1074 3744 1331 3809; x_wconf 88' lang='lat' dir='ltr'>devotus,</span> <span class='ocrx_word' id='word_1_281' title='bbox 1388 3745 1821 3814; x_wconf 84' lang='lat' dir='ltr'>prostratusque</span> 
     </span>
    </p>
   </div>
   <div class='ocr_carea' id='block_1_41' title="bbox 182 3830 1822 3902">
    <p class='ocr_par' dir='ltr' id='par_1_41' title="bbox 182 3830 1822 3902">
     <span class='ocr_line' id='line_1_41' title="bbox 182 3830 1822 3902; baseline -0.004 -13"><span class='ocrx_word' id='word_1_282' title='bbox 182 3835 384 3889; x_wconf 82' lang='lat' dir='ltr'>humo</span> <span class='ocrx_word' id='word_1_283' title='bbox 424 3832 694 3902; x_wconf 86' lang='lat' dir='ltr'>lacrymis</span> <span class='ocrx_word' id='word_1_284' title='bbox 728 3833 948 3886; x_wconf 83' lang='lat' dir='ltr'>orabat.</span> <span class='ocrx_word' id='word_1_285' title='bbox 987 3832 1262 3887; x_wconf 89' lang='lat' dir='ltr'>Oratione</span> <span class='ocrx_word' id='word_1_286' title='bbox 1311 3833 1558 3901; x_wconf 78' lang='lat' dir='ltr'>expleta,</span> <span class='ocrx_word' id='word_1_287' title='bbox 1590 3830 1822 3901; x_wconf 85' lang='lat' dir='ltr'>signum</span> 
     </span>
    </p>
   </div>
   <div class='ocr_carea' id='block_1_42' title="bbox 184 3921 1821 3992">
    <p class='ocr_par' dir='ltr' id='par_1_42' title="bbox 184 3921 1821 3992">
     <span class='ocr_line' id='line_1_42' title="bbox 184 3921 1821 3992; baseline -0.002 -14"><span class='ocrx_word' id='word_1_288' title='bbox 184 3926 419 3978; x_wconf 68' lang='lat' dir='ltr'>sancta:</span> <span class='ocrx_word' id='word_1_289' title='bbox 446 3921 629 3975; x_wconf 91' lang='lat' dir='ltr'>crucis</span> <span class='ocrx_word' id='word_1_290' title='bbox 659 3922 744 3976; x_wconf 90' lang='lat' dir='ltr'>ori</span> <span class='ocrx_word' id='word_1_291' title='bbox 774 3922 895 3991; x_wconf 84' lang='lat' dir='ltr'>ejus</span> <span class='ocrx_word' id='word_1_292' title='bbox 918 3921 1209 3992; x_wconf 86' lang='lat' dir='ltr'>impressit</span> <span class='ocrx_word' id='word_1_293' title='bbox 1238 3938 1250 3975; x_wconf 88' lang='lat'><strong>:</strong></span> <span class='ocrx_word' id='word_1_294' title='bbox 1280 3938 1412 3976; x_wconf 81' lang='lat' dir='ltr'>mox</span> <span class='ocrx_word' id='word_1_295' title='bbox 1437 3921 1535 3974; x_wconf 92' lang='lat' dir='ltr'>illa</span> <span class='ocrx_word' id='word_1_296' title='bbox 1552 3921 1669 3974; x_wconf 92' lang='lat' dir='ltr'>Deo</span> <span class='ocrx_word' id='word_1_297' title='bbox 1694 3936 1821 3991; x_wconf 84' lang='lat' dir='ltr'>gra-</span> 
     </span>
    </p>
   </div>
   <div class='ocr_carea' id='block_1_43' title="bbox 184 3999 1819 4082">
    <p class='ocr_par' dir='ltr' id='par_1_43' title="bbox 184 3999 1819 4082">
     <span class='ocr_line' id='line_1_43' title="bbox 184 3999 1819 4082; baseline -0.003 -15"><span class='ocrx_word' id='word_1_298' title='bbox 184 4014 307 4067; x_wconf 84' lang='lat' dir='ltr'>tias</span> <span class='ocrx_word' id='word_1_299' title='bbox 341 4010 561 4065; x_wconf 88' lang='lat' dir='ltr'>cunctis</span> <span class='ocrx_word' id='word_1_300' title='bbox 587 4011 955 4065; x_wconf 88' lang='lat' dir='ltr'>audientibus</span> <span class='ocrx_word' id='word_1_301' title='bbox 984 4011 1120 4082; x_wconf 83' lang='lat' dir='ltr'>egit,</span> <span class='ocrx_word' id='word_1_302' title='bbox 1150 4027 1347 4065; x_wconf 91' lang='lat' dir='ltr'>vocem</span> <span class='ocrx_word' id='word_1_303' title='bbox 1371 3999 1717 4064; x_wconf 67' lang='lat' dir='ltr'>laudationis</span> <span class='ocrx_word' id='word_1_304' title='bbox 1736 4013 1819 4064; x_wconf 86' lang='lat' dir='ltr'>at-</span> 
     </span>
    </p>
   </div>
   <div class='ocr_carea' id='block_1_44' title="bbox 185 4098 1515 4170">
    <p class='ocr_par' dir='ltr' id='par_1_44' title="bbox 185 4098 1515 4170">
     <span class='ocr_line' id='line_1_44' title="bbox 185 4098 1515 4170; baseline -0.003 -15"><span class='ocrx_word' id='word_1_305' title='bbox 185 4100 373 4165; x_wconf 88' lang='lat' dir='ltr'>tollit,</span> <span class='ocrx_word' id='word_1_306' title='bbox 409 4102 469 4152; x_wconf 91' lang='lat' dir='ltr'>et</span> <span class='ocrx_word' id='word_1_307' title='bbox 497 4099 751 4170; x_wconf 70' lang='lat' dir='ltr'>posthaec</span> <span class='ocrx_word' id='word_1_308' title='bbox 784 4102 899 4153; x_wconf 88' lang='lat' dir='ltr'>Deo</span> <span class='ocrx_word' id='word_1_309' title='bbox 934 4100 1143 4153; x_wconf 86' lang='lat' dir='ltr'>devota</span> <span class='ocrx_word' id='word_1_310' title='bbox 1176 4098 1515 4169; x_wconf 89' lang='lat' dir='ltr'>permansit.</span> 
     </span>
    </p>
   </div>
   <div class='ocr_carea' id='block_1_45' title="bbox 272 4188 1825 4259">
    <p class='ocr_par' dir='ltr' id='par_1_45' title="bbox 272 4188 1825 4259">
     <span class='ocr_line' id='line_1_45' title="bbox 272 4188 1825 4259; baseline -0.003 -15"><span class='ocrx_word' id='word_1_311' title='bbox 272 4194 363 4244; x_wconf 81' lang='grc'>10.</span> <span class='ocrx_word' id='word_1_312' title='bbox 402 4188 577 4258; x_wconf 82' lang='lat' dir='ltr'>Cujus</span> <span class='ocrx_word' id='word_1_313' title='bbox 608 4188 692 4242; x_wconf 91' lang='lat' dir='ltr'>rei</span> <span class='ocrx_word' id='word_1_314' title='bbox 723 4188 1114 4243; x_wconf 87' lang='lat' dir='ltr'>admiratione</span> <span class='ocrx_word' id='word_1_315' title='bbox 1150 4191 1415 4259; x_wconf 88' lang='lat' dir='ltr'>permota</span> <span class='ocrx_word' id='word_1_316' title='bbox 1442 4188 1733 4259; x_wconf 75' lang='lat' dir='ltr'>quaedam,</span> <span class='ocrx_word' id='word_1_317' title='bbox 1762 4188 1825 4240; x_wconf 91' lang='lat' dir='ltr'>ut</span> 
     </span>
    </p>
   </div>
   <div class='ocr_carea' id='block_1_46' title="bbox 183 4277 1822 4348">
    <p class='ocr_par' dir='ltr' id='par_1_46' title="bbox 183 4277 1822 4348">
     <span class='ocr_line' id='line_1_46' title="bbox 183 4277 1822 4348; baseline -0.001 -16"><span class='ocrx_word' id='word_1_318' title='bbox 183 4279 406 4343; x_wconf 78' lang='lat' dir='ltr'>fertur,</span> <span class='ocrx_word' id='word_1_319' title='bbox 424 4280 630 4348; x_wconf 87' lang='lat' dir='ltr'>potens</span> <span class='ocrx_word' id='word_1_320' title='bbox 655 4281 946 4342; x_wconf 87' lang='lat' dir='ltr'>matrona,</span> <span class='ocrx_word' id='word_1_321' title='bbox 980 4277 1216 4331; x_wconf 89' lang='lat' dir='ltr'>nomine</span> <span class='ocrx_word' id='word_1_322' title='bbox 1246 4278 1469 4347; x_wconf 79' lang='lat' dir='ltr'>Aquila,</span> <span class='ocrx_word' id='word_1_323' title='bbox 1503 4278 1661 4347; x_wconf 88' lang='lat' dir='ltr'>cujus</span> <span class='ocrx_word' id='word_1_324' title='bbox 1689 4281 1822 4331; x_wconf 93' lang='lat' dir='ltr'>tunc</span> 
     </span>
    </p>
   </div>
   <div class='ocr_carea' id='block_1_47' title="bbox 1926 641 3530 723">
    <p class='ocr_par' dir='ltr' id='par_1_47' title="bbox 1926 641 3530 723">
     <span class='ocr_line' id='line_1_47' title="bbox 1926 641 3530 723; baseline 0.008 -28"><span class='ocrx_word' id='word_1_325' title='bbox 1926 641 2185 713; x_wconf 90' lang='lat' dir='ltr'>Cumque</span> <span class='ocrx_word' id='word_1_326' title='bbox 2209 644 2479 699; x_wconf 90' lang='lat' dir='ltr'>lectulum</span> <span class='ocrx_word' id='word_1_327' title='bbox 2498 644 2646 700; x_wconf 90' lang='lat' dir='ltr'>illius</span> <span class='ocrx_word' id='word_1_328' title='bbox 2656 645 3041 716; x_wconf 78' lang='lat' dir='ltr'>plurimorum</span> <span class='ocrx_word' id='word_1_329' title='bbox 3069 646 3530 723; x_wconf 81' lang='lat' dir='ltr'>circumstiparet</span> 
     </span>
    </p>
   </div>
   <div class='ocr_carea' id='block_1_48' title="bbox 1924 729 3525 797">
    <p class='ocr_par' dir='ltr' id='par_1_48' title="bbox 1924 729 3525 797">
     <span class='ocr_line' id='line_1_48' title="bbox 1924 729 3525 797; baseline 0.008 -14"><span class='ocrx_word' id='word_1_330' title='bbox 1924 729 2178 786; x_wconf 85' lang='lat' dir='ltr'>fidelium</span> <span class='ocrx_word' id='word_1_331' title='bbox 2203 735 2413 797; x_wconf 90' lang='lat' dir='ltr'>turma,</span> <span class='ocrx_word' id='word_1_332' title='bbox 2443 733 2513 786; x_wconf 90' lang='lat' dir='ltr'>de</span> <span class='ocrx_word' id='word_1_333' title='bbox 2549 734 2810 789; x_wconf 89' lang='lat' dir='ltr'>absentia</span> <span class='ocrx_word' id='word_1_334' title='bbox 2838 735 2941 790; x_wconf 91' lang='lat' dir='ltr'>viri</span> <span class='ocrx_word' id='word_1_335' title='bbox 2981 736 3163 791; x_wconf 89' lang='lat' dir='ltr'>sancti</span> <span class='ocrx_word' id='word_1_336' title='bbox 3194 738 3372 794; x_wconf 85' lang='lat' dir='ltr'>ﬂebili</span> <span class='ocrx_word' id='word_1_337' title='bbox 3391 756 3525 796; x_wconf 87' lang='lat' dir='ltr'>cum</span> 
     </span>
    </p>
   </div>
   <div class='ocr_carea' id='block_1_49' title="bbox 1924 820 3527 900">
    <p class='ocr_par' dir='ltr' id='par_1_49' title="bbox 1924 820 3527 900">
     <span class='ocr_line' id='line_1_49' title="bbox 1924 820 3527 900; baseline 0.007 -28"><span class='ocrx_word' id='word_1_338' title='bbox 1924 820 2004 873; x_wconf 91' lang='lat' dir='ltr'>eis</span> <span class='ocrx_word' id='word_1_339' title='bbox 2030 823 2115 874; x_wconf 89' lang='lat' dir='ltr'>est</span> <span class='ocrx_word' id='word_1_340' title='bbox 2145 838 2280 875; x_wconf 92' lang='lat' dir='ltr'>voce</span> <span class='ocrx_word' id='word_1_341' title='bbox 2313 827 2629 894; x_wconf 88' lang='lat' dir='ltr'>conquesta</span> <span class='ocrx_word' id='word_1_342' title='bbox 2667 842 2679 878; x_wconf 91' lang='lat'><strong>:</strong></span> <span class='ocrx_word' id='word_1_343' title='bbox 2714 826 2771 878; x_wconf 92' lang='lat' dir='ltr'>et</span> <span class='ocrx_word' id='word_1_344' title='bbox 2812 842 2944 879; x_wconf 93' lang='lat' dir='ltr'>cum</span> <span class='ocrx_word' id='word_1_345' title='bbox 2993 827 3452 900; x_wconf 86' lang='lat' dir='ltr'>interrogaretur</span> <span class='ocrx_word' id='word_1_346' title='bbox 3491 847 3527 884; x_wconf 87' lang='lat' dir='ltr'>a</span> 
     </span>
    </p>
   </div>
   <div class='ocr_carea' id='block_1_50' title="bbox 1924 908 3525 989">
    <p class='ocr_par' dir='ltr' id='par_1_50' title="bbox 1924 908 3525 989">
     <span class='ocr_line' id='line_1_50' title="bbox 1924 908 3525 989; baseline 0.009 -29"><span class='ocrx_word' id='word_1_347' title='bbox 1924 908 2132 962; x_wconf 87' lang='lat' dir='ltr'>nostris</span> <span class='ocrx_word' id='word_1_348' title='bbox 2149 911 2238 964; x_wconf 91' lang='lat' dir='ltr'>cui</span> <span class='ocrx_word' id='word_1_349' title='bbox 2254 909 2394 963; x_wconf 84' lang='lat' dir='ltr'>illud</span> <span class='ocrx_word' id='word_1_350' title='bbox 2417 910 2686 983; x_wconf 90' lang='lat' dir='ltr'>delegare</span> <span class='ocrx_word' id='word_1_351' title='bbox 2703 914 2889 980; x_wconf 90' lang='lat' dir='ltr'>vellet,</span> <span class='ocrx_word' id='word_1_352' title='bbox 2914 914 3121 970; x_wconf 88' lang='lat' dir='ltr'>iterata</span> <span class='ocrx_word' id='word_1_353' title='bbox 3154 913 3358 989; x_wconf 53' lang='lat' dir='ltr'>saepihs</span> <span class='ocrx_word' id='word_1_354' title='bbox 3387 934 3525 974; x_wconf 92' lang='lat' dir='ltr'>voce</span> 
     </span>
    </p>
   </div>
   <div class='ocr_carea' id='block_1_51' title="bbox 1923 998 3526 1078">
    <p class='ocr_par' dir='ltr' id='par_1_51' title="bbox 1923 998 3526 1078">
     <span class='ocr_line' id='line_1_51' title="bbox 1923 998 3526 1078; baseline 0.008 -29"><span class='ocrx_word' id='word_1_355' title='bbox 1923 998 2222 1068; x_wconf 88' lang='lat' dir='ltr'>respondit</span> <span class='ocrx_word' id='word_1_356' title='bbox 2246 1017 2258 1052; x_wconf 92' lang='lat'>:</span> <span class='ocrx_word' id='word_1_357' title='bbox 2280 999 2581 1066; x_wconf 87' lang='lat' dir='ltr'>Hadalino,</span> <span class='ocrx_word' id='word_1_358' title='bbox 2602 1001 2905 1070; x_wconf 86' lang='lat' dir='ltr'>Hadalino,</span> <span class='ocrx_word' id='word_1_359' title='bbox 2931 1002 3228 1072; x_wconf 88' lang='lat' dir='ltr'>Hadalino,</span> <span class='ocrx_word' id='word_1_360' title='bbox 3259 1006 3526 1078; x_wconf 89' lang='lat' dir='ltr'>inquam,</span> 
     </span>
    </p>
   </div>
   <div class='ocr_carea' id='block_1_52' title="bbox 1924 1078 3581 1166">
    <p class='ocr_par' dir='ltr' id='par_1_52' title="bbox 1924 1078 3581 1166">
     <span class='ocr_line' id='line_1_52' title="bbox 1924 1078 3581 1166; baseline 0.008 -27"><span class='ocrx_word' id='word_1_361' title='bbox 1924 1085 2389 1158; x_wconf 88' lang='lat' dir='ltr'>beato.Cumque</span> <span class='ocrx_word' id='word_1_362' title='bbox 2419 1091 2841 1161; x_wconf 84' lang='lat' dir='ltr'>wantum(8)in</span> <span class='ocrx_word' id='word_1_363' title='bbox 2872 1108 3050 1147; x_wconf 91' lang='lat' dir='ltr'>manu</span> <span class='ocrx_word' id='word_1_364' title='bbox 3085 1096 3165 1161; x_wconf 88' lang='lat' dir='ltr'>(ut</span> <span class='ocrx_word' id='word_1_365' title='bbox 3201 1095 3381 1150; x_wconf 92' lang='lat' dir='ltr'>moris</span> <span class='ocrx_word' id='word_1_366' title='bbox 3424 1101 3530 1166; x_wconf 90' lang='lat' dir='ltr'>est)</span> <span class='ocrx_word' id='word_1_367' title='bbox 3572 1078 3581 1087; x_wconf 53' lang='grc'><strong>’</strong></span> 
     </span>
    </p>
   </div>
   <div class='ocr_carea' id='block_1_53' title="bbox 1922 1175 3527 1248">
    <p class='ocr_par' dir='ltr' id='par_1_53' title="bbox 1922 1175 3527 1248">
     <span class='ocr_line' id='line_1_53' title="bbox 1922 1175 3527 1248; baseline 0.007 -20"><span class='ocrx_word' id='word_1_368' title='bbox 1922 1175 2187 1248; x_wconf 88' lang='lat' dir='ltr'>legaliter</span> <span class='ocrx_word' id='word_1_369' title='bbox 2208 1176 2491 1231; x_wconf 87' lang='lat' dir='ltr'>tradenda</span> <span class='ocrx_word' id='word_1_370' title='bbox 2508 1182 2757 1244; x_wconf 90' lang='lat' dir='ltr'>teneret,</span> <span class='ocrx_word' id='word_1_371' title='bbox 2776 1182 2833 1233; x_wconf 94' lang='lat' dir='ltr'>et</span> <span class='ocrx_word' id='word_1_372' title='bbox 2856 1180 2959 1235; x_wconf 91' lang='lat' dir='ltr'>viri</span> <span class='ocrx_word' id='word_1_373' title='bbox 2989 1181 3285 1239; x_wconf 77' lang='lat' dir='ltr'>differetur</span> <span class='ocrx_word' id='word_1_374' title='bbox 3314 1185 3527 1239; x_wconf 91' lang='lat' dir='ltr'>adven-</span> 
     </span>
    </p>
   </div>
   <div class='ocr_carea' id='block_1_54' title="bbox 1927 1264 3525 1335">
    <p class='ocr_par' dir='ltr' id='par_1_54' title="bbox 1927 1264 3525 1335">
     <span class='ocr_line' id='line_1_54' title="bbox 1927 1264 3525 1335; baseline 0.008 -18"><span class='ocrx_word' id='word_1_375' title='bbox 1927 1267 2015 1318; x_wconf 90' lang='lat' dir='ltr'>tus</span> <span class='ocrx_word' id='word_1_376' title='bbox 2048 1264 2372 1335; x_wconf 83' lang='lat' dir='ltr'>exspiravit.</span> <span class='ocrx_word' id='word_1_377' title='bbox 2403 1266 2650 1321; x_wconf 91' lang='lat' dir='ltr'>Currens</span> <span class='ocrx_word' id='word_1_378' title='bbox 2672 1272 2865 1322; x_wconf 90' lang='lat' dir='ltr'>autem</span> <span class='ocrx_word' id='word_1_379' title='bbox 2900 1270 3135 1325; x_wconf 91' lang='lat' dir='ltr'>nuntius</span> <span class='ocrx_word' id='word_1_380' title='bbox 3175 1273 3249 1326; x_wconf 89' lang='lat' dir='ltr'>ad</span> <span class='ocrx_word' id='word_1_381' title='bbox 3288 1273 3525 1329; x_wconf 91' lang='lat' dir='ltr'>beatum</span> 
     </span>
    </p>
   </div>
   <div class='ocr_carea' id='block_1_55' title="bbox 1925 1352 3530 1426">
    <p class='ocr_par' dir='ltr' id='par_1_55' title="bbox 1925 1352 3530 1426">
     <span class='ocr_line' id='line_1_55' title="bbox 1925 1352 3530 1426; baseline 0.007 -21"><span class='ocrx_word' id='word_1_382' title='bbox 1925 1352 2023 1425; x_wconf 89' lang='lat' dir='ltr'>qui</span> <span class='ocrx_word' id='word_1_383' title='bbox 2054 1357 2190 1407; x_wconf 90' lang='lat' dir='ltr'>tunc</span> <span class='ocrx_word' id='word_1_384' title='bbox 2212 1354 2360 1408; x_wconf 85' lang='lat' dir='ltr'>forte</span> <span class='ocrx_word' id='word_1_385' title='bbox 2375 1355 2574 1426; x_wconf 85' lang='lat' dir='ltr'>aberat</span> <span class='ocrx_word' id='word_1_386' title='bbox 2593 1356 2956 1422; x_wconf 86' lang='lat' dir='ltr'>Hadalinum,</span> <span class='ocrx_word' id='word_1_387' title='bbox 2984 1359 3251 1414; x_wconf 89' lang='lat' dir='ltr'>indicavit</span> <span class='ocrx_word' id='word_1_388' title='bbox 3276 1361 3327 1415; x_wconf 90' lang='lat' dir='ltr'>ei</span> <span class='ocrx_word' id='word_1_389' title='bbox 3351 1364 3410 1415; x_wconf 94' lang='lat' dir='ltr'>et</span> <span class='ocrx_word' id='word_1_390' title='bbox 3429 1364 3530 1418; x_wconf 91' lang='lat' dir='ltr'>do-</span> 
     </span>
    </p>
   </div>
   <div class='ocr_carea' id='block_1_56' title="bbox 1925 1443 3528 1520">
    <p class='ocr_par' dir='ltr' id='par_1_56' title="bbox 1925 1443 3528 1520">
     <span class='ocr_line' id='line_1_56' title="bbox 1925 1443 3528 1520; baseline 0.006 -26"><span class='ocrx_word' id='word_1_391' title='bbox 1925 1443 2111 1496; x_wconf 90' lang='lat' dir='ltr'>lorem</span> <span class='ocrx_word' id='word_1_392' title='bbox 2140 1443 2445 1497; x_wconf 89' lang='lat' dir='ltr'>morientis</span> <span class='ocrx_word' id='word_1_393' title='bbox 2462 1447 2518 1497; x_wconf 92' lang='lat' dir='ltr'>et</span> <span class='ocrx_word' id='word_1_394' title='bbox 2536 1461 2767 1499; x_wconf 83' lang='lat' dir='ltr'>causam</span> <span class='ocrx_word' id='word_1_395' title='bbox 2790 1447 3088 1501; x_wconf 59' lang='lat' dir='ltr'>tradenda;</span> <span class='ocrx_word' id='word_1_396' title='bbox 3105 1448 3209 1502; x_wconf 91' lang='lat' dir='ltr'>sibi</span> <span class='ocrx_word' id='word_1_397' title='bbox 3222 1451 3528 1520; x_wconf 89' lang='lat' dir='ltr'>possessio-</span> 
     </span>
    </p>
   </div>
   <div class='ocr_carea' id='block_1_57' title="bbox 1924 1531 3525 1609">
    <p class='ocr_par' dir='ltr' id='par_1_57' title="bbox 1924 1531 3525 1609">
     <span class='ocr_line' id='line_1_57' title="bbox 1924 1531 3525 1609; baseline 0.006 -25"><span class='ocrx_word' id='word_1_398' title='bbox 1924 1531 2031 1585; x_wconf 91' lang='lat' dir='ltr'>nis.</span> <span class='ocrx_word' id='word_1_399' title='bbox 2062 1531 2340 1586; x_wconf 82' lang='lat' dir='ltr'>Veniente</span> <span class='ocrx_word' id='word_1_400' title='bbox 2367 1532 2560 1603; x_wconf 90' lang='lat' dir='ltr'>itaque</span> <span class='ocrx_word' id='word_1_401' title='bbox 2591 1538 2812 1601; x_wconf 90' lang='lat' dir='ltr'>sancto,</span> <span class='ocrx_word' id='word_1_402' title='bbox 2847 1540 2901 1589; x_wconf 90' lang='lat' dir='ltr'>et</span> <span class='ocrx_word' id='word_1_403' title='bbox 2931 1537 3120 1591; x_wconf 89' lang='lat' dir='ltr'>cordis</span> <span class='ocrx_word' id='word_1_404' title='bbox 3146 1538 3267 1608; x_wconf 89' lang='lat' dir='ltr'>ejus</span> <span class='ocrx_word' id='word_1_405' title='bbox 3296 1540 3525 1609; x_wconf 85' lang='lat' dir='ltr'>pulsum</span> 
     </span>
    </p>
   </div>
   <div class='ocr_carea' id='block_1_58' title="bbox 1925 1620 3531 1697">
    <p class='ocr_par' dir='ltr' id='par_1_58' title="bbox 1925 1620 3531 1697">
     <span class='ocr_line' id='line_1_58' title="bbox 1925 1620 3531 1697; baseline 0.006 -25"><span class='ocrx_word' id='word_1_406' title='bbox 1925 1636 2102 1673; x_wconf 89' lang='lat' dir='ltr'>manu</span> <span class='ocrx_word' id='word_1_407' title='bbox 2131 1620 2402 1687; x_wconf 88' lang='lat' dir='ltr'>rimante,</span> <span class='ocrx_word' id='word_1_408' title='bbox 2444 1622 2487 1675; x_wconf 92' lang='lat' dir='ltr'>si</span> <span class='ocrx_word' id='word_1_409' title='bbox 2511 1622 2635 1691; x_wconf 87' lang='lat' dir='ltr'>jam</span> <span class='ocrx_word' id='word_1_410' title='bbox 2670 1624 2950 1678; x_wconf 81' lang='lat' dir='ltr'>exstincta</span> <span class='ocrx_word' id='word_1_411' title='bbox 2975 1625 3233 1681; x_wconf 89' lang='lat' dir='ltr'>funditus</span> <span class='ocrx_word' id='word_1_412' title='bbox 3262 1631 3429 1697; x_wconf 85' lang='lat' dir='ltr'>esset,</span> <span class='ocrx_word' id='word_1_413' title='bbox 3459 1628 3531 1681; x_wconf 85' lang='lat' dir='ltr'>ri-</span> 
     </span>
    </p>
   </div>
   <div class='ocr_carea' id='block_1_59' title="bbox 1922 1709 3529 1785">
    <p class='ocr_par' dir='ltr' id='par_1_59' title="bbox 1922 1709 3529 1785">
     <span class='ocr_line' id='line_1_59' title="bbox 1922 1709 3529 1785; baseline 0.005 -24"><span class='ocrx_word' id='word_1_414' title='bbox 1922 1712 2124 1779; x_wconf 84' lang='lat' dir='ltr'>gentes</span> <span class='ocrx_word' id='word_1_415' title='bbox 2160 1709 2398 1764; x_wconf 90' lang='lat' dir='ltr'>occiduo</span> <span class='ocrx_word' id='word_1_416' title='bbox 2425 1726 2559 1763; x_wconf 87' lang='lat' dir='ltr'>casu</span> <span class='ocrx_word' id='word_1_417' title='bbox 2590 1711 2862 1766; x_wconf 90' lang='lat' dir='ltr'>articulos</span> <span class='ocrx_word' id='word_1_418' title='bbox 2892 1713 3133 1785; x_wconf 89' lang='lat' dir='ltr'>(mirum</span> <span class='ocrx_word' id='word_1_419' title='bbox 3182 1715 3358 1780; x_wconf 88' lang='lat' dir='ltr'>dictu)</span> <span class='ocrx_word' id='word_1_420' title='bbox 3388 1732 3452 1770; x_wconf 90' lang='lat' dir='ltr'>ac</span> <span class='ocrx_word' id='word_1_421' title='bbox 3481 1715 3529 1771; x_wconf 90' lang='lat' dir='ltr'>si</span> 
     </span>
    </p>
   </div>
   <div class='ocr_carea' id='block_1_60' title="bbox 1923 1796 3530 1873">
    <p class='ocr_par' dir='ltr' id='par_1_60' title="bbox 1923 1796 3530 1873">
     <span class='ocr_line' id='line_1_60' title="bbox 1923 1796 3530 1873; baseline 0.004 -22"><span class='ocrx_word' id='word_1_422' title='bbox 1923 1796 2117 1851; x_wconf 89' lang='lat' dir='ltr'>vivens</span> <span class='ocrx_word' id='word_1_423' title='bbox 2138 1798 2383 1867; x_wconf 89' lang='lat' dir='ltr'>aperuit,</span> <span class='ocrx_word' id='word_1_424' title='bbox 2401 1799 2693 1853; x_wconf 91' lang='lat' dir='ltr'>etcunctis</span> <span class='ocrx_word' id='word_1_425' title='bbox 2714 1799 3039 1855; x_wconf 88' lang='lat' dir='ltr'>videntibus</span> <span class='ocrx_word' id='word_1_426' title='bbox 3064 1802 3160 1873; x_wconf 90' lang='lat' dir='ltr'>qui</span> <span class='ocrx_word' id='word_1_427' title='bbox 3179 1803 3423 1857; x_wconf 88' lang='lat' dir='ltr'>aderant</span> <span class='ocrx_word' id='word_1_428' title='bbox 3450 1805 3530 1858; x_wconf 86' lang='lat' dir='ltr'>lo-</span> 
     </span>
    </p>
   </div>
   <div class='ocr_carea' id='block_1_61' title="bbox 1925 1887 3527 1969">
    <p class='ocr_par' dir='ltr' id='par_1_61' title="bbox 1925 1887 3527 1969">
     <span class='ocr_line' id='line_1_61' title="bbox 1925 1887 3527 1969; baseline 0.004 -30"><span class='ocrx_word' id='word_1_429' title='bbox 1925 1902 2054 1940; x_wconf 87' lang='lat' dir='ltr'>cum</span> <span class='ocrx_word' id='word_1_430' title='bbox 2086 1887 2254 1941; x_wconf 89' lang='lat' dir='ltr'>beato</span> <span class='ocrx_word' id='word_1_431' title='bbox 2288 1887 2656 1969; x_wconf 58' lang='lat' dir='ltr'>contradiqit.</span> <span class='ocrx_word' id='word_1_432' title='bbox 2697 1888 2873 1957; x_wconf 88' lang='lat' dir='ltr'>Hujus</span> <span class='ocrx_word' id='word_1_433' title='bbox 2902 1890 2985 1943; x_wconf 88' lang='lat' dir='ltr'>rei</span> <span class='ocrx_word' id='word_1_434' title='bbox 3017 1893 3102 1944; x_wconf 91' lang='lat' dir='ltr'>tot</span> <span class='ocrx_word' id='word_1_435' title='bbox 3136 1907 3200 1945; x_wconf 85' lang='lat' dir='ltr'>ac</span> <span class='ocrx_word' id='word_1_436' title='bbox 3232 1892 3376 1946; x_wconf 88' lang='lat' dir='ltr'>tanti</span> <span class='ocrx_word' id='word_1_437' title='bbox 3407 1891 3527 1946; x_wconf 82' lang='lat' dir='ltr'>exi-</span> 
     </span>
    </p>
   </div>
   <div class='ocr_carea' id='block_1_62' title="bbox 1924 1974 3527 2046">
    <p class='ocr_par' dir='ltr' id='par_1_62' title="bbox 1924 1974 3527 2046">
     <span class='ocr_line' id='line_1_62' title="bbox 1924 1974 3527 2046; baseline 0.004 -19"><span class='ocrx_word' id='word_1_438' title='bbox 1924 1976 2083 2027; x_wconf 91' lang='lat' dir='ltr'>stunt</span> <span class='ocrx_word' id='word_1_439' title='bbox 2111 1977 2463 2045; x_wconf 87' lang='lat' dir='ltr'>testes,quot</span> <span class='ocrx_word' id='word_1_440' title='bbox 2487 1975 2740 2046; x_wconf 90' lang='lat' dir='ltr'>regionis</span> <span class='ocrx_word' id='word_1_441' title='bbox 2769 1974 2919 2029; x_wconf 89' lang='lat' dir='ltr'>illius</span> <span class='ocrx_word' id='word_1_442' title='bbox 2945 1980 3211 2032; x_wconf 88' lang='lat' dir='ltr'>constant</span> <span class='ocrx_word' id='word_1_443' title='bbox 3239 1978 3527 2034; x_wconf 85' lang='lat' dir='ltr'>inhabita-</span> 
     </span>
    </p>
   </div>
   <div class='ocr_carea' id='block_1_63' title="bbox 1926 2064 3529 2131">
    <p class='ocr_par' dir='ltr' id='par_1_63' title="bbox 1926 2064 3529 2131">
     <span class='ocr_line' id='line_1_63' title="bbox 1926 2064 3529 2131; baseline 0.003 -14"><span class='ocrx_word' id='word_1_444' title='bbox 1926 2067 2105 2118; x_wconf 86' lang='lat' dir='ltr'>tores..</span> <span class='ocrx_word' id='word_1_445' title='bbox 2130 2066 2293 2118; x_wconf 87' lang='lat' dir='ltr'>Patet</span> <span class='ocrx_word' id='word_1_446' title='bbox 2306 2064 2480 2121; x_wconf 89' lang='lat' dir='ltr'>etiam</span> <span class='ocrx_word' id='word_1_447' title='bbox 2496 2065 2705 2119; x_wconf 88' lang='lat' dir='ltr'>clarius</span> <span class='ocrx_word' id='word_1_448' title='bbox 2718 2067 2862 2131; x_wconf 93' lang='lat' dir='ltr'>luce,</span> <span class='ocrx_word' id='word_1_449' title='bbox 2881 2066 3018 2120; x_wconf 91' lang='lat' dir='ltr'>dum</span> <span class='ocrx_word' id='word_1_450' title='bbox 3039 2066 3242 2122; x_wconf 70' lang='lat' dir='ltr'>incola:</span> <span class='ocrx_word' id='word_1_451' title='bbox 3255 2069 3529 2127; x_wconf 85' lang='lat' dir='ltr'>eumdem</span> 
     </span>
    </p>
   </div>
   <div class='ocr_carea' id='block_1_64' title="bbox 1924 2152 3532 2224">
    <p class='ocr_par' dir='ltr' id='par_1_64' title="bbox 1924 2152 3532 2224">
     <span class='ocr_line' id='line_1_64' title="bbox 1924 2152 3532 2224; baseline 0.004 -19"><span class='ocrx_word' id='word_1_452' title='bbox 1924 2153 2115 2206; x_wconf 91' lang='lat' dir='ltr'>locum</span> <span class='ocrx_word' id='word_1_453' title='bbox 2146 2152 2414 2207; x_wconf 89' lang='lat' dir='ltr'>videntur</span> <span class='ocrx_word' id='word_1_454' title='bbox 2440 2153 2753 2223; x_wconf 90' lang='lat' dir='ltr'>possidere,</span> <span class='ocrx_word' id='word_1_455' title='bbox 2782 2153 2880 2224; x_wconf 90' lang='lat' dir='ltr'>qui</span> <span class='ocrx_word' id='word_1_456' title='bbox 2911 2154 3076 2209; x_wconf 89' lang='lat' dir='ltr'>dictis</span> <span class='ocrx_word' id='word_1_457' title='bbox 3104 2155 3281 2211; x_wconf 84' lang='lat' dir='ltr'>ﬁdem</span> <span class='ocrx_word' id='word_1_458' title='bbox 3312 2155 3532 2211; x_wconf 90' lang='lat' dir='ltr'>faciunt</span> 
     </span>
    </p>
   </div>
   <div class='ocr_carea' id='block_1_65' title="bbox 1925 2241 2553 2313">
    <p class='ocr_par' dir='ltr' id='par_1_65' title="bbox 1925 2241 2553 2313">
     <span class='ocr_line' id='line_1_65' title="bbox 1925 2241 2553 2313; baseline 0.008 -20"><span class='ocrx_word' id='word_1_459' title='bbox 1925 2256 2103 2312; x_wconf 89' lang='lat' dir='ltr'>usque</span> <span class='ocrx_word' id='word_1_460' title='bbox 2134 2241 2328 2297; x_wconf 87' lang='lat' dir='ltr'>hodie.</span> <span class='ocrx_word' id='word_1_461' title='bbox 2552 2310 2553 2313; x_wconf 20' lang='grc' dir='ltr'><strong>η</strong></span> 
     </span>
    </p>
   </div>
   <div class='ocr_carea' id='block_1_66' title="bbox 1999 2330 3526 2404">
    <p class='ocr_par' dir='ltr' id='par_1_66' title="bbox 1999 2330 3526 2404">
     <span class='ocr_line' id='line_1_66' title="bbox 1999 2330 3526 2404; baseline 0.004 -22"><span class='ocrx_word' id='word_1_462' title='bbox 1999 2333 2016 2382; x_wconf 81' lang='grc'>1</span> <span class='ocrx_word' id='word_1_463' title='bbox 2039 2333 2086 2386; x_wconf 85' lang='lat' dir='ltr'>l.</span> <span class='ocrx_word' id='word_1_464' title='bbox 2106 2330 2464 2384; x_wconf 87' lang='lat' dir='ltr'>Procedente</span> <span class='ocrx_word' id='word_1_465' title='bbox 2478 2348 2673 2385; x_wconf 88' lang='lat' dir='ltr'>rursus</span> <span class='ocrx_word' id='word_1_466' title='bbox 2690 2335 2957 2403; x_wconf 88' lang='lat' dir='ltr'>tempore</span> <span class='ocrx_word' id='word_1_467' title='bbox 2974 2335 3172 2387; x_wconf 90' lang='lat' dir='ltr'>taurus</span> <span class='ocrx_word' id='word_1_468' title='bbox 3186 2348 3319 2387; x_wconf 89' lang='lat' dir='ltr'>casu</span> <span class='ocrx_word' id='word_1_469' title='bbox 3340 2336 3526 2404; x_wconf 83' lang='lat' dir='ltr'>petul-</span> 
     </span>
    </p>
   </div>
   <div class='ocr_carea' id='block_1_67' title="bbox 1925 2418 3532 2492">
    <p class='ocr_par' dir='ltr' id='par_1_67' title="bbox 1925 2418 3532 2492">
     <span class='ocr_line' id='line_1_67' title="bbox 1925 2418 3532 2492; baseline 0.004 -21"><span class='ocrx_word' id='word_1_470' title='bbox 1925 2434 2023 2471; x_wconf 92' lang='lat' dir='ltr'>cus</span> <span class='ocrx_word' id='word_1_471' title='bbox 2049 2418 2258 2472; x_wconf 89' lang='lat' dir='ltr'>ostium</span> <span class='ocrx_word' id='word_1_472' title='bbox 2283 2419 2579 2486; x_wconf 80' lang='lat' dir='ltr'>cujusdam</span> <span class='ocrx_word' id='word_1_473' title='bbox 2604 2419 2931 2491; x_wconf 81' lang='lat' dir='ltr'>eﬂ&#39;regerat.</span> <span class='ocrx_word' id='word_1_474' title='bbox 2951 2421 3209 2492; x_wconf 89' lang='lat' dir='ltr'>Cumque</span> <span class='ocrx_word' id='word_1_475' title='bbox 3230 2421 3352 2491; x_wconf 89' lang='lat' dir='ltr'>ejus</span> <span class='ocrx_word' id='word_1_476' title='bbox 3372 2421 3532 2477; x_wconf 86' lang='lat' dir='ltr'>inha-</span> 
     </span>
    </p>
   </div>
   <div class='ocr_carea' id='block_1_68' title="bbox 1926 2506 3530 2577">
    <p class='ocr_par' dir='ltr' id='par_1_68' title="bbox 1926 2506 3530 2577">
     <span class='ocr_line' id='line_1_68' title="bbox 1926 2506 3530 2577; baseline 0.003 -18"><span class='ocrx_word' id='word_1_477' title='bbox 1926 2506 2154 2559; x_wconf 79' lang='lat' dir='ltr'>bitatrix</span> <span class='ocrx_word' id='word_1_478' title='bbox 2182 2507 2520 2560; x_wconf 88' lang='lat' dir='ltr'>muliercula</span> <span class='ocrx_word' id='word_1_479' title='bbox 2535 2508 2748 2577; x_wconf 89' lang='lat' dir='ltr'>ejulatu</span> <span class='ocrx_word' id='word_1_480' title='bbox 2768 2508 3122 2564; x_wconf 81' lang='lat' dir='ltr'>ﬂebilissimo</span> <span class='ocrx_word' id='word_1_481' title='bbox 3142 2514 3349 2564; x_wconf 91' lang='lat' dir='ltr'>cuncta</span> <span class='ocrx_word' id='word_1_482' title='bbox 3372 2526 3530 2564; x_wconf 87' lang='lat' dir='ltr'>com-</span> 
     </span>
    </p>
   </div>
   <div class='ocr_carea' id='block_1_69' title="bbox 1926 2595 3534 2669">
    <p class='ocr_par' dir='ltr' id='par_1_69' title="bbox 1926 2595 3534 2669">
     <span class='ocr_line' id='line_1_69' title="bbox 1926 2595 3534 2669; baseline 0.003 -21"><span class='ocrx_word' id='word_1_483' title='bbox 1926 2596 2131 2666; x_wconf 90' lang='lat' dir='ltr'>pleret,</span> <span class='ocrx_word' id='word_1_484' title='bbox 2152 2595 2322 2649; x_wconf 89' lang='lat' dir='ltr'>heros</span> <span class='ocrx_word' id='word_1_485' title='bbox 2335 2595 2623 2666; x_wconf 88' lang='lat' dir='ltr'>benignus</span> <span class='ocrx_word' id='word_1_486' title='bbox 2640 2596 2843 2662; x_wconf 80' lang='lat' dir='ltr'>adfuit,</span> <span class='ocrx_word' id='word_1_487' title='bbox 2860 2612 3107 2668; x_wconf 88' lang='lat' dir='ltr'>eamque</span> <span class='ocrx_word' id='word_1_488' title='bbox 3124 2598 3261 2669; x_wconf 77' lang='lat' dir='ltr'>quid</span> <span class='ocrx_word' id='word_1_489' title='bbox 3273 2599 3381 2653; x_wconf 91' lang='lat' dir='ltr'>sibi</span> <span class='ocrx_word' id='word_1_490' title='bbox 3393 2599 3534 2653; x_wconf 89' lang='lat' dir='ltr'>acci-</span> 
     </span>
    </p>
   </div>
   <div class='ocr_carea' id='block_1_70' title="bbox 1926 2683 3527 2756">
    <p class='ocr_par' dir='ltr' id='par_1_70' title="bbox 1926 2683 3527 2756">
     <span class='ocr_line' id='line_1_70' title="bbox 1926 2683 3527 2756; baseline 0 -19"><span class='ocrx_word' id='word_1_491' title='bbox 1926 2683 2076 2737; x_wconf 91' lang='lat' dir='ltr'>derit</span> <span class='ocrx_word' id='word_1_492' title='bbox 2105 2687 2167 2737; x_wconf 92' lang='lat' dir='ltr'>ut</span> <span class='ocrx_word' id='word_1_493' title='bbox 2192 2684 2280 2738; x_wconf 91' lang='lat' dir='ltr'>his</span> <span class='ocrx_word' id='word_1_494' title='bbox 2309 2700 2407 2737; x_wconf 90' lang='lat' dir='ltr'>eos</span> <span class='ocrx_word' id='word_1_495' title='bbox 2426 2685 2777 2739; x_wconf 83' lang='lat' dir='ltr'>clamoribus</span> <span class='ocrx_word' id='word_1_496' title='bbox 2808 2683 3527 2756; x_wconf 86' lang='lat' dir='ltr'>congregaretinquisivit:</span> 
     </span>
    </p>
   </div>
   <div class='ocr_carea' id='block_1_71' title="bbox 1926 2771 3531 2843">
    <p class='ocr_par' dir='ltr' id='par_1_71' title="bbox 1926 2771 3531 2843">
     <span class='ocr_line' id='line_1_71' title="bbox 1926 2771 3531 2843; baseline 0.001 -19"><span class='ocrx_word' id='word_1_497' title='bbox 1926 2771 2273 2843; x_wconf 85' lang='lat' dir='ltr'>cognitaque</span> <span class='ocrx_word' id='word_1_498' title='bbox 2296 2771 2375 2826; x_wconf 88' lang='lat' dir='ltr'>rei</span> <span class='ocrx_word' id='word_1_499' title='bbox 2404 2773 2663 2839; x_wconf 90' lang='lat' dir='ltr'>notione,</span> <span class='ocrx_word' id='word_1_500' title='bbox 2681 2788 2808 2825; x_wconf 90' lang='lat' dir='ltr'>eam</span> <span class='ocrx_word' id='word_1_501' title='bbox 2826 2774 3039 2826; x_wconf 89' lang='lat' dir='ltr'>solatus</span> <span class='ocrx_word' id='word_1_502' title='bbox 3055 2775 3141 2826; x_wconf 92' lang='lat' dir='ltr'>est</span> <span class='ocrx_word' id='word_1_503' title='bbox 3162 2772 3384 2827; x_wconf 88' lang='lat' dir='ltr'>dicens:</span> <span class='ocrx_word' id='word_1_504' title='bbox 3401 2791 3432 2824; x_wconf 64' lang='grc' dir='ltr'><strong>α</strong></span> <span class='ocrx_word' id='word_1_505' title='bbox 3451 2773 3531 2826; x_wconf 89' lang='lat' dir='ltr'>Ne</span> 
     </span>
    </p>
   </div>
   <div class='ocr_carea' id='block_1_72' title="bbox 1925 2859 3543 2932">
    <p class='ocr_par' dir='ltr' id='par_1_72' title="bbox 1925 2859 3543 2932">
     <span class='ocr_line' id='line_1_72' title="bbox 1925 2859 3543 2932; baseline 0.001 -20"><span class='ocrx_word' id='word_1_506' title='bbox 1925 2859 2281 2929; x_wconf 87' lang='lat' dir='ltr'>perturberis</span> <span class='ocrx_word' id='word_1_507' title='bbox 2308 2860 2518 2913; x_wconf 88' lang='lat' dir='ltr'>misera</span> <span class='ocrx_word' id='word_1_508' title='bbox 2540 2860 2595 2913; x_wconf 88' lang='lat' dir='ltr'>in</span> <span class='ocrx_word' id='word_1_509' title='bbox 2624 2859 2893 2931; x_wconf 90' lang='lat' dir='ltr'>tugurioli</span> <span class='ocrx_word' id='word_1_510' title='bbox 2922 2860 3001 2913; x_wconf 89' lang='lat' dir='ltr'>tui</span> <span class='ocrx_word' id='word_1_511' title='bbox 3015 2859 3204 2926; x_wconf 88' lang='lat' dir='ltr'>ruina,</span> <span class='ocrx_word' id='word_1_512' title='bbox 3226 2860 3326 2912; x_wconf 85' lang='lat' dir='ltr'>sed</span> <span class='ocrx_word' id='word_1_513' title='bbox 3346 2859 3543 2932; x_wconf 84' lang='lat' dir='ltr'>magis</span> 
     </span>
    </p>
   </div>
   <div class='ocr_carea' id='block_1_73' title="bbox 1926 2946 3531 3019">
    <p class='ocr_par' dir='ltr' id='par_1_73' title="bbox 1926 2946 3531 3019">
     <span class='ocr_line' id='line_1_73' title="bbox 1926 2946 3531 3019; baseline -0.001 -17"><span class='ocrx_word' id='word_1_514' title='bbox 1926 2947 2093 3002; x_wconf 90' lang='lat' dir='ltr'>bonis</span> <span class='ocrx_word' id='word_1_515' title='bbox 2122 2947 2396 3019; x_wconf 86' lang='lat' dir='ltr'>Operibus</span> <span class='ocrx_word' id='word_1_516' title='bbox 2427 2949 2685 3013; x_wconf 89' lang='lat' dir='ltr'>elabora,</span> <span class='ocrx_word' id='word_1_517' title='bbox 2717 2953 2778 3001; x_wconf 91' lang='lat' dir='ltr'>ut</span> <span class='ocrx_word' id='word_1_518' title='bbox 2808 2947 2865 3002; x_wconf 92' lang='lat' dir='ltr'>in</span> <span class='ocrx_word' id='word_1_519' title='bbox 2908 2947 3004 3001; x_wconf 89' lang='lat' dir='ltr'>illa</span> <span class='ocrx_word' id='word_1_520' title='bbox 3038 2964 3151 3019; x_wconf 88' lang='lat' dir='ltr'>qua</span> <span class='ocrx_word' id='word_1_521' title='bbox 3199 2946 3531 3002; x_wconf 87' lang='lat' dir='ltr'>mansiones</span> 
     </span>
    </p>
   </div>
   <div class='ocr_carea' id='block_1_74' title="bbox 1926 3035 3532 3091">
    <p class='ocr_par' dir='ltr' id='par_1_74' title="bbox 1926 3035 3532 3091">
     <span class='ocr_line' id='line_1_74' title="bbox 1926 3035 3532 3091; baseline 0 -3"><span class='ocrx_word' id='word_1_522' title='bbox 1926 3036 2123 3089; x_wconf 62' lang='lat' dir='ltr'>multa:</span> <span class='ocrx_word' id='word_1_523' title='bbox 2152 3041 2286 3090; x_wconf 91' lang='lat' dir='ltr'>sunt</span> <span class='ocrx_word' id='word_1_524' title='bbox 2316 3036 2595 3091; x_wconf 88' lang='lat' dir='ltr'>merearis</span> <span class='ocrx_word' id='word_1_525' title='bbox 2627 3037 2747 3090; x_wconf 82' lang='lat' dir='ltr'>ﬁeri</span> <span class='ocrx_word' id='word_1_526' title='bbox 2780 3036 2988 3090; x_wconf 87' lang='lat' dir='ltr'>incola.</span> <span class='ocrx_word' id='word_1_527' title='bbox 3031 3057 3056 3084; x_wconf 85' lang='lat'>»</span> <span class='ocrx_word' id='word_1_528' title='bbox 3089 3037 3157 3090; x_wconf 89' lang='lat' dir='ltr'>Et</span> <span class='ocrx_word' id='word_1_529' title='bbox 3185 3035 3308 3089; x_wconf 74' lang='lat' dir='ltr'>haec</span> <span class='ocrx_word' id='word_1_530' title='bbox 3338 3035 3532 3089; x_wconf 90' lang='lat' dir='ltr'>dicens</span> 
     </span>
    </p>
   </div>
   <div class='ocr_carea' id='block_1_75' title="bbox 1926 3123 3528 3197">
    <p class='ocr_par' dir='ltr' id='par_1_75' title="bbox 1926 3123 3528 3197">
     <span class='ocr_line' id='line_1_75' title="bbox 1926 3123 3528 3197; baseline 0.001 -20"><span class='ocrx_word' id='word_1_531' title='bbox 1926 3123 2138 3178; x_wconf 89' lang='lat' dir='ltr'>ostium</span> <span class='ocrx_word' id='word_1_532' title='bbox 2165 3124 2755 3197; x_wconf 86' lang='lat' dir='ltr'>signavit,integritati</span> <span class='ocrx_word' id='word_1_533' title='bbox 2780 3124 3032 3195; x_wconf 63' lang='lat' dir='ltr'>pristinae</span> <span class='ocrx_word' id='word_1_534' title='bbox 3058 3124 3233 3178; x_wconf 89' lang='lat' dir='ltr'>verbo</span> <span class='ocrx_word' id='word_1_535' title='bbox 3255 3124 3528 3191; x_wconf 87' lang='lat' dir='ltr'>reddidit,</span> 
     </span>
    </p>
   </div>
   <div class='ocr_carea' id='block_1_76' title="bbox 1926 3211 3534 3285">
    <p class='ocr_par' dir='ltr' id='par_1_76' title="bbox 1926 3211 3534 3285">
     <span class='ocr_line' id='line_1_76' title="bbox 1926 3211 3534 3285; baseline 0 -19"><span class='ocrx_word' id='word_1_536' title='bbox 1926 3211 2312 3268; x_wconf 89' lang='lat' dir='ltr'>admiratione</span> <span class='ocrx_word' id='word_1_537' title='bbox 2340 3216 2546 3268; x_wconf 88' lang='lat' dir='ltr'>cuncta</span> <span class='ocrx_word' id='word_1_538' title='bbox 2584 3214 2843 3285; x_wconf 86' lang='lat' dir='ltr'>replevit,</span> <span class='ocrx_word' id='word_1_539' title='bbox 2876 3229 3049 3285; x_wconf 90' lang='lat' dir='ltr'>seque</span> <span class='ocrx_word' id='word_1_540' title='bbox 3065 3212 3410 3283; x_wconf 88' lang='lat' dir='ltr'>jactantiam</span> <span class='ocrx_word' id='word_1_541' title='bbox 3449 3213 3534 3267; x_wconf 85' lang='lat' dir='ltr'>fu-</span> 
     </span>
    </p>
   </div>
   <div class='ocr_carea' id='block_1_77' title="bbox 1925 3299 2676 3369">
    <p class='ocr_par' dir='ltr' id='par_1_77' title="bbox 1925 3299 2676 3369">
     <span class='ocr_line' id='line_1_77' title="bbox 1925 3299 2676 3369; baseline 0.004 -16"><span class='ocrx_word' id='word_1_542' title='bbox 1925 3299 2117 3369; x_wconf 89' lang='lat' dir='ltr'>gitans</span> <span class='ocrx_word' id='word_1_543' title='bbox 2146 3301 2404 3356; x_wconf 89' lang='lat' dir='ltr'>concitus</span> <span class='ocrx_word' id='word_1_544' title='bbox 2436 3301 2676 3358; x_wconf 88' lang='lat' dir='ltr'>abdidit.</span> 
     </span>
    </p>
   </div>
   <div class='ocr_carea' id='block_1_78' title="bbox 2002 3389 3532 3463">
    <p class='ocr_par' dir='ltr' id='par_1_78' title="bbox 2002 3389 3532 3463">
     <span class='ocr_line' id='line_1_78' title="bbox 2002 3389 3532 3463; baseline 0.001 -20"><span class='ocrx_word' id='word_1_545' title='bbox 2002 3393 2086 3443; x_wconf 71' lang='lat'>12.</span> <span class='ocrx_word' id='word_1_546' title='bbox 2137 3389 2364 3462; x_wconf 88' lang='lat' dir='ltr'>Pauper</span> <span class='ocrx_word' id='word_1_547' title='bbox 2407 3390 2582 3461; x_wconf 84' lang='lat' dir='ltr'>igitur</span> <span class='ocrx_word' id='word_1_548' title='bbox 2624 3391 2845 3463; x_wconf 86' lang='lat' dir='ltr'>spiritu,</span> <span class='ocrx_word' id='word_1_549' title='bbox 2880 3390 3013 3462; x_wconf 89' lang='lat' dir='ltr'>quia</span> <span class='ocrx_word' id='word_1_550' title='bbox 3058 3407 3192 3445; x_wconf 89' lang='lat' dir='ltr'>casu</span> <span class='ocrx_word' id='word_1_551' title='bbox 3238 3390 3532 3462; x_wconf 90' lang='lat' dir='ltr'>nequibat,</span> 
     </span>
    </p>
   </div>
   <div class='ocr_carea' id='block_1_79' title="bbox 1925 3478 3532 3550">
    <p class='ocr_par' dir='ltr' id='par_1_79' title="bbox 1925 3478 3532 3550">
     <span class='ocr_line' id='line_1_79' title="bbox 1925 3478 3532 3550; baseline 0.001 -19"><span class='ocrx_word' id='word_1_552' title='bbox 1925 3478 2135 3532; x_wconf 78' lang='lat' dir='ltr'>all&#39;ectu</span> <span class='ocrx_word' id='word_1_553' title='bbox 2164 3496 2413 3550; x_wconf 87' lang='lat' dir='ltr'>regnum</span> <span class='ocrx_word' id='word_1_554' title='bbox 2428 3481 2703 3534; x_wconf 72' lang='lat' dir='ltr'>cwlorum</span> <span class='ocrx_word' id='word_1_555' title='bbox 2718 3497 2915 3542; x_wconf 89' lang='lat' dir='ltr'>emere</span> <span class='ocrx_word' id='word_1_556' title='bbox 2928 3480 3335 3546; x_wconf 87' lang='lat' dir='ltr'>contendebat,</span> <span class='ocrx_word' id='word_1_557' title='bbox 3352 3480 3532 3535; x_wconf 89' lang='lat' dir='ltr'>mitis-</span> 
     </span>
    </p>
   </div>
   <div class='ocr_carea' id='block_1_80' title="bbox 1925 3567 3534 3638">
    <p class='ocr_par' dir='ltr' id='par_1_80' title="bbox 1925 3567 3534 3638">
     <span class='ocr_line' id='line_1_80' title="bbox 1925 3567 3534 3638; baseline 0.001 -18"><span class='ocrx_word' id='word_1_558' title='bbox 1925 3567 2186 3638; x_wconf 84' lang='lat' dir='ltr'>simaque</span> <span class='ocrx_word' id='word_1_559' title='bbox 2214 3571 2408 3621; x_wconf 87' lang='lat' dir='ltr'>mente</span> <span class='ocrx_word' id='word_1_560' title='bbox 2424 3571 2641 3622; x_wconf 90' lang='lat' dir='ltr'>terram</span> <span class='ocrx_word' id='word_1_561' title='bbox 2666 3568 2973 3623; x_wconf 89' lang='lat' dir='ltr'>viventium</span> <span class='ocrx_word' id='word_1_562' title='bbox 2993 3568 3286 3638; x_wconf 89' lang='lat' dir='ltr'>possidere</span> <span class='ocrx_word' id='word_1_563' title='bbox 3306 3568 3534 3622; x_wconf 90' lang='lat' dir='ltr'>sedulus</span> 
     </span>
    </p>
   </div>
   <div class='ocr_carea' id='block_1_81' title="bbox 1925 3656 3535 3728">
    <p class='ocr_par' dir='ltr' id='par_1_81' title="bbox 1925 3656 3535 3728">
     <span class='ocr_line' id='line_1_81' title="bbox 1925 3656 3535 3728; baseline 0.001 -18"><span class='ocrx_word' id='word_1_564' title='bbox 1925 3656 2251 3721; x_wconf 78' lang='lat' dir='ltr'>affectabat,</span> <span class='ocrx_word' id='word_1_565' title='bbox 2285 3674 2535 3728; x_wconf 89' lang='lat' dir='ltr'>cumque</span> <span class='ocrx_word' id='word_1_566' title='bbox 2558 3658 2803 3712; x_wconf 89' lang='lat' dir='ltr'>esuriret</span> <span class='ocrx_word' id='word_1_567' title='bbox 2823 3661 2880 3712; x_wconf 91' lang='lat' dir='ltr'>et</span> <span class='ocrx_word' id='word_1_568' title='bbox 2908 3657 3090 3712; x_wconf 90' lang='lat' dir='ltr'>sitiret</span> <span class='ocrx_word' id='word_1_569' title='bbox 3111 3657 3415 3727; x_wconf 90' lang='lat' dir='ltr'>justitiam,</span> <span class='ocrx_word' id='word_1_570' title='bbox 3454 3674 3535 3711; x_wconf 83' lang='lat' dir='ltr'>sa-</span> 
     </span>
    </p>
   </div>
   <div class='ocr_carea' id='block_1_82' title="bbox 1925 3745 3536 3815">
    <p class='ocr_par' dir='ltr' id='par_1_82' title="bbox 1925 3745 3536 3815">
     <span class='ocr_line' id='line_1_82' title="bbox 1925 3745 3536 3815; baseline 0.001 -18"><span class='ocrx_word' id='word_1_571' title='bbox 1925 3745 2056 3798; x_wconf 89' lang='lat' dir='ltr'>tiari</span> <span class='ocrx_word' id='word_1_572' title='bbox 2080 3762 2209 3798; x_wconf 91' lang='lat' dir='ltr'>cum</span> <span class='ocrx_word' id='word_1_573' title='bbox 2232 3745 2436 3799; x_wconf 86' lang='lat' dir='ltr'>Christi</span> <span class='ocrx_word' id='word_1_574' title='bbox 2461 3746 2930 3800; x_wconf 83' lang='lat' dir='ltr'>manifestaretur</span> <span class='ocrx_word' id='word_1_575' title='bbox 2948 3745 3134 3815; x_wconf 90' lang='lat' dir='ltr'>gloria</span> <span class='ocrx_word' id='word_1_576' title='bbox 3160 3745 3536 3811; x_wconf 86' lang='lat' dir='ltr'>ambiens,fa-</span> 
     </span>
    </p>
   </div>
   <div class='ocr_carea' id='block_1_83' title="bbox 1924 3833 3533 3904">
    <p class='ocr_par' dir='ltr' id='par_1_83' title="bbox 1924 3833 3533 3904">
     <span class='ocr_line' id='line_1_83' title="bbox 1924 3833 3533 3904; baseline 0.001 -18"><span class='ocrx_word' id='word_1_577' title='bbox 1924 3850 2084 3887; x_wconf 90' lang='lat' dir='ltr'>mam</span> <span class='ocrx_word' id='word_1_578' title='bbox 2102 3834 2291 3887; x_wconf 69' lang='lat' dir='ltr'>saeculi</span> <span class='ocrx_word' id='word_1_579' title='bbox 2321 3850 2424 3904; x_wconf 92' lang='lat' dir='ltr'>pro</span> <span class='ocrx_word' id='word_1_580' title='bbox 2452 3833 2632 3888; x_wconf 88' lang='lat' dir='ltr'>nihilo</span> <span class='ocrx_word' id='word_1_581' title='bbox 2660 3834 2923 3887; x_wconf 90' lang='lat' dir='ltr'>ducebat.</span> <span class='ocrx_word' id='word_1_582' title='bbox 2948 3835 3035 3899; x_wconf 87' lang='lat' dir='ltr'>Et,</span> <span class='ocrx_word' id='word_1_583' title='bbox 3056 3836 3118 3886; x_wconf 93' lang='lat' dir='ltr'>ut</span> <span class='ocrx_word' id='word_1_584' title='bbox 3140 3834 3320 3887; x_wconf 90' lang='lat' dir='ltr'>Deum</span> <span class='ocrx_word' id='word_1_585' title='bbox 3338 3837 3533 3888; x_wconf 88' lang='lat' dir='ltr'>mente</span> 
     </span>
    </p>
   </div>
   <div class='ocr_carea' id='block_1_84' title="bbox 1924 3920 3532 3993">
    <p class='ocr_par' dir='ltr' id='par_1_84' title="bbox 1924 3920 3532 3993">
     <span class='ocr_line' id='line_1_84' title="bbox 1924 3920 3532 3993; baseline -0.002 -16"><span class='ocrx_word' id='word_1_586' title='bbox 1924 3922 2272 3992; x_wconf 86' lang='lat' dir='ltr'>conciperet,</span> <span class='ocrx_word' id='word_1_587' title='bbox 2290 3920 2759 3993; x_wconf 85' lang='lat' dir='ltr'>limpidissimum</span> <span class='ocrx_word' id='word_1_588' title='bbox 2774 3922 2963 3976; x_wconf 87' lang='lat' dir='ltr'>cordis</span> <span class='ocrx_word' id='word_1_589' title='bbox 2976 3921 3206 3975; x_wconf 87' lang='lat' dir='ltr'>oculum</span> <span class='ocrx_word' id='word_1_590' title='bbox 3232 3937 3264 3973; x_wconf 86' lang='lat' dir='ltr'>a</span> <span class='ocrx_word' id='word_1_591' title='bbox 3291 3920 3532 3974; x_wconf 91' lang='lat' dir='ltr'>malivo-</span> 
     </span>
    </p>
   </div>
   <div class='ocr_carea' id='block_1_85' title="bbox 1924 4010 3532 4081">
    <p class='ocr_par' dir='ltr' id='par_1_85' title="bbox 1924 4010 3532 4081">
     <span class='ocr_line' id='line_1_85' title="bbox 1924 4010 3532 4081; baseline 0 -17"><span class='ocrx_word' id='word_1_592' title='bbox 1924 4010 2105 4065; x_wconf 90' lang='lat' dir='ltr'>lentia</span> <span class='ocrx_word' id='word_1_593' title='bbox 2137 4013 2195 4063; x_wconf 94' lang='lat' dir='ltr'>et</span> <span class='ocrx_word' id='word_1_594' title='bbox 2224 4010 2587 4064; x_wconf 63' lang='lat' dir='ltr'>saecularium</span> <span class='ocrx_word' id='word_1_595' title='bbox 2626 4027 2895 4065; x_wconf 90' lang='lat' dir='ltr'>curarum</span> <span class='ocrx_word' id='word_1_596' title='bbox 2928 4011 3161 4081; x_wconf 84' lang='lat' dir='ltr'>pulvere</span> <span class='ocrx_word' id='word_1_597' title='bbox 3192 4025 3532 4064; x_wconf 82' lang='lat' dir='ltr'>conservare</span> 
     </span>
    </p>
   </div>
   <div class='ocr_carea' id='block_1_86' title="bbox 1923 4096 3532 4168">
    <p class='ocr_par' dir='ltr' id='par_1_86' title="bbox 1923 4096 3532 4168">
     <span class='ocr_line' id='line_1_86' title="bbox 1923 4096 3532 4168; baseline -0.001 -15"><span class='ocrx_word' id='word_1_598' title='bbox 1923 4099 2209 4154; x_wconf 89' lang='lat' dir='ltr'>studebat.</span> <span class='ocrx_word' id='word_1_599' title='bbox 2246 4100 2313 4152; x_wconf 88' lang='lat' dir='ltr'>Et</span> <span class='ocrx_word' id='word_1_600' title='bbox 2340 4100 2474 4153; x_wconf 89' lang='lat' dir='ltr'>licet</span> <span class='ocrx_word' id='word_1_601' title='bbox 2503 4115 2635 4153; x_wconf 90' lang='lat' dir='ltr'>caro</span> <span class='ocrx_word' id='word_1_602' title='bbox 2656 4099 2937 4153; x_wconf 74' lang='lat' dir='ltr'>adversus</span> <span class='ocrx_word' id='word_1_603' title='bbox 2966 4098 3259 4168; x_wconf 88' lang='lat' dir='ltr'>spiritum,</span> <span class='ocrx_word' id='word_1_604' title='bbox 3300 4096 3532 4167; x_wconf 84' lang='lat' dir='ltr'>spiritus</span> 
     </span>
    </p>
   </div>
   <div class='ocr_carea' id='block_1_87' title="bbox 1925 4186 3533 4256">
    <p class='ocr_par' dir='ltr' id='par_1_87' title="bbox 1925 4186 3533 4256">
     <span class='ocr_line' id='line_1_87' title="bbox 1925 4186 3533 4256; baseline -0.002 -15"><span class='ocrx_word' id='word_1_605' title='bbox 1925 4192 2119 4243; x_wconf 87' lang='lat' dir='ltr'>autem</span> <span class='ocrx_word' id='word_1_606' title='bbox 2149 4188 2419 4242; x_wconf 90' lang='lat' dir='ltr'>adversus</span> <span class='ocrx_word' id='word_1_607' title='bbox 2451 4204 2684 4241; x_wconf 90' lang='lat' dir='ltr'>carnem</span> <span class='ocrx_word' id='word_1_608' title='bbox 2708 4186 2857 4256; x_wconf 80' lang='lat' dir='ltr'>(Gal.</span> <span class='ocrx_word' id='word_1_609' title='bbox 2891 4204 2945 4253; x_wconf 91' lang='lat' dir='ltr'>v,</span> <span class='ocrx_word' id='word_1_610' title='bbox 2982 4186 3086 4256; x_wconf 75' lang='lat' dir='ltr'>l7),</span> <span class='ocrx_word' id='word_1_611' title='bbox 3121 4187 3260 4240; x_wconf 88' lang='lat' dir='ltr'>dum</span> <span class='ocrx_word' id='word_1_612' title='bbox 3303 4189 3533 4239; x_wconf 90' lang='lat' dir='ltr'>terrena</span> 
     </span>
    </p>
   </div>
   <div class='ocr_carea' id='block_1_88' title="bbox 1926 4275 3535 4347">
    <p class='ocr_par' dir='ltr' id='par_1_88' title="bbox 1926 4275 3535 4347">
     <span class='ocr_line' id='line_1_88' title="bbox 1926 4275 3535 4347; baseline -0.001 -18"><span class='ocrx_word' id='word_1_613' title='bbox 1926 4276 2266 4331; x_wconf 87' lang='lat' dir='ltr'>inhabitatio</span> <span class='ocrx_word' id='word_1_614' title='bbox 2281 4276 2660 4347; x_wconf 78' lang='lat' dir='ltr'>sensumdepr</span> <span class='ocrx_word' id='word_1_615' title='bbox 2673 4275 3011 4341; x_wconf 90' lang='lat' dir='ltr'>imit,multa</span> <span class='ocrx_word' id='word_1_616' title='bbox 3023 4275 3375 4345; x_wconf 86' lang='lat' dir='ltr'>cogitantem</span> <span class='ocrx_word' id='word_1_617' title='bbox 3388 4288 3535 4327; x_wconf 91' lang='lat' dir='ltr'>sem-</span> 
     </span>
    </p>
   </div>
   <div class='ocr_carea' id='block_1_89' title="bbox 182 4353 3533 4442">
    <p class='ocr_par' dir='ltr' id='par_1_89' title="bbox 182 4353 3533 4442">
     <span class='ocr_line' id='line_1_89' title="bbox 182 4353 3533 4442; baseline -0.001 -22"><span class='ocrx_word' id='word_1_618' title='bbox 182 4368 329 4420; x_wconf 83' lang='lat' dir='ltr'>erat</span> <span class='ocrx_word' id='word_1_619' title='bbox 354 4366 644 4436; x_wconf 78' lang='lat' dir='ltr'>Anthegia</span> <span class='ocrx_word' id='word_1_620' title='bbox 664 4366 743 4437; x_wconf 78' lang='lat'>(7)</span> <span class='ocrx_word' id='word_1_621' title='bbox 769 4367 901 4420; x_wconf 86' lang='lat' dir='ltr'>villa</span> <span class='ocrx_word' id='word_1_622' title='bbox 919 4364 1239 4431; x_wconf 85' lang='lat' dir='ltr'>notissima,</span> <span class='ocrx_word' id='word_1_623' title='bbox 1260 4365 1419 4419; x_wconf 89' lang='lat' dir='ltr'>dedit</span> <span class='ocrx_word' id='word_1_624' title='bbox 1446 4367 1561 4419; x_wconf 83' lang='lat' dir='ltr'>Deo</span> <span class='ocrx_word' id='word_1_625' title='bbox 1590 4364 1663 4418; x_wconf 92' lang='lat' dir='ltr'>ad</span> <span class='ocrx_word' id='word_1_626' title='bbox 1690 4381 1820 4418; x_wconf 87' lang='lat' dir='ltr'>san-</span> <span class='ocrx_word' id='word_1_627' title='bbox 1849 4383 1901 4442; x_wconf 83' lang='lat' dir='ltr'>D</span> <span class='ocrx_word' id='word_1_628' title='bbox 1926 4380 2029 4435; x_wconf 87' lang='lat' dir='ltr'>per</span> <span class='ocrx_word' id='word_1_629' title='bbox 2054 4363 2457 4433; x_wconf 88' lang='lat' dir='ltr'>concupiscere</span> <span class='ocrx_word' id='word_1_630' title='bbox 2483 4364 2683 4428; x_wconf 89' lang='lat' dir='ltr'>soleat,</span> <span class='ocrx_word' id='word_1_631' title='bbox 2720 4353 2922 4435; x_wconf 64' lang='lat' dir='ltr'>pac&#39;em</span> <span class='ocrx_word' id='word_1_632' title='bbox 2960 4362 3064 4417; x_wconf 90' lang='lat' dir='ltr'>iste</span> <span class='ocrx_word' id='word_1_633' title='bbox 3108 4360 3417 4416; x_wconf 83' lang='lat' dir='ltr'>miriﬁcam</span> <span class='ocrx_word' id='word_1_634' title='bbox 3447 4361 3533 4416; x_wconf 87' lang='lat' dir='ltr'>fa-</span> 
     </span>
    </p>
   </div>
   <div class='ocr_carea' id='block_1_90' title="bbox 181 4451 1819 4523">
    <p class='ocr_par' dir='ltr' id='par_1_90' title="bbox 181 4451 1819 4523">
     <span class='ocr_line' id='line_1_90' title="bbox 181 4451 1819 4523; baseline -0.002 -16"><span class='ocrx_word' id='word_1_635' title='bbox 181 4453 265 4507; x_wconf 85' lang='lat' dir='ltr'>cti</span> <span class='ocrx_word' id='word_1_636' title='bbox 307 4455 767 4507; x_wconf 82' lang='lat' dir='ltr'>sustentaculum</span> <span class='ocrx_word' id='word_1_637' title='bbox 806 4453 1067 4518; x_wconf 79' lang='lat' dir='ltr'>Russina,</span> <span class='ocrx_word' id='word_1_638' title='bbox 1101 4452 1255 4523; x_wconf 84' lang='lat' dir='ltr'>quod</span> <span class='ocrx_word' id='word_1_639' title='bbox 1299 4451 1505 4506; x_wconf 89' lang='lat' dir='ltr'>dicitur</span> <span class='ocrx_word' id='word_1_640' title='bbox 1543 4451 1819 4505; x_wconf 73' lang='lat' dir='ltr'>Mam-um.</span> 
     </span>
    </p>
   </div>
   <div class='ocr_carea' id='block_1_91' title="bbox 186 4540 1821 4622">
    <p class='ocr_par' dir='ltr' id='par_1_91' title="bbox 186 4540 1821 4622">
     <span class='ocr_line' id='line_1_91' title="bbox 186 4540 1821 4622; baseline -0.001 -27"><span class='ocrx_word' id='word_1_641' title='bbox 186 4543 319 4595; x_wconf 84' lang='lat' dir='ltr'>Hoc</span> <span class='ocrx_word' id='word_1_642' title='bbox 346 4542 611 4612; x_wconf 81' lang='lat' dir='ltr'>exemplo</span> <span class='ocrx_word' id='word_1_643' title='bbox 646 4544 703 4594; x_wconf 92' lang='lat' dir='ltr'>et</span> <span class='ocrx_word' id='word_1_644' title='bbox 730 4543 910 4622; x_wconf 61' lang='lat' dir='ltr'>altera</span> <span class='ocrx_word' id='word_1_645' title='bbox 942 4541 1211 4612; x_wconf 67' lang='lat' dir='ltr'>quaedam</span> <span class='ocrx_word' id='word_1_646' title='bbox 1244 4540 1409 4594; x_wconf 83' lang='lat' dir='ltr'>Guiza</span> <span class='ocrx_word' id='word_1_647' title='bbox 1434 4544 1654 4605; x_wconf 87' lang='lat' dir='ltr'>vocata,</span> <span class='ocrx_word' id='word_1_648' title='bbox 1688 4558 1821 4594; x_wconf 88' lang='lat' dir='ltr'>cum</span> 
     </span>
    </p>
   </div>
   <div class='ocr_carea' id='block_1_92' title="bbox 183 4629 1823 4701">
    <p class='ocr_par' dir='ltr' id='par_1_92' title="bbox 183 4629 1823 4701">
     <span class='ocr_line' id='line_1_92' title="bbox 183 4629 1823 4701; baseline -0.001 -17"><span class='ocrx_word' id='word_1_649' title='bbox 183 4629 440 4684; x_wconf 83' lang='lat' dir='ltr'>tradere</span> <span class='ocrx_word' id='word_1_650' title='bbox 466 4631 582 4683; x_wconf 89' lang='lat' dir='ltr'>Deo</span> <span class='ocrx_word' id='word_1_651' title='bbox 609 4647 711 4701; x_wconf 88' lang='lat' dir='ltr'>per</span> <span class='ocrx_word' id='word_1_652' title='bbox 732 4647 974 4684; x_wconf 86' lang='lat' dir='ltr'>manum</span> <span class='ocrx_word' id='word_1_653' title='bbox 995 4630 1256 4700; x_wconf 88' lang='lat' dir='ltr'>ejusdem</span> <span class='ocrx_word' id='word_1_654' title='bbox 1282 4629 1505 4683; x_wconf 88' lang='lat' dir='ltr'>bealissi</span> <span class='ocrx_word' id='word_1_655' title='bbox 1518 4630 1593 4683; x_wconf 91' lang='lat' dir='ltr'>mi</span> <span class='ocrx_word' id='word_1_656' title='bbox 1624 4630 1823 4684; x_wconf 86' lang='lat' dir='ltr'>videli-</span> 
     </span>
    </p>
   </div>
   <div class='ocr_carea' id='block_1_93' title="bbox 187 4717 1819 4789">
    <p class='ocr_par' dir='ltr' id='par_1_93' title="bbox 187 4717 1819 4789">
     <span class='ocr_line' id='line_1_93' title="bbox 187 4717 1819 4789; baseline 0 -16"><span class='ocrx_word' id='word_1_657' title='bbox 187 4722 291 4773; x_wconf 81' lang='lat' dir='ltr'>cet</span> <span class='ocrx_word' id='word_1_658' title='bbox 326 4717 593 4771; x_wconf 84' lang='lat' dir='ltr'>Hadalini</span> <span class='ocrx_word' id='word_1_659' title='bbox 626 4718 909 4789; x_wconf 47' lang='lat' dir='ltr'>praedium</span> <span class='ocrx_word' id='word_1_660' title='bbox 942 4719 1099 4789; x_wconf 92' lang='lat' dir='ltr'>quod</span> <span class='ocrx_word' id='word_1_661' title='bbox 1136 4719 1275 4772; x_wconf 76' lang='lat' dir='ltr'>Vell:</span> <span class='ocrx_word' id='word_1_662' title='bbox 1300 4718 1602 4772; x_wconf 87' lang='lat' dir='ltr'>dicebatur</span> <span class='ocrx_word' id='word_1_663' title='bbox 1630 4720 1819 4783; x_wconf 88' lang='lat' dir='ltr'>vellet,</span> 
     </span>
    </p>
   </div>
   <div class='ocr_carea' id='block_1_94' title="bbox 181 4806 1821 4877">
    <p class='ocr_par' dir='ltr' id='par_1_94' title="bbox 181 4806 1821 4877">
     <span class='ocr_line' id='line_1_94' title="bbox 181 4806 1821 4877; baseline 0.002 -16"><span class='ocrx_word' id='word_1_664' title='bbox 181 4822 538 4877; x_wconf 83' lang='lat' dir='ltr'>cognomen</span> <span class='ocrx_word' id='word_1_665' title='bbox 571 4823 605 4859; x_wconf 89' lang='lat' dir='ltr'>a</span> <span class='ocrx_word' id='word_1_666' title='bbox 630 4808 904 4860; x_wconf 75' lang='lat' dir='ltr'>vocabulo</span> <span class='ocrx_word' id='word_1_667' title='bbox 938 4807 1232 4862; x_wconf 89' lang='lat' dir='ltr'>deducens</span> <span class='ocrx_word' id='word_1_668' title='bbox 1260 4806 1464 4872; x_wconf 88' lang='lat' dir='ltr'>sancti,</span> <span class='ocrx_word' id='word_1_669' title='bbox 1483 4807 1735 4861; x_wconf 84' lang='lat' dir='ltr'>Montem</span> <span class='ocrx_word' id='word_1_670' title='bbox 1762 4808 1821 4864; x_wconf 88' lang='lat' dir='ltr'>S.</span> 
     </span>
    </p>
   </div>
   <div class='ocr_carea' id='block_1_95' title="bbox 186 4894 1825 4966">
    <p class='ocr_par' dir='ltr' id='par_1_95' title="bbox 186 4894 1825 4966">
     <span class='ocr_line' id='line_1_95' title="bbox 186 4894 1825 4966; baseline 0 -17"><span class='ocrx_word' id='word_1_671' title='bbox 186 4894 476 4949; x_wconf 80' lang='lat' dir='ltr'>Hadalini</span> <span class='ocrx_word' id='word_1_672' title='bbox 521 4894 579 4948; x_wconf 90' lang='lat' dir='ltr'>in</span> <span class='ocrx_word' id='word_1_673' title='bbox 612 4897 908 4966; x_wconf 89' lang='lat' dir='ltr'>posterum</span> <span class='ocrx_word' id='word_1_674' title='bbox 959 4894 1146 4949; x_wconf 80' lang='lat' dir='ltr'>vocari</span> <span class='ocrx_word' id='word_1_675' title='bbox 1183 4896 1461 4965; x_wconf 90' lang='lat' dir='ltr'>disposuit</span> <span class='ocrx_word' id='word_1_676' title='bbox 1496 4912 1507 4949; x_wconf 94' lang='lat'>:</span> <span class='ocrx_word' id='word_1_677' title='bbox 1544 4895 1825 4949; x_wconf 89' lang='lat' dir='ltr'>didicerat</span> 
     </span>
    </p>
   </div>
   <div class='ocr_carea' id='block_1_96' title="bbox 184 4984 1818 5055">
    <p class='ocr_par' dir='ltr' id='par_1_96' title="bbox 184 4984 1818 5055">
     <span class='ocr_line' id='line_1_96' title="bbox 184 4984 1818 5055; baseline 0 -18"><span class='ocrx_word' id='word_1_678' title='bbox 184 4998 459 5054; x_wconf 85' lang='lat' dir='ltr'>namque</span> <span class='ocrx_word' id='word_1_679' title='bbox 491 4984 649 5055; x_wconf 87' lang='lat' dir='ltr'>quod</span> <span class='ocrx_word' id='word_1_680' title='bbox 672 4984 997 5054; x_wconf 84' lang='lat' dir='ltr'>redemptio</span> <span class='ocrx_word' id='word_1_681' title='bbox 1026 4985 1240 5038; x_wconf 66' lang='lat' dir='ltr'>animze</span> <span class='ocrx_word' id='word_1_682' title='bbox 1273 4984 1379 5038; x_wconf 89' lang='lat' dir='ltr'>viri</span> <span class='ocrx_word' id='word_1_683' title='bbox 1426 4984 1636 5039; x_wconf 63' lang='lat' dir='ltr'>divitiae</span> <span class='ocrx_word' id='word_1_684' title='bbox 1678 4985 1818 5055; x_wconf 90' lang='lat' dir='ltr'>ejus.</span> 
     </span>
    </p>
   </div>
   <div class='ocr_carea' id='block_1_97' title="bbox 278 5106 1825 5178">
    <p class='ocr_par' dir='ltr' id='par_1_97' title="bbox 278 5106 1825 5178">
     <span class='ocr_line' id='line_1_97' title="bbox 278 5106 1825 5178; baseline 0.002 -18"><span class='ocrx_word' id='word_1_685' title='bbox 278 5106 365 5175; x_wconf 75' lang='grc' dir='ltr'>(ὅ)</span> <span class='ocrx_word' id='word_1_686' title='bbox 399 5106 541 5161; x_wconf 86' lang='lat' dir='ltr'>Hinc</span> <span class='ocrx_word' id='word_1_687' title='bbox 573 5124 689 5161; x_wconf 89' lang='lat' dir='ltr'>non</span> <span class='ocrx_word' id='word_1_688' title='bbox 727 5107 1024 5162; x_wconf 86' lang='lat' dir='ltr'>immerito</span> <span class='ocrx_word' id='word_1_689' title='bbox 1066 5108 1287 5178; x_wconf 80' lang='lat' dir='ltr'>colligit</span> <span class='ocrx_word' id='word_1_690' title='bbox 1332 5109 1636 5162; x_wconf 82' lang='lat' dir='ltr'>Bollandus</span> <span class='ocrx_word' id='word_1_691' title='bbox 1664 5109 1825 5164; x_wconf 87' lang='lat' dir='ltr'>istius</span> 
     </span>
    </p>
   </div>
   <div class='ocr_carea' id='block_1_98' title="bbox 194 5178 1822 5251">
    <p class='ocr_par' dir='ltr' id='par_1_98' title="bbox 194 5178 1822 5251">
     <span class='ocr_line' id='line_1_98' title="bbox 194 5178 1822 5251; baseline 0.002 -22"><span class='ocrx_word' id='word_1_692' title='bbox 194 5178 351 5231; x_wconf 61' lang='lat' dir='ltr'>Vitae</span> <span class='ocrx_word' id='word_1_693' title='bbox 370 5182 667 5251; x_wconf 87' lang='lat' dir='ltr'>auctorem</span> <span class='ocrx_word' id='word_1_694' title='bbox 694 5200 812 5231; x_wconf 64' lang='lat' dir='ltr'>esse</span> <span class='ocrx_word' id='word_1_695' title='bbox 834 5179 1149 5251; x_wconf 85' lang='lat' dir='ltr'>Notgerum</span> <span class='ocrx_word' id='word_1_696' title='bbox 1178 5180 1586 5234; x_wconf 80' lang='lat' dir='ltr'>Leodicensem</span> <span class='ocrx_word' id='word_1_697' title='bbox 1604 5180 1822 5251; x_wconf 86' lang='lat' dir='ltr'>episco-</span> 
     </span>
    </p>
   </div>
   <div class='ocr_carea' id='block_1_99' title="bbox 188 5250 1823 5373">
    <p class='ocr_par' dir='ltr' id='par_1_99' title="bbox 188 5250 1823 5373">
     <span class='ocr_line' id='line_1_99' title="bbox 188 5250 1823 5373; baseline 0.002 -72"><span class='ocrx_word' id='word_1_698' title='bbox 188 5265 366 5373; x_wconf 47' lang='lat' dir='ltr'>pum,</span> <span class='ocrx_word' id='word_1_699' title='bbox 394 5250 489 5328; x_wconf 85' lang='lat' dir='ltr'>qui</span> <span class='ocrx_word' id='word_1_700' title='bbox 521 5250 757 5320; x_wconf 78' lang='lat' dir='ltr'>pluraid</span> <span class='ocrx_word' id='word_1_701' title='bbox 788 5268 970 5307; x_wconf 56' lang='lat' dir='ltr'>genus</span> <span class='ocrx_word' id='word_1_702' title='bbox 1002 5250 1213 5321; x_wconf 79' lang='lat' dir='ltr'>scripta</span> <span class='ocrx_word' id='word_1_703' title='bbox 1248 5251 1587 5330; x_wconf 77' lang='lat' dir='ltr'>lucubravit,</span> <span class='ocrx_word' id='word_1_704' title='bbox 1618 5250 1823 5323; x_wconf 61' lang='lat' dir='ltr'>ifstique</span> 
     </span>
     <span class='ocr_line' id='line_1_100' title="bbox 216 5320 1405 5373; baseline 0.003 -3"><span class='ocrx_word' id='word_1_705' title='bbox 216 5320 469 5373; x_wconf 70' lang='lat' dir='ltr'>’celesuc</span> <span class='ocrx_word' id='word_1_706' title='bbox 491 5321 564 5373; x_wconf 88' lang='lat' dir='ltr'>ab</span> <span class='ocrx_word' id='word_1_707' title='bbox 589 5338 745 5373; x_wconf 88' lang='lat' dir='ltr'>anno</span> <span class='ocrx_word' id='word_1_708' title='bbox 770 5324 861 5373; x_wconf 57' lang='grc' dir='ltr'>υἷι</span> <span class='ocrx_word' id='word_1_709' title='bbox 892 5320 962 5373; x_wconf 85' lang='lat' dir='ltr'>ad</span> <span class='ocrx_word' id='word_1_710' title='bbox 988 5325 1121 5373; x_wconf 74' lang='lat'>1007</span> <span class='ocrx_word' id='word_1_711' title='bbox 1158 5323 1405 5373; x_wconf 66' lang='lat' dir='ltr'>nrasl&#39;uit.</span> 
     </span>
    </p>
   </div>
   <div class='ocr_carea' id='block_1_100' title="bbox 216 5318 1405 5391">
    <p class='ocr_par' dir='ltr' id='par_1_100' title="bbox 216 5318 1405 5391">
     <span class='ocr_line' id='line_1_101' title="bbox 216 5318 1405 5391; baseline 0.003 -19"><span class='ocrx_word' id='word_1_712' title='bbox 216 5318 469 5391; x_wconf 64' lang='lat' dir='ltr'>Ecclesia:</span> <span class='ocrx_word' id='word_1_713' title='bbox 491 5318 564 5373; x_wconf 79' lang='lat' dir='ltr'>ab</span> <span class='ocrx_word' id='word_1_714' title='bbox 589 5338 745 5374; x_wconf 87' lang='lat' dir='ltr'>anno</span> <span class='ocrx_word' id='word_1_715' title='bbox 770 5324 861 5373; x_wconf 64' lang='grc' dir='ltr'>υῑι</span> <span class='ocrx_word' id='word_1_716' title='bbox 892 5320 962 5373; x_wconf 84' lang='lat' dir='ltr'>ad</span> <span class='ocrx_word' id='word_1_717' title='bbox 988 5318 1130 5374; x_wconf 58' lang='grc' dir='ltr'>Μυῒ</span> <span class='ocrx_word' id='word_1_718' title='bbox 1158 5322 1405 5391; x_wconf 65' lang='lat' dir='ltr'>prasl&#39;nit.</span> 
     </span>
    </p>
   </div>
   <div class='ocr_carea' id='block_1_101' title="bbox 277 5390 1823 5459">
    <p class='ocr_par' dir='ltr' id='par_1_101' title="bbox 277 5390 1823 5459">
     <span class='ocr_line' id='line_1_102' title="bbox 277 5390 1823 5459; baseline 0 -13"><span class='ocrx_word' id='word_1_719' title='bbox 277 5393 358 5459; x_wconf 24' lang='grc' dir='ltr'>(ιϐ)</span> <span class='ocrx_word' id='word_1_720' title='bbox 384 5390 549 5443; x_wconf 78' lang='lat' dir='ltr'>Vicus</span> <span class='ocrx_word' id='word_1_721' title='bbox 574 5395 660 5443; x_wconf 76' lang='lat' dir='ltr'>est</span> <span class='ocrx_word' id='word_1_722' title='bbox 692 5391 845 5443; x_wconf 81' lang='lat' dir='ltr'>inter</span> <span class='ocrx_word' id='word_1_723' title='bbox 878 5390 1377 5446; x_wconf 80' lang='lat' dir='ltr'>Carolomontium</span> <span class='ocrx_word' id='word_1_724' title='bbox 1409 5396 1465 5445; x_wconf 91' lang='lat' dir='ltr'>et</span> <span class='ocrx_word' id='word_1_725' title='bbox 1497 5392 1823 5447; x_wconf 56' lang='lat' dir='ltr'>Mariaahur-</span> 
     </span>
    </p>
   </div>
   <div class='ocr_carea' id='block_1_102' title="bbox 190 5461 1825 5538">
    <p class='ocr_par' dir='ltr' id='par_1_102' title="bbox 190 5461 1825 5538">
     <span class='ocr_line' id='line_1_103' title="bbox 190 5461 1825 5538; baseline 0.001 -21"><span class='ocrx_word' id='word_1_726' title='bbox 190 5476 345 5538; x_wconf 58' lang='lat' dir='ltr'>gyan</span> <span class='ocrx_word' id='word_1_727' title='bbox 376 5461 614 5531; x_wconf 87' lang='lat' dir='ltr'>oppida,</span> <span class='ocrx_word' id='word_1_728' title='bbox 648 5462 720 5515; x_wconf 88' lang='lat' dir='ltr'>ad</span> <span class='ocrx_word' id='word_1_729' title='bbox 755 5462 1063 5516; x_wconf 85' lang='lat' dir='ltr'>canonicos</span> <span class='ocrx_word' id='word_1_730' title='bbox 1082 5464 1369 5517; x_wconf 81' lang='lat' dir='ltr'>Cellcnses</span> <span class='ocrx_word' id='word_1_731' title='bbox 1397 5463 1681 5534; x_wconf 83' lang='lat' dir='ltr'>hodieque</span> <span class='ocrx_word' id='word_1_732' title='bbox 1700 5480 1825 5534; x_wconf 90' lang='lat' dir='ltr'>per-</span> 
     </span>
    </p>
   </div>
   <div class='ocr_carea' id='block_1_103' title="bbox 194 5536 420 5585">
    <p class='ocr_par' dir='ltr' id='par_1_103' title="bbox 194 5536 420 5585">
     <span class='ocr_line' id='line_1_104' title="bbox 194 5536 420 5585; baseline 0.009 -2"><span class='ocrx_word' id='word_1_733' title='bbox 194 5536 420 5585; x_wconf 82' lang='lat' dir='ltr'>tinens.</span> 
     </span>
    </p>
   </div>
   <div class='ocr_carea' id='block_1_104' title="bbox 278 5602 1818 5674">
    <p class='ocr_par' dir='ltr' id='par_1_104' title="bbox 278 5602 1818 5674">
     <span class='ocr_line' id='line_1_105' title="bbox 278 5602 1818 5674; baseline 0.001 -16"><span class='ocrx_word' id='word_1_734' title='bbox 278 5604 359 5673; x_wconf 76' lang='lat'>(7)</span> <span class='ocrx_word' id='word_1_735' title='bbox 390 5602 698 5669; x_wconf 73' lang='lat' dir='ltr'>Antbegia.</span> <span class='ocrx_word' id='word_1_736' title='bbox 737 5605 902 5674; x_wconf 81' lang='lat' dir='ltr'>vulgo</span> <span class='ocrx_word' id='word_1_737' title='bbox 929 5603 1339 5670; x_wconf 72' lang='lat' dir='ltr'>Aut/cc&#39;e,estin</span> <span class='ocrx_word' id='word_1_738' title='bbox 1363 5604 1556 5659; x_wconf 88' lang='lat' dir='ltr'>medio</span> <span class='ocrx_word' id='word_1_739' title='bbox 1592 5605 1818 5668; x_wconf 83' lang='lat' dir='ltr'>itinere,</span> 
     </span>
    </p>
   </div>
   <div class='ocr_carea' id='block_1_105' title="bbox 189 5674 1814 5749">
    <p class='ocr_par' dir='ltr' id='par_1_105' title="bbox 189 5674 1814 5749">
     <span class='ocr_line' id='line_1_106' title="bbox 189 5674 1814 5749; baseline 0.006 -22"><span class='ocrx_word' id='word_1_740' title='bbox 189 5689 409 5745; x_wconf 77' lang='lat' dir='ltr'>quoex</span> <span class='ocrx_word' id='word_1_741' title='bbox 437 5674 653 5746; x_wconf 88' lang='lat' dir='ltr'>oppido</span> <span class='ocrx_word' id='word_1_742' title='bbox 685 5674 974 5730; x_wconf 86' lang='lat' dir='ltr'>Dionanto</span> <span class='ocrx_word' id='word_1_743' title='bbox 1009 5675 1266 5731; x_wconf 80' lang='lat' dir='ltr'>Florinas</span> <span class='ocrx_word' id='word_1_744' title='bbox 1305 5676 1440 5743; x_wconf 89' lang='lat' dir='ltr'>itur,</span> <span class='ocrx_word' id='word_1_745' title='bbox 1470 5676 1657 5749; x_wconf 83' lang='lat' dir='ltr'>inquit</span> <span class='ocrx_word' id='word_1_746' title='bbox 1689 5679 1814 5736; x_wconf 82' lang='lat' dir='ltr'>Bol-</span> 
     </span>
    </p>
   </div>
   <div class='ocr_carea' id='block_1_106' title="bbox 1927 4449 3563 4522">
    <p class='ocr_par' dir='ltr' id='par_1_106' title="bbox 1927 4449 3563 4522">
     <span class='ocr_line' id='line_1_107' title="bbox 1927 4449 3563 4522; baseline -0.001 -17"><span class='ocrx_word' id='word_1_747' title='bbox 1927 4451 2103 4515; x_wconf 77' lang='lat' dir='ltr'>ciens,</span> <span class='ocrx_word' id='word_1_748' title='bbox 2119 4451 2386 4521; x_wconf 72' lang='lat' dir='ltr'>spiritum</span> <span class='ocrx_word' id='word_1_749' title='bbox 2404 4450 2584 4517; x_wconf 89' lang='lat' dir='ltr'>carni,</span> <span class='ocrx_word' id='word_1_750' title='bbox 2603 4452 2785 4505; x_wconf 91' lang='lat' dir='ltr'>Deum</span> <span class='ocrx_word' id='word_1_751' title='bbox 2810 4450 3030 4522; x_wconf 88' lang='lat' dir='ltr'>spiritui</span> <span class='ocrx_word' id='word_1_752' title='bbox 3048 4449 3339 4504; x_wconf 89' lang='lat' dir='ltr'>dominari</span> <span class='ocrx_word' id='word_1_753' title='bbox 3355 4449 3534 4520; x_wconf 89' lang='lat' dir='ltr'>vigori</span> <span class='ocrx_word' id='word_1_754' title='bbox 3560 4452 3563 4457; x_wconf 88' lang='grc'><em>’</em></span> 
     </span>
    </p>
   </div>
   <div class='ocr_carea' id='block_1_107' title="bbox 1926 4538 3535 4611">
    <p class='ocr_par' dir='ltr' id='par_1_107' title="bbox 1926 4538 3535 4611">
     <span class='ocr_line' id='line_1_108' title="bbox 1926 4538 3535 4611; baseline -0.001 -18"><span class='ocrx_word' id='word_1_755' title='bbox 1926 4541 2314 4611; x_wconf 87' lang='lat' dir='ltr'>compellebat</span> <span class='ocrx_word' id='word_1_756' title='bbox 2352 4539 2539 4606; x_wconf 79' lang='lat' dir='ltr'>herili,</span> <span class='ocrx_word' id='word_1_757' title='bbox 2574 4543 2636 4593; x_wconf 90' lang='lat' dir='ltr'>ut</span> <span class='ocrx_word' id='word_1_758' title='bbox 2667 4542 2846 4594; x_wconf 90' lang='lat' dir='ltr'>Deum</span> <span class='ocrx_word' id='word_1_759' title='bbox 2875 4540 3151 4594; x_wconf 79' lang='lat' dir='ltr'>caelorum</span> <span class='ocrx_word' id='word_1_760' title='bbox 3197 4538 3256 4591; x_wconf 92' lang='lat' dir='ltr'>in</span> <span class='ocrx_word' id='word_1_761' title='bbox 3289 4538 3426 4593; x_wconf 90' lang='lat' dir='ltr'>Sion</span> <span class='ocrx_word' id='word_1_762' title='bbox 3454 4538 3535 4592; x_wconf 90' lang='lat' dir='ltr'>vi-</span> 
     </span>
    </p>
   </div>
   <div class='ocr_carea' id='block_1_108' title="bbox 1926 4616 3533 4701">
    <p class='ocr_par' dir='ltr' id='par_1_108' title="bbox 1926 4616 3533 4701">
     <span class='ocr_line' id='line_1_109' title="bbox 1926 4616 3533 4701; baseline -0.002 -17"><span class='ocrx_word' id='word_1_763' title='bbox 1926 4631 2061 4685; x_wconf 92' lang='lat' dir='ltr'>dere</span> <span class='ocrx_word' id='word_1_764' title='bbox 2074 4633 2121 4701; x_wconf 91' lang='lat' dir='ltr'>ej</span> <span class='ocrx_word' id='word_1_765' title='bbox 2133 4648 2204 4684; x_wconf 44' lang='lat' dir='ltr'>us.</span> <span class='ocrx_word' id='word_1_766' title='bbox 2218 4650 2229 4701; x_wconf 72' lang='grc' dir='ltr'>ι</span> <span class='ocrx_word' id='word_1_767' title='bbox 2242 4647 2309 4693; x_wconf 85' lang='lat' dir='ltr'>ue</span> <span class='ocrx_word' id='word_1_768' title='bbox 2326 4616 2573 4683; x_wconf 82' lang='lat' dir='ltr'>excubiis</span> <span class='ocrx_word' id='word_1_769' title='bbox 2586 4632 2907 4683; x_wconf 88' lang='lat' dir='ltr'>mereretur</span> <span class='ocrx_word' id='word_1_770' title='bbox 2918 4628 3201 4683; x_wconf 85' lang='lat' dir='ltr'>indeﬁcue</span> <span class='ocrx_word' id='word_1_771' title='bbox 3216 4628 3533 4693; x_wconf 66' lang='lat' dir='ltr'>adhaerere,</span> 
     </span>
    </p>
   </div>
   <div class='ocr_carea' id='block_1_109' title="bbox 1926 4716 3535 4789">
    <p class='ocr_par' dir='ltr' id='par_1_109' title="bbox 1926 4716 3535 4789">
     <span class='ocr_line' id='line_1_110' title="bbox 1926 4716 3535 4789; baseline -0.001 -18"><span class='ocrx_word' id='word_1_772' title='bbox 1926 4722 1983 4772; x_wconf 94' lang='lat' dir='ltr'>et</span> <span class='ocrx_word' id='word_1_773' title='bbox 2008 4718 2158 4772; x_wconf 82' lang='lat' dir='ltr'>filius</span> <span class='ocrx_word' id='word_1_774' title='bbox 2191 4718 2288 4772; x_wconf 89' lang='lat' dir='ltr'>Dei</span> <span class='ocrx_word' id='word_1_775' title='bbox 2323 4735 2441 4772; x_wconf 91' lang='lat' dir='ltr'>non</span> <span class='ocrx_word' id='word_1_776' title='bbox 2468 4717 2703 4789; x_wconf 88' lang='lat' dir='ltr'>quidem</span> <span class='ocrx_word' id='word_1_777' title='bbox 2732 4720 2961 4784; x_wconf 86' lang='lat' dir='ltr'>natura,</span> <span class='ocrx_word' id='word_1_778' title='bbox 2993 4734 3195 4771; x_wconf 89' lang='lat' dir='ltr'>verum</span> <span class='ocrx_word' id='word_1_779' title='bbox 3227 4716 3416 4787; x_wconf 89' lang='lat' dir='ltr'>gratia</span> <span class='ocrx_word' id='word_1_780' title='bbox 3437 4732 3535 4769; x_wconf 90' lang='lat' dir='ltr'>vo-</span> 
     </span>
    </p>
   </div>
   <div class='ocr_carea' id='block_1_110' title="bbox 1926 4802 3534 4862">
    <p class='ocr_par' dir='ltr' id='par_1_110' title="bbox 1926 4802 3534 4862">
     <span class='ocr_line' id='line_1_111' title="bbox 1926 4802 3534 4862; baseline -0.001 -2"><span class='ocrx_word' id='word_1_781' title='bbox 1926 4807 2042 4861; x_wconf 91' lang='lat' dir='ltr'>cari</span> <span class='ocrx_word' id='word_1_782' title='bbox 2069 4812 2126 4861; x_wconf 88' lang='lat' dir='ltr'>et</span> <span class='ocrx_word' id='word_1_783' title='bbox 2140 4824 2278 4861; x_wconf 91' lang='lat' dir='ltr'>esse.</span> <span class='ocrx_word' id='word_1_784' title='bbox 2297 4807 2447 4862; x_wconf 90' lang='lat' dir='ltr'>Sane</span> <span class='ocrx_word' id='word_1_785' title='bbox 2466 4806 2830 4861; x_wconf 77' lang='lat' dir='ltr'>internarum</span> <span class='ocrx_word' id='word_1_786' title='bbox 2845 4806 3133 4861; x_wconf 89' lang='lat' dir='ltr'>honorum</span> <span class='ocrx_word' id='word_1_787' title='bbox 3157 4822 3393 4860; x_wconf 90' lang='lat' dir='ltr'>suorum</span> <span class='ocrx_word' id='word_1_788' title='bbox 3415 4802 3534 4859; x_wconf 86' lang='lat' dir='ltr'>for-</span> 
     </span>
    </p>
   </div>
   <div class='ocr_carea' id='block_1_111' title="bbox 1927 4893 3537 4967">
    <p class='ocr_par' dir='ltr' id='par_1_111' title="bbox 1927 4893 3537 4967">
     <span class='ocr_line' id='line_1_112' title="bbox 1927 4893 3537 4967; baseline -0.001 -19"><span class='ocrx_word' id='word_1_789' title='bbox 1927 4912 2051 4948; x_wconf 89' lang='lat' dir='ltr'>mas</span> <span class='ocrx_word' id='word_1_790' title='bbox 2078 4899 2137 4949; x_wconf 90' lang='lat' dir='ltr'>et</span> <span class='ocrx_word' id='word_1_791' title='bbox 2163 4895 2380 4965; x_wconf 84' lang='lat' dir='ltr'>species</span> <span class='ocrx_word' id='word_1_792' title='bbox 2411 4894 2556 4948; x_wconf 91' lang='lat' dir='ltr'>sicut</span> <span class='ocrx_word' id='word_1_793' title='bbox 2585 4911 2759 4949; x_wconf 90' lang='lat' dir='ltr'>nemo</span> <span class='ocrx_word' id='word_1_794' title='bbox 2787 4894 2859 4949; x_wconf 88' lang='lat' dir='ltr'>ad</span> <span class='ocrx_word' id='word_1_795' title='bbox 2891 4896 3128 4965; x_wconf 91' lang='lat' dir='ltr'>plenum</span> <span class='ocrx_word' id='word_1_796' title='bbox 3149 4894 3335 4967; x_wconf 92' lang='lat' dir='ltr'>potuit</span> <span class='ocrx_word' id='word_1_797' title='bbox 3362 4893 3537 4965; x_wconf 84' lang='lat' dir='ltr'>inspi-</span> 
     </span>
    </p>
   </div>
   <div class='ocr_carea' id='block_1_112' title="bbox 1927 4981 3539 5055">
    <p class='ocr_par' dir='ltr' id='par_1_112' title="bbox 1927 4981 3539 5055">
     <span class='ocr_line' id='line_1_113' title="bbox 1927 4981 3539 5055; baseline -0.001 -19"><span class='ocrx_word' id='word_1_798' title='bbox 1927 5000 2079 5050; x_wconf 89' lang='lat' dir='ltr'>cere,</span> <span class='ocrx_word' id='word_1_799' title='bbox 2116 4983 2197 5037; x_wconf 90' lang='lat' dir='ltr'>ita</span> <span class='ocrx_word' id='word_1_800' title='bbox 2228 5000 2403 5038; x_wconf 85' lang='lat' dir='ltr'>nemo</span> <span class='ocrx_word' id='word_1_801' title='bbox 2452 4983 2664 5037; x_wconf 78' lang='lat' dir='ltr'>sufficit</span> <span class='ocrx_word' id='word_1_802' title='bbox 2717 4982 2999 5055; x_wconf 87' lang='lat' dir='ltr'>explicare</span> <span class='ocrx_word' id='word_1_803' title='bbox 3032 4999 3044 5037; x_wconf 92' lang='lat'>:</span> <span class='ocrx_word' id='word_1_804' title='bbox 3079 4999 3218 5055; x_wconf 80' lang='lat' dir='ltr'>quas</span> <span class='ocrx_word' id='word_1_805' title='bbox 3253 4983 3398 5037; x_wconf 90' lang='lat' dir='ltr'>sicut</span> <span class='ocrx_word' id='word_1_806' title='bbox 3441 4981 3539 5035; x_wconf 91' lang='lat' dir='ltr'>illa</span> 
     </span>
    </p>
   </div>
   <div class='ocr_carea' id='block_1_113' title="bbox 1926 5108 2151 5162">
    <p class='ocr_par' dir='ltr' id='par_1_113' title="bbox 1926 5108 2151 5162">
     <span class='ocr_line' id='line_1_114' title="bbox 1926 5108 2151 5162; baseline -0.009 0"><span class='ocrx_word' id='word_1_807' title='bbox 1926 5108 2151 5162; x_wconf 90' lang='lat' dir='ltr'>landus.</span> 
     </span>
    </p>
   </div>
   <div class='ocr_carea' id='block_1_114' title="bbox 2000 5174 3535 5249">
    <p class='ocr_par' dir='ltr' id='par_1_114' title="bbox 2000 5174 3535 5249">
     <span class='ocr_line' id='line_1_115' title="bbox 2000 5174 3535 5249; baseline -0.006 -15"><span class='ocrx_word' id='word_1_808' title='bbox 2000 5181 2084 5247; x_wconf 88' lang='lat'>(8)</span> <span class='ocrx_word' id='word_1_809' title='bbox 2119 5181 2351 5234; x_wconf 87' lang='lat' dir='ltr'>Wantos</span> <span class='ocrx_word' id='word_1_810' title='bbox 2381 5196 2479 5233; x_wconf 89' lang='lat' dir='ltr'>seu</span> <span class='ocrx_word' id='word_1_811' title='bbox 2508 5179 3039 5243; x_wconf 89' lang='lat' dir='ltr'>chirotbecas,Galli</span> <span class='ocrx_word' id='word_1_812' title='bbox 3056 5186 3216 5249; x_wconf 79' lang='lat' dir='ltr'>gants</span> <span class='ocrx_word' id='word_1_813' title='bbox 3233 5174 3535 5249; x_wconf 77' lang='lat' dir='ltr'>vernacule</span> 
     </span>
    </p>
   </div>
   <div class='ocr_carea' id='block_1_115' title="bbox 1927 5245 3531 5325">
    <p class='ocr_par' dir='ltr' id='par_1_115' title="bbox 1927 5245 3531 5325">
     <span class='ocr_line' id='line_1_116' title="bbox 1927 5245 3531 5325; baseline -0.004 -22"><span class='ocrx_word' id='word_1_814' title='bbox 1927 5245 2159 5306; x_wconf 80' lang='lat' dir='ltr'>voeant.</span> <span class='ocrx_word' id='word_1_815' title='bbox 2195 5251 2390 5325; x_wconf 73' lang='lat' dir='ltr'>Varios</span> <span class='ocrx_word' id='word_1_816' title='bbox 2423 5250 2564 5303; x_wconf 86' lang='lat' dir='ltr'>ritus</span> <span class='ocrx_word' id='word_1_817' title='bbox 2593 5250 2892 5325; x_wconf 70' lang='lat' dir='ltr'>tradendae</span> <span class='ocrx_word' id='word_1_818' title='bbox 2926 5245 3311 5325; x_wconf 80' lang='lat' dir='ltr'>possessionis,</span> <span class='ocrx_word' id='word_1_819' title='bbox 3336 5262 3433 5313; x_wconf 77' lang='lat' dir='ltr'>per</span> <span class='ocrx_word' id='word_1_820' title='bbox 3449 5245 3531 5325; x_wconf 68' lang='lat' dir='ltr'>[e-</span> 
     </span>
    </p>
   </div>
   <div class='ocr_carea' id='block_1_116' title="bbox 1927 5319 3536 5392">
    <p class='ocr_par' dir='ltr' id='par_1_116' title="bbox 1927 5319 3536 5392">
     <span class='ocr_line' id='line_1_117' title="bbox 1927 5319 3536 5392; baseline -0.007 -14"><span class='ocrx_word' id='word_1_821' title='bbox 1927 5330 2135 5378; x_wconf 79' lang='lat' dir='ltr'>stucam</span> <span class='ocrx_word' id='word_1_822' title='bbox 2176 5324 2283 5375; x_wconf 83' lang='lat' dir='ltr'>sive</span> <span class='ocrx_word' id='word_1_823' title='bbox 2313 5322 2551 5391; x_wconf 85' lang='lat' dir='ltr'>juncum</span> <span class='ocrx_word' id='word_1_824' title='bbox 2591 5329 2687 5375; x_wconf 83' lang='lat' dir='ltr'>aut</span> <span class='ocrx_word' id='word_1_825' title='bbox 2724 5319 2982 5392; x_wconf 64' lang='lat' dir='ltr'>scit-pum,</span> <span class='ocrx_word' id='word_1_826' title='bbox 3013 5337 3113 5389; x_wconf 78' lang='lat' dir='ltr'>per</span> <span class='ocrx_word' id='word_1_827' title='bbox 3149 5319 3389 5386; x_wconf 70' lang='lat' dir='ltr'>cespitem</span> <span class='ocrx_word' id='word_1_828' title='bbox 3430 5319 3536 5367; x_wconf 80' lang='lat' dir='ltr'>sive</span> 
     </span>
    </p>
   </div>
   <div class='ocr_carea' id='block_1_117' title="bbox 1928 5393 3535 5463">
    <p class='ocr_par' dir='ltr' id='par_1_117' title="bbox 1928 5393 3535 5463">
     <span class='ocr_line' id='line_1_118' title="bbox 1928 5393 3535 5463; baseline -0.003 -18"><span class='ocrx_word' id='word_1_829' title='bbox 1928 5393 2160 5463; x_wconf 76' lang='lat' dir='ltr'>glebam,</span> <span class='ocrx_word' id='word_1_830' title='bbox 2183 5410 2283 5462; x_wconf 72' lang='lat' dir='ltr'>per</span> <span class='ocrx_word' id='word_1_831' title='bbox 2328 5394 2533 5462; x_wconf 81' lang='lat' dir='ltr'>virgam</span> <span class='ocrx_word' id='word_1_832' title='bbox 2579 5410 2669 5446; x_wconf 84' lang='lat' dir='ltr'>seu</span> <span class='ocrx_word' id='word_1_833' title='bbox 2712 5393 2978 5457; x_wconf 85' lang='lat' dir='ltr'>baculum,</span> <span class='ocrx_word' id='word_1_834' title='bbox 3018 5407 3115 5463; x_wconf 64' lang='lat' dir='ltr'>per</span> <span class='ocrx_word' id='word_1_835' title='bbox 3159 5394 3399 5463; x_wconf 74' lang='lat' dir='ltr'>wantum</span> <span class='ocrx_word' id='word_1_836' title='bbox 3446 5401 3535 5440; x_wconf 75' lang='lat' dir='ltr'>seu</span> 
     </span>
    </p>
   </div>
   <div class='ocr_carea' id='block_1_118' title="bbox 1929 5458 3533 5533">
    <p class='ocr_par' dir='ltr' id='par_1_118' title="bbox 1929 5458 3533 5533">
     <span class='ocr_line' id='line_1_119' title="bbox 1929 5458 3533 5533; baseline -0.004 -17"><span class='ocrx_word' id='word_1_837' title='bbox 1929 5458 2304 5530; x_wconf 58' lang='lat' dir='ltr'>claret/tecum,</span> <span class='ocrx_word' id='word_1_838' title='bbox 2346 5458 2447 5533; x_wconf 72' lang='lat' dir='ltr'>per</span> <span class='ocrx_word' id='word_1_839' title='bbox 2495 5464 2767 5519; x_wconf 82' lang='lat' dir='ltr'>cultellum</span> <span class='ocrx_word' id='word_1_840' title='bbox 2814 5479 2936 5517; x_wconf 87' lang='lat' dir='ltr'>cum</span> <span class='ocrx_word' id='word_1_841' title='bbox 2978 5458 3260 5533; x_wconf 64' lang='lat' dir='ltr'>cespite__et</span> <span class='ocrx_word' id='word_1_842' title='bbox 3305 5458 3533 5527; x_wconf 78' lang='lat' dir='ltr'>festuca,</span> 
     </span>
    </p>
   </div>
   <div class='ocr_carea' id='block_1_119' title="bbox 1928 5530 3536 5606">
    <p class='ocr_par' dir='ltr' id='par_1_119' title="bbox 1928 5530 3536 5606">
     <span class='ocr_line' id='line_1_120' title="bbox 1928 5530 3536 5606; baseline -0.006 -17"><span class='ocrx_word' id='word_1_843' title='bbox 1928 5536 2187 5606; x_wconf 82' lang='lat' dir='ltr'>aliosque</span> <span class='ocrx_word' id='word_1_844' title='bbox 2221 5535 2291 5589; x_wconf 87' lang='lat' dir='ltr'>ab</span> <span class='ocrx_word' id='word_1_845' title='bbox 2321 5530 2574 5606; x_wconf 77' lang='lat' dir='ltr'>antiquis</span> <span class='ocrx_word' id='word_1_846' title='bbox 2604 5537 2906 5605; x_wconf 89' lang='lat' dir='ltr'>usurpatos</span> <span class='ocrx_word' id='word_1_847' title='bbox 2943 5530 3136 5606; x_wconf 57' lang='lat' dir='ltr'>refert</span> <span class='ocrx_word' id='word_1_848' title='bbox 3151 5530 3536 5606; x_wconf 58' lang='lat' dir='ltr'>Hieronxmus</span> 
     </span>
    </p>
   </div>
   <div class='ocr_carea' id='block_1_120' title="bbox 1924 5599 3533 5731">
    <p class='ocr_par' dir='ltr' id='par_1_120' title="bbox 1924 5599 3533 5731">
     <span class='ocr_line' id='line_1_121' title="bbox 1924 5599 3533 5731; baseline -0.005 -70"><span class='ocrx_word' id='word_1_849' title='bbox 1924 5599 2240 5731; x_wconf 58' lang='lat' dir='ltr'>Biﬁuonius</span> <span class='ocrx_word' id='word_1_850' title='bbox 2272 5606 2327 5661; x_wconf 94' lang='lat' dir='ltr'>in</span> <span class='ocrx_word' id='word_1_851' title='bbox 2355 5599 2511 5663; x_wconf 83' lang='lat' dir='ltr'>Notis</span> <span class='ocrx_word' id='word_1_852' title='bbox 2542 5607 2615 5662; x_wconf 88' lang='lat' dir='ltr'>ad</span> <span class='ocrx_word' id='word_1_853' title='bbox 2643 5599 2814 5672; x_wconf 51' lang='lat' dir='ltr'>libfi,</span> <span class='ocrx_word' id='word_1_854' title='bbox 2842 5619 2971 5674; x_wconf 89' lang='lat' dir='ltr'>cap.</span> <span class='ocrx_word' id='word_1_855' title='bbox 3003 5599 3069 5658; x_wconf 85' lang='grc'>13</span> <span class='ocrx_word' id='word_1_856' title='bbox 3100 5601 3352 5659; x_wconf 88' lang='lat' dir='ltr'>Formul.</span> <span class='ocrx_word' id='word_1_857' title='bbox 3383 5599 3533 5655; x_wconf 82' lang='lat' dir='ltr'>Mar-</span> 
     </span>
     <span class='ocr_line' id='line_1_122' title="bbox 1924 5695 2071 5731; baseline 0 0"><span class='ocrx_word' id='word_1_858' title='bbox 1924 5696 1989 5731; x_wconf 82' lang='lat' dir='ltr'>cu</span> <span class='ocrx_word' id='word_1_859' title='bbox 2036 5695 2071 5731; x_wconf 87' lang='grc' dir='ltr'>ι.</span> 
     </span>
    </p>
   </div>
   <div class='ocr_carea' id='block_1_121' title="bbox 1921 5695 2071 5735">
    <p class='ocr_par' dir='ltr' id='par_1_121' title="bbox 1921 5695 2071 5735">
     <span class='ocr_line' id='line_1_123' title="bbox 1921 5695 2071 5735; baseline 0.02 -3"><span class='ocrx_word' id='word_1_860' title='bbox 1921 5695 2071 5735; x_wconf 73' lang='lat' dir='ltr'>CIIII].</span> 
     </span>
    </p>
   </div>
  </div>
