3960 6174
479 411 618 469 1147

1575 408 1870 466 NOTGERI
1915 408 2318 467 LEODIENSIS
2375 410 2693 470 EPISCOPI

3605 421 3716 478 WAG

485 531 702 588 studuit
731 531 992 586 excolere
1020 528 1100 586 ita
1131 532 1191 586 et
1227 529 1508 586 laboravit
1537 531 1814 597 occulere,
1842 532 1919 599 et,
1953 546 2084 586 cum
2107 533 2162 593 Α
2189 530 2516 602 patiamini,
2537 531 3017 606 quaeso,transire
3039 531 3589 608 incassum.Quisquis
3607 555 3722 611 ergo

481 622 604 678 haec
631 621 798 675 vellet
822 618 1046 690 augeri,
1086 618 1321 674 nolebat
1350 619 1584 690 agnosci
1615 621 1912 691 neglector
1933 620 2089 691 quie-

479 709 570 774 tis,
613 708 817 779 refuga
862 708 1191 779 voluptatis,
1239 707 1528 780 appetitor
1569 707 1816 776 laboris;
1866 707 2088 779 patiens

475 797 835 868 abjectionis,
861 795 1175 868 impatiens
1196 795 1434 850 honoris
1459 813 1472 863 ;
1502 811 1720 867 pauper
1737 795 1796 850 in
1822 797 2086 869 pecunia,

477 885 632 942 dives
662 887 721 941 in
752 886 1134 953 conscientia,
1167 883 1407 939 humilis
1439 885 1512 938 ad
1558 885 1788 952 merita,
1813 886 2089 956 superbus

473 976 546 1032 ad
579 975 716 1031 vitia
752 995 765 1030 :
798 977 958 1031 nulla
983 975 1062 1030 illi
1109 992 1175 1029 ex
1224 973 1493 1029 omnibus
1537 973 1880 1045 propensior
1921 974 2086 1044 ‘cura,

471 1064 580 1122 nisi
614 1067 712 1119 aut
742 1065 814 1120 de
835 1067 950 1120 Deo
979 1065 1040 1120 in
1062 1064 1314 1119 lectione
1336 1065 1507 1134 atque
1536 1066 2087 1130 sermone,autcum

471 1155 588 1209 Deo
625 1153 683 1208 in
717 1153 983 1209 oratione
1013 1154 1366 1224 loqueretur.

546 1240 630 1297 l3.
668 1245 776 1298 Per
804 1244 970 1314 plura
999 1259 1138 1314 ergo
1179 1243 1265 1311 (9)
1309 1256 1598 1295 annorum
1642 1240 1924 1295 curricula
1972 1240 2085 1296 illic

471 1347 866 1403 commorans,
885 1330 1243 1388 sanctissima
1278 1328 1712 1384 conversatione
1744 1333 1872 1401 post
1915 1329 2084 1399 hujus

473 1419 603 1476 vitae
646 1420 1303 1476 multimodoslaborum
1337 1433 1622 1485 excursus,
1645 1433 1751 1487 per
1777 1419 1944 1488 plura
1981 1418 2083 1471 be-

472 1509 815 1564 neficiorum
858 1518 916 1564 et
947 1509 1366 1563 miraculorum
1398 1508 1728 1573 commoda,
1753 1505 2082 1561 hominibus

475 1599 710 1669 Deoque
725 1599 932 1652 charus
947 1601 1231 1662 ostensus,
1259 1595 1412 1650 diem
1442 1596 1548 1650 sibi
1570 1595 1883 1650 vocationis
1909 1596 2084 1649 intel-

472 1683 660 1754 ligens
683 1683 1015 1749 imminere,
1037 1682 1134 1753 qui
1147 1685 1619 1752 recompensaret
1637 1683 1830 1737 honor
1851 1682 1909 1736 in
1932 1680 2086 1736 coelis

479 1771 816 1844 quodlabor
838 1771 1072 1826 triverat
1091 1771 1150 1824 in
1180 1770 1373 1838 terris;
1405 1787 1636 1825 morem
1672 1787 1874 1841 gerere
1895 1771 2088 1824 decre-

477 1860 560 1915 vit
590 1859 876 1932 subjectis.
915 1859 1066 1924 Quos
1104 1859 1408 1914 accersitos
1442 1858 1642 1914 fideles
1682 1875 1936 1930 quosque
1969 1875 2086 1914 non

479 1948 636 2020 parvi
681 1947 911 2006 numeri
953 1950 1088 2003 ante
1133 1965 1193 2002 se
1236 1947 1456 2019 positos
1486 1950 1543 2002 et
1587 1947 1659 2002 de
1693 1948 1953 2001 abscessu
1983 1963 2086 2002 suo

476 2039 711 2092 maestos
733 2037 819 2092 his
845 2035 1063 2092 ultimis
1102 2037 1316 2090 solatus
1343 2039 1430 2090 est
1456 2035 1676 2090 verbis:
1699 2056 1729 2087 «
1758 2036 1918 2101 Ecce,
1952 2037 2087 2090 cha-

476 2126 685 2181 rissimi
728 2129 922 2182 Patres
969 2129 1141 2197 atque
1187 2125 1568 2180 amantissimi
1599 2125 1825 2190 fratres,
1857 2129 2088 2196 tempus

478 2215 844 2270 resolutionis
857 2231 1004 2269 mem
1029 2214 1222 2280 instat,
1242 2231 1355 2285 quo
1378 2215 1500 2268 haec
1515 2213 1806 2284 torpentia
1823 2215 2090 2268 membra

479 2303 710 2374 spiritus
738 2304 1052 2374 relinquat,
1074 2302 1374 2373 judicique
1397 2319 1498 2356 suo
1527 2302 1963 2372 prmsentandus
1994 2318 2090 2356 oc-

479 2395 692 2449 currat.
721 2393 846 2447 Non
874 2408 969 2446 me
995 2394 1175 2446 terret
1208 2395 1519 2462 proventus
1550 2391 1896 2446 conditionis
1927 2390 2090 2446 omni

480 2480 1078 2547 mortalicommunis,
1112 2497 1242 2534 cum
1273 2483 1395 2534 tota
1427 2481 1774 2550 sapientium
1801 2480 2092 2534 vitacom-

479 2569 763 2623 mentatio
793 2568 1001 2624 debeat
1031 2585 1154 2624 esse
1189 2569 1428 2634 mortis;
1472 2568 1629 2622 vobis
1670 2568 1854 2639 magis
1887 2568 2088 2635 timeo,

482 2674 626 2729 quos
650 2657 953 2712 salvandos
973 2656 1328 2711 omnimodis
1346 2657 1491 2712 volo.
1529 2657 1609 2710 En
1643 2673 1751 2729 ego
1777 2657 1925 2710 viam
1961 2657 2092 2710 uni-

483 2762 662 2801 versas
690 2745 878 2800 carnis
897 2762 1024 2800 sum
1064 2745 1447 2816 ingressurus,
1480 2749 1538 2800 et
1568 2746 1641 2800 ad
1676 2763 1774 2800 vos
1823 2745 2090 2816 deinceps

487 2851 605 2889 non
640 2849 1001 2901 reversurus;
1029 2850 1130 2888 vos
1151 2851 1380 2906 quoque
1401 2834 1733 2900 morituros,
1759 2834 2086 2902 charissimi,

479 2923 704 2991 scitote,
731 2922 976 2995 ideoque
1006 2922 1358 2994 paenitentia
1389 2927 1620 2996 tempus
1650 2923 1939 2978 indultum
1971 2939 2089 2978 non

2186 623 2437 674 vestrum
2452 622 2839 692 cujuscunque
2853 620 3112 676 criminis
3132 638 3191 676 se
3213 621 3379 677 sentit
3399 628 3725 696 perpetratio-

2188 725 2262 762 ne
2287 711 2662 777 maculatum,
2678 713 2848 782 atque
2860 710 3027 764 fovea
3050 709 3285 780 majoris
3307 713 3507 782 peccati
3531 714 3727 786 absorp—

2189 801 2336 861 tum,
2367 799 2478 853 cito
2521 799 2750 854 salubre
2792 815 2893 854 suo
2946 802 3234 870 supponat
3269 801 3478 855 vulneri
3523 803 3734 859 medica-

2190 891 2475 945 mentum.
2509 889 2660 943 Dum
2676 887 2850 960 judex
2870 887 3118 959 porrigit
3135 888 3430 961 pmnitenti
3461 890 3733 947 misericor-

2189 975 2298 1031 dia:
2325 994 2590 1044 manum,
2625 995 2698 1033 en
2735 981 2893 1050 patet
2920 977 3061 1033 dum
3093 976 3347 1032 advivitis
3365 979 3532 1049 janua
3560 981 3738 1038 miseri-

2188 1065 2423 1134 cordias,
2469 1083 2597 1139 qua:
2638 1069 2767 1137 post
2809 1069 3064 1121 mortem
3123 1065 3452 1134 obstruitur,
3497 1069 3604 1122 sola
3657 1086 3738 1140 pa-

2187 1154 2348 1209 tente
2388 1171 2515 1226 quae
2551 1157 2990 1225 contemptores
3011 1157 3434 1225 praaceptorum
3462 1156 3738 1214 Dominico-

2185 1259 2317 1296 rum
2351 1242 2790 1316 desertoresque
2819 1241 3144 1316 puniendos
3190 1242 3455 1314 suscipiat
3483 1249 3633 1316 porta
3662 1262 3741 1316 ge-

2187 1331 2418 1387 henntr.
2478 1332 2725 1387 Obsecro
2773 1333 2970 1403 itaque
3015 1348 3114 1386 vos
3157 1348 3261 1403 per
3305 1331 3597 1399 Christum,
3624 1333 3740 1388 utin

2185 1435 2298 1489 quo
2331 1437 2431 1474 vos
2461 1419 2640 1476 nostis
2662 1421 2944 1474 hactenus
2978 1418 3229 1474 deviasse
3268 1435 3302 1473 a
3338 1435 3488 1486 vero,
3530 1422 3738 1474 reconci-

2183 1506 2311 1561 liari
2345 1508 2584 1578 satagite
2615 1511 2751 1565 Deo.
2785 1509 2978 1573 Orate,
3011 1510 3074 1562 ut
3103 1524 3200 1562 vos
3229 1508 3552 1578 evangelica
3575 1509 3738 1564 admo-

2185 1597 2284 1650 net
2318 1597 2510 1663 lectio,
2541 1614 2614 1652 ne
2649 1597 2750 1652 ﬁat
2777 1597 2916 1667 fuga
2948 1599 3133 1650 vestra
3173 1595 3366 1650 hieme
3410 1599 3493 1651 vel
3541 1596 3744 1652 Sabbato

2187 1682 2421 1754 (Matth.
2455 1702 2603 1752 mv,
2621 1687 2730 1755 20).
2757 1684 2878 1748 Quo
2906 1685 3036 1739 loco
3067 1687 3281 1739 nostras
3312 1701 3404 1739 res
3429 1685 3543 1739 sitae
3564 1687 3676 1748 sint,
3699 1685 3743 1738 in

2186 1789 2504 1828 commune
2528 1773 2761 1840 videtis;
2804 1777 2862 1827 et
2888 1772 3025 1844 quia
3052 1772 3144 1826 hic
3175 1772 3428 1827 mundus
3455 1772 3511 1827 in
3540 1773 3745 1844 maligno

2189 1861 2413 1932 positus
2441 1861 2512 1915 sit
2539 1861 2598 1931 (Ι
2623 1862 2786 1916 Joan.
2820 1879 2871 1924 v,
2908 1861 3202 1931 l9),juxta
3232 1877 3463 1915 mecum
3491 1877 3667 1916 omnes
3688 1865 3748 1914 at-

2191 1948 2448 2003 tenditis.
2473 1970 2499 1997 »
2537 1951 2672 2004 Post
2697 1950 2799 2003 has
2825 1949 3021 2003 dulces
3053 1951 3312 2020 paterna:
3342 1949 3561 2021 pietatis
3588 1949 3750 2004 admo-

2191 2035 2444 2092 nitiones
2475 2041 2533 2092 et
2563 2041 2822 2092 extrema
2853 2035 3154 2091 charitatis
3182 2037 3362 2091 verba
3391 2036 3604 2092 modica
3627 2037 3747 2091 febre

2189 2128 2467 2197 pulsatus,
2502 2128 2559 2181 et
2609 2126 2958 2182 sacrosancti
2991 2125 3250 2197 corporis
3279 2130 3338 2180 et
3371 2125 3640 2196 sanguinis
3665 2127 3746 2180 Do-

2193 2215 2337 2270 mini
2361 2215 2564 2269 viatico
2593 2215 2989 2280 confirmatus,
3039 2214 3150 2268 illis
3199 2214 3522 2269 dolentibus
3560 2219 3610 2267 et
3638 2214 3749 2266 flen-

2191 2304 2363 2370 tibus,
2394 2303 2512 2374 ipse
2541 2307 2735 2357 autem
2769 2303 3058 2357 exsultans
3090 2301 3262 2357 tertio
3296 2302 3485 2356 Nonas
3512 2300 3750 2356 Februarii

2193 2392 2456 2464 pervenit
2486 2393 2556 2446 ad
2577 2409 2708 2446 eum
2739 2408 2913 2463 quem
2938 2407 3170 2462 semper
3193 2391 3752 2455 desideraverat,Chri-

2193 2484 2367 2535 stum.
2385 2481 2602 2550 Corpus
2631 2481 2678 2551 ej
2690 2498 2754 2534 us
2775 2479 3092 2534 honorifice
3115 2483 3381 2534 curatum
3404 2495 3528 2533 cum
3550 2477 3753 2532 melodis

2194 2571 2554 2642 psalmorum
2589 2573 2647 2624 et
2671 2571 3028 2640 hymnorum
3062 2568 3121 2622 in
3153 2569 3281 2623 loco
3316 2584 3428 2638 quo
3456 2567 3566 2639 ipse
3596 2568 3752 2620 decre-

2193 2662 2354 2713 verat
2393 2662 2477 2713 est
2504 2659 2826 2728 sepultum:
2858 2658 2953 2712 ubi
2989 2674 3092 2729 per
3121 2656 3246 2727 ejus
3284 2657 3490 2710 merita
3525 2656 3754 2710 Dominus

2195 2763 2373 2818 usque
2405 2748 2460 2804 in
2498 2764 2751 2818 praesens
2773 2739 3060 2817 operatur
3086 2745 3498 2802 miraculorum
3524 2744 3756 2800 beneﬁcia

2195 2835 2267 2890 ad
2294 2836 2524 2890 laudem
2545 2839 2604 2890 et
2633 2835 2884 2907 gloriam
2916 2834 3171 2891 nominis
3199 2833 3309 2902 sui,
3335 2833 3485 2906 quod
3514 2836 3593 2887 est
3615 2833 3753 2887 bene-

2198 2924 2414 2979 dictum
2445 2924 2505 2979 in
2536 2926 2765 2980 saecula.

1570 3239 2704 3390 NOTGBBI

1269 3493 1700 3557 ΡΒίΕΕΑΤῙΟ
1746 3495 1857 3556 AD
1905 3495 2164 3557 VITAM
2210 3495 2502 3558 SANCTI
2546 3496 3026 3560 LANDOALDI

1592 3669 1758 3741 (Vide
1780 3686 1944 3742 supra
1977 3673 2033 3724 ιή
2063 3671 2375 3738 Hemonno,
2409 3673 2516 3727 col.
2551 3675 2696 3737 222.)

1061 3979 1512 4122 VITA
1605 3982 2282 4123 SANCTI
2373 3984 3209 4127 REMACLI

1702 4205 2203 4261 TRAJECTENSIS
2249 4204 2564 4260 EPISCOPI

1847 4354 2086 4408 Auctore
2138 4353 2394 4406 Norosao

1598 4500 1845 4573 (Sumus,
1886 4501 2031 4555 Acta
2075 4508 2381 4555 sanctorum
2403 4499 2553 4572 δέρε.
2583 4504 2660 4566 3.)

1201 4784 1710 4873 NOTGERI
1788 4787 2305 4875 EPISCOPI
2383 4788 3058 4876 LEODIENSIS

1074 4959 1166 5012 AD
1251 4957 1725 5013 VERINFRIDUM
1808 4960 2126 5015 ABBATEM
2209 4960 2542 5015 EPISTOLA
2627 4958 3187 5015 NUNCUPATORIA.

546 5081 856 5149 Noronnus,
890 5097 1083 5152 quem,
1126 5082 1227 5136 etsi
1269 5083 1598 5152 indignum,
1636 5084 1858 5139 Sanctae
1888 5085 2076 5142 Marias
2118 5091 2164 5149 C
2191 5086 2546 5159 episcopum,
2576 5086 2930 5140 Wsnmrmno
2962 5083 3274 5138 venerabili
3304 5083 3363 5137 in
3395 5079 3600 5136 Christo
3627 5067 3741 5143 palﬁ

472 5172 778 5245 Sanctique
807 5169 1099 5225 Lamberti
1130 5171 1486 5241 mancipium
1519 5173 1837 5244 praedicant
1885 5177 2080 5229 tamen
2183 5179 2240 5230 et
2267 5173 2663 5230 consacerdoti
2690 5174 2888 5228 salutis
2928 5177 3162 5227 aeternas
3194 5171 3524 5227 subsidium.

547 5315 627 5387 (9)
646 5318 708 5370 In
731 5313 1069 5386 apographo
1096 5312 1453 5387 Andainensi
1493 5315 1706 5387 legitur
1739 5331 1751 5368 :
1785 5314 1911 5370 Per.
1922 5317 2084 5387 plura

483 5385 729 5443 tredecnn
761 5385 1027 5440 annorum
1047 5385 1337 5438 curricula.
1372 5385 1583 5438 Verum
1615 5385 1826 5441 diutius
1870 5385 1938 5440 ini
1960 5404 2084 5442 m0-

483 5457 736 5512 nasterio
761 5474 794 5510 a
819 5474 877 5511 se
899 5456 1134 5512 condito
1153 5458 1522 5510 conversatus
1549 5459 1632 5510 est
1655 5457 1983 5524 Hadalinus,
2014 5459 2084 5512 si-

481 5529 718 5603 quidem
739 5532 909 5603 notus
931 5529 1039 5583 fuit
1066 5527 1313 5603 Pippino
1335 5527 1762 5603 Majoridomus,
1778 5529 1873 5600 qui
1894 5529 2083 5602 Pippi-

484 5598 590 5662 rius
619 5599 713 5655 hic
739 5598 813 5654 ab
842 5603 1078 5656 auctore
1091 5615 1189 5656 rex
1203 5599 1411 5664 dictus,
1435 5615 1554 5654 non
1575 5602 1708 5654 ante
1733 5598 2085 5656 annum'687

478 5671 677 5753 palatii
704 5669 1046 5748 praefectura
1064 5670 1254 5744 quiete
1279 5671 1490 5744 potitus
1513 5673 1616 5727 est.
1637 5671 1798 5728 Unde
1820 5671 1876 5731 S.
1903 5673 2088 5728 Hada-

2187 5316 2288 5371 lini
2319 5317 2539 5372 obitum
2585 5332 2738 5371 anno
2771 5314 2920 5369 circa
2951 5316 3056 5370 690
3088 5309 3736 5384 consignamusﬁguum

2189 5388 2310 5457 ejus
2327 5387 2657 5458 corpusillic
2683 5386 2898 5458 quievit
2928 5387 3000 5440 ad
3031 5379 3456 5458 annum'usque
3479 5379 3619 5458 l33if.
3641 5386 3736 5458 fil“)

2189 5447 2243 5512 in
2281 5447 2558 5531 oppidum
2587 5447 2840 5531 Visetum
2872 5457 3232 5512 Leodicensis
3259 5447 3514 5531 ‘ditecesis
3541 5449 3603 5503 ad
3625 5447 3734 5531 der-

2189 5523 2532 5602 traniq'Mosm
2563 5530 2746 5602 ripam
2789 5528 3076 5602 invectum
3110 5532 3212 5594 est,
3241 5523 3571 5602 cellensibus
3591 5528 3733 5602 caqu-

2191 5601 2332 5656 nicis
2347 5600 2530 5657 isthuc
2551 5586 2842 5655 translatis
2866 5599 2939 5654 ob
2961 5586 3240 5655 baronum
3267 5594 3587 5652 Cellensium
3614 5586 3732 5641 inle-

2189 5671 2481 5728 stationes.
2516 5672 2644 5729 Haec
2669 5671 2968 5727 translatio
3001 5687 3031 5724 v
3059 5670 3189 5726 Idus
3217 5667 3409 5725 Octob.
3436 5660 3729 5718 celebratur.
