3954 6180
212 750 234 771 τ

289 407 434 457 Ηῦ3

1656 405 1814 461 νιΤΑ
1855 406 1912 460 S.
1958 403 2281 460 REMACLI.

3513 413 3655 469 1154

274 523 391 577 sub
423 521 600 576 beato
646 518 908 591 Sulpitio,
955 516 1016 573 in
1060 519 1223 591 cujus
1268 521 1550 577 honorem
1590 528 1818 580 constat
1847 525 1920 580 ab
1939 528 1992 587 Α
2021 523 2155 595 ipsis
2178 523 2285 578 nisi
2319 524 2560 581 beatum
2578 527 2918 583 Remaclum
2942 526 3278 600 episcopum
3304 527 3539 600 prtefeci
3562 532 3659 587 de-

274 612 501 666 eodem
550 613 744 665 sancto
789 607 914 662 viro
959 610 1280 678 permultas
1324 610 1381 664 in
1428 617 1622 668 nostra
1690 614 1921 669 dioecesi

273 699 557 754 ecclesias
589 698 816 752 dicatas.
848 694 955 749 Ubi
988 699 1191 750 autem
1240 697 1509 767 adolevit,
1553 705 1611 753 et
1654 705 1828 773 prout
1855 719 1923 755 ea

273 788 514 843 ferebat
538 790 695 850 aetas,
716 785 889 840 totius
912 784 1268 855 integritatis
1292 790 1348 840 et
1380 788 1684 856 probitatis
1703 790 1923 844 fructus

272 876 554 948 protulit,
596 876 758 929 beato
784 873 970 944 Eligio
1000 874 1447 929 commendatus
1480 880 1584 943 est,
1618 879 1737 931 viro
1769 878 1923 931 inter

274 967 407 1036 ejus
424 963 614 1019 aetatis
637 960 902 1016 homines
928 960 1284 1015 meritorum
1305 963 1677 1033 gratiafacile
1697 965 1921 1036 primo.

275 1058 328 1109 ls
355 1070 500 1108 vero
520 1054 581 1108 in
606 1050 1082 1108 Sollemniaccnsi
1119 1049 1612 1125 (Solemnz'apcensz')
1632 1056 1924 1107 monaste-

276 1143 393 1209 rio,
427 1142 589 1214 quod
616 1140 730 1213 ipse
750 1140 808 1194 in
822 1156 927 1193 suo
950 1137 1137 1192 fundo
1167 1140 1566 1207 construebat,
1589 1156 1722 1195 eum
1747 1139 1923 1194 sacris

279 1231 627 1288 monasticae
651 1226 1443 1299 disciplinaeinstitutionibus
1467 1232 1666 1283 exacte
1684 1228 1920 1282 imbuit.

276 1325 344 1377 In
359 1324 600 1375 tantum
614 1321 799 1372 autem
811 1316 941 1387 pius
956 1316 1291 1370 adolescens
1303 1316 1352 1386 ej
1362 1333 1426 1368 us
1443 1316 1689 1370 monitis
1702 1317 1927 1371 obtem-

278 1409 535 1482 peravit,
572 1410 650 1474 ut,
668 1405 859 1460 divina
882 1404 940 1458 in
961 1419 1030 1458 eo
1045 1403 1232 1475 gratia
1243 1398 1628 1471 exuberante,
1653 1405 1928 1459 omnibus

278 1500 343 1553 in
375 1514 449 1552 eo
510 1493 865 1550 monasterio
903 1492 1128 1547 Christo
1168 1490 1584 1560 militantibus,
1625 1492 1928 1562 religiosae

283 1581 742 1641 conversationis
771 1581 842 1635 de
873 1598 931 1635 se
956 1580 1218 1651 exempla
1248 1579 1566 1650 praeberet.
1593 1580 1738 1633 Erat
1765 1580 1821 1634 in
1838 1581 1932 1635 Vi-

285 1672 443 1745 giliis
476 1669 753 1735 assiduus,
786 1668 845 1722 in
876 1667 1142 1739 precibus
1173 1682 1414 1737 pernox,
1480 1665 1542 1719 in
1572 1667 1934 1725 abstinentia

288 1760 625 1833 praecipuus
684 1759 741 1811 in
804 1757 1071 1811 universa
1110 1771 1350 1809 morum
1406 1753 1760 1824 integritate
1780 1772 1935 1826 pra:-

2024 614 2191 668 bere:
2222 612 2319 684 qui
2366 614 2440 668 sit
2484 618 2541 670 et
2580 617 2700 671 Deo
2752 619 2810 669 et
2856 615 3189 671 hominibus
3240 616 3469 680 charus,
3515 622 3657 676 nulli

2023 700 2146 770 ejus
2173 701 2359 755 atatis
2397 704 2700 758 sanctitate
2734 703 3038 773 secundus,
3066 703 3342 774 angelicis
3362 705 3659 775 spiritibus

2023 793 2244 858 gratus,
2279 791 2500 846 cunctis
2530 792 2875 847 mortalibus
2898 792 3292 864 suscipiendus
3308 794 3367 846 et
3388 809 3658 851 reveren-

2025 878 2153 935 dus.
2188 878 2322 947 Ejus
2352 895 2413 933 se
2444 881 2628 934 multa
2677 884 2945 950 expertos
2992 881 3299 942 beneficia,
3337 882 3543 937 crebro
3600 888 3658 939 et

2024 966 2185 1038 apud
2214 983 2417 1037 regem
2430 972 2490 1021 et
2510 985 2780 1040 proceres
2806 970 3055 1023 multum
3077 969 3211 1041 ipsis
3233 970 3355 1040 ejus
3375 970 3658 1040 profuisse

2025 1054 2306 1124 suffragia
2331 1060 2823 1111 commemorant.
2878 1059 2989 1111 Nec
3031 1058 3155 1127 ejus
3199 1057 3505 1113 obscuram
3536 1075 3657 1114 esse

2026 1142 2427 1215 prudentiam,
2453 1144 2551 1216 qui
2582 1161 2701 1199 non
2739 1161 2872 1200 raro
2896 1146 3070 1217 regiis
3093 1145 3349 1200 consiliis
3365 1146 3662 1202 adhibitus

2026 1231 2453 1303 sit.Suppcterc
2471 1234 2522 1287 ei
2534 1234 2837 1289 scientiam
2854 1235 3465 1305 Scripturarum,unde
3481 1239 3657 1304 possit

2028 1323 2088 1373 et
2118 1324 2318 1375 vetera
2343 1324 2400 1375 et
2430 1338 2580 1376 nova
2608 1322 2892 1392 proferre.
2925 1323 3183 1393 Denique
3209 1322 3351 1376 nihil
3374 1322 3425 1375 ei
3452 1340 3653 1379 earum
3719 1331 3723 1334 ’

2028 1424 2230 1463 rerum
2262 1410 2457 1465 deesse
2484 1410 2691 1481 quibus
2737 1412 3048 1482 Apostolus
3078 1411 3414 1481 episcopum
3444 1410 3655 1467 instru-

2030 1499 2190 1551 ctum
2227 1514 2351 1551 esse
2373 1498 2530 1553 velit.
2564 1498 2634 1552 lis
2662 1499 3033 1554 sermonibus
3057 1498 3414 1552 rexcomiter
3441 1501 3499 1551 et
3522 1515 3660 1570 pro-

2029 1599 2213 1653 penso
2254 1585 2433 1639 animi
2462 1586 2658 1640 favore
2707 1588 3049 1654 assentiens,
3102 1601 3425 1656 eorumque
3462 1586 3660 1642 studiis

2034 1672 2455 1739 obsecundans,
2518 1674 2717 1729 statuit
2773 1679 3049 1745 praestare
3110 1674 3265 1745 quod
3318 1674 3659 1744 rogabatur.

2032 1761 2285 1815 Accersit
2316 1761 2493 1832 igitur
2525 1762 2598 1816 ad
2628 1780 2686 1817 se
2720 1764 2956 1818 beatum
2992 1763 3353 1825 Remaclum,
3400 1766 3460 1817 et
3488 1779 3557 1817 ea
3586 1764 3658 1819 de

288 1849 507 1904 clarus.
563 1846 812 1901 Cernens
859 1847 1062 1900 beatus
1104 1843 1347 1914 Eligius,
1398 1842 1489 1895 cui
1524 1844 1783 1898 traditus
1814 1852 2008 1911 eratB
2034 1865 2096 1902 re
2133 1865 2263 1903 cum
2306 1866 2374 1904 eo
2427 1851 2655 1905 confert
2709 1866 3068 1919 sermonem,
3116 1852 3175 1903 et
3214 1851 3368 1903 certe
3419 1849 3529 1903 dici
3570 1850 3658 1904 vix

289 1957 325 1993 a
354 1935 721 2009 parentibus,
766 1936 887 2006 ejus
929 1932 1212 2005 profectui
1266 1930 1449 1985 animi
1496 1933 1763 2002 quadam
1815 1936 1934 1990 ala-

289 2028 507 2081 critate
585 2024 1011 2093 congratularis,
1082 2036 1284 2090 curam
1356 2019 1548 2089 gregis
1600 2020 1716 2073 sibi
1776 2039 1967 2099 com-7

290 2113 459 2168 missi
511 2112 571 2166 in
625 2128 756 2165 eum
811 2109 1124 2175 transtulit,
1184 2124 1317 2162 suas
1372 2106 1424 2160 ei
1482 2107 1629 2160 vices
1688 2107 1936 2166 deman-

289 2202 467 2268 dans,
527 2216 777 2270 eumque
827 2199 933 2253 sibi
1002 2197 1385 2252 substituens.
1455 2195 1934 2266 Compellebatur

291 2291 462 2344 enim
497 2287 688 2342 redire
718 2287 790 2341 ad
832 2285 1110 2357 palatium
1162 2284 1339 2355 regis,
1397 2285 1455 2336 et
1501 2300 1667 2337 suam
1719 2286 1770 2339 ei
1803 2303 1935 2356 ope-

294 2394 431 2433 ram
461 2392 695 2430 navare.
729 2376 930 2429 Postea
958 2390 1092 2428 vero
1125 2375 1302 2443 longe
1349 2373 1585 2442 lateque
1628 2388 1826 2443 sparsa
1848 2380 1933 2431 est

292 2469 466 2521 fama
490 2464 808 2519 sanctitatis
825 2464 951 2517 vitae
981 2463 1122 2533 ejus,
1170 2464 1227 2516 et
1276 2461 1351 2515 ad
1380 2460 1536 2530 ipsos
1583 2461 1759 2516 etiam
1786 2466 1929 2520 aulae

293 2570 578 2628 proceres
614 2552 894 2623 pervenit.
928 2553 1148 2622 Itaque,
1189 2550 1388 2605 divina
1411 2548 1468 2602 id
1499 2553 1707 2619 agente
1739 2553 1928 2622 provi-

296 2643 526 2709 dentia,
562 2656 683 2696 non
702 2641 887 2711 potuit
912 2642 1167 2705 lucerna,
1198 2638 1410 2692 divinae
1454 2638 1655 2707 gratiae
1690 2655 1931 2695 accensa

297 2732 561 2803 ignibus,
582 2729 685 2783 sub
709 2728 959 2800 propria:
984 2723 1471 2782 considerationis
1493 2725 1688 2781 modio
1712 2728 1924 2783 latere:

298 2820 403 2875 sed
436 2822 502 2882 ut
530 2816 757 2872 desides
778 2816 835 2869 in
868 2816 1003 2870 ﬁdei
1036 2814 1336 2887 proposito
1361 2814 1435 2868 ab
1468 2830 1536 2867 ea
1556 2814 1755 2869 lumen
1789 2817 1932 2871 acci-

298 2909 537 2979 perent,
562 2904 911 2959 candelabro
944 2903 1218 2976 imposita
1235 2906 1340 2957 est.
1369 2903 1434 2955 In
1458 2903 1589 2956 aula
1619 2904 1771 2975 regis
1801 2921 1932 2976 pro-

302 2997 625 3066 mulgatur,
648 2997 878 3047 tantum
891 2993 1075 3047 virum
1094 2992 1249 3063 regis
1260 2991 1587 3062 praesentia:
1602 2992 1796 3047 deesse
1811 3011 1926 3049 non

302 3085 542 3150 debere,
575 3085 639 3135 ut
661 3082 783 3152 ejus
812 3079 1125 3152 prudentia
1152 3080 1321 3150 regni
1354 3078 1589 3149 negotia
1613 3080 1927 3151 diSponan-

304 3179 418 3239 tur,
452 3172 615 3242 cujus
650 3174 768 3224 tam
797 3168 1039 3223 illustria
1069 3167 1422 3222 meritorum
1453 3167 1700 3238 insignia
1726 3185 1928 3223 cerne-

306 3267 527 3315 rentur.
550 3260 832 3313 Evocatur
844 3274 1004 3328 ergo,
1024 3260 1212 3326 utpar
1229 3260 1375 3322 erat,
1394 3256 1731 3325 honorifice,
1756 3261 1927 3330 atque

305 3350 360 3403 in
399 3346 559 3420 regis
589 3346 871 3417 palatium
924 3345 1339 3411 introducitur,
1386 3360 1602 3415 magno
1635 3334 1923 3418 deinceps,

306 3441 366 3492 ut
388 3437 473 3492 rei
496 3439 633 3508 post
656 3437 894 3489 eventus
937 3434 1151 3503 docuit,
1200 3432 1476 3488 omnibus
1518 3435 1722 3489 solatio
1754 3436 1926 3491 afutu-

308 3543 421 3580 rus.

375 3615 469 3672 ΙΙΙ.
501 3615 614 3669 Per
638 3612 794 3667 idem
814 3611 999 3667 ferme
1019 3616 1250 3685 tempus
1272 3613 1474 3666 beatus
1493 3612 1762 3680 Joannes,
1779 3614 1925 3667 Tun-

306 3702 607 3777 grensium
639 3701 729 3755 vei
756 3701 1207 3771 Trajectensium
1230 3699 1537 3754 Ecclesiam
1563 3701 1803 3756 feliciter
1825 3719 1925 3773 gu-

304 3795 581 3858 bernans,
598 3790 919 3845 hominem
950 3789 1122 3844 exuit.
1157 3790 1337 3843 Porro
1358 3787 1601 3859 inclytus
1623 3800 1721 3843 rex
1744 3792 1926 3861 Dago-

308 3883 524 3949 bertus,
576 3880 674 3952 qui
696 3879 847 3950 patri
879 3878 1126 3933 Clotario
1161 3877 1221 3932 in
1267 3878 1608 3932 monarcbia
1638 3880 1923 3949 successit,

305 3971 545 4026 beatum
584 3967 919 4022 Amandum
951 3966 1049 4039 qui
1085 3966 1157 4021 ad
1204 3965 1662 4037 praedicandum,
1705 3970 1765 4021 ut
1803 3970 1924 4024 tum

308 4060 488 4114 moris
520 4067 670 4124 erat,
699 4057 878 4111 factus
906 4056 1096 4109 fuerat
1118 4054 1436 4127 episcopus,
1471 4055 1545 4109 ad
1563 4072 1620 4109 se
1653 4055 1927 4110 accersie-

308 4152 415 4214 rat,
446 4151 506 4202 et
533 4146 673 4218 quia
703 4162 833 4199 cum
866 4143 1079 4215 injuria
1100 4160 1234 4197 eum
1266 4144 1580 4213 expulerat,
1616 4145 1686 4198 ab
1728 4144 1824 4199 illo
1852 4144 1925 4199 ob

306 4236 583 4308 quaedam
621 4234 881 4306 facinora
926 4232 1330 4303 reprehensus,
1378 4231 1674 4288 nitebatur
1718 4232 1929 4286 arctius

297 4328 466 4381 illum
499 4324 806 4378 devincere
836 4321 943 4375 sibi
988 4338 1091 4393 per
1136 4319 1425 4391 Sigeberti
1473 4320 1577 4374 ﬁlii
1623 4321 1708 4374 sui
1739 4320 1930 4391 bapti—

2035 1941 2209 2009 queat
2237 1943 2459 2009 qnanta
2489 1939 2770 1994 orationis
2789 1938 3068 1993 suavitate
3119 1938 3193 1993 ad
3223 1938 3275 1992 ei
3305 1937 3659 2008 persuaden-

2037 2024 2176 2078 dum
2210 2042 2340 2080 usus
2365 2026 2458 2093 sit,
2486 2043 2780 2097 quamque
2814 2026 2895 2079 illi
2926 2025 3118 2080 modis
3139 2025 3410 2079 omnibus
3426 2026 3510 2079 vir
3525 2042 3657 2080 san-

2034 2116 2125 2166 tus
2155 2114 2478 2169 obluctatus
2503 2115 2595 2172 sit.
2625 2117 2699 2169 At
2720 2131 2843 2182 rex,
2870 2114 3237 2169 sacerdotum
3264 2118 3324 2168 et
3346 2130 3655 2186 procerum

2034 2202 2213 2256 fretus
2242 2203 2502 2269 consilio,
2533 2205 2605 2258 ab
2636 2203 2967 2258 intentione
2999 2220 3101 2257 sua
3138 2220 3256 2257 non
3290 2202 3527 2258 destitit.

2102 2291 2359 2346 Tandem
2388 2290 2475 2345 vir
2502 2291 2625 2360 Dei,
2656 2292 2874 2345 veritus
2913 2308 2987 2346 ne
3019 2291 3224 2347 divinae
3251 2290 3546 2346 resisteret
3566 2309 3662 2347 vo-

1996 2416 1999 2419 »
2036 2378 2261 2446 luntati,
2294 2379 2505 2434 invitus
2530 2380 2768 2450 quidem
2797 2379 3079 2450 septimus
3106 2383 3165 2434 et
3197 2379 3657 2435 vicesimusTun-

2032 2467 2226 2537 grensi
2255 2469 2341 2522 vel
2371 2467 2722 2538 Trajectensi
2770 2468 3033 2523 Ecclesiae
3081 2469 3319 2523 antistes
3369 2469 3562 2523 datur:
3596 2472 3661 2523 ut

2034 2557 2188 2609 verbi
2220 2556 2395 2612 divini
2438 2556 2684 2623 semina,
2709 2574 2840 2628 qua:
2873 2558 3155 2613 hactenus
3185 2558 3337 2630 apud
3366 2574 3427 2612 se
3449 2559 3663 2614 celave-

2032 2647 2141 2712 rat,
2168 2645 2429 2715 pluribus
2475 2645 2827 2716 impertiret.

2100 2733 2189 2788 lV.
2243 2733 2367 2797 Qua
2413 2749 2549 2787 vero
2611 2734 2923 2805 religione,
2976 2752 3093 2809 qua
3132 2736 3465 2808 integritate
3517 2737 3657 2794 illud

2032 2838 2241 2877 munus
2264 2826 2562 2876 exsecutus
2594 2822 2686 2889 sit,
2720 2840 2829 2877 nos
2861 2824 3147 2896 explicare
3178 2826 3507 2897 nequimus,
3525 2843 3656 2881 cum

2029 2925 2165 2963 mox
2191 2910 2251 2963 in
2274 2910 2399 2981 ipso
2424 2909 2813 2964 ordinationis
2845 2912 3142 2982 ejusinitio
3172 2916 3394 2967 tantam
3416 2913 3469 2968 ei
3497 2912 3657 2969 verbi

2030 2998 2280 3067 gratiam
2307 2997 2566 3051 Christus
2584 2998 2829 3068 largitus
2846 2999 2939 3066 sit,
2965 3003 3027 3054 ut
3057 3016 3264 3055 omnes
3292 3002 3656 3071 promptissi-

2032 3102 2159 3140 mos
2197 3102 2320 3141 sese
2371 3085 2445 3139 ad
2496 3085 3028 3155 obtemperandum
3061 3088 3421 3157 exhiberent,
3479 3108 3654 3146 nemo

2030 3180 2178 3229 esset
2210 3174 2308 3246 qui
2338 3189 2457 3227 non
2485 3172 2762 3228 exanimo
2779 3190 2915 3229 eum
2947 3176 3243 3247 diligeret:
3265 3180 3654 3252 unusquisque

2029 3263 2103 3317 ad
2127 3264 2248 3334 ejus
2268 3280 2328 3317 se
2344 3261 2671 3316 doctrinam
2685 3263 3055 3319 conformare
3075 3281 3179 3336 pro
3204 3266 3419 3323 viribus
3438 3269 3653 3324 nitere-

2028 3346 2143 3397 tur.
2171 3343 2345 3404 Nulla.
2364 3341 2425 3395 in
2477 3341 2598 3421 ejus
2636 3342 2900 3397 moribus
2939 3346 3274 3417 arrOgantia
3314 3348 3415 3402 sed
3461 3351 3653 3404 totum

2026 3430 2191 3486 illum
2209 3432 2329 3487 sibi
2348 3432 2550 3485 sancta
2562 3429 2863 3486 humilitas
2886 3432 3232 3491 vindicabat.
3252 3438 3495 3509 Superbi
3516 3455 3651 3493 eum

2026 3522 2452 3577 reverebantur
2496 3521 2559 3572 ut
2611 3519 3006 3590 superiorem:
3052 3522 3301 3578 humiles
3336 3527 3649 3598 amplecte-

2025 3609 2244 3665 bantur
2266 3613 2326 3663 ut
2341 3609 2609 3664 fratrem.
2626 3609 2775 3679 Erga
2799 3626 3004 3666 omnes
3029 3614 3453 3670 communierat
3469 3616 3653 3673 animi

2024 3697 2434 3755 benevolentia
2464 3699 2520 3750 et
2548 3713 2770 3754 amore.
2804 3700 2865 3752 In
2912 3701 3081 3754 terris
3132 3702 3349 3773 degens
3381 3721 3647 3776 corpore,

2026 3786 2231 3843 habitu
2252 3789 2310 3840 et
2341 3785 2599 3839 moribus
2617 3785 2906 3841 coelestem
2938 3805 2997 3842 se
3029 3789 3377 3848 declarabat.
3401 3795 3649 3864 Aspectu

2028 3876 2347 3946 angelicus,
2408 3872 2634 3925 incessu
2697 3870 3071 3950 compositus,
3115 3877 3339 3932 actione
3395 3885 3648 3944 sanctus,

2028 3962 2445 4034 integerrimus
2456 3975 2721 4030 corpore,
2736 3962 3143 4020 solertissimus
3159 3965 3379 4035 animo,
3392 3967 3451 4021 in
3470 3985 3647 4040 opere

2029 4051 2501 4121 circumspectus,
2529 4047 2766 4120 ingenio
2790 4053 3094 4121 excellens,
3110 4069 3357 4124 mag-nus
3377 4057 3643 4122 consilio,

2030 4140 2147 4195 fide
2177 4137 2509 4199 catholicus,
2532 4153 2630 4207 spe
2661 4128 3133 4210 patientissimus,
3157 4142 3436 4197 charitate
3475 4144 3646 4198 diffu-

2031 4247 2144 4284 sus.
2181 4228 2352 4297 Cujus
2373 4225 2525 4298 apud
2550 4227 2729 4281 Deum
2752 4228 2942 4282 meriti
2976 4232 3125 4283 esset
3152 4230 3304 4284 facta
3324 4229 3445 4300 ejus
3471 4234 3648 4287 testa-

2030 4317 2264 4372 bantur.
2298 4316 2444 4385 Mira
2466 4315 2523 4369 in
2557 4330 2625 4369 eo
2656 4316 3006 4371 cernebatur
3039 4335 3272 4373 morum
3299 4319 3547 4375 suavitas
3587 4326 3647 4375 et

301 4431 519 4481 smum,
550 4417 723 4484 atque
750 4413 809 4466 in
861 4410 1215 4489 Trajectensi
1267 4426 1399 4463 eum
1449 4410 1726 4464 cathedra
1754 4411 1932 4464 cullo-
1956 4422 2008 4481 Ῑ)
2030 4405 2292 4475 facilitas,
2326 4408 2497 4475 atque
2528 4403 2680 4459 inter
2706 4404 2910 4460 divites
2926 4408 2984 4459 et
3004 4422 3288 4477 pauperes
3306 4424 3376 4463 ea
3405 4416 3647 4466 noverat

301 4522 455 4560 care.
487 4505 558 4558 Et
580 4502 674 4556 ille
704 4502 788 4556 vir
817 4500 1054 4572 quidem
1094 4502 1323 4553 sanctus
1361 4514 1465 4568 per
1505 4498 1825 4553 triennium
1852 4498 1931 4553 vi-

302 4612 395 4649 cos
431 4597 495 4648 et
525 4592 761 4646 castella
800 4591 1180 4661 perlustrans,
1212 4587 1455 4641 verbum
1506 4587 1633 4641 vita:
1669 4588 1934 4641 dissemi-

303 4684 499 4738 navit:
538 4680 643 4735 sed
688 4679 829 4733 nihil
874 4696 934 4733 se
972 4677 1255 4750 proﬁcere
1306 4691 1568 4743 cernens,
1627 4676 1745 4730 imo
1800 4694 1931 4731 vero

305 4777 487 4831 etiam
509 4771 667 4843 ipsos
684 4768 1006 4823 sacerdotes
1025 4770 1083 4821 et
1101 4765 1298 4820 levitas
1319 4764 1426 4820 sibi
1449 4765 1726 4819 insultare
1751 4765 1935 4820 anim-

304 4864 641 4927 advertens,
672 4857 966 4928 pulverem
1005 4854 1243 4927 pedum,
1291 4853 1792 4924 quemadmodum
1819 4855 1933 4908 Do-

305 4952 507 5005 minus
533 4946 722 5018 jubet,
756 4944 815 4999 in
859 4944 991 4998 illos
1038 4942 1301 5007 excussit,
1349 4945 1521 5012 atque
1548 4942 1622 4995 ad
1651 4943 1774 4996 loca
1799 4941 1929 5010 alia,

307 5045 365 5094 ut
396 5038 571 5112 prius
614 5034 842 5099 fecerat,
885 5048 1006 5086 sese
1044 5030 1399 5103 praedicandi
1445 5046 1616 5084 causa
1664 5030 1927 5086 contulit.

306 5128 750 5198 lncompertum
776 5139 910 5178 vero
940 5125 1024 5176 est
1069 5124 1284 5192 quanto
1312 5124 1575 5192 tempore
1604 5120 1766 5191 plebs
1792 5121 1929 5176 Tra-

302 5215 589 5290 jectensis
618 5217 740 5267 tum
770 5212 893 5266 sine
932 5215 1162 5281 pastore
1188 5208 1594 5281 permanserit,
1638 5209 1822 5263 donec
1843 5209 1931 5264 Si-

310 5308 627 5380 gebertum
682 5307 847 5375 pater
894 5316 1097 5372 regem
1142 5298 1525 5354 Austrasianis
1574 5298 1735 5353 dedit
1778 5302 1835 5352 et
1873 5299 1931 5353 in

310 5391 815 5450 Mediomatricum
848 5390 990 5445 urbe
1016 5389 1215 5443 sedem
1247 5389 1460 5443 habere
1489 5387 1683 5441 voluit.
1718 5387 1775 5440 Ei
1799 5402 1931 5441 vero

310 5484 709 5555 Trajectenses
752 5498 819 5535 ex
869 5478 1167 5534 communi
1215 5476 1581 5532 sacerdotum
1629 5475 1930 5541 electione,

313 5575 667 5645 magnatum
695 5570 880 5625 multa
908 5568 1254 5639 frequentia,
1276 5569 1333 5621 et
1362 5564 1627 5620 omnium
1657 5563 1932 5618 ordinum

314 5660 729 5739 postulatione,
759 5658 1045 5731 ejusmodi
1076 5672 1272 5730 preces
1305 5655 1575 5722 offerunt,
1629 5652 1929 5708 neminem

2033 4493 2435 4549 moderatione
2451 4509 2509 4547 se
2532 4508 2754 4563 gerere,
2777 4497 2840 4548 ut
2856 4510 3140 4567 pauperes
3158 4512 3292 4550 eum
3316 4514 3430 4552 sua:
3449 4499 3640 4568 sortis,

2032 4583 2346 4652 locupletes
2374 4598 2508 4636 vero
2533 4581 2617 4635 sui
2658 4582 2877 4637 ordinis
2925 4584 3369 4643 arbitrarentur.
3393 4587 3517 4641 Non
3549 4588 3644 4643 ille

2033 4674 2641 4742 personaspotentum,
2657 4672 2756 4727 sed
2769 4688 2999 4727 morum
3014 4675 3366 4745 elegantiam
3388 4678 3641 4748 pensita-

2033 4761 2153 4826 bat,
2182 4762 2342 4814 tanto
2371 4776 2659 4831 quemque
2704 4762 3043 4832 propensius
3086 4764 3382 4818 honorans
3422 4769 3641 4835 quanto

2034 4866 2169 4903 eum
2188 4848 2740 4904 didicissetsanctius
2754 4850 2962 4905 vivere.
2986 4852 3150 4915 Quod
3173 4869 3273 4908 ore
3305 4854 3550 4922 dicebat,
3586 4860 3645 4910 et

2033 4937 2346 5005 astruebat,
2372 4954 2669 5010 nunquam
2685 4938 2909 4994 actione
2930 4942 3201 5012 velopere
3220 4942 3525 5012 destruxit;
3545 4946 3644 5001 sed

2032 5027 2197 5080 factis
2228 5027 2477 5081 ostendit
2506 5027 2644 5098 quid
2672 5043 2808 5082 voce
2839 5028 3033 5084 doceri
3060 5036 3376 5102 oporteret.
3407 5032 3572 5095 Quod
3590 5033 3641 5087 ei

2032 5115 2225 5170 divina
2251 5115 2438 5186 gratia
2459 5117 2722 5183 contulit,
2754 5117 2885 5172 idin
2901 5122 3163 5190 posteros
3177 5121 3641 5176 derivavit.Unde

2032 5204 2173 5258 illud
2210 5207 2580 5258 consecutum
2613 5209 2715 5272 est,
2751 5209 2812 5260 ut
2844 5209 3096 5279 nonejus
3115 5209 3285 5264 modo
3300 5208 3639 5279 gestanobis

2031 5292 2319 5365 hodieque
2346 5293 2679 5363 proficiant;
2713 5295 2812 5349 sed
2839 5296 3014 5351 etiam
3044 5297 3451 5367 discipulorum
3492 5296 3636 5366 ejus,

2033 5384 2090 5435 et
2119 5381 2217 5453 qui
2246 5383 2318 5436 ab
2341 5398 2407 5436 eo
2432 5382 2682 5437 fideliter
2698 5384 2924 5441 educati
2954 5388 3113 5452 sunt;
3140 5400 3389 5456 quorum
3405 5386 3563 5439 actus
3582 5388 3641 5438 et

2034 5487 2212 5542 Opera
2241 5471 2406 5525 nobis
2436 5472 2698 5543 exemplo
2728 5476 2880 5540 sunt,
2927 5477 2985 5527 et
3030 5472 3104 5526 ad
3148 5472 3500 5528 imitandum
3532 5490 3639 5529 nos

2032 5559 2299 5614 invitant.
3438 5570 3441 5573 ‘

2102 5649 2166 5704 V.
2180 5649 2484 5706 Multorum
2496 5650 2590 5706 ille
2604 5650 3001 5707 coenobiorum
3016 5652 3075 5705 et
3086 5649 3363 5708 fundator
3376 5653 3434 5706 et
3445 5654 3638 5709 rector
