3960 6182
510 413 648 473 1155

1624 409 1922 467 NOTGERI
1957 405 2363 466 LEODIENSIS
2400 406 2715 467 EPISCOPI

3616 417 3631 467 l
3642 417 3719 470 156

508 534 636 604 fuit,
654 534 714 591 in
735 532 940 606 quibus
968 545 1147 604 usque
1178 530 1238 587 in
1263 532 1418 587 hunc
1439 530 1593 587 diem
1619 529 1843 586 Christo
1866 529 2115 585 servien-
2138 530 2195 591 Α
2288 529 2402 583 VII.
2436 529 2630 601 Surgit
2658 528 2813 585 ocius
2835 529 3036 585 beatus
3062 528 3271 596 Trudo,
3311 530 3383 586 nil
3420 529 3480 584 de
3514 532 3724 602 angelica

510 625 656 679 tium
669 621 904 694 agmina
939 621 1285 677 increscunt.
1316 619 1734 692 Discipulorum
1746 618 1998 691 plurium
2015 634 2115 689 pa-

511 710 720 767 terfuit
744 714 803 764 et
839 709 1156 776 institutor,
1176 725 1423 781 quorum
1447 711 1509 763 ut
1522 709 1615 763 ille
1630 708 1851 763 Christo
1867 708 2118 761 lucratus

510 803 597 854 est
620 798 867 872 animas,
895 797 974 853 sic
1002 802 1062 852 et
1083 796 1285 870 ipsi,et
1299 813 1501 853 eorum
1527 796 2118 864 successores,multo-

507 903 640 943 rum
671 886 897 943 animas
928 886 1003 942 ad
1031 885 1321 943 Christum
1354 886 1674 954 adduxere;
1707 900 1957 957 quorum
1982 898 2120 938 sane

507 976 717 1032 merita
737 976 796 1031 in
828 976 993 1032 illum
1021 975 1372 1031 redundant.
1403 978 1465 1031 In
1497 975 1565 1029 iis
1580 974 1687 1029 fuit
1707 974 1907 1028 beatus
1935 972 2118 1027 Theo-

506 1065 740 1133 dardus,
774 1065 846 1119 ab
878 1080 947 1120 eo
968 1064 1169 1135 procul
1187 1062 1361 1119 dubio
1389 1062 1705 1134 disciplinis
1725 1059 2117 1116 ecclesiasticis

505 1153 876 1220 informatus,
892 1152 1107 1224 quippe
1128 1168 1304 1225 quem
1325 1150 1432 1206 sibi
1450 1166 1832 1206 successorem
1855 1149 2117 1219 designa~

510 1244 625 1299 vit:
654 1242 753 1315 qui
782 1242 856 1297 ad
880 1245 1207 1296 extremum
1228 1243 1451 1313 martyr
1471 1240 1713 1295 abcessit
1743 1256 1772 1294 e
1794 1238 1925 1293 vita.
1951 1239 2121 1292 Item-

505 1348 618 1404 que
648 1333 876 1386 sanctus
900 1330 1260 1397 Lambertus,
1293 1329 1389 1401 qui
1420 1327 1623 1383 itidem
1641 1343 1744 1382 sua
1773 1328 2118 1398 tempestate

508 1423 829 1492 martyrem
858 1418 1159 1491 egregium
1184 1434 1244 1473 se
1294 1416 1569 1472 exhibuit.
1635 1419 1839 1472 Beatus
1887 1430 2116 1486 quoque

504 1507 803 1575 Adelinus,
835 1506 896 1561 in
922 1506 1231 1578 Aquitania
1288 1508 1480 1572 natus,
1526 1507 1583 1559 et
1630 1502 2119 1577 peregrinationis

506 1596 655 1668 ejus,
714 1598 775 1649 ut
814 1595 1019 1663 fertur,
1046 1580 1268 1651 comes:
1318 1594 1414 1667 qui
1446 1594 1495 1649 ei
1530 1593 1877 1666 quandoque
1903 1591 1961 1645 iu
1993 1592 2118 1646 loco

508 1687 727 1740 secreto
758 1684 938 1756 digna
963 1686 1079 1739 Deo
1112 1683 1299 1739 studia
1327 1687 1383 1738 et
1407 1700 1583 1756 opera
1606 1682 1892 1738 exercenti
1915 1697 2019 1752 per
2036 1680 2117 1735 vi-

507 1790 634 1829 sum
661 1774 950 1845 apparuit,
979 1774 1138 1829 vultu
1168 1777 1461 1837 venustus,
1494 1772 1713 1844 capillis
1743 1771 2116 1837 reverendus,

2217 617 2433 673 visione
2458 618 2622 673 haesit
2650 636 2754 673 ans
2784 635 2967 691 eoque
2999 635 3111 691 quo
3134 619 3318 689 jussus
3348 618 3512 674 fuerat
3542 620 3609 675 ire
3622 637 3727 676 con-

2218 707 2425 762 tendit.
2458 707 2699 763 Sanctus
2738 708 3040 763 Remaclus
3077 711 3198 762 tum
3230 710 3512 779 occupatus
3533 712 3634 762 erat
3653 725 3727 780 pa-

2221 796 2442 851 scendis
2479 797 2537 850 et
2579 796 2848 851 curandis
2889 796 3087 851 ovibus
3131 796 3276 863 suis;
3318 799 3372 849 et
3406 813 3521 850 cum
3550 798 3732 869 propius

2219 886 2421 941 beatus
2464 885 2653 939 Trudo
2703 884 3023 953 accederet,
3082 885 3176 939 ille
3225 883 3404 938 divina
3453 885 3730 939 revelatione

2220 973 2454 1029 edoctus
2482 990 2495 1028 ε
2529 997 2555 1023 ‹‹
2577 972 2827 1046 Surgite,
2842 972 3046 1045 inquit,
3063 988 3328 1044 propere,
3349 975 3403 1027 et
3420 971 3529 1027 viro
3552 972 3732 1044 Dei,qui

2221 1079 2325 1118 nos
2353 1062 2597 1117 invisere
2617 1063 2794 1129 venit,
2824 1062 3053 1118 obviam
3077 1062 3217 1116 itote
3249 1079 3262 1116 :
3290 1065 3590 1117 reverenter
3613 1061 3733 1115 illum

2221 1151 2484 1222 excipite,
2530 1160 2748 1206 etcum
2788 1152 3010 1206 honore
3049 1151 3122 1205 ad
3176 1167 3267 1205 me
3318 1149 3641 1206 introducite.
3676 1150 3734 1203 En

2219 1258 2402 1314 prope
2430 1246 2534 1309 est,
2561 1241 2843 1295 occurrite
2877 1240 2954 1295 illi
2997 1240 3324 1295 celeriter.»
3361 1238 3571 1293 Faciunt
3599 1237 3662 1292 illi
3693 1242 3737 1291 ut

2221 1341 2387 1387 erant
2408 1330 2573 1402 jussi,
2597 1334 2654 1385 et
2666 1330 3266 1385 sanctum'l'rudonem
3281 1328 3351 1383 ad
3362 1328 3569 1381 beatum
3582 1327 3738 1381 Rema-

2222 1420 2397 1486 clum,
2426 1418 2585 1473 domi
2623 1434 2756 1472 cum
2792 1418 2905 1472 suis
2940 1419 3300 1482 manentem,
3336 1414 3616 1469 adducunt.
3642 1414 3739 1468 Cer-

2222 1508 2537 1564 nensillum
2561 1508 2686 1578 pius
2710 1511 2874 1578 pater
2894 1507 3095 1577 surgit,
3118 1508 3175 1561 et
3204 1521 3322 1577 prae
3347 1503 3538 1575 gaudio
3557 1503 3737 1569 flens,in

2220 1597 2268 1667 ej
2280 1614 2344 1651 us
2373 1597 2565 1651 oscula
2589 1596 2738 1663 ruit;
2765 1598 3057 1651 volentem
3085 1594 3158 1649 ad
3188 1594 3362 1667 ipsius
3386 1592 3545 1665 pedes
3564 1609 3613 1645 se
3637 1590 3740 1661 abji-

2221 1702 2351 1740 cere
2382 1685 2616 1754 retinet,
2661 1700 2911 1756 moxque
2952 1683 3143 1756 erigit,
3173 1686 3231 1737 et
3258 1682 3328 1737 ab
3358 1681 3546 1735 intimo
3570 1684 3739 1753 pectore

2221 1774 2434 1845 gratias
2458 1789 2637 1845 agens
2664 1773 2781 1827 Deo
2807 1788 2867 1826 τα
2891 1771 2975 1826 Sit
3003 1772 3131 1834 tibi,
3154 1770 3362 1842 inquit,
3384 1770 3502 1823 Jesu
3530 1768 3651 1823 bone
3672 1782 3742 1837 per

507 1864 728 1917 statura
747 1861 971 1934 reliqua
993 1861 1521 1934 prrestantissimus,
1540 1861 1862 1931 futurazque
1882 1876 2117 1915 conver-
2146 1846 2199 1907 Β
2222 1862 2502 1933 Spiritum
2532 1864 2795 1916 sanctum
2826 1877 2954 1915 cum
2979 1863 3197 1916 aeterno
3228 1861 3394 1914 Patre
3413 1857 3633 1913 visitator
3654 1854 3742 1909 ani-

507 1950 745 2006 sationis
774 1954 833 2006 et
854 1955 1149 2023 perpetuae
1176 1951 1383 2023 quietis
1411 1952 1625 2018 locum,
1647 1950 1989 2021 fontemque
2018 1950 2120 2003 hu-

506 2039 696 2095 manis
723 2040 918 2095 usibus
944 2044 1337 2112 opportunum
1366 2038 1655 2095 indicavit.
1673 2039 1809 2103 Qua).
1823 2055 1913 2093 res
1925 2037 2123 2093 hodie-

505 2145 617 2201 que
647 2128 919 2183 omnibus
942 2128 1185 2183 minime
1209 2128 1451 2184 obscura
1472 2130 1555 2183 est
1570 2126 1802 2200 quando
1825 2126 1883 2179 in
1911 2125 2120 2180 eodem

508 2217 634 2272 loco
667 2233 911 2289 corpore
944 2216 1207 2288 quiescit,
1223 2215 1779 2287 etspirituprmsens,
1810 2214 2122 2268 innumera

505 2305 620 2360 illic
652 2306 909 2379 quotidie
940 2304 1307 2361 credentibus
1363 2304 1644 2361 beneficia
1695 2307 1969 2375 praestare
2001 2319 2119 2357 non

508 2398 712 2454 cessat.

580 2484 670 2539 VI.
702 2485 882 2539 Porro
915 2486 1111 2539 autem
1161 2482 1222 2538 in
1272 2482 1452 2538 sancti
1502 2482 1785 2538 Trudonis
1840 2482 2120 2538 electione

510 2588 629 2627 non
678 2570 988 2627 difﬁculter
1043 2572 1233 2643 potest
1314 2571 1694 2627 animadverti
1754 2589 1867 2644 qua
1927 2573 2118 2626 inten-

508 2660 668 2716 tione
713 2663 941 2715 sauctus
1016 2659 1103 2714 vir
1142 2659 1327 2714 causis
1379 2662 1437 2715 et
1519 2659 1789 2715 custodiae
1835 2658 2119 2715 Dominici

510 2748 707 2822 gregis
752 2746 1156 2819 invigilaverit,
1200 2763 1377 2820 quam
1423 2746 1477 2803 ei
1526 2764 1645 2803 non
1694 2748 1942 2803 defuerit
1984 2765 2119 2820 pro-

509 2838 722 2911 phetiae
782 2836 1035 2910 spiritus,
1092 2852 1270 2910 quam
1316 2836 1564 2909 denique
1618 2837 1679 2891 in
1734 2836 1853 2905 illo,
1904 2854 2119 2908 magno

511 2925 719 2983 Christi
737 2941 940 2981 amore
957 2925 1241 2997 ﬂagrante
1257 2924 1597 2995 cupiditates
1610 2941 1813 2981 omnes
1826 2926 2119 2981 exstincta:

508 3016 744 3073 fuerint.
776 3016 1055 3072 Pastorali
1076 3015 1170 3071 ille
1195 3008 1575 3073 sollicitudine
1593 3016 1927 3088 parochiam
1955 3032 2119 3070 suam

508 3121 616 3178 pro
635 3120 800 3161 more
830 3102 1119 3172 visitabat,
1142 3107 1201 3159 et
1221 3121 1364 3177 quos
1385 3108 1678 3177 poterat,e
1707 3106 1977 3177 luporum
1995 3104 2122 3159 fau-

2223 1967 2475 2018 marum,
2508 1950 2712 2021 gloria,
2743 1951 2884 2016 laus,
2910 1953 2967 2004 et
2990 1949 3281 2020 jubilatio,
3314 1947 3409 2019 qui
3430 1945 3659 2002 voluisset
3673 1959 3743 1998 nos

2221 2042 2328 2096 hac
2360 2040 2455 2094 die
2481 2038 2765 2093 consolari
2798 2037 3045 2093 adventu
3066 2038 3239 2108 hujus
3262 2035 3461 2091 famuli
3488 2034 3578 2102 tui,
3603 2033 3648 2086 in
3666 2047 3743 2103 quo

2220 2133 2283 2184 tu
2296 2130 2572 2185 habitas.»
2588 2126 2934 2199 Addiditque
2952 2146 3000 2183 :«
3017 2129 3083 2181 Et
3096 2132 3178 2193 tu,
3197 2127 3280 2182 fili
3296 2126 3394 2192 mi,
3407 2124 3476 2178 sis
3486 2121 3745 2178 benedictus

2222 2235 2251 2274 a
2279 2218 2550 2285 Domino,
2585 2218 2762 2289 quite
2796 2217 3067 2289 dignatus
3107 2221 3195 2271 est
3226 2216 3453 2270 mittere
3484 2212 3547 2267 ad
3583 2227 3680 2273 nos,
3708 2213 3745 2261 et

2223 2306 2573 2362 desiderium
2612 2306 2793 2361 animi
2838 2307 2920 2361 tui
2963 2307 3187 2361 occulta
3237 2303 3588 2377 inspiratione
3629 2296 3747 2353 nobis

2221 2394 2567 2466 significare.
2605 2394 2755 2451 Scito
2786 2394 2962 2466 igitur
2983 2395 3257 2465 deinceps
3286 2397 3342 2448 te
3364 2391 3495 2446 mihi
3520 2385 3747 2444 charitatis

2214 2484 2345 2556 jure
2370 2483 2553 2538 filium
2584 2485 2954 2556 fore,meque
2986 2499 3222 2555 semper
3240 2482 3340 2537 tibi
3362 2480 3529 2553 patris
3542 2472 3748 2549 spiritalis

2221 2571 2413 2627 ofﬁcia
2439 2573 2855 2643 praestiturum.
2890 2572 3022 2627 Mihi
3062 2572 3229 2626 enim
3265 2587 3422 2625 servo
3462 2584 3552 2624 suo
3584 2562 3749 2620 revela-

2219 2662 2300 2717 vit
2328 2662 2608 2718 Dominus
2629 2662 2767 2734 quid
2793 2677 2897 2732 pro
2926 2661 3135 2716 animae
3158 2664 3275 2715 tum
3298 2661 3470 2715 salute
3490 2652 3749 2712 faciendum

2220 2750 2326 2805 tibi
2371 2750 2444 2805 sit
2485 2768 2497 2805 :
2541 2754 2598 2805 et
2644 2768 2711 2806 ex
2749 2768 2844 2805 me
2886 2750 3065 2805 disces
3100 2747 3579 2821 quemadmodum
3622 2740 3752 2814 possis

2222 2856 2462 2910 compos
2487 2824 2642 2894 effici
2679 2840 2796 2895 voti
2834 2839 2939 2894 tui.
2982 2839 3260 2911 Cognovi,
3295 2836 3528 2893 Domino
3565 2848 3642 2888 me
3677 2828 3751 2881 do-

2221 2931 2408 2995 cente,
2440 2927 2499 2982 in
2530 2927 2775 3001 pueritia
2815 2931 2873 2983 te
2898 2927 3135 2995 vovisse,
3163 2927 3211 2981 si
3257 2926 3358 2981 tibi
3394 2936 3651 2979 sacrarum
3688 2919 3753 2972 lit-

2221 3018 2478 3072 terarum
2500 3018 2751 3089 cognitio
2769 3017 3121 3091 quandoque
3149 3016 3494 3087 obtingeret,
3521 3008 3751 3068 ecclesiam

2222 3103 2281 3158 in
2313 3106 2493 3161 fundo
2519 3109 2617 3161 tuo
2635 3109 2690 3160 te
2712 3108 3199 3173 constructurum,
3220 3109 3392 3177 atque
3415 3102 3519 3157 illic
3541 3096 3752 3155 Domino,

511 3151 614 3178 1""
637 3151 799 3161 ⁶”“”“’
842 3151 1119 3172 ’““’⁸”“’”””’ν
1145 3151 1200 3159 ’⁷
1223 3151 1364 3177 Ί.“¹¹““¹“’
1386 3151 1676 3177 r""'“"'7"
1707 3151 1977 3177 ·“ι’ν·“·”
1995 3151 2093 3159 ’“’”“
2224 3151 2281 3158 ”“
2313 3151 2491 3161 “'"“""
2522 3151 2615 3161 ““’
2637 3151 2690 3160 ’ν
2713 3151 2893 3162 νν“⁴⁹“’⁵
2909 3151 3061 3160 “·“’⁹““
3078 3151 3199 3173 “""
3221 3151 3388 3177 ""‘1"'
3415 3151 3515 3157 "“'
3541 3151 3570 3155 "
3590 3151 3601 3153 ‘
3744 3151 3749 3155 '

511 3195 670 3251 cibus
699 3195 1056 3262 extrahebat,
1100 3210 1445 3267 summoque
1492 3194 1707 3266 pastori
1765 3194 1905 3248 lucri
1931 3194 2120 3248 facere
2156 3151 2364 3248 Cdum
2394 3193 2616 3263 vixeris,
2658 3194 3094 3251 famulaturum.
3125 3195 3318 3248 lsthuc
3352 3196 3532 3247 autem
3571 3189 3659 3241 hoc
3689 3197 3754 3236 or-

512 3284 852 3341 conabatur.
881 3282 1055 3339 Bonis
1085 3283 1435 3338 adminiculo
1467 3288 1610 3353 erat,
1644 3288 1706 3338 ut
1760 3283 1969 3338 fierent
1999 3300 2120 3339 me-

2224 3283 2358 3339 dine
2394 3289 2451 3340 te
2492 3285 2717 3340 noveris
2754 3287 3199 3356 completurum.
3244 3284 3451 3339 Sancto
3490 3281 3755 3353 protomar-

512 3373 716 3429 liores:
749 3371 975 3428 desides
1003 3375 1177 3444 atque
1208 3374 1505 3443 torpentes
1533 3376 1596 3426 ut
1626 3372 1699 3427 ad
1730 3372 2031 3427 meliorem
2062 3389 2122 3428 se
2224 3374 2334 3447 tyri
2383 3375 2676 3446 Stephano
2729 3374 2881 3446 apud
2921 3374 3123 3429 urbem
3163 3374 3474 3429 Metensem
3514 3372 3622 3421 tuas
3659 3377 3754 3434 pos-

514 3463 745 3533 frugem
798 3461 1145 3533 reciperent,
1201 3460 1563 3515 hortabatur.
1621 3462 1848 3515 Interea
1894 3465 2124 3517 sanctus
2222 3463 2501 3519 sessiones
2527 3461 2752 3529 offeres,
2767 3465 2825 3516 et
2850 3462 2922 3516 ab
2953 3462 3076 3533 ejus
3104 3460 3217 3516 loci
3249 3455 3636 3515 habitatoribus
3652 3448 3754 3504 seri-

512 3550 728 3617 Trudo,
760 3548 1089 3604 etiamnum
1115 3548 1515 3620 puer,primos
1533 3549 1657 3620 jam
1670 3549 1893 3605 virtutis
1906 3549 2123 3604 fructus
2223 3556 2325 3624 pta
2348 3551 2542 3607 divina
2572 3551 2887 3606 doceberis.
2912 3550 2977 3605 Id
3009 3550 3103 3605 ubi
3149 3552 3484 3605 consecutus
3510 3541 3675 3605 fueris,
3703 3534 3753 3589 ad

514 3637 874 3711 proferebat.
899 3636 1161 3709 Cumque
1175 3636 1501 3710 hissuperbi
1515 3638 1809 3710 sanguinis
1828 3640 2011 3693 multa
2028 3655 2124 3710 ge-
2224 3659 2319 3698 me
2344 3640 2576 3707 redibis,
2596 3643 2654 3694 et
2678 3640 2977 3695 ecclesiam
3009 3656 3123 3711 quo
3158 3640 3319 3693 voles
3348 3639 3488 3703 loco,
3517 3638 3572 3689 ut
3598 3647 3645 3685 es
3665 3626 3753 3700 pol-

514 3724 830 3782 nerositate
859 3726 1128 3797 polleret,
1147 3725 1339 3797 major
1358 3728 1558 3782 tamen
1575 3726 1818 3783 eidivini
1835 3729 2048 3783 amoris
2065 3734 2123 3785 et
2224 3731 2430 3799 licitus,
2464 3729 2796 3786 aadificabis.
2830 3751 2858 3779 »

513 3814 792 3871 virtutum
825 3814 1000 3870 ardor
1017 3817 1191 3887 atque
1219 3813 1677 3871 studiuminerat
1701 3817 1845 3872 adeo
1870 3821 2123 3891 utquan-
2293 3821 2429 3875 VIII.
2453 3820 2669 3875 Deinde
2697 3835 2829 3873 cum
2855 3818 2907 3873 ei
2940 3818 3087 3873 bene
3122 3821 3392 3889 precatus
3420 3802 3751 3880 csset,dcditei

514 3905 704 3977 doque
731 3905 864 3959 voto
893 3919 953 3959 se
966 3903 1271 3976 obligaret,
1288 3901 1333 3957 si
1354 3902 1576 3959 Christo
1592 3905 1911 3977 opitulante
1932 3924 2124 3964 sacras
2225 3909 2443 3965 litteras
2463 3924 2591 3963 suas
2611 3908 2685 3963 ad
2697 3907 2961 3962 Metensis
2988 3906 3139 3961 urbis
3164 3907 3515 3979 episcopum,
3542 3899 3623 3974 qui
3639 3909 3751 3958 eum.

514 3991 805 4049 didicisset
831 3991 1073 4060 litteras,
1105 4008 1165 4047 se
1197 3990 1257 4046 in
1289 3990 1471 4047 fundo
1494 4009 1595 4049 suo
1618 3994 1917 4050 ecclesiam
1948 3996 2126 4052 aedifi-

514 4085 798 4150 caturum,
844 4080 958 4136 illic
1003 4082 1285 4154 perpetuo
1344 4081 1590 4137 Domino
1637 4084 2008 4153 serviturum,
2067 4088 2125 4140 et

513 4187 656 4244 quos
698 4172 910 4243 posset,
949 4171 1023 4226 ad
1072 4169 1171 4225 Dei
1216 4171 1435 4225 cultum
1480 4173 1539 4226 et
1587 4171 1975 4227 ministerium
2015 4172 2122 4228 sibi

512 4260 698 4316 socios
712 4263 1192 4332 aggregaturum.
1216 4259 1403 4330 Atque
1428 4274 1495 4314 eo
1527 4259 1781 4330 ﬂagrans
1812 4260 2120 4332 desiderio,

2227 4002 2289 4053 ut
2309 3998 2575 4054 divinitus
2596 3996 2702 4068 ipsi
2733 3997 3050 4051 revelatum
3077 3998 3223 4063 erat,
3256 3994 3568 4049 institueret
3586 4004 3638 4043 ac
3659 3999 3753 4038 cru-

2226 4086 2393 4143 diret.
2427 4087 2683 4141 Praeerat
2707 4088 2843 4140 tunc
2882 4084 3115 4139 Metensi
3150 4083 3413 4138 Ecclesiae
3452 4074 3748 4146 ClodulphuS.

2225 4175 2379 4231 beati
2406 4174 2711 4245 Arnulphi,
2743 4176 2806 4228 ut
2836 4189 3007 4228 carne
3040 4172 3210 4238 filius,
3242 4173 3322 4227 ita
3347 4171 3601 4226 virtutum
3626 4158 3752 4218 meri-

2226 4263 2297 4318 tis
2327 4263 2387 4317 in
2419 4263 2755 4336 pontificatu
2795 4278 3084 4317 successor
3114 4260 3497 4333 dignissimus.
3526 4259 3569 4311 ls
3600 4256 3751 4308 huma-

513 4352 800 4404 nocturna
817 4346 1035 4402 visione
1066 4345 1334 4414 afficitur,
1356 4350 1415 4402 et
1438 4348 1700 4419 angelica
1728 4350 2122 4407 consolatione
2144 4380 2200 4441 Β
2225 4352 2460 4407 nissime
2489 4352 2726 4407 beatum
2763 4350 3093 4405 Trudonem
3133 4348 3443 4423 excipiens,
3474 4361 3578 4401 non
3614 4340 3750 4395 solum

513 4438 668 4493 hunc
706 4436 764 4492 in
810 4436 1056 4491 modum
1095 4434 1479 4491 confirmatur
1510 4453 1523 4492 :
1558 4456 1590 4490 ‹‹
1626 4438 1880 4507 Noveris,
1919 4439 2120 4505 frater,

514 4523 704 4599 inquit
729 4526 989 4596 angelus,
1024 4542 1093 4580 ea
1113 4527 1245 4580 vota
1275 4541 1402 4597 qua:
1417 4524 1637 4581 Christo
1670 4543 1813 4598 puer
1826 4544 2121 4602 nuncupa-

516 4613 615 4669 stis
634 4613 715 4668 illi
739 4629 860 4669 esse
885 4618 1076 4685 grata,
1108 4630 1417 4686 precesque
1440 4614 1602 4670 illum
1626 4616 1920 4673 admisisse
1950 4621 2075 4674 tuas
2105 4635 2120 4675 :

513 4721 622 4761 nec
653 4704 881 4760 dubites
923 4702 1058 4776 quia
1096 4704 1252 4776 quod
1289 4707 1647 4774 praeveniens
1685 4708 1790 4764 tibi
1831 4710 2119 4781 aspiravit,

514 4794 693 4849 etiam
721 4792 1047 4866 adjuvando
1070 4792 1141 4847 sit
1166 4796 1588 4866 prosecuturus,
1614 4798 1671 4851 et
1699 4797 1970 4854 affectum
1990 4816 2121 4873 per-

516 4884 789 4940 ducturus
823 4884 885 4939 in
932 4882 1223 4939 effectum.
1259 4885 1359 4939 Ille
1398 4884 1659 4958 inquam,
1700 4888 1983 4959 sapientia
2021 4908 2123 4947 sua

513 4973 738 5030 imbuet
765 4989 864 5028 cor
898 4976 1093 5042 tuum;
1126 4976 1186 5028 et
1230 4972 1456 5029 erudiet
1485 4978 1540 5031 te
1572 4978 1870 5048 praeceptis
1902 4978 2035 5048 suis,
2065 4985 2124 5036 et

514 5063 706 5134 legem
724 5062 873 5117 hanc
887 5061 1159 5117 inscribet
1169 5062 1386 5133 pectori
1399 5064 1518 5117 tuo.
1535 5065 1713 5119 Porro
1727 5067 1919 5121 autem
1947 5068 2124 5125 etiam

516 5152 591 5208 ad
617 5151 1011 5207 ecclesiasticae
1041 5149 1340 5223 dignitatis
1370 5151 1573 5207 munia
1597 5152 2125 5223 eveheris,multos—

516 5258 627 5314 que
671 5241 893 5297 Christo
936 5243 993 5295 et
1030 5239 1295 5295 Ecclesiae
1334 5239 1455 5311 ejus
1497 5239 1644 5296 filios
1688 5241 1796 5297 tuis
1831 5245 2017 5300 verbis
2065 5250 2123 5303 et

516 5331 779 5403 exemplo
795 5328 1120 5401 generahis.
1135 5330 1318 5400 Atque
1333 5332 1395 5383 ut
1408 5328 1476 5383 de
1490 5328 1576 5382 his
1597 5331 1808 5386 certior
1828 5333 2114 5406 efficiaris,

514 5417 752 5474 beatum
799 5417 1141 5472 Remaclum
1191 5416 1369 5483 adito,
1412 5416 1509 5488 qui
1559 5434 1676 5473 non
1726 5424 1927 5491 procul
1983 5425 2119 5482 hinc

518 5504 702 5562 abest.
736 5504 823 5560 Illi
852 5507 1001 5561 Deus
1026 5505 1294 5561 revelavit
1331 5504 1469 5576 quid
1505 5503 1608 5561 tibi
1647 5506 1981 5568 faciendum
2025 5515 2117 5571 sit.

514 5596 616 5654 Ille
656 5593 869 5670 diriget
905 5610 1130 5670 gressus
1167 5595 1316 5665 tuos,
1357 5609 1471 5669 quo
1512 5597 1574 5653 tu
1601 5598 1904 5674 tantopere
1966 5604 2116 5681 aspi-

509 5700 626 5747 ω.
650 5706 683 5741 »δ

2225 4442 2347 4513 ejus
2371 4440 2545 4513 ipsius
2576 4456 2764 4508 causa,
2796 4439 2897 4494 sed
2926 4438 3103 4493 etiam
3132 4440 3375 4510 propter
3402 4432 3567 4489 sancti
3594 4431 3748 4484 Rema-

2223 4530 2295 4587 cli
2309 4529 2603 4602 egregiam
2617 4527 3187 4583 commendationem
3201 4526 3404 4595 ,causis
3415 4513 3749 4583 adventusejus

2224 4619 2488 4693 cognitis,
2506 4618 2679 4673 sacris
2708 4634 2839 4672 eum
2862 4617 3064 4672 litteris
3094 4621 3151 4671 et
3181 4615 3376 4670 divina
3404 4616 3521 4684 lege
3545 4605 3748 4664 erudien-

2225 4713 2364 4768 dum
2386 4708 2623 4775 curavit,
2656 4709 2714 4762 et
2742 4724 2884 4779 quas
2913 4706 3120 4761 obtulit
3145 4709 3345 4760 sancto
3377 4701 3638 4774 Stephano
3655 4706 3747 4764 p05-

2223 4801 2501 4857 sessiones
2548 4796 2811 4869 suscepit.
2852 4794 3034 4851 Multis
3078 4811 3212 4849 vero
3268 4793 3435 4848 annis
3472 4788 3572 4843 illic
3605 4794 3745 4839 moras

2222 4889 2553 4945 trahentem
2574 4887 2722 4942 bene
2735 4885 2954 4948 habuit,
2968 4884 3389 4956 diligenterque
3405 4878 3695 4965 instructuul
3703 4869 3745 4965 ei

2225 4978 2544 5036 sacerdotio
2558 4977 2872 5039 initiatum,
2892 4976 3087 5030 sancto
3103 4972 3254 5047 patri
3284 4968 3539 5027 Bemaclo
3559 4959 3745 5019 remisit.

2226 5071 2275 5124 Is
2304 5070 2649 5141 percontans
2674 5083 2741 5121 ex
2769 5082 2837 5120 eo
2867 5064 3006 5137 quid
3027 5063 3305 5119 Dominus
3336 5059 3424 5115 isti
3441 5047 3746 5141 prmstitisset.

2226 5162 2285 5215 et
2305 5176 2446 5214 num
2471 5173 2747 5231 prospero
2777 5154 2984 5211 itinere
3015 5154 3163 5208 ultro
3190 5152 3443 5222 citroque
3471 5137 3745 5231 ususqesset.

2224 5249 2321 5305 ubi
2352 5227 2637 5319 comperit
2660 5262 2794 5301 eum
2821 5244 2882 5299 in
2912 5242 3087 5299 sacris
3109 5239 3309 5296 litteris
3333 5240 3473 5293 bene
3487 5227 3742 5321 eruditutn.’

2223 5310 2537 5394 immensas
2562 5336 2678 5391 Deo
2705 5334 2917 5406 gratias
2944 5331 3177 5403 agit,ita
3203 5329 3422 5383 dicens:
3448 5348 3473 5374 ‹‹
3504 5322 3632 5406 Laus-
3652 5310 3744 5371 tibi:

2223 5428 2414 5495 Pater,
2440 5423 2685 5482 Domine
2707 5402 2901 5479 coaliet
2924 5426 3111 5489 terrm,
3128 5417 3281 5491 quod
3303 5412 3569 5485 complere
3588 5402 3744 5470 digna-

2223 5521 2314 5574 tus
2342 5534 2401 5572 es
2422 5532 2491 5572 ea
2511 5532 2633 5588 quae
2655 5512 2797 5569 mihi
2825 5511 2895 5566 de
2916 5514 3015 5566 tuo
3028 5509 3245 5564 famulo
3271 5502 3743 5588 revelaverasiﬁum‘

2220 5623 2331 5681 que
2356 5606 2431 5661 ad
2457 5581 2574 5668 me,
2607 5603 2718 5659 tuis
2739 5600 3038 5676 praeceptis
3069 5602 3290 5669 tumque
3324 5592 3453 5664 legis
3475 5581 3737 5682 eruditione

2220 5669 2562 5754 instructum
2584 5695 2644 5750 et
2666 5669 2962 5762 ornatum,
2987 5687 3338 5747 incolumem
3359 5669 3619 5739 revocasti.
3633 5669 3740 5725 Per-
