3954 6180
258 361 366 414 H57

1529 355 1686 411 VITA
1727 355 1786 412 S.
1827 351 2158 409 REMACLI.

3392 367 3528 424 H58

247 475 376 532 misit
395 477 554 529 autem
593 471 762 527 beato
788 469 1054 526 Trudoni
1084 469 1143 525 in
1191 489 1292 527 sua
1317 471 1544 529 dioecesi
1580 474 1793 546 praedi-
1816 479 1870 538 Α
1898 473 2083 528 cultus
2113 472 2245 527 illuc
2285 473 2704 546 negligeretur,
2733 477 2854 530 tam
2878 476 3032 534 beati
3064 480 3322 539 Remacli
3345 499 3525 558 quam

241 581 350 621 care
375 562 572 618 verbum
600 559 725 626 Dei,
769 558 976 613 missas
1009 559 1066 612 in
1095 559 1302 631 quibus
1348 563 1518 618 vellet
1547 562 1798 618 ecclesiis

239 653 488 718 celebrare,
523 648 770 721 denique
831 647 1182 716 oratorium,
1218 653 1278 704 ut
1334 651 1702 720 promiserat,
1738 652 1795 706 in

234 738 592 814 propriofundo
611 737 1452 808 exstruere.Permansitigitur
1463 739 1797 812 aliquandiu

231 830 359 903 apud
377 845 502 896 eum,
517 827 707 881 vivens
727 824 1120 895 sanctissime,
1135 842 1201 880 ac
1217 827 1799 899 tandem,episcopali

227 922 449 991 percepta
499 914 925 984 benedictione,
983 915 1177 969 natale
1230 917 1426 971 revisit
1477 917 1688 983 solum,
1740 920 1798 970 et

224 1007 354 1080 quod
369 1007 474 1077 jam
496 1005 711 1077 pridem
731 1004 936 1060 animo
958 1007 1325 1074 conceperat,
1352 1022 1414 1060 re
1438 1005 1561 1077 ipsa
1581 1003 1792 1071 effecit,

219 1095 491 1153 oratorium
511 1097 803 1150 exstruens
821 1093 881 1147 in
906 1092 1130 1164 praedio
1153 1109 1276 1160 suo,
1305 1093 1404 1148 ubi
1435 1094 1652 1148 multos
1678 1094 1793 1148 Deo

211 1184 476 1241 servituros
493 1182 739 1253 collegit,
763 1185 941 1254 atque
971 1181 1046 1236 ad
1076 1183 1410 1236 extremum
1435 1199 1469 1236 a
1491 1183 1665 1236 beato
1685 1182 1791 1236 Re-

209 1275 374 1329 maclo
397 1274 502 1345 ejus
525 1271 759 1328 oratorii
789 1270 1292 1326 consecrationem
1311 1274 1374 1325 et
1399 1271 1566 1342 petiit
1598 1274 1659 1325 et
1689 1271 1794 1324 im-

203 1363 438 1434 petravit;
464 1363 517 1417 in
550 1377 658 1434 quo
686 1360 868 1415 etiam
901 1363 1030 1432 post
1073 1358 1431 1413 multifarios
1463 1359 1636 1430 hujus
1664 1359 1794 1413 vitae

201 1453 405 1507 labores
430 1450 730 1505 tumulatus
761 1452 870 1511 est,
895 1451 953 1502 et
984 1448 1272 1519 permulta
1303 1446 1424 1501 illic
1449 1450 1796 1518 perpetrans

199 1540 471 1602 miracula,
501 1555 671 1611 usque
697 1537 757 1592 in
777 1537 1130 1592 hodiernum
1147 1535 1307 1590 diem
1332 1535 1664 1590 commoda
1685 1534 1797 1590 illic

199 1629 361 1684 efﬁcit
388 1627 697 1682 habitacula
723 1625 1168 1681 monachorum.

261 1721 338 1774 IX.
396 1717 546 1772 Libet
568 1715 658 1770 hic
686 1715 884 1788 paucis
914 1714 1281 1770 considerare
1312 1730 1496 1785 quam
1529 1713 1598 1768 in
1631 1714 1798 1770 beato

1900 566 2248 616 caeterorum
2276 563 2642 619 sacerdotum
2674 563 2972 636 vigilantia
3003 569 3266 628 curabat.

1973 651 2075 704 XI.
2104 651 2168 704 lu
2196 667 2264 705 eo
2296 651 2422 708 loco
2454 670 2630 725 quem
2689 653 3258 729 Caesecongidunum
3291 671 3523 737 vocant,

1901 739 1976 793 ad
1991 737 2330 794 Sesmarum
2352 741 2776 807 fluvium,idem
2797 759 3234 816 rex,procerum
3261 754 3522 824 consilio,

1899 827 1962 882 in
1976 828 2268 882 honorem
2281 831 2835 900 apostolorumPetri
2857 835 3076 888 etPauli
3097 841 3270 908 atque
3283 840 3527 898 Joannis

1899 915 2234 970 coenobium
2267 916 2546 985 condidit,
2576 919 2733 990 quod
2759 925 2926 991 aptus
2957 923 3250 980 videretur
3293 928 3340 982 is
3366 931 3523 986 locus

1900 1004 2331 1060 monachorum
2377 1005 2722 1061 habitationi
2778 1012 2836 1063 et
2867 1010 3132 1067 instituto
3169 1030 3181 1067 :
3214 1014 3390 1087 idque
3420 1036 3522 1074 sua

1896 1092 2248 1148 liberalitate
2289 1093 2510 1160 ditavit,
2530 1096 2801 1167 egregios
2824 1098 2921 1153 Dei
2948 1116 3142 1155 servos
3172 1102 3232 1157 in
3261 1103 3402 1160 illud
3427 1107 3524 1162 ad-

1897 1180 2067 1234 duxit
2086 1197 2336 1252 quorum
2365 1182 2600 1238 beatum
2625 1185 2961 1242 Remaclum
2986 1189 3298 1246 voluitesse
3329 1195 3523 1263 provi-

1894 1285 2116 1336 sorem,
2142 1273 2314 1342 atque
2333 1271 2510 1326 etiam
2548 1273 2893 1344 magistrum
2922 1281 2980 1331 et
3006 1276 3420 1350 institutorem,
3459 1287 3524 1338 ut

1895 1374 1966 1411 ex
1980 1375 2050 1412 eo
2064 1358 2352 1413 discerent
2364 1357 2690 1416 convenien
2693 1365 2780 1416 ter
2797 1368 3130 1420 sanctorum
3154 1370 3392 1424 Patrum
3410 1373 3522 1427 tra-

1897 1446 2107 1501 ditioni
2129 1448 2536 1504 vivere.Exstat
2565 1451 2853 1524 hodieque
2885 1455 3042 1508 locus
3073 1457 3376 1525 orationis,
3397 1459 3521 1530 ejus

1899 1552 2078 1608 opera
2092 1537 2151 1591 in
2174 1554 2316 1609 rupe
2329 1537 2633 1607 excisus,in
2649 1558 2762 1612 quo
2777 1541 3108 1598 etiamnum
3128 1547 3281 1600 male
3299 1547 3521 1603 haben-

1899 1624 2050 1679 tibus
2062 1630 2414 1696 praastantur
2432 1628 2717 1684 beneﬁcia
2737 1631 3250 1688 curationum.lllic
3269 1635 3426 1692 enim
3437 1636 3522 1692 vir

1900 1714 2292 1770 sanctissimus
2336 1717 2454 1772 Deo
2492 1733 2613 1772 sese
2658 1718 2930 1786 hostiam,
2957 1720 3196 1791 jejuniis
3223 1727 3284 1777 et
3313 1725 3520 1796 vigiliis

161 1777 164 1780 ί
192 1807 466 1871 Remaclo,
498 1808 560 1859 ut
605 1777 872 1872 diximus,
899 1803 1280 1874 cupiditatum
1330 1777 1622 1857 omnium
1654 1804 1802 1874 ignis
1829 1807 1878 1868 B
1899 1807 2276 1870 maceratam,
2310 1804 2644 1877 aliquandiu
2686 1777 2999 1877 obtulerat,
3016 1777 3086 1863 “et
3103 1809 3327 1866 Christo

190 1895 505 1967 consopitus
533 1892 724 1960 fuerit,
744 1909 921 1965 quam
949 1893 1043 1947 ille
1074 1891 1340 1947 omnium
1371 1895 1593 1945 nostrae
1621 1895 1802 1948 aetatis

185 1983 536 2041 sacerdotum
552 1982 755 2036 merita
768 1981 1304 2048 excesserit,omnes
1315 1979 1498 2033 nostri
1510 1983 1801 2052 temporis

183 2073 472 2145 episcopos
515 2069 599 2124 sui
638 2070 1076 2142 comparatione
1111 2066 1441 2134 damnarit;
1497 2067 1712 2139 quibus
1754 2071 1798 2124 si

181 2163 325 2216 forte
359 2160 403 2212 is
430 2175 587 2212 casus
611 2158 904 2225 offeretur,
935 2158 1032 2228 qui
1056 2154 1392 2212 beatissimo
1418 2155 1539 2210 viro
1567 2156 1798 2214 oblatus

174 2251 300 2316 fuit,
334 2264 495 2302 secus
523 2248 720 2318 procul
753 2246 925 2302 dubio
955 2245 1166 2300 facturi
1201 2243 1475 2298 videntur
1503 2259 1516 2298 :
1547 2261 1671 2299 non
1706 2264 1796 2302 so-

175 2341 292 2394 lum
315 2354 434 2392 non
461 2334 744 2390 hortaturi
773 2335 1042 2390 homines
1073 2334 1224 2406 pios,
1255 2335 1319 2387 ut
1339 2332 1642 2389 facultates
1668 2353 1797 2391 suas

172 2445 289 2484 non
323 2441 462 2492 suos,
510 2425 611 2479 sed
659 2423 821 2479 alteri
866 2424 1118 2479 ecclesiae
1157 2423 1419 2488 donent;
1462 2422 1561 2476 sed
1594 2423 1794 2492 etiam,

170 2521 215 2575 si
245 2517 346 2590 qui
375 2516 523 2570 ultro
555 2514 612 2570 id
641 2516 830 2570 facere
852 2514 1031 2569 velint
1056 2530 1156 2569 eos
1189 2511 1554 2568 dehortaturi
1585 2513 1796 2585 potius,

167 2614 341 2680 atque
380 2608 441 2658 ut
497 2603 605 2659 sibi
653 2621 747 2659 eas
777 2604 1099 2675 largiantur
1131 2600 1486 2674 persuasuri,
1524 2618 1641 2656 non
1673 2602 1796 2658 sine

167 2695 374 2753 fraude
389 2695 817 2766 aliorum,quod
831 2711 968 2766 pace
983 2709 1187 2748 eorum
1203 2688 1446 2745 dixerim
1459 2689 1644 2753 .Quod
1659 2709 1795 2748 sane

164 2792 390 2862 quanto
405 2786 463 2842 in
479 2784 646 2840 nobis
659 2787 741 2838 est
754 2783 1106 2855 culpandum
1119 2779 1498 2851 magis,tanto
1521 2781 1794 2836 meritum

165 2873 672 2940 beatiRemacli,id
691 2874 858 2944 plane
873 2867 1436 2938 recusantis,majori
1454 2872 1538 2922 est
1556 2869 1722 2923 laude
1739 2873 1797 2924 et

167 2963 587 3038 praedicatione
615 2961 995 3016 efferendum.
1014 2961 1081 3013 Et
1107 2959 1232 3012 haec
1251 2955 1489 3029 quidem
1510 2956 1578 3010 de
1596 2961 1794 3012 sancto

164 3055 442 3109 Trudone
472 3051 769 3123 aliquanto
792 3049 970 3104 fusius
995 3060 1463 3103 commemorare
1491 3045 1793 3101 voluimus.

1901 1891 2097 1946 liarius
2110 1893 2236 1963 conj
2247 1894 2684 1962 unctus,divinae
2699 1897 3177 1969 contemplationi
3198 1916 3258 1955 se
3282 1901 3520 1957 dedide-

1901 1983 2190 2052 rat,atque
2204 1982 2469 2038 salutaris
2489 1983 2744 2039 docrina:
2767 1984 2972 2056 pluviis
2998 1988 3363 2044 subditorum
3382 2007 3521 2062 pec-

1902 2073 2030 2124 tera
2055 2070 2341 2142 irrigarat.
2375 2071 2472 2128 Ad
2501 2073 2624 2143 ejus
2657 2073 2896 2128 tandem
2928 2076 3038 2130 loci
3065 2079 3398 2148 pertaesum,
3435 2081 3520 2137 in-

1901 2161 2126 2213 certum
2154 2176 2329 2232 quam
2387 2161 2460 2216 ob
2508 2177 2766 2228 causam,
2798 2163 2904 2217 nisi
2932 2165 3086 2236 quod
3112 2166 3270 2222 fama
3291 2169 3518 2240 sparsit,

1900 2247 2091 2302 locum
2115 2248 2279 2303 illum
2310 2249 2523 2304 multas
2553 2251 2907 2321 persensisse
2937 2255 3236 2311 molestias
3255 2273 3290 2312 a
3313 2263 3516 2330 poten-

1899 2335 2160 2404 tioribus,
2191 2337 2288 2409 qui
2335 2338 2554 2393 circutn
2616 2338 2770 2395 circa
2818 2343 3240 2401 morabantur:
3272 2335 3521 2420 cumque

1901 2441 2018 2479 non
2049 2425 2406 2481 haberetrex
2423 2427 2481 2481 in
2500 2428 2855 2501 propinquo,
2885 2431 3038 2486 unde
3065 2438 3260 2503 posset
3286 2435 3332 2490 is
3361 2437 3520 2493 locus

1901 2513 2151 2582 dilatari,
2168 2515 2404 2570 beatum
2420 2516 2608 2570 virum
2625 2519 2930 2574 accessisse
2948 2537 3149 2593 regem
3163 2523 3329 2596 eique
3348 2525 3518 2581 dixis-

1900 2619 1957 2657 se
1982 2620 1994 2656 :
2020 2603 2471 2658 «Celsitudinem
2491 2606 2895 2680 tuam,inclyte
2911 2609 3525 2684 princeps,admonen-

1900 2689 2032 2744 dam
2049 2691 2429 2763 censui,quod
2442 2709 2574 2746 cum
2591 2695 2778 2749 multa
2791 2697 3003 2768 passim
3016 2703 3114 2755 tua
3127 2701 3522 2761 muniﬁcentia

1897 2778 2000 2832 Dei
2023 2783 2080 2833 et
2103 2783 2438 2834 sanctorum
2458 2780 2508 2850 ej
2520 2798 2581 2834 us
2598 2783 2778 2836 cultui
2805 2785 2993 2840 dicata
3008 2787 3122 2842 sint
3137 2793 3517 2858 monasteria,

1898 2869 2020 2922 sola
2044 2868 2447 2934 Arduenna,in
2463 2869 2659 2924 arduis
2677 2871 2789 2926 sita
2806 2875 3118 2944 montibus,
3153 2879 3311 2933 nulla
3331 2881 3518 2937 adhuc

1898 2959 2165 3014 coanobia
2189 2958 2438 3014 obtinet.
2480 2958 2688 3014 Jubeat
2709 2960 2888 3032 igitur
2917 2965 3194 3021 serenitas
3214 2970 3312 3023 tua
3338 2970 3516 3026 etiam

1898 3046 2015 3101 illic
2038 3048 2322 3102 nonnulla
2345 3046 2619 3101 aediﬁcari
2642 3064 2654 3102 :
2681 3050 2870 3106 aderit
2900 3053 3113 3108 volenti
3135 3071 3201 3110 ex
3223 3057 3323 3112 Dei
3354 3059 3517 3115 beni-

164 3145 228 3198 ut
259 3143 442 3198 etiam
471 3138 792 3210 prophetiae
819 3139 1038 3192 donum
1060 3137 1231 3190 beato
1253 3135 1520 3188 Remaclo
1553 3151 1669 3189 non
1695 3135 1788 3189 de-
1819 3139 1865 3197 C
1897 3136 2121 3206 gnitate
2142 3136 2406 3202 facultas,
2430 3137 2487 3189 et
2499 3139 2716 3191 nostrae
2738 3139 2888 3194 sedis
2905 3139 3162 3198 vicinitas
3177 3161 3296 3200 non
3310 3147 3514 3205 deerit.

168 3233 342 3287 fuisse
377 3229 837 3286 ostenderemus.
867 3228 1010 3281 Cum
1031 3224 1190 3279 enim
1218 3222 1408 3277 Trudo
1443 3223 1513 3277 ab
1543 3223 1662 3294 ipso
1685 3223 1796 3295 pri-

167 3336 333 3375 mum
368 3317 690 3383 recederet,
710 3315 901 3370 Metim
928 3314 1237 3386 petiturus,
1273 3314 1512 3382 propter
1534 3311 1793 3366 viliorem

163 3409 436 3464 habitum
473 3407 598 3478 ejus
627 3404 928 3460 domestici
978 3402 1134 3458 beati
1166 3400 1420 3455 Remacli
1469 3401 1632 3456 illum
1663 3417 1795 3456 con-

163 3500 530 3562 temnentes,
565 3495 806 3549 moleste
836 3493 1124 3555 ferebant,
1153 3490 1310 3562 quod
1337 3489 1638 3544 hominem
1670 3494 1791 3545 tam

163 3589 317 3642 male
345 3584 627 3640 vestitum
653 3582 806 3655 apud
835 3599 894 3638 se
924 3581 1248 3652 collegisset
1269 3579 1586 3652 episcopus.
1613 3579 1673 3633 Id
1698 3596 1790 3634 ve-

157 3693 221 3731 ro
255 3677 382 3744 ille,
409 3692 484 3730 ex
510 3673 702 3728 divina
732 3671 1085 3727 revelatione
1113 3684 1488 3740 cognoscens,
1512 3668 1794 3723 severissi-

159 3780 252 3818 me
283 3779 392 3818 cos
422 3760 794 3832 objurgavit:
828 3759 930 3813 sed
975 3774 1107 3812 cum
1141 3772 1239 3810 eos
1269 3755 1575 3826 paeniteret
1614 3757 1673 3811 id
1710 3757 1792 3811 fe-

153 3852 322 3922 cisse,
363 3852 428 3906 in
465 3850 717 3922 gratiam
749 3848 877 3902 illos
915 3846 1156 3919 recepit,
1185 3845 1509 3901 admonens
1540 3849 1600 3901 ut
1631 3845 1794 3901 dein-

150 3957 289 4012 ceps
316 3939 623 3995 cautiores
655 3940 863 3992 essent.
898 3936 1010 3991 Sed
1043 3935 1113 3990 de
1141 3934 1228 3988 his
1258 3934 1416 3991 alias.

217 4031 282 4086 Χ.
324 4029 531 4094 Quam
557 4044 690 4082 vero
713 4029 843 4098 post
860 4026 983 4080 hinc
1006 4026 1200 4078 sancte
1223 4026 1280 4077 et
1297 4023 1563 4094 religl‘ose
1584 4023 1796 4079 Rema-

139 4121 270 4175 clus
298 4117 554 4185 vixerit,
585 4115 709 4188 quis
756 4114 892 4170 satis
921 4128 1389 4168 commemorare
1417 4113 1630 4185 queat?
1661 4113 1796 4177 Quis

136 4211 270 4280 ejus
304 4226 470 4281 erga
519 4205 893 4262 commissum
926 4203 1031 4258 sibi
1063 4218 1302 4275 gregem
1347 4202 1794 4257 sollicitudinem

134 4298 459 4371 explicet?
493 4296 759 4352 Monebat
789 4310 1012 4360 omnes,
1044 4295 1108 4346 ut
1137 4308 1172 4346 a
1207 4290 1558 4345 blandientis
1589 4290 1794 4345 mundi

133 4387 485 4444 lenociniis
538 4385 646 4440 sibi
698 4385 982 4450 carerent,
1015 4400 1049 4436 a
1099 4380 1248 4435 curis
1302 4380 1506 4434 mundi
1535 4380 1704 4449 huius
1735 4398 1792 4434 se

1899 3224 2015 3278 Nec
2031 3241 2166 3279 vero
2190 3222 2426 3278 difﬁcile
2449 3223 2559 3278 erit
2584 3240 2654 3280 ea
2683 3241 2919 3298 augere,
2953 3233 3010 3284 et
3042 3229 3326 3290 instruere
3342 3237 3517 3292 rebus

1896 3313 2262 3382 necessariis,
2296 3329 2427 3366 cum
2459 3313 2585 3368 loca
2616 3316 2819 3372 omnia
2853 3317 2971 3373 illic
3026 3319 3354 3392 adjacentia
3401 3329 3516 3382 tua:

1896 3403 2352 3460 ditionisubesse
2366 3401 2606 3458 dubium
2633 3422 2751 3460 non
2775 3407 2867 3461 sit.
2891 3430 2915 3456 ι
2949 3409 3035 3464 Ad
3050 3410 3175 3468 haec
3193 3411 3273 3467 ita
3298 3431 3397 3470 rex
3431 3432 3516 3472 re-

1893 3494 2150 3564 spondit:
2171 3492 2391 3547 «Tuum
2413 3495 2518 3559 est,
2531 3493 2696 3548 Pater
2715 3496 3236 3566 beatissime,nobis
3253 3502 3310 3557 in
3325 3504 3431 3560 hac
3449 3523 3512 3562 re

1895 3583 2206 3638 consilium
2225 3582 2658 3638 dareznostrum
2681 3583 2916 3653 erit,tuo
2931 3587 3166 3644 consilio
3184 3607 3518 3650 accommo-

1895 3669 2039 3726 dare
2067 3686 2444 3736 consensum,
2475 3673 2531 3723 et
2555 3675 2780 3728 mature
2810 3674 2952 3730 illud
2969 3679 3218 3750 exsequi.
3247 3681 3517 3754 Tuigitur

1895 3759 2069 3832 hujus
2089 3761 2174 3816 rei
2202 3775 2404 3813 curam
2427 3759 2671 3830 suscipe,
2705 3765 2762 3816 et
2793 3762 2852 3818 in
2895 3781 3036 3836 opus
3061 3766 3329 3824 incumbe
3364 3789 3378 3825 :
3410 3789 3517 3828 nos

1895 3849 2025 3904 loca
2057 3852 2409 3922 opportuna,
2441 3863 2568 3918 quae
2617 3853 2677 3903 tu
2708 3851 2969 3922 elegeris,
3003 3857 3059 3908 et
3087 3854 3379 3926 impensas
3409 3861 3513 3916 tibi

1897 3953 2018 3992 non
2037 3937 2399 4009 negabimus.
2412 3936 2664 3992 nDeinde
2686 3942 3017 3996 convocavit
3033 3959 3132 3997 rex
3151 3944 3348 4002 ﬁdeles
3363 3948 3512 4004 viros

1897 4031 2167 4081 sanctum
2191 4023 2570 4080 Cunibertum
2589 4026 2945 4100 episcopum,
2973 4031 3517 4103 Atellanum,Theo-

1897 4115 2214 4184 defridum,
2248 4118 2305 4170 et
2349 4114 2783 4172 Gislechardum
2834 4119 3134 4192 episcopos
3166 4137 3179 4176 :
3209 4123 3516 4194 optimates

1898 4221 2130 4278 quoque
2157 4221 2289 4259 suos
2309 4203 2716 4260 Grimoaldum
2728 4206 3004 4276 Majorem
3021 4209 3513 4280 domus,Folcoul-

1897 4293 2062 4362 dum,
2090 4294 2385 4349 Boboncm
2411 4309 2423 4347 :
2461 4293 2718 4366 itemque
2750 4294 3096 4353 domesticos
3127 4317 3258 4356 suos
3285 4302 3512 4360 Clodul-

1896 4383 2104 4454 phum,
2131 4383 2503 4454 Ansigisilum
2522 4385 2580 4437 et
2599 4385 2969 4440 Berselonem
2994 4404 3007 4442 :
3032 4388 3212 4460 iisque
3235 4391 3513 4450 dixit:«Ex

127 4477 592 4541 subducerent,
608 4474 878 4528 fraterna:
905 4470 1029 4544 paci
1055 4469 1448 4524 etconcordize
1473 4469 1792 4537 studerent,
1814 4473 1866 4531 D
1895 4471 2383 4540 voluntateDei,et
2398 4476 2582 4527 vestro
2599 4475 3056 4549 caeterorumque
3074 4479 3239 4534 nobis
3255 4481 3514 4540 ﬁdelium

128 4567 292 4622 viam
377 4562 804 4620 mandatorum
846 4561 947 4616 Dei
1005 4558 1288 4614 inoffenso
1335 4557 1481 4629 pede
1513 4560 1792 4625 tererent,

125 4656 464 4712 mundum
495 4657 553 4708 et
581 4653 700 4724 ejus
722 4650 1061 4723 cupiditates
1087 4646 1434 4712 fastidirent,
1464 4650 1521 4700 et
1547 4663 1649 4700 ceu
1677 4646 1795 4702 feni

121 4745 370 4802 ﬂorem
410 4741 583 4798 brevi
603 4742 1029 4796 exarescentem
1057 4734 1345 4808 promptis
1371 4734 1580 4790 animis
1611 4737 1796 4790 calca-

118 4841 290 4902 rent,
337 4830 621 4888 caelestia
659 4833 856 4885 mente
895 4831 954 4882 et
982 4826 1209 4882 actione
1241 4827 1715 4880 consectarentur
1741 4827 1798 4878 et

114 4924 549 4997 appeterent.
573 4919 830 4992 Cumque
848 4917 907 4972 in
929 4915 1015 4971 his
1035 4917 1377 4980 versaretur,
1399 4914 1608 4984 majori
1627 4913 1795 4985 ccepit

110 5014 363 5069 ardere
431 5007 728 5064 desiderio
777 5005 1009 5062 liberius
1040 5001 1279 5058 vacandi
1326 5003 1466 5071 Deo,
1503 5006 1564 5056 ut
1607 5006 1800 5074 posset

107 5117 322 5171 quam
365 5098 577 5154 suavis
601 5098 670 5152 sit
699 5095 976 5153 Dominus
1005 5097 1256 5166 gustare.
1279 5091 1529 5163 Optabat
1546 5109 1681 5146 vero
1700 5092 1798 5146 ali-

103 5203 322 5258 quam
362 5187 497 5243 sibi
526 5187 810 5242 rationem
834 5184 1079 5251 ostendi,
1108 5197 1220 5254 quo
1246 5180 1466 5235 facilius
1491 5180 1548 5234 id
1575 5180 1798 5236 obtine-

99 5285 219 5334 ret.
273 5283 410 5334 Pei
457 5276 524 5330 id
563 5279 788 5347 tempus
813 5273 1146 5346 Sigebertus
1176 5287 1275 5325 rex
1309 5272 1436 5327 loca
1466 5269 1658 5325 divino
1687 5273 1800 5325 cul-

99 5369 188 5423 tui
257 5365 702 5435 mancipanda
735 5364 794 5419 in
843 5363 1046 5435 quibus
1087 5378 1204 5416 non
1253 5363 1422 5416 erant
1474 5360 1631 5426 locis,
1665 5376 1797 5416 cum

95 5453 391 5529 ingenti
430 5454 625 5509 animi
654 5453 958 5509 devotione
988 5451 1296 5518 condebat;
1319 5449 1554 5505 condita
1580 5450 1718 5504 vela
1739 5466 1797 5506 se

93 5549 194 5603 vel
213 5545 995 5620 superiorumtemporum
1009 5538 1680 5616 regibus,benignissima
1692 5541 1800 5594 lar-

88 5635 338 5708 gitate
369 5639 448 5693 et.
479 5633 678 5709 opibus
705 5633 1083 5704 sustentabat,
1114 5635 1288 5707 atque
1317 5646 1392 5688 ne
1425 5629 1654 5686 debitus
1678 5628 1798 5687 Deo

1896 4576 2200 4627 consensu,
2227 4561 2338 4616 duo
2372 4561 2679 4617 statuimus
2711 4564 2970 4620 condere
2992 4569 3346 4626 monasteria
3362 4571 3514 4629 intra

1897 4651 2043 4704 ﬁnes
2064 4649 2390 4704 Arduennm
2403 4692 2416 4718 ,
2438 4651 2496 4705 in
2512 4651 2715 4723 quibus
2732 4652 2947 4724 degant
2973 4655 3078 4710 viri
3098 4657 3371 4731 religiosi,
3391 4678 3514 4716 mo-

1898 4739 2133 4794 nasticze
2147 4739 2276 4795 vitae
2296 4742 2563 4807 cultores,
2590 4741 2687 4814 qui
2713 4757 2819 4813 pro
2839 4746 3037 4799 nostra
3049 4747 3106 4799 et
3121 4763 3511 4807 successorum

1899 4833 2236 4884 nostrorum
2269 4829 2692 4900 incolumitate,
2720 4834 2778 4885 et
2800 4831 2975 4887 totius
2997 4835 3162 4906 regni
3202 4837 3509 4894 stabilitate

1901 4921 1958 4972 et
1983 4917 2401 4989 tranquilitate,
2426 4922 2598 4990 atque
2631 4935 2857 4988 eorum,
2903 4921 3000 4993 qui
3031 4922 3178 4978 curis
3205 4925 3372 4997 regni
3404 4928 3510 4983 de-

1897 5005 2205 5073 stinentur,
2235 5007 2696 5075 conservatione,
2715 5009 2901 5063 Deum
2933 5011 3392 5083 omnipotentem
3415 5016 3508 5073 dc-

1897 5095 2293 5166 precentur.Ej
2304 5112 2365 5149 us
2378 5112 2512 5150 vero
2533 5095 2584 5150 ei
2609 5099 3047 5168 procuratorem
3079 5102 3504 5159 ethortatorem

1901 5185 2236 5238 Remaclum
2268 5184 2601 5256 episcopum
2625 5183 2730 5256 ipsi
2757 5187 2917 5257 operi
2930 5204 3171 5258 praeesse
3189 5191 3502 5246 volumus.»

1969 5273 2091 5329 ΧΠ.
2129 5275 2324 5344 Itaque
2345 5273 2502 5344 regia
2527 5275 2868 5330 auctoritate
2895 5280 2952 5331 et
2969 5277 3298 5331 necessariis
3323 5281 3503 5334 comi-

1900 5362 2050 5416 tibus
2071 5362 2326 5416 munitus
2340 5366 2567 5417 sanctus
2585 5364 3281 5436 cpiscopus,Arduennam
3303 5366 3502 5426 silvam

1899 5451 2202 5522 paludibus
2219 5455 2275 5505 et
2307 5451 2972 5526 montibusimpeditam,
2996 5452 3169 5521 petit:
3194 5453 3504 5514 Vuarchin-

1901 5558 2040 5597 nam
2093 5541 2339 5596 rivulum
2394 5541 2615 5596 accedit
2647 5558 2659 5596 :
2688 5541 2903 5596 invenii
2940 5539 3052 5594 illic
3100 5545 3258 5599 certa
3281 5544 3501 5605 indicia

1896 5629 2788 5704 locaillaquondamidololatria:
2801 5628 2971 5686 fuisse
2981 5632 3504 5708 mancipata,erant
