3954 6180
516 365 652 418 “59

1629 351 1930 407 NOTGERI
1965 349 2383 407 LEODIENSIS
2420 348 2737 406 EPISCOPI

3622 363 3721 417 1160

510 478 623 534 illic
638 476 855 549 lapides
874 473 1092 541 Dianas,
1123 475 1182 527 et
1201 472 1261 528 id
1282 480 1465 544 genUs
1490 470 1843 542 portentosis
1864 469 2116 526 nomini-
2139 488 2196 550 Α
2232 485 2375 541 quas
2398 472 2565 540 putat
2578 486 2636 524 se
2656 469 2729 524 ad
2746 436 2842 524 vds
2861 467 3283 542 Oppugnandos
3297 464 3533 527 invenisse
3547 475 3725 544 aditum,

511 568 617 623 bus
647 562 922 635 inscripti,
948 563 1038 616 vel
1067 560 1289 631 efﬁgies
1319 576 1522 615 eorum
1570 559 1852 615 habentes
1881 576 1894 613 :
1930 560 2122 613 fontes

515 651 1024 720 etiam,hominum
1036 650 1272 716 quidem
1292 649 1485 703 usibus
1516 647 1657 719 apti,
1681 648 1781 702 sed
1803 647 2119 719 gentilismi

512 740 801 795 erroribus
829 739 1239 810 polluti,atque
1256 739 1331 792 ob
1351 738 1412 792 id
1437 737 1761 791 etiamnum
1783 737 2116 791 daemonum

510 828 865 897 infestationi
886 826 1140 882 obnoxii.
1164 825 1343 898 Igitur
1356 825 1617 880 adhibita
1630 825 1700 879 ad
1701 825 1723 896 j
1733 824 1997 880 uratione
2016 841 2120 896 per

514 917 720 972 Christi
747 933 984 983 nomen,
1013 917 1072 970 et
1094 915 1153 970 S.
1179 914 1372 970 Crucis
1404 914 1569 985 signo
1601 928 1890 983 expresso,
1927 914 2121 968 locum

512 1006 675 1061 illum
697 1021 732 1059 a
760 1005 1101 1060 daemonum
1130 1002 1519 1058 incursatione
1533 1001 1840 1057 vindicavit
1862 1004 1921 1056 et
1937 1002 2125 1071 expia—

512 1094 868 1164 vit,moxque
883 1109 1034 1164 aqua
1056 1092 1127 1146 ab
1145 1091 1266 1163 ipso
1285 1107 1385 1144 suo
1405 1091 1600 1145 meatu
1614 1089 1885 1159 guttatim
1906 1090 2127 1160 dilapsa

517 1180 986 1239 evanuit.Videns
1010 1183 1206 1235 autem
1226 1178 1312 1233 vir
1342 1182 1576 1232 sanctus
1597 1178 1788 1232 locum
1815 1177 1978 1231 illum
2000 1181 2125 1233 tum

515 1270 748 1342 piscoms
776 1267 961 1339 aquis,
1005 1270 1129 1321 tum
1159 1265 1382 1337 pascuis
1414 1265 1720 1319 uberrimis
1750 1266 2123 1320 commodam

516 1358 777 1431 praebere
791 1355 1235 1421 habitationem,
1242 1354 1461 1425 prolixe
1477 1370 1647 1425 super
1666 1353 1891 1409 fontem
1918 1371 2121 1426 preca-

516 1452 631 1509 tus,
648 1462 781 1500 eum
794 1444 1108 1511 benedixit,
1139 1442 1317 1515 lapidi
1335 1442 1564 1513 signum
1580 1442 1771 1497 Crucis
1805 1443 2123 1514 insculpsit.

518 1534 825 1607 plumbum
856 1533 915 1587 in
966 1530 1253 1587 foramina
1307 1530 1640 1585 infundens.
1680 1532 1746 1585 Et
1774 1547 1905 1586 ecce
1937 1532 2129 1587 subito

520 1624 838 1693 erumpunt
861 1637 1026 1692 aquas
1048 1618 1406 1690 largissimas,
1438 1635 1565 1690 quae
1584 1636 1761 1690 usque
1786 1619 1846 1673 in
1878 1635 2131 1689 praesens

521 1709 684 1764 dictis
704 1709 881 1764 nostis
898 1709 1075 1763 ﬁdem
1088 1707 1308 1761 faciunt
1324 1723 1421 1760 eas
1433 1707 2041 1778 cernentibus.thuia
2054 1709 2134 1762 lo-

2228 558 2440 613 horror
2465 558 2655 613 omnis
2679 558 2935 612 facesset.
2971 558 3066 611 His
3100 558 3255 612 enim
3282 559 3448 614 modis
3472 561 3614 616 etiam
3632 570 3726 619 ante

2224 662 2332 700 nos
2360 646 2671 700 infestabat
2690 646 2941 717 1Egypti,
2968 646 3275 700 Thebaidis
3301 650 3355 700 et
3377 647 3539 703 Nitriae
3564 666 3733 707 eremos

2220 734 2562 801 incolentes,
2592 750 2843 806 quorum
2899 734 3120 788 utinam
3154 751 3257 790 nos
3284 737 3367 790 vel
3395 738 3729 810 qualescunque

2222 823 2508 892 possimus
2521 822 2763 877 inveniri
2778 823 3298 877 sectatores.Habet
3316 823 3403 878 ille
3414 824 3545 879 mille
3554 816 3736 880 nocentii

2226 914 2402 979 artes,
2437 927 2543 965 nec
2576 911 2785 966 desunt
2813 911 2864 965 ei
2899 911 3224 965 innumerae
3270 911 3486 966 fallendi
3528 913 3629 967 vias.
3656 913 3735 967 Sed

2230 1006 2338 1052 n‘os
2368 1016 2485 1054 non
2517 1001 2853 1071 ignoramus
2876 1000 3038 1055 dolos
3057 1004 3114 1055 et
3139 1000 3363 1054 fraudes
3378 1001 3500 1071 ejus,
3516 1001 3595 1073 qui
3615 1002 3740 1055 etiam

2228 1102 2337 1156 per
2394 1104 2618 1142 muscas
2673 1088 3024 1159 quandoque
3057 1104 3162 1143 nos
3206 1090 3507 1161 impugnat.
3540 1089 3628 1143 Nos
3646 1106 3739 1143 vero

2231 1176 2438 1230 Christi
2473 1176 2638 1243 servi,
2673 1193 2787 1248 quo
2819 1176 2969 1230 illius
3011 1176 3391 1231 incursatione
3420 1176 3634 1232 crebrius
3652 1193 3743 1248 pre~

2229 1264 2541 1333 mimur,eo
2562 1265 2747 1336 magis
2769 1265 3367 1336 assurgimus,fortiter
3388 1266 3460 1319 illi
3475 1266 3742 1320 resistentes.

2231 1355 2509 1425 Expertus
2562 1354 2805 1408 Satanas
2858 1355 3215 1424 pertimescit
3265 1355 3421 1409 initia
3457 1358 3588 1408 recte
3611 1354 3747 1408 vivere

2232 1443 2679 1508 instituentium,
2696 1442 2935 1513 vigilias,
2952 1444 3264 1510 orationes,
3273 1443 3348 1514 jej
3359 1443 3751 1510 unia,mansuetn-

2236 1531 2459 1598 dinem,
2475 1530 3231 1602 patientiam,voluntariam
3253 1533 3749 1604 paupertatem,vaue.

2237 1619 2437 1690 glorias
2454 1618 3753 1692 contemptum,humilitatem,misericordiamszt

2239 1709 2547 1780 praecipue,
2580 1724 2790 1779 purum
2822 1725 2964 1780 erga
2992 1708 3281 1763 Christum
3314 1724 3572 1763 amorem.
3597 1706 3750 1770 Quam-

512 1814 655 1857 ,cum
677 1798 839 1851 illum
866 1813 900 1851 a
930 1798 1221 1850 malorum
1247 1794 1939 1865 spirituuminfestatione
1959 1811 2130 1849 mun-
2162 1809 2213 1868 Β
2235 1798 2441 1851 obrem
2481 1800 2541 1851 ut
2580 1798 2669 1852 leo
2720 1797 2777 1851 in
2818 1799 3112 1869 spelunca,
3145 1797 3445 1851 insidiatur
3492 1797 3554 1850 ab
3593 1796 3752 1849 occulto

522 1886 777 1953 daverat,
804 1884 1308 1949 Malmundarium,
1347 1883 1512 1954 quasi
1544 1900 1578 1937 a
1608 1884 1761 1937 malo
1785 1883 2131 1937 mundatum

476 2002 483 2005 -
520 1974 735 2046 placuit
754 1990 886 2027 eum
917 1973 1230 2045 appellare.
1266 1972 1550 2025 Exstruxit
1579 1976 1774 2025 autem
1806 1971 1920 2025 illic
1946 1974 2135 2026 orato-

519 2063 696 2131 rium,
730 2063 987 2135 itemque
1017 2061 1345 2115 habitacula
1400 2060 1462 2113 in
1521 2076 1653 2114 usus
1678 2076 1972 2115 servorum
2008 2060 2158 2130 Dei,.

522 2152 790 2224 auxitque
818 2168 907 2218 ea,
935 2167 1063 2222 quae
1089 2150 1163 2204 ad
1193 2149 1297 2203 Dei
1325 2150 1543 2203 cultum
1570 2149 1915 2219 spectarent.

594 2242 746 2294 Xlll.
770 2240 884 2295 Sed
904 2255 1036 2292 eum
1062 2239 1106 2291 is
1128 2239 1285 2292 locus
1316 2238 1374 2290 in
1412 2237 1821 2308 Agrippinensi
1858 2236 2133 2307 paroclﬁa

524 2330 665 2384 situs
684 2326 1188 2394 esset,ccenobium
1205 2325 1454 2396 suscepit
1469 2325 2132 2396 constituendum,quod

524 2434 641 2471 sua:
663 2416 919 2471 dioecesis
936 2413 1215 2468 limitibus
1243 2413 1989 2467 contineretur.Procedens
2022 2412 2128 2484 igi-

526 2509 620 2558 tur
650 2504 783 2557 inde
805 2503 967 2574 quasi
1016 2502 1089 2557 ad
1120 2501 1233 2555 duo
1280 2500 1460 2555 millia
1505 2517 1699 2554 versus
1736 2501 2127 2568 Occidentem,

526 2589 1122 2662 Callamrivulum,qui
1132 2589 1420 2661 parochiis
1436 2589 1831 2645 conterminus
1843 2592 2134 2655 est,trans-

523 2680 591 2736 iit
606 2684 665 2736 et
688 2680 1103 2735 adAmblavam
1118 2678 1358 2731 fluvium
1376 2678 1436 2731 in
1453 2678 1751 2749 cujusdam
1770 2677 1984 2732 montis
2000 2694 2133 2732 con-

526 2769 668 2824 ﬁnio
717 2756 986 2824 substitit.
1024 2769 1211 2838 Atque
1240 2766 1318 2821 ibi
1350 2765 1684 2838 aliquandiu
1713 2770 2128 2833 commoratus,

525 2854 712 2912 multa
742 2857 812 2911 de
838 2873 896 2911 se
942 2858 1153 2910 sanctae
1180 2852 1627 2909 conversationis
1656 2857 1920 2926 exempla
1951 2855 2129 2924 dedit,

528 2945 1027 3016 quemadmodum
1052 2944 1420 3015 possunt'qui
1453 2944 1652 2998 volunt
1678 2960 1845 2997 nosse
1874 2944 1946 2997 ab
1974 2945 2130 2998 inco-

2234 1901 2330 1939 vos
2361 1891 2423 1939 ut
2453 1874 2487 1940 a
2516 1886 2814 1957 proposito
2846 1874 3166 1940 deterreat:
3191 1907 3218 1933 ιι
3256 1886 3350 1940 His
3377 1890 3432 1939 et
3457 1886 3564 1954 ejus
3589 1882 3754 1954 generis

2233 1974 2358 2028 aliis
2386 1974 2575 2029 verbis
2625 1991 2827 2028 eorum
2877 1975 3103 2030 animos
3133 1976 3206 2029 ad
3241 1964 3359 2029 .Dei'
3394 1975 3587 2028 cultum
3612 1986 3755 2043 prom-

2233 2062 2449 2132 ptiores
2476 2062 2665 2117 effecit
2690 2067 2748 2117 et
2788 2063 3062 2118 adversus
3094 2064 3444 2118 tentationes
3467 2076 3638 2117 omnes
3660 2075 3753 2111 mn-

2233 2151 2509 2208 ﬁrmavit.

2304 2240 2434 2294 XlV.
2452 2241 2676 2305 Postea,
2694 2240 2967 2294 institutis
2983 2255 3225 2310 operum
3244 2239 3518 2313 perfectis,
3536 2236 3647 2309 quid
3667 2251 3759 2304 age-

2234 2330 2368 2382 rent
2392 2328 2674 2399 exposuit,
2701 2332 2871 2398 atque
2905 2328 2985 2381 ita
3011 2329 3277 2398 Tungros
3304 2329 3389 2383 vel
3426 2326 3701 2396 Trajectum
3721 2338 3758 2373 se

2233 2416 2537 2488 recipiens,
2566 2416 2637 2470 ad
2661 2416 2960 2487 pastoralis
2990 2416 3163 2471 ofﬁcii
3182 2416 3603 2472 curasanimum
3625 2412 3764 2466 inten-

2234 2506 2336 2561 dit.
2367 2507 2491 2560 Non
2526 2507 2709 2560 multo
2739 2509 2865 2576 post
2894 2522 2991 2559 rex
3035 2524 3106 2561 ea
3129 2507 3333 2561 didicit
3361 2508 3652 2561 constructa
3673 2516 3761 2553 mo-

2234 2595 2485 2649 nasteria
2536 2598 2593 2648 et
2650 2594 2965 2649 immensas
3020 2596 3413 2666 omnipotenti
3463 2595 3566 2649 Deo
3607 2591 3764 2663 gratias

2234 2684 2381 2754 egit;
2413 2687 2471 2738 et
2501 2683 2636 2755 quia
2666 2683 2918 2737 ecclesia).
2948 2678 3148 2738 recens
3177 2685 3490 2747 aedificatae,
3521 2676 3765 2750 episc0pali

2234 2771 2639 2826 benedictione
2658 2770 3020 2842 indigebant,
3041 2773 3280 2826 beatum
3302 2771 3608 2826 Bemaclum
3622 2779 3767 2833 accep-

2235 2860 2412 2929 siens,
2440 2865 2561 2914 tam
2612 2876 2741 2913 eam
2774 2876 2900 2930 qua:
2955 2863 3081 2914 erat
3127 2860 3483 2916 Coloniensis
3517 2852 3768 2929 parzechiae,

2242 2952 2537 3002 annuente
2551 2946 2865 3001 venerabili
2879 2948 3188 3003 Cuniberto
3201 2949 3647 3021 episcopo,quam
3659 2942 3771 2995 illam

524 3035 593 3089 lis
614 3036 672 3090 id
687 3034 1212 3090 referentibus.Etsi
1233 3036 1429 3087 autem
1449 3033 1718 3087 locusille
1738 3034 1951 3087 multos
1967 3033 2138 3087 habe-
2165 3062 2211 3124 α
2242 3040 2611 3108 quae-nostrae
2653 3036 2913 3091 dioecesis
2942 3041 3046 3104 est,
3082 3037 3155 3091 ab
3186 3054 3258 3092 eo
3312 3037 3482 3091 voluit
3507 3030 3772 3124 solemnittn

524 3127 617 3178 ret
640 3123 1056 3191 fontes,tamen
1075 3120 1231 3192 quod
1258 3124 1534 3191 angustus
1560 3124 1726 3187 esset,
1752 3137 1857 3174 nec
1889 3120 2134 3175 ofﬁcinis

526 3211 860 3267 necessariis
880 3208 1270 3276 sufficeret,ad
1287 3209 1584 3263 Orientem
1600 3208 1846 3262 reflectit
1858 3225 2083 3279 gressus
2114 3226 2128 3276 ;

523 3317 731 3372 parum
738 3316 956 3372 perque
982 3298 1321 3370 procedens,
1339 3296 1694 3352 videtlocum
1708 3297 2130 3368 spatiosiorem,

524 3391 837 3459 futuraque
854 3387 1015 3459 operi
1035 3385 1650 3442 accommodatiorem.
1675 3386 1756 3439 lbi
1778 3401 1919 3456 ergo
1955 3386 2136 3441 labori

528 3477 701 3548 ccepit
730 3476 943 3529 instare
971 3474 1265 3539 attentius,
1297 3473 1611 3545 aderatque
1640 3473 1741 3540 illi,
1773 3475 1906 3528 utin
1929 3475 2136 3529 talibus

527 3567 694 3631 solet,
721 3564 915 3619 divina
960 3562 1155 3630 virtus,
1189 3579 1304 3633 qua
1323 3562 1543 3616 factum
1582 3567 1666 3616 est
1698 3567 1759 3617 ut
1779 3565 2135 3620 voluntatem

529 3656 765 3710 effectus
782 3652 1325 3725 sequeretur.Porro
1349 3650 1504 3722 quod
1524 3650 1662 3706 ferte
1680 3667 1748 3707 eo
1766 3653 2016 3724 undique
2036 3670 2137 3709 seu
2168 3659 2171 3662 ⁴

528 3745 603 3803 ad
619 3742 1024 3809 stabulum,vel
1042 3744 1212 3812 potus
1230 3741 1315 3794 vel
1342 3743 1537 3811 pastus
1556 3744 2132 3812 causa,contluerent,

529 3832 849 3905 antiquitus
865 3830 958 3885 ille
980 3829 1453 3885 locusStabulaus
1468 3830 1650 3884 dictus
1666 3831 1792 3885 fuit.
1836 3831 1999 3895 Quod
2030 3849 2135 3888 no-

530 3939 669 3978 men
685 3921 769 3976 vir
793 3922 1023 3975 sanctus
1052 3919 1297 3973 minime
1318 3919 1537 3973 censuit
1555 3920 2009 3989 immutandum,
2035 3922 2136 3976 sed

531 4016 590 4066 et
619 4010 731 4064 dici
760 4014 819 4064 et
847 4025 969 4063 esse
1000 4008 1479 4063 voluitstabulum
1506 4008 1764 4063 fidelium
1783 4008 2132 4077 animarum,

529 4117 600 4156 eo
630 4103 911 4171 tanquam
942 4097 1016 4152 ad
1045 4099 1279 4151 zeternaa
1311 4097 1426 4149 vita
1456 4112 1665 4166 pascua
1698 4097 1969 4169 deinceps
2000 4114 2131 4168 pro-

529 4188 959 4261 p’eraturarum.
986 4188 1164 4241 Porro
1205 4185 1480 4240 fratribus
1531 4202 1675 4257 quos
1729 4185 1841 4240 illic
1894 4187 1977 4241 vir
2033 4188 2135 4242 Dei

532 4277 606 4331 ad
642 4292 896 4348 prtesens
927 4276 1401 4346 congregaverat,
1432 4289 1551 4327 non
1580 4290 1821 4345 parvum
1852 4292 2001 4346 saepe
2027 4278 2138 4331 ter-

2237 3124 2582 3191 consecrari,
2620 3128 2680 3178 ut
2709 3126 2870 3195 cujus
2912 3124 3292 3197 dispositione
3323 3129 3382 3179 et
3407 3121 3613 3194 ingenti
3637 3115 3773 3172 studio

2234 3213 2482 3268 conditae
2512 3207 2699 3279 erant,
2723 3213 2773 3283 ej
2785 3230 2845 3266 us
2869 3212 3044 3267 etiam
3068 3229 3251 3283 opera
3270 3211 3571 3285 pontiﬁcali
3592 3202 3772 3261 benedi-

2236 3301 2424 3356 ctione
2450 3301 2841 3358 afficerentur.
2869 3302 2981 3355 Nec
3007 3318 3143 3356 vero
3165 3303 3243 3356 ad
3270 3302 3374 3356 has
3398 3306 3487 3355 res
3512 3298 3589 3353 vir
3606 3296 3777 3351 sanctus

2238 3391 2381 3444 ullas
2411 3406 2603 3445 moras
2626 3386 2843 3457 attulit;
2877 3390 2974 3461 qui
3005 3406 3143 3444 sane
3175 3393 3236 3443 et
3275 3389 3399 3460 regi
3430 3392 3486 3442 et
3514 3381 3776 3460 proceribus

2238 3479 2383 3533 adeo
2406 3480 2609 3533 charus
2626 3482 2769 3543 erat,
2786 3481 3082 3550 tantaeque
3095 3478 3253 3549 apud
3271 3496 3373 3533 eos
3393 3468 3776 3532 existimationis»

2238 3571 2301 3621 ut
2333 3567 2473 3622 nihil
2505 3566 2661 3638 quod
2713 3566 2913 3637 magni
2946 3570 3095 3619 esset
3134 3566 3449 3633 momenti,
3476 3566 3663 3634 absque
3694 3558 3778 3626 ejus

2238 3642 2476 3710 conSilio
2503 3654 2685 3709 ﬁeret.
2710 3655 2896 3726 Atque
2932 3670 3000 3707 ea
3043 3669 3240 3717 causa,
3274 3655 3569 3709 missarum
3598 3641 3778 3722 peractis

2236 3743 2551 3810 solemniis,
2573 3744 2882 3813 utrumque
2900 3743 3324 3797 monasterium
3350 3737 3679 3798 Grimoaldus
3694 3747 3776 3786 ma-

2228 3832 2558 3902 jordomus,
2573 3830 2720 3884 illius
2738 3831 2972 3886 tradidit
2984 3832 3235 3885 solertiae
3256 3836 3316 3886 et
3333 3828 3610 3885 industria:
3626 3822 3777 3895 guber-

2238 3920 2537 3988 nandum;
2571 3920 2740 3973 simul
2783 3919 3044 3974 indicans
3074 3920 3148 3983 ei,
3177 3921 3226 3975 si
3259 3938 3375 3993 qua
3420 3920 3597 3975 essent
3631 3923 3779 3967 mona-

2237 4008 2356 4063 chis
2411 4008 2751 4076 necessaria,
2803 4024 2874 4063 ea
2929 4002 3133 4080 regem
3191 4008 3686 4081 suppeditaturum,
3730 3995 3778 4047 ult

2236 4114 2343 4169 per
2382 4098 2572 4169 ipsum
2626 4098 2696 4152 de
2749 4097 2816 4151 iis
2864 4099 3075 4152 certior
3105 4102 3260 4153 esset
3313 4099 3513 4152 factus.
3545 4096 3618 4147 lta
3657 4084 3780 4142 nimi-

2237 4201 2369 4240 rum
2398 4190 2626 4241 sanctus
2656 4186 2923 4240 sacerdos
2952 4186 3291 4241 remotioris
3322 4187 3451 4240 vitae
3476 4177 3721 4238 sectanda:
3744 4176 3781 4224 et

2239 4275 2540 4346 captanda:
2591 4274 3011 4342 sollicitudinis,
3042 4275 3121 4328 uti
3172 4292 3413 4346 semper
3458 4264 3783 4344 optarent)?"

530 4381 727 4419 rorem
750 4364 940 4419 attulit
963 4363 1233 4433 strepitus
1264 4363 1521 4417 ferarum
1578 4379 1646 4417 eo
1678 4364 2012 4419 catervatim
2044 4382 2137 4419 ac-
2160 4358 2212 4417 D
2240 4368 2534 4419 annuente
2554 4364 2913 4419 occasionem
2943 4363 3184 4434 adeptus
3226 4370 3353 4432 est;
3386 4367 3445 4418 et
3474 4363 3595 4415 licet
3614 4363 3785 4410 summa

532 4453 890 4520 curantium;
927 4452 1007 4506 ita
1032 4456 1095 4505 ut
1124 4468 1254 4505 cum
1280 4452 1520 4506 horrore
1538 4451 1792 4522 quodam
1818 4452 1891 4507 ad
1904 4454 2138 4509 beatum

532 4539 871 4595 Remaclum
885 4539 965 4593 illi
983 4539 1145 4611 Operi
1168 4540 1527 4594 insistentem
1546 4541 1949 4612 confugerent,
1973 4542 2137 4613 quid-

534 4645 646 4701 que
678 4629 784 4682 sibi
817 4627 1120 4681 adversum
1159 4644 1254 4681 eas
1316 4628 1529 4683 diaboli
1564 4630 1857 4684 machinas
1888 4630 2139 4702 praesidii

535 4717 883 4787 capiendum
902 4719 1048 4770 esset
1062 4716 1443 4788 inquirerent.
1462 4717 1721 4781 Quosille
1732 4720 1984 4791 benigne
1997 4737 2140 4775 con-

534 4805 793 4861 sidcrans
810 4808 867 4859 et
882 4806 1267 4860 confirmans:
1294 4806 1555 4865 «Credite
1572 4807 1777 4879 inquit,
1794 4807 1853 4862 in
1868 4809 2136 4876 Domino,

535 4894 970 4963 filioli,fideliter
993 4911 1005 4949 :
1031 4894 1153 4964 ejus
1175 4894 1452 4950 mandata
1480 4896 1781 4951 sectamini
1802 4898 2142 4953 inviolabili-

534 4988 929 5039 terzmentem
961 5000 995 5038 a
1021 4984 1484 5056 cogitationibus,
1508 5003 1635 5057 quae
1658 4990 1792 5041 sunt
1816 4987 1939 5042 sine
1971 4988 2139 5043 intel-

534 5075 934 5141 lectu,servate
952 5072 1228 5128 liberam:
1257 5074 1483 5128 animas
1510 5080 1724 5129 vestras
1738 5077 2137 5147 castiticantes,

534 5164 785 5222 Domino
812 5176 1020 5232 puram
1041 5160 1361 5232 impendite
1387 5162 1721 5219 servitutem
1759 5181 1771 5218 :
1805 5165 1927 5220 sine
1968 5166 2141 5221 inter-

538 5254 809 5309 missione
837 5254 1034 5318 orate;
1063 5268 1317 5321 vespere,
1341 5267 1533 5317 mane,
1553 5257 1610 5307 et
1641 5253 1881 5309 meridie
1896 5256 2137 5325 psallite:

537 5343 770 5399 lectioni
828 5340 1141 5412 szepissime
1192 5344 1405 5407 vacate,
1440 5341 1661 5396 frontes
1715 5348 1926 5398 vestras
1961 5347 2142 5401 crucis

536 5431 892 5487 communite
920 5431 1107 5503 signo,
1137 5429 1257 5501 ejus
1288 5429 1558 5483 virtutem
1594 5432 1793 5485 vestris
1819 5432 2141 5504 imprimite

539 5520 794 5589 animis;
835 5523 892 5574 et
917 5519 1222 5576 confestim
1273 5516 1495 5573 insidia:
1554 5522 1611 5573 et
1669 5521 2141 5580 machinamenta

539 5610 673 5673 tetri
700 5609 879 5665 hostis
908 5610 968 5665 in
1016 5610 1263 5667 nihilum
1283 5607 1642 5681 redigentur,
1676 5612 1735 5664 et
1751 5610 2009 5669 ferarum
2034 5629 2141 5686 per

2241 4471 2372 4508 cum
2400 4456 2756 4520 difﬁcultate,
2777 4452 3109 4523 impetravit
3137 4456 3345 4508 tamen
3374 4452 3599 4508 tandem
3625 4455 3783 4511 Μεῖζον

2242 4549 2302 4598 ut
2328 4543 2589 4614 aliusipsi
2616 4558 2903 4597 successor
2929 4542 3184 4608 daretur,
3211 4542 3339 4615 ipse
3362 4558 3492 4596 vero
3506 4540 3614 4603 diu,
3631 4530 3785 4620 εχρθίξ·

2241 4636 2359 4686 tam
2410 4635 2601 4704 posset
2643 4648 2908 4686 eremum
2958 4631 3142 4697 adire,
3177 4631 3278 4685 ubi
3326 4633 3582 4685 remotus
3621 4640 3650 4677 a
3682 4630 3789 4673 curis

2241 4721 2625 4788 saecularibus,
2668 4721 2903 4775 liberius
2956 4719 3131 4773 rebus
3172 4719 3390 4773 divinis
3437 4722 3494 4771 et
3535 4706 3789 4769 (δίιξιθειὰὴιις

2240 4810 2508 4865 inhiaret.
2528 4810 2830 4882 Proposuit
2856 4808 2979 4879 regi
3005 4810 3063 4861 et
3080 4807 3463 4878 optimatibus
3487 4806 3543 4863 S.
3560 4795 3787 4858 Theoder-

2243 4900 2403 4967 dum,
2435 4900 2594 4970 cujus
2630 4903 2756 4953 erat
2784 4898 2899 4951 vita
2930 4897 3194 4966 probata,
3230 4897 3530 4967 oravitque
3560 4895 3615 4945 ut
3640 4889 3677 4941 is
3698 4896 3788 4937 suas

2244 4991 2500 5061 expleret
2545 4988 2719 5055 vices,
2748 4990 2807 5042 et
2835 4985 2943 5039 sibi
2973 4982 3396 5056 subrogaretur
3424 4984 3661 5038 antistes.
3684 4973 3788 5027 Tum

2242 5095 2374 5133 vero
2408 5077 2518 5132 dici
2540 5077 2629 5130 vix
2655 5079 2830 5148 queat
2852 5076 3102 5146 quantus
3123 5075 3196 5129 ob
3214 5075 3343 5145 ejus
3367 5085 3638 5128 recessum
3656 5064 3791 5119 luctus

2243 5166 2540 5233 exstiterit,
2555 5182 2732 5237 quam
2744 5166 2977 5220 maestos
2995 5166 3053 5217 et
3068 5164 3128 5217 af
3129 5162 3316 5217 tlictos
3329 5149 3792 5240 reliquerit,quibus_

2243 5256 2371 5311 vitae
2408 5236 2632 5310 semina
2680 5255 3045 5325 praebuerat:
3076 5268 3207 5306 cum
3244 5252 3506 5306 viderent
3550 5246 3620 5301 illi
3646 5258 3696 5296 se
3721 5236 3791 5291 tali

2243 5351 2430 5419 patre,
2464 5347 2740 5415 tantoque
2770 5343 3008 5397 doctore
3035 5341 3252 5395 orbari.
3278 5339 3481 5395 Omnis
3505 5338 3648 5394 mtas,
3672 5331 3790 5419 uter:

2243 5414 2354 5507 que
2386 5450 2552 5489 sexus
2578 5414 2841 5488 delorem
2872 5430 3081 5485 anima:
3128 5429 3450 5483 testabatur
3476 5418 3729 5507 laet-vinis»;
3752 5414 3795 5466 εί

2243 5505 2377 5580 eum
2407 5525 2719 5579 abeuntem
2751 5520 3121 5588 deducentes,
3160 5518 3393 5590 magnis
3443 5513 3652 5569 vocibus
3677 5505 3792 5559 dice-

2224 5612 2396 5685 bant;
2433 5613 2583 5670 lleu'.
2637 5613 2878 5672 miseros
2927 5628 3052 5680 nos,
3103 5608 3386 5683 quidnam
3414 5602 3583 5664 acturi
3610 5608 3790 5661 sumus:
