  <div class='ocr_page' id='page_1' title='image "/cluster/home/n/w/nwhite01/storage/ocr_20150623/139/hvd.32044054759998/587.png"; bbox 0 0 3960 6182; ppageno 0'>
   <div class='ocr_carea' id='block_1_1' title="bbox 545 348 679 405">
    <p class='ocr_par' dir='ltr' id='par_1_1' title="bbox 545 348 679 405">
     <span class='ocr_line' id='line_1_1' title="bbox 545 348 679 405; baseline 0.015 -2"><span class='ocrx_word' id='word_1_1' title='bbox 545 348 679 405; x_wconf 72' lang='grc'><strong>1163</strong></span> 
     </span>
    </p>
   </div>
   <div class='ocr_carea' id='block_1_2' title="bbox 1653 337 2753 403">
    <p class='ocr_par' dir='ltr' id='par_1_2' title="bbox 1653 337 2753 403">
     <span class='ocr_line' id='line_1_2' title="bbox 1653 337 2753 403; baseline 0.001 -2"><span class='ocrx_word' id='word_1_2' title='bbox 1653 343 1952 403; x_wconf 83' lang='lat' dir='ltr'><strong>NOTGERI</strong></span> <span class='ocrx_word' id='word_1_3' title='bbox 1994 337 2398 402; x_wconf 82' lang='lat' dir='ltr'><strong>LEODIENSIS</strong></span> <span class='ocrx_word' id='word_1_4' title='bbox 2439 345 2753 402; x_wconf 85' lang='lat' dir='ltr'><strong>EPISCOPI</strong></span> 
     </span>
    </p>
   </div>
   <div class='ocr_carea' id='block_1_3' title="bbox 3613 356 3713 415">
    <p class='ocr_par' dir='ltr' id='par_1_3' title="bbox 3613 356 3713 415">
     <span class='ocr_line' id='line_1_3' title="bbox 3613 356 3713 415; baseline 0.03 -3"><span class='ocrx_word' id='word_1_5' title='bbox 3613 356 3713 415; x_wconf 69' lang='grc'><strong>1164</strong></span> 
     </span>
    </p>
   </div>
   <div class='ocr_carea' id='block_1_4' title="bbox 537 468 3719 546">
    <p class='ocr_par' dir='ltr' id='par_1_4' title="bbox 537 468 3719 546">
     <span class='ocr_line' id='line_1_4' title="bbox 537 468 3719 546; baseline 0.002 -16"><span class='ocrx_word' id='word_1_6' title='bbox 537 473 723 530; x_wconf 90' lang='lat' dir='ltr'><strong>teneri</strong></span> <span class='ocrx_word' id='word_1_7' title='bbox 752 472 993 537; x_wconf 76' lang='lat' dir='ltr'><strong>nollent,</strong></span> <span class='ocrx_word' id='word_1_8' title='bbox 1016 469 1116 525; x_wconf 92' lang='lat' dir='ltr'><strong>sed</strong></span> <span class='ocrx_word' id='word_1_9' title='bbox 1137 468 1197 525; x_wconf 92' lang='lat' dir='ltr'><strong>in</strong></span> <span class='ocrx_word' id='word_1_10' title='bbox 1211 471 1478 543; x_wconf 88' lang='lat' dir='ltr'><strong>apertum</strong></span> <span class='ocrx_word' id='word_1_11' title='bbox 1500 471 1837 526; x_wconf 79' lang='lat' dir='ltr'><strong>certaminis</strong></span> <span class='ocrx_word' id='word_1_12' title='bbox 1862 487 2133 542; x_wconf 87' lang='lat' dir='ltr'>campum</span> <span class='ocrx_word' id='word_1_13' title='bbox 2167 476 2223 535; x_wconf 86' lang='grc' dir='ltr'><strong>Α</strong></span> <span class='ocrx_word' id='word_1_14' title='bbox 2243 473 2343 526; x_wconf 91' lang='lat' dir='ltr'><strong>sed</strong></span> <span class='ocrx_word' id='word_1_15' title='bbox 2369 473 2492 543; x_wconf 87' lang='lat' dir='ltr'>ejus</span> <span class='ocrx_word' id='word_1_16' title='bbox 2513 472 2797 527; x_wconf 72' lang='lat' dir='ltr'><strong>inhaerere</strong></span> <span class='ocrx_word' id='word_1_17' title='bbox 2816 472 3173 544; x_wconf 85' lang='lat' dir='ltr'><strong>magisterio,</strong></span> <span class='ocrx_word' id='word_1_18' title='bbox 3192 490 3352 546; x_wconf 88' lang='lat' dir='ltr'><strong>quam</strong></span> <span class='ocrx_word' id='word_1_19' title='bbox 3372 474 3566 533; x_wconf 89' lang='lat' dir='ltr'><strong>domum</strong></span> <span class='ocrx_word' id='word_1_20' title='bbox 3581 481 3719 536; x_wconf 86' lang='lat' dir='ltr'><strong>redire</strong></span> 
     </span>
    </p>
   </div>
   <div class='ocr_carea' id='block_1_5' title="bbox 537 559 2133 634">
    <p class='ocr_par' dir='ltr' id='par_1_5' title="bbox 537 559 2133 634">
     <span class='ocr_line' id='line_1_5' title="bbox 537 559 2133 634; baseline -0.003 -16"><span class='ocrx_word' id='word_1_21' title='bbox 537 565 690 618; x_wconf 90' lang='lat' dir='ltr'><strong>ultro</strong></span> <span class='ocrx_word' id='word_1_22' title='bbox 722 560 1082 634; x_wconf 86' lang='lat' dir='ltr'><strong>prosilirent;</strong></span> <span class='ocrx_word' id='word_1_23' title='bbox 1117 575 1234 615; x_wconf 89' lang='lat' dir='ltr'><strong>non</strong></span> <span class='ocrx_word' id='word_1_24' title='bbox 1269 559 1592 616; x_wconf 79' lang='lat' dir='ltr'><strong>desertores</strong></span> <span class='ocrx_word' id='word_1_25' title='bbox 1618 577 1827 633; x_wconf 64' lang='lat' dir='ltr'><strong>pugnae</strong></span> <span class='ocrx_word' id='word_1_26' title='bbox 1865 560 2133 632; x_wconf 85' lang='lat' dir='ltr'><strong>spiritalis</strong></span> 
     </span>
    </p>
   </div>
   <div class='ocr_carea' id='block_1_6' title="bbox 535 648 2133 720">
    <p class='ocr_par' dir='ltr' id='par_1_6' title="bbox 535 648 2133 720">
     <span class='ocr_line' id='line_1_6' title="bbox 535 648 2133 720; baseline -0.002 -14"><span class='ocrx_word' id='word_1_27' title='bbox 535 650 741 717; x_wconf 78' lang='lat' dir='ltr'><strong>effecti,</strong></span> <span class='ocrx_word' id='word_1_28' title='bbox 802 665 907 704; x_wconf 91' lang='lat' dir='ltr'><strong>nec</strong></span> <span class='ocrx_word' id='word_1_29' title='bbox 964 648 1144 702; x_wconf 89' lang='lat' dir='ltr'><strong>instar</strong></span> <span class='ocrx_word' id='word_1_30' title='bbox 1196 649 1687 704; x_wconf 90' lang='lat' dir='ltr'><strong>mercenariorum</strong></span> <span class='ocrx_word' id='word_1_31' title='bbox 1743 650 1817 704; x_wconf 93' lang='lat' dir='ltr'><strong>ad</strong></span> <span class='ocrx_word' id='word_1_32' title='bbox 1863 651 2133 720; x_wconf 92' lang='lat' dir='ltr'><strong>luporum</strong></span> 
     </span>
    </p>
   </div>
   <div class='ocr_carea' id='block_1_7' title="bbox 533 736 2132 811">
    <p class='ocr_par' dir='ltr' id='par_1_7' title="bbox 533 736 2132 811">
     <span class='ocr_line' id='line_1_7' title="bbox 533 736 2132 811; baseline -0.001 -17"><span class='ocrx_word' id='word_1_33' title='bbox 533 742 899 811; x_wconf 88' lang='lat' dir='ltr'><strong>conspectum</strong></span> <span class='ocrx_word' id='word_1_34' title='bbox 931 736 1240 809; x_wconf 80' lang='lat' dir='ltr'><strong>fugientes,</strong></span> <span class='ocrx_word' id='word_1_35' title='bbox 1270 738 1371 793; x_wconf 90' lang='lat' dir='ltr'><strong>sed</strong></span> <span class='ocrx_word' id='word_1_36' title='bbox 1395 738 1626 794; x_wconf 82' lang='lat' dir='ltr'><strong>fortiter</strong></span> <span class='ocrx_word' id='word_1_37' title='bbox 1645 738 2040 809; x_wconf 86' lang='lat' dir='ltr'><strong>congressuri;</strong></span> <span class='ocrx_word' id='word_1_38' title='bbox 2065 754 2132 792; x_wconf 91' lang='lat' dir='ltr'><strong>eo</strong></span> 
     </span>
    </p>
   </div>
   <div class='ocr_carea' id='block_1_8' title="bbox 527 826 2136 898">
    <p class='ocr_par' dir='ltr' id='par_1_8' title="bbox 527 826 2136 898">
     <span class='ocr_line' id='line_1_8' title="bbox 527 826 2136 898; baseline -0.001 -16"><span class='ocrx_word' id='word_1_39' title='bbox 527 831 734 898; x_wconf 85' lang='lat' dir='ltr'><strong>sponte</strong></span> <span class='ocrx_word' id='word_1_40' title='bbox 764 844 823 881; x_wconf 90' lang='lat' dir='ltr'><strong>se</strong></span> <span class='ocrx_word' id='word_1_41' title='bbox 854 828 1207 898; x_wconf 86' lang='lat' dir='ltr'><strong>ingerentes,</strong></span> <span class='ocrx_word' id='word_1_42' title='bbox 1243 826 1338 881; x_wconf 91' lang='lat' dir='ltr'><strong>ubi</strong></span> <span class='ocrx_word' id='word_1_43' title='bbox 1366 830 1464 882; x_wconf 90' lang='lat' dir='ltr'><strong>aut</strong></span> <span class='ocrx_word' id='word_1_44' title='bbox 1494 827 1681 882; x_wconf 90' lang='lat' dir='ltr'><strong>rarior</strong></span> <span class='ocrx_word' id='word_1_45' title='bbox 1697 829 1844 882; x_wconf 87' lang='lat' dir='ltr'><strong>esset</strong></span> <span class='ocrx_word' id='word_1_46' title='bbox 1866 827 2136 881; x_wconf 91' lang='lat' dir='ltr'><strong>adversus</strong></span> 
     </span>
    </p>
   </div>
   <div class='ocr_carea' id='block_1_9' title="bbox 529 915 2134 987">
    <p class='ocr_par' dir='ltr' id='par_1_9' title="bbox 529 915 2134 987">
     <span class='ocr_line' id='line_1_9' title="bbox 529 915 2134 987; baseline -0.001 -16"><span class='ocrx_word' id='word_1_47' title='bbox 529 917 721 972; x_wconf 86' lang='lat' dir='ltr'><strong>hostes</strong></span> <span class='ocrx_word' id='word_1_48' title='bbox 751 915 1097 971; x_wconf 85' lang='lat' dir='ltr'><strong>certantium</strong></span> <span class='ocrx_word' id='word_1_49' title='bbox 1128 932 1424 984; x_wconf 88' lang='lat' dir='ltr'><strong>numerus,</strong></span> <span class='ocrx_word' id='word_1_50' title='bbox 1457 920 1556 971; x_wconf 91' lang='lat' dir='ltr'><strong>aut</strong></span> <span class='ocrx_word' id='word_1_51' title='bbox 1583 917 1690 987; x_wconf 87' lang='lat' dir='ltr'><strong>ipsi</strong></span> <span class='ocrx_word' id='word_1_52' title='bbox 1720 916 1915 971; x_wconf 86' lang='lat' dir='ltr'><strong>hostes</strong></span> <span class='ocrx_word' id='word_1_53' title='bbox 1951 915 2134 970; x_wconf 88' lang='lat' dir='ltr'><strong>acrius</strong></span> 
     </span>
    </p>
   </div>
   <div class='ocr_carea' id='block_1_10' title="bbox 528 1003 2136 1077">
    <p class='ocr_par' dir='ltr' id='par_1_10' title="bbox 528 1003 2136 1077">
     <span class='ocr_line' id='line_1_10' title="bbox 528 1003 2136 1077; baseline -0.001 -17"><span class='ocrx_word' id='word_1_54' title='bbox 528 1009 588 1060; x_wconf 89' lang='lat' dir='ltr'><strong>et</strong></span> <span class='ocrx_word' id='word_1_55' title='bbox 615 1005 851 1077; x_wconf 89' lang='lat' dir='ltr'><strong>propius</strong></span> <span class='ocrx_word' id='word_1_56' title='bbox 881 1004 1281 1060; x_wconf 90' lang='lat' dir='ltr'><strong>imminerent.</strong></span> <span class='ocrx_word' id='word_1_57' title='bbox 1321 1005 1432 1058; x_wconf 86' lang='lat' dir='ltr'><strong>Nec</strong></span> <span class='ocrx_word' id='word_1_58' title='bbox 1463 1007 1659 1059; x_wconf 91' lang='lat' dir='ltr'><strong>tamen</strong></span> <span class='ocrx_word' id='word_1_59' title='bbox 1682 1021 1815 1076; x_wconf 85' lang='lat' dir='ltr'><strong>ego,</strong></span> <span class='ocrx_word' id='word_1_60' title='bbox 1839 1003 2017 1069; x_wconf 84' lang='lat' dir='ltr'><strong>ﬁlioli,</strong></span> <span class='ocrx_word' id='word_1_61' title='bbox 2037 1004 2136 1058; x_wconf 91' lang='lat' dir='ltr'><strong>ho-</strong></span> 
     </span>
    </p>
   </div>
   <div class='ocr_carea' id='block_1_11' title="bbox 525 1091 2133 1164">
    <p class='ocr_par' dir='ltr' id='par_1_11' title="bbox 525 1091 2133 1164">
     <span class='ocr_line' id='line_1_11' title="bbox 525 1091 2133 1164; baseline -0.002 -16"><span class='ocrx_word' id='word_1_62' title='bbox 525 1109 658 1148; x_wconf 87' lang='lat' dir='ltr'><strong>rum</strong></span> <span class='ocrx_word' id='word_1_63' title='bbox 682 1093 825 1148; x_wconf 88' lang='lat' dir='ltr'><strong>mihi</strong></span> <span class='ocrx_word' id='word_1_64' title='bbox 855 1093 1125 1148; x_wconf 90' lang='lat' dir='ltr'><strong>virtutem</strong></span> <span class='ocrx_word' id='word_1_65' title='bbox 1155 1109 1384 1164; x_wconf 86' lang='lat' dir='ltr'><strong>arrogo,</strong></span> <span class='ocrx_word' id='word_1_66' title='bbox 1418 1109 1538 1146; x_wconf 88' lang='lat' dir='ltr'><strong>non</strong></span> <span class='ocrx_word' id='word_1_67' title='bbox 1565 1109 1660 1146; x_wconf 91' lang='lat' dir='ltr'><strong>me</strong></span> <span class='ocrx_word' id='word_1_68' title='bbox 1696 1093 1925 1147; x_wconf 91' lang='lat' dir='ltr'><strong>illorum</strong></span> <span class='ocrx_word' id='word_1_69' title='bbox 1959 1091 2133 1146; x_wconf 90' lang='lat' dir='ltr'><strong>meri-</strong></span> 
     </span>
    </p>
   </div>
   <div class='ocr_carea' id='block_1_12' title="bbox 525 1181 2134 1255">
    <p class='ocr_par' dir='ltr' id='par_1_12' title="bbox 525 1181 2134 1255">
     <span class='ocr_line' id='line_1_12' title="bbox 525 1181 2134 1255; baseline -0.002 -19"><span class='ocrx_word' id='word_1_70' title='bbox 525 1183 596 1236; x_wconf 83' lang='lat' dir='ltr'><strong>tis</strong></span> <span class='ocrx_word' id='word_1_71' title='bbox 628 1199 829 1255; x_wconf 88' lang='lat' dir='ltr'><strong>parem</strong></span> <span class='ocrx_word' id='word_1_72' title='bbox 861 1185 1082 1237; x_wconf 91' lang='lat' dir='ltr'><strong>temere</strong></span> <span class='ocrx_word' id='word_1_73' title='bbox 1120 1198 1332 1237; x_wconf 87' lang='lat' dir='ltr'><strong>assero.</strong></span> <span class='ocrx_word' id='word_1_74' title='bbox 1363 1181 1528 1245; x_wconf 91' lang='lat' dir='ltr'><strong>Quod</strong></span> <span class='ocrx_word' id='word_1_75' title='bbox 1557 1181 1602 1235; x_wconf 90' lang='lat' dir='ltr'><strong>si</strong></span> <span class='ocrx_word' id='word_1_76' title='bbox 1633 1197 1768 1236; x_wconf 85' lang='lat' dir='ltr'><strong>vero</strong></span> <span class='ocrx_word' id='word_1_77' title='bbox 1799 1181 2134 1235; x_wconf 84' lang='lat' dir='ltr'><strong>successoris</strong></span> 
     </span>
    </p>
   </div>
   <div class='ocr_carea' id='block_1_13' title="bbox 525 1268 2126 1341">
    <p class='ocr_par' dir='ltr' id='par_1_13' title="bbox 525 1268 2126 1341">
     <span class='ocr_line' id='line_1_13' title="bbox 525 1268 2126 1341; baseline -0.001 -17"><span class='ocrx_word' id='word_1_78' title='bbox 525 1287 742 1326; x_wconf 88' lang='lat' dir='ltr'><strong>nomen</strong></span> <span class='ocrx_word' id='word_1_79' title='bbox 755 1271 905 1325; x_wconf 89' lang='lat' dir='ltr'><strong>ferre</strong></span> <span class='ocrx_word' id='word_1_80' title='bbox 923 1287 1038 1324; x_wconf 91' lang='lat' dir='ltr'><strong>non</strong></span> <span class='ocrx_word' id='word_1_81' title='bbox 1061 1268 1317 1340; x_wconf 86' lang='lat' dir='ltr'><strong>potestis,</strong></span> <span class='ocrx_word' id='word_1_82' title='bbox 1343 1269 1564 1324; x_wconf 90' lang='lat' dir='ltr'><strong>sitsane</strong></span> <span class='ocrx_word' id='word_1_83' title='bbox 1582 1271 1926 1341; x_wconf 83' lang='lat' dir='ltr'><strong>cooperator</strong></span> <span class='ocrx_word' id='word_1_84' title='bbox 1945 1284 2126 1323; x_wconf 91' lang='lat' dir='ltr'><strong>meus.</strong></span> 
     </span>
    </p>
   </div>
   <div class='ocr_carea' id='block_1_14' title="bbox 522 1357 2128 1431">
    <p class='ocr_par' dir='ltr' id='par_1_14' title="bbox 522 1357 2128 1431">
     <span class='ocr_line' id='line_1_14' title="bbox 522 1357 2128 1431; baseline -0.001 -18"><span class='ocrx_word' id='word_1_85' title='bbox 522 1360 717 1431; x_wconf 87' lang='lat' dir='ltr'><strong>Neque</strong></span> <span class='ocrx_word' id='word_1_86' title='bbox 744 1375 839 1414; x_wconf 90' lang='lat' dir='ltr'><strong>me</strong></span> <span class='ocrx_word' id='word_1_87' title='bbox 864 1357 1076 1429; x_wconf 91' lang='lat' dir='ltr'><strong>putetis</strong></span> <span class='ocrx_word' id='word_1_88' title='bbox 1129 1357 1202 1426; x_wconf 90' lang='lat' dir='ltr'><strong>[a]</strong></span> <span class='ocrx_word' id='word_1_89' title='bbox 1255 1357 1413 1412; x_wconf 90' lang='lat' dir='ltr'><strong>vobis</strong></span> <span class='ocrx_word' id='word_1_90' title='bbox 1462 1357 1762 1413; x_wconf 87' lang='lat' dir='ltr'><strong>absentem</strong></span> <span class='ocrx_word' id='word_1_91' title='bbox 1811 1358 1957 1426; x_wconf 86' lang='lat' dir='ltr'><strong>fore,</strong></span> <span class='ocrx_word' id='word_1_92' title='bbox 2009 1359 2128 1429; x_wconf 91' lang='lat' dir='ltr'><strong>qui,</strong></span> 
     </span>
    </p>
   </div>
   <div class='ocr_carea' id='block_1_15' title="bbox 523 1446 2130 1518">
    <p class='ocr_par' dir='ltr' id='par_1_15' title="bbox 523 1446 2130 1518">
     <span class='ocr_line' id='line_1_15' title="bbox 523 1446 2130 1518; baseline -0.001 -16"><span class='ocrx_word' id='word_1_93' title='bbox 523 1447 753 1502; x_wconf 85' lang='lat' dir='ltr'><strong>tametsi</strong></span> <span class='ocrx_word' id='word_1_94' title='bbox 780 1447 855 1501; x_wconf 92' lang='lat' dir='ltr'><strong>ad</strong></span> <span class='ocrx_word' id='word_1_95' title='bbox 886 1447 1026 1500; x_wconf 90' lang='lat' dir='ltr'><strong>alios</strong></span> <span class='ocrx_word' id='word_1_96' title='bbox 1078 1446 1464 1501; x_wconf 84' lang='lat' dir='ltr'><strong>instituendos</strong></span> <span class='ocrx_word' id='word_1_97' title='bbox 1513 1447 1865 1518; x_wconf 83' lang='lat' dir='ltr'><strong>proﬁciscor,</strong></span> <span class='ocrx_word' id='word_1_98' title='bbox 1906 1463 2025 1500; x_wconf 88' lang='lat' dir='ltr'><strong>non</strong></span> <span class='ocrx_word' id='word_1_99' title='bbox 2052 1450 2130 1501; x_wconf 89' lang='lat' dir='ltr'><strong>ta-</strong></span> 
     </span>
    </p>
   </div>
   <div class='ocr_carea' id='block_1_16' title="bbox 523 1535 2126 1590">
    <p class='ocr_par' dir='ltr' id='par_1_16' title="bbox 523 1535 2126 1590">
     <span class='ocr_line' id='line_1_16' title="bbox 523 1535 2126 1590; baseline -0.001 0"><span class='ocrx_word' id='word_1_100' title='bbox 523 1552 661 1590; x_wconf 91' lang='lat' dir='ltr'><strong>men</strong></span> <span class='ocrx_word' id='word_1_101' title='bbox 711 1539 870 1590; x_wconf 81' lang='lat' dir='ltr'><strong>extra</strong></span> <span class='ocrx_word' id='word_1_102' title='bbox 913 1536 1062 1589; x_wconf 92' lang='lat' dir='ltr'><strong>hanc</strong></span> <span class='ocrx_word' id='word_1_103' title='bbox 1108 1535 1400 1590; x_wconf 89' lang='lat' dir='ltr'><strong>dioecesim</strong></span> <span class='ocrx_word' id='word_1_104' title='bbox 1445 1551 1772 1590; x_wconf 85' lang='lat' dir='ltr'><strong>excessurus</strong></span> <span class='ocrx_word' id='word_1_105' title='bbox 1821 1552 1968 1590; x_wconf 91' lang='lat' dir='ltr'><strong>sum.</strong></span> <span class='ocrx_word' id='word_1_106' title='bbox 2002 1535 2126 1590; x_wconf 87' lang='lat' dir='ltr'><strong>Non</strong></span> 
     </span>
    </p>
   </div>
   <div class='ocr_carea' id='block_1_17' title="bbox 522 1623 2127 1695">
    <p class='ocr_par' dir='ltr' id='par_1_17' title="bbox 522 1623 2127 1695">
     <span class='ocr_line' id='line_1_17' title="bbox 522 1623 2127 1695; baseline -0.001 -16"><span class='ocrx_word' id='word_1_107' title='bbox 522 1625 695 1695; x_wconf 91' lang='lat' dir='ltr'><strong>longe</strong></span> <span class='ocrx_word' id='word_1_108' title='bbox 726 1641 759 1678; x_wconf 92' lang='lat' dir='ltr'><strong>a</strong></span> <span class='ocrx_word' id='word_1_109' title='bbox 781 1624 938 1678; x_wconf 86' lang='lat' dir='ltr'><strong>vobis</strong></span> <span class='ocrx_word' id='word_1_110' title='bbox 969 1624 1144 1678; x_wconf 89' lang='lat' dir='ltr'><strong>abero</strong></span> <span class='ocrx_word' id='word_1_111' title='bbox 1176 1640 1188 1677; x_wconf 91' lang='lat'>:</span> <span class='ocrx_word' id='word_1_112' title='bbox 1222 1623 1267 1676; x_wconf 90' lang='lat' dir='ltr'><strong>si</strong></span> <span class='ocrx_word' id='word_1_113' title='bbox 1289 1623 1416 1694; x_wconf 88' lang='lat' dir='ltr'><strong>quis</strong></span> <span class='ocrx_word' id='word_1_114' title='bbox 1441 1639 1600 1678; x_wconf 88' lang='lat' dir='ltr'><strong>casus</strong></span> <span class='ocrx_word' id='word_1_115' title='bbox 1622 1623 1899 1690; x_wconf 89' lang='lat' dir='ltr'><strong>evenerit,</strong></span> <span class='ocrx_word' id='word_1_116' title='bbox 1931 1623 2127 1678; x_wconf 87' lang='lat' dir='ltr'><strong>licebit</strong></span> 
     </span>
    </p>
   </div>
   <div class='ocr_carea' id='block_1_18' title="bbox 522 1711 2123 1784">
    <p class='ocr_par' dir='ltr' id='par_1_18' title="bbox 522 1711 2123 1784">
     <span class='ocr_line' id='line_1_18' title="bbox 522 1711 2123 1784; baseline -0.001 -16"><span class='ocrx_word' id='word_1_117' title='bbox 522 1713 740 1768; x_wconf 86' lang='lat' dir='ltr'><strong>consilii</strong></span> <span class='ocrx_word' id='word_1_118' title='bbox 765 1729 936 1768; x_wconf 89' lang='lat' dir='ltr'><strong>causa</strong></span> <span class='ocrx_word' id='word_1_119' title='bbox 965 1712 1040 1766; x_wconf 88' lang='lat' dir='ltr'><strong>ad</strong></span> <span class='ocrx_word' id='word_1_120' title='bbox 1069 1728 1164 1766; x_wconf 91' lang='lat' dir='ltr'><strong>me</strong></span> <span class='ocrx_word' id='word_1_121' title='bbox 1196 1711 1468 1767; x_wconf 90' lang='lat' dir='ltr'><strong>accedere</strong></span> <span class='ocrx_word' id='word_1_122' title='bbox 1492 1730 1505 1780; x_wconf 91' lang='lat'><strong>;</strong></span> <span class='ocrx_word' id='word_1_123' title='bbox 1540 1712 1636 1767; x_wconf 92' lang='lat' dir='ltr'><strong>ubi</strong></span> <span class='ocrx_word' id='word_1_124' title='bbox 1659 1717 1717 1766; x_wconf 93' lang='lat' dir='ltr'><strong>et</strong></span> <span class='ocrx_word' id='word_1_125' title='bbox 1748 1729 1852 1783; x_wconf 91' lang='lat' dir='ltr'><strong>pro</strong></span> <span class='ocrx_word' id='word_1_126' title='bbox 1878 1713 2123 1784; x_wconf 89' lang='lat' dir='ltr'><strong>peccatis</strong></span> 
     </span>
    </p>
   </div>
   <div class='ocr_carea' id='block_1_19' title="bbox 2239 562 3720 636">
    <p class='ocr_par' dir='ltr' id='par_1_19' title="bbox 2239 562 3720 636">
     <span class='ocr_line' id='line_1_19' title="bbox 2239 562 3720 636; baseline 0.005 -20"><span class='ocrx_word' id='word_1_127' title='bbox 2239 562 2773 632; x_wconf 89' lang='lat' dir='ltr'><strong>maluit.Susceptus</strong></span> <span class='ocrx_word' id='word_1_128' title='bbox 2789 565 2874 616; x_wconf 92' lang='lat' dir='ltr'><strong>est</strong></span> <span class='ocrx_word' id='word_1_129' title='bbox 2889 562 3358 618; x_wconf 82' lang='lat' dir='ltr'><strong>abeatoBemaclo</strong></span> <span class='ocrx_word' id='word_1_130' title='bbox 3376 565 3720 636; x_wconf 80' lang='lat' dir='ltr'><strong>otﬁciocissime,</strong></span> 
     </span>
    </p>
   </div>
   <div class='ocr_carea' id='block_1_20' title="bbox 2211 649 3720 724">
    <p class='ocr_par' dir='ltr' id='par_1_20' title="bbox 2211 649 3720 724">
     <span class='ocr_line' id='line_1_20' title="bbox 2211 649 3720 724; baseline 0.005 -22"><span class='ocrx_word' id='word_1_131' title='bbox 2211 653 2294 703; x_wconf 89' lang='lat' dir='ltr'><strong>.et</strong></span> <span class='ocrx_word' id='word_1_132' title='bbox 2323 650 2458 704; x_wconf 87' lang='lat' dir='ltr'><strong>vixit</strong></span> <span class='ocrx_word' id='word_1_133' title='bbox 2483 651 2634 722; x_wconf 90' lang='lat' dir='ltr'><strong>apud</strong></span> <span class='ocrx_word' id='word_1_134' title='bbox 2661 667 2794 704; x_wconf 90' lang='lat' dir='ltr'><strong>eum</strong></span> <span class='ocrx_word' id='word_1_135' title='bbox 2826 649 2948 704; x_wconf 88' lang='lat' dir='ltr'><strong>sine</strong></span> <span class='ocrx_word' id='word_1_136' title='bbox 2967 651 3490 724; x_wconf 88' lang='lat' dir='ltr'><strong>offensione,quique</strong></span> <span class='ocrx_word' id='word_1_137' title='bbox 3509 655 3720 712; x_wconf 87' lang='lat' dir='ltr'><strong>instruen-</strong></span> 
     </span>
    </p>
   </div>
   <div class='ocr_carea' id='block_1_21' title="bbox 2237 739 3724 817">
    <p class='ocr_par' dir='ltr' id='par_1_21' title="bbox 2237 739 3724 817">
     <span class='ocr_line' id='line_1_21' title="bbox 2237 739 3724 817; baseline 0.005 -25"><span class='ocrx_word' id='word_1_138' title='bbox 2237 739 2340 793; x_wconf 91' lang='lat' dir='ltr'><strong>dus</strong></span> <span class='ocrx_word' id='word_1_139' title='bbox 2371 756 2439 793; x_wconf 92' lang='lat' dir='ltr'><strong>eo</strong></span> <span class='ocrx_word' id='word_1_140' title='bbox 2473 742 2729 806; x_wconf 87' lang='lat' dir='ltr'><strong>venerat,</strong></span> <span class='ocrx_word' id='word_1_141' title='bbox 2751 740 3079 810; x_wconf 88' lang='lat' dir='ltr'><strong>complures</strong></span> <span class='ocrx_word' id='word_1_142' title='bbox 3099 739 3212 794; x_wconf 89' lang='lat' dir='ltr'><strong>suis</strong></span> <span class='ocrx_word' id='word_1_143' title='bbox 3233 742 3548 817; x_wconf 77' lang='lat' dir='ltr'><strong>exemplisad</strong></span> <span class='ocrx_word' id='word_1_144' title='bbox 3564 744 3724 799; x_wconf 82' lang='lat' dir='ltr'><strong>virtutis</strong></span> 
     </span>
    </p>
   </div>
   <div class='ocr_carea' id='block_1_22' title="bbox 2235 827 3724 898">
    <p class='ocr_par' dir='ltr' id='par_1_22' title="bbox 2235 827 3724 898">
     <span class='ocr_line' id='line_1_22' title="bbox 2235 827 3724 898; baseline 0.005 -18"><span class='ocrx_word' id='word_1_145' title='bbox 2235 827 2489 880; x_wconf 89' lang='lat' dir='ltr'><strong>studium</strong></span> <span class='ocrx_word' id='word_1_146' title='bbox 2523 827 2800 882; x_wconf 89' lang='lat' dir='ltr'><strong>incitavit.</strong></span> <span class='ocrx_word' id='word_1_147' title='bbox 2836 827 3091 882; x_wconf 89' lang='lat' dir='ltr'><strong>Cernens</strong></span> <span class='ocrx_word' id='word_1_148' title='bbox 3121 827 3181 881; x_wconf 90' lang='lat' dir='ltr'><strong>id</strong></span> <span class='ocrx_word' id='word_1_149' title='bbox 3212 828 3393 883; x_wconf 83' lang='lat' dir='ltr'><strong>beatus</strong></span> <span class='ocrx_word' id='word_1_150' title='bbox 3410 829 3724 898; x_wconf 84' lang='lat' dir='ltr'><strong>Remaclus,se-</strong></span> 
     </span>
    </p>
   </div>
   <div class='ocr_carea' id='block_1_23' title="bbox 2237 915 3727 986">
    <p class='ocr_par' dir='ltr' id='par_1_23' title="bbox 2237 915 3727 986">
     <span class='ocr_line' id='line_1_23' title="bbox 2237 915 3727 986; baseline 0.005 -18"><span class='ocrx_word' id='word_1_151' title='bbox 2237 931 2484 986; x_wconf 89' lang='lat' dir='ltr'><strong>cumque</strong></span> <span class='ocrx_word' id='word_1_152' title='bbox 2517 916 2782 986; x_wconf 89' lang='lat' dir='ltr'><strong>cogitans</strong></span> <span class='ocrx_word' id='word_1_153' title='bbox 2811 932 2880 970; x_wconf 92' lang='lat' dir='ltr'><strong>ea</strong></span> <span class='ocrx_word' id='word_1_154' title='bbox 2905 932 3074 970; x_wconf 90' lang='lat' dir='ltr'><strong>causa</strong></span> <span class='ocrx_word' id='word_1_155' title='bbox 3100 915 3328 970; x_wconf 89' lang='lat' dir='ltr'><strong>missum</strong></span> <span class='ocrx_word' id='word_1_156' title='bbox 3355 934 3470 972; x_wconf 89' lang='lat' dir='ltr'><strong>eum</strong></span> <span class='ocrx_word' id='word_1_157' title='bbox 3498 917 3727 974; x_wconf 81' lang='lat' dir='ltr'><strong>fortassisa</strong></span> 
     </span>
    </p>
   </div>
   <div class='ocr_carea' id='block_1_24' title="bbox 2234 1002 3727 1075">
    <p class='ocr_par' dir='ltr' id='par_1_24' title="bbox 2234 1002 3727 1075">
     <span class='ocr_line' id='line_1_24' title="bbox 2234 1002 3727 1075; baseline 0.004 -20"><span class='ocrx_word' id='word_1_158' title='bbox 2234 1002 2506 1070; x_wconf 87' lang='lat' dir='ltr'><strong>Domino,</strong></span> <span class='ocrx_word' id='word_1_159' title='bbox 2540 1004 2764 1074; x_wconf 87' lang='lat' dir='ltr'><strong>rogavit</strong></span> <span class='ocrx_word' id='word_1_160' title='bbox 2795 1019 2926 1056; x_wconf 90' lang='lat' dir='ltr'><strong>eum</strong></span> <span class='ocrx_word' id='word_1_161' title='bbox 2962 1019 3032 1057; x_wconf 91' lang='lat' dir='ltr'><strong>ne</strong></span> <span class='ocrx_word' id='word_1_162' title='bbox 3062 1004 3133 1057; x_wconf 93' lang='lat' dir='ltr'><strong>ab</strong></span> <span class='ocrx_word' id='word_1_163' title='bbox 3166 1003 3281 1075; x_wconf 87' lang='lat' dir='ltr'><strong>ipso</strong></span> <span class='ocrx_word' id='word_1_164' title='bbox 3307 1003 3578 1060; x_wconf 91' lang='lat' dir='ltr'><strong>discederet</strong></span> <span class='ocrx_word' id='word_1_165' title='bbox 3607 1024 3618 1060; x_wconf 88' lang='lat'>:</span> <span class='ocrx_word' id='word_1_166' title='bbox 3643 1012 3727 1061; x_wconf 89' lang='lat' dir='ltr'><strong>tum</strong></span> 
     </span>
    </p>
   </div>
   <div class='ocr_carea' id='block_1_25' title="bbox 2236 1091 3728 1163">
    <p class='ocr_par' dir='ltr' id='par_1_25' title="bbox 2236 1091 3728 1163">
     <span class='ocr_line' id='line_1_25' title="bbox 2236 1091 3728 1163; baseline 0.002 -19"><span class='ocrx_word' id='word_1_167' title='bbox 2236 1095 2547 1162; x_wconf 87' lang='lat' dir='ltr'><strong>propterea</strong></span> <span class='ocrx_word' id='word_1_168' title='bbox 2575 1092 2646 1145; x_wconf 92' lang='lat' dir='ltr'><strong>ob</strong></span> <span class='ocrx_word' id='word_1_169' title='bbox 2666 1091 2873 1146; x_wconf 83' lang='lat' dir='ltr'><strong>fratres</strong></span> <span class='ocrx_word' id='word_1_170' title='bbox 2897 1092 2956 1145; x_wconf 90' lang='lat' dir='ltr'><strong>in</strong></span> <span class='ocrx_word' id='word_1_171' title='bbox 2976 1091 3273 1163; x_wconf 88' lang='lat' dir='ltr'><strong>disciplina</strong></span> <span class='ocrx_word' id='word_1_172' title='bbox 3298 1093 3728 1156; x_wconf 63' lang='lat' dir='ltr'><strong>continendosAlal-</strong></span> 
     </span>
    </p>
   </div>
   <div class='ocr_carea' id='block_1_26' title="bbox 2234 1180 3729 1251">
    <p class='ocr_par' dir='ltr' id='par_1_26' title="bbox 2234 1180 3729 1251">
     <span class='ocr_line' id='line_1_26' title="bbox 2234 1180 3729 1251; baseline 0.003 -19"><span class='ocrx_word' id='word_1_173' title='bbox 2234 1180 2632 1234; x_wconf 90' lang='lat' dir='ltr'><strong>mundariensi</strong></span> <span class='ocrx_word' id='word_1_174' title='bbox 2659 1180 2946 1247; x_wconf 66' lang='lat' dir='ltr'><strong>coenobio,</strong></span> <span class='ocrx_word' id='word_1_175' title='bbox 2975 1181 3134 1251; x_wconf 85' lang='lat' dir='ltr'><strong>cujus</strong></span> <span class='ocrx_word' id='word_1_176' title='bbox 3166 1182 3487 1236; x_wconf 76' lang='lat' dir='ltr'><strong>monachis.</strong></span> <span class='ocrx_word' id='word_1_177' title='bbox 3513 1183 3729 1236; x_wconf 87' lang='lat' dir='ltr'><strong>Benedicti</strong></span> 
     </span>
    </p>
   </div>
   <div class='ocr_carea' id='block_1_27' title="bbox 2234 1268 3730 1341">
    <p class='ocr_par' dir='ltr' id='par_1_27' title="bbox 2234 1268 3730 1341">
     <span class='ocr_line' id='line_1_27' title="bbox 2234 1268 3730 1341; baseline 0.003 -19"><span class='ocrx_word' id='word_1_178' title='bbox 2234 1268 2492 1323; x_wconf 87' lang='lat' dir='ltr'><strong>instituto</strong></span> <span class='ocrx_word' id='word_1_179' title='bbox 2525 1269 2975 1337; x_wconf 89' lang='lat' dir='ltr'><strong>vivebant,salva</strong></span> <span class='ocrx_word' id='word_1_180' title='bbox 2997 1270 3052 1324; x_wconf 92' lang='lat' dir='ltr'><strong>in</strong></span> <span class='ocrx_word' id='word_1_181' title='bbox 3071 1271 3333 1325; x_wconf 89' lang='lat' dir='ltr'><strong>omnibus</strong></span> <span class='ocrx_word' id='word_1_182' title='bbox 3349 1272 3633 1326; x_wconf 87' lang='lat' dir='ltr'><strong>auctoritate</strong></span> <span class='ocrx_word' id='word_1_183' title='bbox 3647 1289 3730 1341; x_wconf 85' lang='lat' dir='ltr'><strong>sua,</strong></span> 
     </span>
    </p>
   </div>
   <div class='ocr_carea' id='block_1_28' title="bbox 2233 1356 3728 1430">
    <p class='ocr_par' dir='ltr' id='par_1_28' title="bbox 2233 1356 3728 1430">
     <span class='ocr_line' id='line_1_28' title="bbox 2233 1356 3728 1430; baseline 0.002 -21"><span class='ocrx_word' id='word_1_184' title='bbox 2233 1373 2366 1410; x_wconf 92' lang='lat' dir='ltr'><strong>eum</strong></span> <span class='ocrx_word' id='word_1_185' title='bbox 2397 1356 2674 1426; x_wconf 82' lang='lat' dir='ltr'><strong>praefecit.</strong></span> <span class='ocrx_word' id='word_1_186' title='bbox 2706 1361 2891 1428; x_wconf 85' lang='lat' dir='ltr'><strong>Atque</strong></span> <span class='ocrx_word' id='word_1_187' title='bbox 2924 1357 3059 1412; x_wconf 88' lang='lat' dir='ltr'><strong>inde</strong></span> <span class='ocrx_word' id='word_1_188' title='bbox 3106 1356 3398 1414; x_wconf 89' lang='lat' dir='ltr'><strong>Stabulaus</strong></span> <span class='ocrx_word' id='word_1_189' title='bbox 3437 1376 3660 1430; x_wconf 85' lang='lat' dir='ltr'><strong>reversus,</strong></span> <span class='ocrx_word' id='word_1_190' title='bbox 3683 1361 3728 1413; x_wconf 85' lang='lat' dir='ltr'><strong>ad</strong></span> 
     </span>
    </p>
   </div>
   <div class='ocr_carea' id='block_1_29' title="bbox 2231 1445 3730 1519">
    <p class='ocr_par' dir='ltr' id='par_1_29' title="bbox 2231 1445 3730 1519">
     <span class='ocr_line' id='line_1_29' title="bbox 2231 1445 3730 1519; baseline 0.002 -21"><span class='ocrx_word' id='word_1_191' title='bbox 2231 1446 2458 1515; x_wconf 84' lang='lat' dir='ltr'><strong>majora</strong></span> <span class='ocrx_word' id='word_1_192' title='bbox 2487 1445 2765 1500; x_wconf 89' lang='lat' dir='ltr'><strong>virtutum</strong></span> <span class='ocrx_word' id='word_1_193' title='bbox 2795 1462 2973 1517; x_wconf 90' lang='lat' dir='ltr'><strong>opera</strong></span> <span class='ocrx_word' id='word_1_194' title='bbox 2998 1463 3056 1500; x_wconf 90' lang='lat' dir='ltr'><strong>se</strong></span> <span class='ocrx_word' id='word_1_195' title='bbox 3093 1447 3351 1514; x_wconf 84' lang='lat' dir='ltr'><strong>accinxit,</strong></span> <span class='ocrx_word' id='word_1_196' title='bbox 3377 1448 3572 1519; x_wconf 86' lang='lat' dir='ltr'><strong>suisque</strong></span> <span class='ocrx_word' id='word_1_197' title='bbox 3597 1464 3730 1501; x_wconf 81' lang='lat' dir='ltr'><strong>exem-</strong></span> 
     </span>
    </p>
   </div>
   <div class='ocr_carea' id='block_1_30' title="bbox 2229 1534 3607 1607">
    <p class='ocr_par' dir='ltr' id='par_1_30' title="bbox 2229 1534 3607 1607">
     <span class='ocr_line' id='line_1_30' title="bbox 2229 1534 3607 1607; baseline 0.002 -20"><span class='ocrx_word' id='word_1_198' title='bbox 2229 1534 2339 1604; x_wconf 91' lang='lat' dir='ltr'><strong>plis</strong></span> <span class='ocrx_word' id='word_1_199' title='bbox 2369 1537 2689 1604; x_wconf 90' lang='lat' dir='ltr'><strong>permultos</strong></span> <span class='ocrx_word' id='word_1_200' title='bbox 2716 1534 2788 1588; x_wconf 93' lang='lat' dir='ltr'><strong>ad</strong></span> <span class='ocrx_word' id='word_1_201' title='bbox 2819 1535 2903 1588; x_wconf 87' lang='lat' dir='ltr'><strong>sui</strong></span> <span class='ocrx_word' id='word_1_202' title='bbox 2933 1534 3321 1590; x_wconf 90' lang='lat' dir='ltr'><strong>imitationem</strong></span> <span class='ocrx_word' id='word_1_203' title='bbox 3352 1537 3607 1607; x_wconf 82' lang='lat' dir='ltr'><strong>pertraxit.</strong></span> 
     </span>
    </p>
   </div>
   <div class='ocr_carea' id='block_1_31' title="bbox 2297 1623 3728 1695">
    <p class='ocr_par' dir='ltr' id='par_1_31' title="bbox 2297 1623 3728 1695">
     <span class='ocr_line' id='line_1_31' title="bbox 2297 1623 3728 1695; baseline 0.001 -19"><span class='ocrx_word' id='word_1_204' title='bbox 2297 1624 2423 1677; x_wconf 86' lang='lat' dir='ltr'><strong>XIX.</strong></span> <span class='ocrx_word' id='word_1_205' title='bbox 2451 1623 2584 1686; x_wconf 86' lang='lat' dir='ltr'><strong>Quis</strong></span> <span class='ocrx_word' id='word_1_206' title='bbox 2612 1623 2764 1695; x_wconf 87' lang='lat' dir='ltr'><strong>apud</strong></span> <span class='ocrx_word' id='word_1_207' title='bbox 2797 1623 2962 1677; x_wconf 91' lang='lat' dir='ltr'><strong>illum</strong></span> <span class='ocrx_word' id='word_1_208' title='bbox 3007 1623 3302 1678; x_wconf 86' lang='lat' dir='ltr'><strong>tristitiam</strong></span> <span class='ocrx_word' id='word_1_209' title='bbox 3348 1637 3454 1679; x_wconf 90' lang='lat' dir='ltr'><strong>non</strong></span> <span class='ocrx_word' id='word_1_210' title='bbox 3479 1625 3669 1678; x_wconf 81' lang='lat' dir='ltr'><strong>mutavit</strong></span> <span class='ocrx_word' id='word_1_211' title='bbox 3694 1625 3728 1678; x_wconf 88' lang='lat' dir='ltr'><strong>in</strong></span> 
     </span>
    </p>
   </div>
   <div class='ocr_carea' id='block_1_32' title="bbox 2226 1711 3731 1783">
    <p class='ocr_par' dir='ltr' id='par_1_32' title="bbox 2226 1711 3731 1783">
     <span class='ocr_line' id='line_1_32' title="bbox 2226 1711 3731 1783; baseline -0.001 -17"><span class='ocrx_word' id='word_1_212' title='bbox 2226 1711 2500 1783; x_wconf 87' lang='lat' dir='ltr'><strong>gaudium</strong></span> <span class='ocrx_word' id='word_1_213' title='bbox 2527 1711 2553 1765; x_wconf 89' lang='lat'><strong><em>?</em></strong></span> <span class='ocrx_word' id='word_1_214' title='bbox 2586 1711 2722 1775; x_wconf 85' lang='lat' dir='ltr'><strong>Quis</strong></span> <span class='ocrx_word' id='word_1_215' title='bbox 2754 1712 2901 1766; x_wconf 90' lang='lat' dir='ltr'><strong>iram</strong></span> <span class='ocrx_word' id='word_1_216' title='bbox 2930 1711 3110 1766; x_wconf 88' lang='lat' dir='ltr'><strong>animi</strong></span> <span class='ocrx_word' id='word_1_217' title='bbox 3144 1713 3533 1783; x_wconf 89' lang='lat' dir='ltr'><strong>tranquillitate</strong></span> <span class='ocrx_word' id='word_1_218' title='bbox 3572 1716 3617 1767; x_wconf 86' lang='lat' dir='ltr'><strong>et</strong></span> <span class='ocrx_word' id='word_1_219' title='bbox 3639 1728 3731 1783; x_wconf 83' lang='lat' dir='ltr'><strong>pace</strong></span> 
     </span>
    </p>
   </div>
   <div class='ocr_carea' id='block_1_33' title="bbox 519 1797 3734 1872">
    <p class='ocr_par' dir='ltr' id='par_1_33' title="bbox 519 1797 3734 1872">
     <span class='ocr_line' id='line_1_33' title="bbox 519 1797 3734 1872; baseline -0.001 -17"><span class='ocrx_word' id='word_1_220' title='bbox 519 1801 720 1856; x_wconf 87' lang='lat' dir='ltr'><strong>vestris</strong></span> <span class='ocrx_word' id='word_1_221' title='bbox 760 1801 1222 1866; x_wconf 88' lang='lat' dir='ltr'><strong>intercessorem,</strong></span> <span class='ocrx_word' id='word_1_222' title='bbox 1275 1802 1332 1854; x_wconf 90' lang='lat' dir='ltr'><strong>et</strong></span> <span class='ocrx_word' id='word_1_223' title='bbox 1376 1800 1641 1854; x_wconf 91' lang='lat' dir='ltr'><strong>omnium</strong></span> <span class='ocrx_word' id='word_1_224' title='bbox 1672 1817 1800 1872; x_wconf 71' lang='lat' dir='ltr'><strong>quae</strong></span> <span class='ocrx_word' id='word_1_225' title='bbox 1832 1800 1989 1855; x_wconf 91' lang='lat' dir='ltr'><strong>vobis</strong></span> <span class='ocrx_word' id='word_1_226' title='bbox 2018 1817 2120 1854; x_wconf 91' lang='lat' dir='ltr'><strong>ne-</strong></span> <span class='ocrx_word' id='word_1_227' title='bbox 2150 1797 2201 1856; x_wconf 93' lang='lat' dir='ltr'><strong>B</strong></span> <span class='ocrx_word' id='word_1_228' title='bbox 2224 1816 2342 1854; x_wconf 91' lang='lat' dir='ltr'><strong>non</strong></span> <span class='ocrx_word' id='word_1_229' title='bbox 2376 1800 2644 1871; x_wconf 87' lang='lat' dir='ltr'><strong>depulit?</strong></span> <span class='ocrx_word' id='word_1_230' title='bbox 2677 1799 2811 1863; x_wconf 91' lang='lat' dir='ltr'><strong>Quis</strong></span> <span class='ocrx_word' id='word_1_231' title='bbox 2831 1800 3330 1855; x_wconf 88' lang='lat' dir='ltr'><strong>orbitatisluctum</strong></span> <span class='ocrx_word' id='word_1_232' title='bbox 3357 1801 3423 1855; x_wconf 90' lang='lat' dir='ltr'><strong>ad</strong></span> <span class='ocrx_word' id='word_1_233' title='bbox 3447 1802 3552 1871; x_wconf 88' lang='lat' dir='ltr'><strong>ejus</strong></span> <span class='ocrx_word' id='word_1_234' title='bbox 3569 1817 3734 1871; x_wconf 81' lang='lat' dir='ltr'><strong>conspe-</strong></span> 
     </span>
    </p>
   </div>
   <div class='ocr_carea' id='block_1_34' title="bbox 517 1889 2122 1962">
    <p class='ocr_par' dir='ltr' id='par_1_34' title="bbox 517 1889 2122 1962">
     <span class='ocr_line' id='line_1_34' title="bbox 517 1889 2122 1962; baseline -0.001 -17"><span class='ocrx_word' id='word_1_235' title='bbox 517 1889 760 1945; x_wconf 89' lang='lat' dir='ltr'><strong>cessaria</strong></span> <span class='ocrx_word' id='word_1_236' title='bbox 787 1890 921 1956; x_wconf 90' lang='lat' dir='ltr'><strong>sint,</strong></span> <span class='ocrx_word' id='word_1_237' title='bbox 954 1905 1197 1962; x_wconf 75' lang='lat' dir='ltr'><strong>quaeque</strong></span> <span class='ocrx_word' id='word_1_238' title='bbox 1228 1905 1326 1944; x_wconf 91' lang='lat' dir='ltr'><strong>vos</strong></span> <span class='ocrx_word' id='word_1_239' title='bbox 1347 1893 1591 1960; x_wconf 88' lang='lat' dir='ltr'><strong>angant,</strong></span> <span class='ocrx_word' id='word_1_240' title='bbox 1633 1892 1794 1944; x_wconf 90' lang='lat' dir='ltr'><strong>tanto</strong></span> <span class='ocrx_word' id='word_1_241' title='bbox 1825 1889 2122 1944; x_wconf 90' lang='lat' dir='ltr'><strong>sollicitius</strong></span> 
     </span>
    </p>
   </div>
   <div class='ocr_carea' id='block_1_35' title="bbox 515 1977 2121 2050">
    <p class='ocr_par' dir='ltr' id='par_1_35' title="bbox 515 1977 2121 2050">
     <span class='ocr_line' id='line_1_35' title="bbox 515 1977 2121 2050; baseline -0.001 -16"><span class='ocrx_word' id='word_1_242' title='bbox 515 1995 844 2034; x_wconf 90' lang='lat' dir='ltr'><strong>memorem</strong></span> <span class='ocrx_word' id='word_1_243' title='bbox 870 1977 1176 2045; x_wconf 86' lang='lat' dir='ltr'><strong>habebitis,</strong></span> <span class='ocrx_word' id='word_1_244' title='bbox 1213 1980 1428 2049; x_wconf 89' lang='lat' dir='ltr'><strong>quanto</strong></span> <span class='ocrx_word' id='word_1_245' title='bbox 1459 1995 1558 2033; x_wconf 92' lang='lat' dir='ltr'><strong>ero</strong></span> <span class='ocrx_word' id='word_1_246' title='bbox 1589 1995 1624 2033; x_wconf 91' lang='lat' dir='ltr'><strong>a</strong></span> <span class='ocrx_word' id='word_1_247' title='bbox 1647 1978 1795 2033; x_wconf 91' lang='lat' dir='ltr'><strong>curis</strong></span> <span class='ocrx_word' id='word_1_248' title='bbox 1834 1978 2121 2050; x_wconf 87' lang='lat' dir='ltr'><strong>populari-</strong></span> 
     </span>
    </p>
   </div>
   <div class='ocr_carea' id='block_1_36' title="bbox 510 2066 2115 2138">
    <p class='ocr_par' dir='ltr' id='par_1_36' title="bbox 510 2066 2115 2138">
     <span class='ocr_line' id='line_1_36' title="bbox 510 2066 2115 2138; baseline -0.001 -16"><span class='ocrx_word' id='word_1_249' title='bbox 510 2067 618 2123; x_wconf 86' lang='lat' dir='ltr'><strong>bus</strong></span> <span class='ocrx_word' id='word_1_250' title='bbox 648 2067 949 2135; x_wconf 89' lang='lat' dir='ltr'><strong>remotior,</strong></span> <span class='ocrx_word' id='word_1_251' title='bbox 981 2070 1039 2122; x_wconf 91' lang='lat' dir='ltr'><strong>et</strong></span> <span class='ocrx_word' id='word_1_252' title='bbox 1071 2069 1381 2138; x_wconf 88' lang='lat' dir='ltr'><strong>propterea</strong></span> <span class='ocrx_word' id='word_1_253' title='bbox 1405 2067 1480 2121; x_wconf 90' lang='lat' dir='ltr'><strong>ad</strong></span> <span class='ocrx_word' id='word_1_254' title='bbox 1501 2066 1692 2122; x_wconf 90' lang='lat' dir='ltr'><strong>divina</strong></span> <span class='ocrx_word' id='word_1_255' title='bbox 1713 2068 2115 2138; x_wconf 89' lang='lat' dir='ltr'><strong>contemplan-</strong></span> 
     </span>
    </p>
   </div>
   <div class='ocr_carea' id='block_1_37' title="bbox 512 2154 2114 2228">
    <p class='ocr_par' dir='ltr' id='par_1_37' title="bbox 512 2154 2114 2228">
     <span class='ocr_line' id='line_1_37' title="bbox 512 2154 2114 2228; baseline 0 -18"><span class='ocrx_word' id='word_1_256' title='bbox 512 2155 586 2211; x_wconf 90' lang='lat' dir='ltr'><strong>da</strong></span> <span class='ocrx_word' id='word_1_257' title='bbox 611 2156 930 2228; x_wconf 82' lang='lat' dir='ltr'><strong>expeditior</strong></span> <span class='ocrx_word' id='word_1_258' title='bbox 951 2160 1008 2210; x_wconf 90' lang='lat' dir='ltr'><strong>et</strong></span> <span class='ocrx_word' id='word_1_259' title='bbox 1037 2154 1366 2211; x_wconf 88' lang='lat' dir='ltr'><strong>studiosior.</strong></span> <span class='ocrx_word' id='word_1_260' title='bbox 1407 2154 1555 2209; x_wconf 91' lang='lat' dir='ltr'><strong>Olim</strong></span> <span class='ocrx_word' id='word_1_261' title='bbox 1576 2156 1791 2227; x_wconf 85' lang='lat' dir='ltr'><strong>Moyses</strong></span> <span class='ocrx_word' id='word_1_262' title='bbox 1824 2154 1883 2208; x_wconf 90' lang='lat' dir='ltr'><strong>in</strong></span> <span class='ocrx_word' id='word_1_263' title='bbox 1915 2158 2114 2210; x_wconf 90' lang='lat' dir='ltr'><strong>monte</strong></span> 
     </span>
    </p>
   </div>
   <div class='ocr_carea' id='block_1_38' title="bbox 509 2243 2110 2314">
    <p class='ocr_par' dir='ltr' id='par_1_38' title="bbox 509 2243 2110 2314">
     <span class='ocr_line' id='line_1_38' title="bbox 509 2243 2110 2314; baseline -0.002 -14"><span class='ocrx_word' id='word_1_264' title='bbox 509 2245 719 2314; x_wconf 86' lang='lat' dir='ltr'><strong>stabat,</strong></span> <span class='ocrx_word' id='word_1_265' title='bbox 753 2247 830 2312; x_wconf 92' lang='lat' dir='ltr'><strong>et,</strong></span> <span class='ocrx_word' id='word_1_266' title='bbox 862 2245 1035 2298; x_wconf 90' lang='lat' dir='ltr'><strong>Israel</strong></span> <span class='ocrx_word' id='word_1_267' title='bbox 1070 2260 1200 2298; x_wconf 91' lang='lat' dir='ltr'><strong>cum</strong></span> <span class='ocrx_word' id='word_1_268' title='bbox 1232 2243 1602 2298; x_wconf 77' lang='lat' dir='ltr'><strong>Amalechitis</strong></span> <span class='ocrx_word' id='word_1_269' title='bbox 1634 2246 1959 2314; x_wconf 88' lang='lat' dir='ltr'><strong>pugnante,</strong></span> <span class='ocrx_word' id='word_1_270' title='bbox 1994 2261 2110 2298; x_wconf 92' lang='lat' dir='ltr'><strong>non</strong></span> 
     </span>
    </p>
   </div>
   <div class='ocr_carea' id='block_1_39' title="bbox 509 2331 2108 2403">
    <p class='ocr_par' dir='ltr' id='par_1_39' title="bbox 509 2331 2108 2403">
     <span class='ocr_line' id='line_1_39' title="bbox 509 2331 2108 2403; baseline -0.001 -16"><span class='ocrx_word' id='word_1_271' title='bbox 509 2333 684 2388; x_wconf 91' lang='lat' dir='ltr'><strong>armis</strong></span> <span class='ocrx_word' id='word_1_272' title='bbox 715 2333 814 2388; x_wconf 91' lang='lat' dir='ltr'><strong>sed</strong></span> <span class='ocrx_word' id='word_1_273' title='bbox 838 2332 1103 2403; x_wconf 89' lang='lat' dir='ltr'><strong>precibus</strong></span> <span class='ocrx_word' id='word_1_274' title='bbox 1134 2331 1412 2397; x_wconf 89' lang='lat' dir='ltr'><strong>certabat,</strong></span> <span class='ocrx_word' id='word_1_275' title='bbox 1440 2331 1842 2402; x_wconf 82' lang='lat' dir='ltr'><strong>efﬁciebatque</strong></span> <span class='ocrx_word' id='word_1_276' title='bbox 1873 2335 2108 2387; x_wconf 89' lang='lat' dir='ltr'><strong>utlanto</strong></span> 
     </span>
    </p>
   </div>
   <div class='ocr_carea' id='block_1_40' title="bbox 509 2418 2105 2491">
    <p class='ocr_par' dir='ltr' id='par_1_40' title="bbox 509 2418 2105 2491">
     <span class='ocr_line' id='line_1_40' title="bbox 509 2418 2105 2491; baseline 0 -17"><span class='ocrx_word' id='word_1_277' title='bbox 509 2423 656 2475; x_wconf 85' lang='lat' dir='ltr'><strong>esset</strong></span> <span class='ocrx_word' id='word_1_278' title='bbox 710 2419 770 2474; x_wconf 88' lang='lat' dir='ltr'><strong>in</strong></span> <span class='ocrx_word' id='word_1_279' title='bbox 819 2419 1088 2474; x_wconf 86' lang='lat' dir='ltr'><strong>conflictu</strong></span> <span class='ocrx_word' id='word_1_280' title='bbox 1135 2418 1482 2474; x_wconf 90' lang='lat' dir='ltr'><strong>Israeliticus</strong></span> <span class='ocrx_word' id='word_1_281' title='bbox 1525 2419 1771 2490; x_wconf 91' lang='lat' dir='ltr'><strong>populus</strong></span> <span class='ocrx_word' id='word_1_282' title='bbox 1824 2419 2105 2491; x_wconf 88' lang='lat' dir='ltr'><strong>superior,</strong></span> 
     </span>
    </p>
   </div>
   <div class='ocr_carea' id='block_1_41' title="bbox 507 2505 2110 2580">
    <p class='ocr_par' dir='ltr' id='par_1_41' title="bbox 507 2505 2110 2580">
     <span class='ocr_line' id='line_1_41' title="bbox 507 2505 2110 2580; baseline 0 -18"><span class='ocrx_word' id='word_1_283' title='bbox 507 2511 724 2580; x_wconf 87' lang='lat' dir='ltr'><strong>quanto</strong></span> <span class='ocrx_word' id='word_1_284' title='bbox 757 2507 877 2580; x_wconf 90' lang='lat' dir='ltr'><strong>ipse</strong></span> <span class='ocrx_word' id='word_1_285' title='bbox 919 2509 1035 2562; x_wconf 92' lang='lat' dir='ltr'><strong>Deo</strong></span> <span class='ocrx_word' id='word_1_286' title='bbox 1087 2505 1147 2560; x_wconf 90' lang='lat' dir='ltr'><strong>in</strong></span> <span class='ocrx_word' id='word_1_287' title='bbox 1202 2507 1462 2560; x_wconf 88' lang='lat' dir='ltr'><strong>oratione</strong></span> <span class='ocrx_word' id='word_1_288' title='bbox 1502 2506 1901 2578; x_wconf 90' lang='lat' dir='ltr'><strong>propinquior,</strong></span> <span class='ocrx_word' id='word_1_289' title='bbox 1963 2511 2020 2562; x_wconf 91' lang='lat' dir='ltr'><strong>et</strong></span> <span class='ocrx_word' id='word_1_290' title='bbox 2077 2525 2110 2562; x_wconf 92' lang='lat' dir='ltr'><strong>a</strong></span> 
     </span>
    </p>
   </div>
   <div class='ocr_carea' id='block_1_42' title="bbox 504 2594 2107 2669">
    <p class='ocr_par' dir='ltr' id='par_1_42' title="bbox 504 2594 2107 2669">
     <span class='ocr_line' id='line_1_42' title="bbox 504 2594 2107 2669; baseline -0.001 -18"><span class='ocrx_word' id='word_1_291' title='bbox 504 2596 746 2669; x_wconf 90' lang='lat' dir='ltr'><strong>strepitu</strong></span> <span class='ocrx_word' id='word_1_292' title='bbox 777 2595 1167 2669; x_wconf 74' lang='lat' dir='ltr'><strong>praeliantium</strong></span> <span class='ocrx_word' id='word_1_293' title='bbox 1202 2594 1501 2650; x_wconf 89' lang='lat' dir='ltr'><strong>remotior.</strong></span> <span class='ocrx_word' id='word_1_294' title='bbox 1536 2595 1603 2650; x_wconf 89' lang='lat' dir='ltr'><strong>Et</strong></span> <span class='ocrx_word' id='word_1_295' title='bbox 1632 2595 1796 2657; x_wconf 85' lang='lat' dir='ltr'><strong>mihi,</strong></span> <span class='ocrx_word' id='word_1_296' title='bbox 1845 2597 2107 2650; x_wconf 88' lang='lat' dir='ltr'><strong>charissi-</strong></span> 
     </span>
    </p>
   </div>
   <div class='ocr_carea' id='block_1_43' title="bbox 505 2683 2107 2756">
    <p class='ocr_par' dir='ltr' id='par_1_43' title="bbox 505 2683 2107 2756">
     <span class='ocr_line' id='line_1_43' title="bbox 505 2683 2107 2756; baseline 0 -17"><span class='ocrx_word' id='word_1_297' title='bbox 505 2685 608 2752; x_wconf 92' lang='lat' dir='ltr'><strong>mi,</strong></span> <span class='ocrx_word' id='word_1_298' title='bbox 635 2684 1018 2738; x_wconf 89' lang='lat' dir='ltr'><strong>deliberatum</strong></span> <span class='ocrx_word' id='word_1_299' title='bbox 1047 2687 1130 2738; x_wconf 90' lang='lat' dir='ltr'><strong>est</strong></span> <span class='ocrx_word' id='word_1_300' title='bbox 1155 2683 1270 2738; x_wconf 89' lang='lat' dir='ltr'><strong>illic</strong></span> <span class='ocrx_word' id='word_1_301' title='bbox 1287 2683 1492 2738; x_wconf 65' lang='lat' dir='ltr'><strong>divinae</strong></span> <span class='ocrx_word' id='word_1_302' title='bbox 1523 2684 1999 2756; x_wconf 88' lang='lat' dir='ltr'><strong>contemplationi</strong></span> <span class='ocrx_word' id='word_1_303' title='bbox 2024 2688 2107 2739; x_wconf 87' lang='lat' dir='ltr'><strong>at-</strong></span> 
     </span>
    </p>
   </div>
   <div class='ocr_carea' id='block_1_44' title="bbox 503 2772 2110 2840">
    <p class='ocr_par' dir='ltr' id='par_1_44' title="bbox 503 2772 2110 2840">
     <span class='ocr_line' id='line_1_44' title="bbox 503 2772 2110 2840; baseline -0.001 -11"><span class='ocrx_word' id='word_1_304' title='bbox 503 2774 720 2829; x_wconf 90' lang='lat' dir='ltr'><strong>tentius</strong></span> <span class='ocrx_word' id='word_1_305' title='bbox 750 2774 1055 2840; x_wconf 66' lang='lat' dir='ltr'><strong>inhaerere,</strong></span> <span class='ocrx_word' id='word_1_306' title='bbox 1090 2772 1188 2828; x_wconf 90' lang='lat' dir='ltr'><strong>ubi</strong></span> <span class='ocrx_word' id='word_1_307' title='bbox 1217 2790 1311 2827; x_wconf 92' lang='lat' dir='ltr'><strong>me</strong></span> <span class='ocrx_word' id='word_1_308' title='bbox 1355 2774 1654 2827; x_wconf 66' lang='lat' dir='ltr'><strong>szeculares</strong></span> <span class='ocrx_word' id='word_1_309' title='bbox 1689 2775 1970 2828; x_wconf 88' lang='lat' dir='ltr'><strong>tumultus</strong></span> <span class='ocrx_word' id='word_1_310' title='bbox 2002 2775 2110 2828; x_wconf 91' lang='lat' dir='ltr'><strong>mi-</strong></span> 
     </span>
    </p>
   </div>
   <div class='ocr_carea' id='block_1_45' title="bbox 503 2861 2111 2918">
    <p class='ocr_par' dir='ltr' id='par_1_45' title="bbox 503 2861 2111 2918">
     <span class='ocr_line' id='line_1_45' title="bbox 503 2861 2111 2918; baseline 0 0"><span class='ocrx_word' id='word_1_311' title='bbox 503 2863 661 2918; x_wconf 90' lang='lat' dir='ltr'><strong>nime</strong></span> <span class='ocrx_word' id='word_1_312' title='bbox 696 2862 1108 2918; x_wconf 89' lang='lat' dir='ltr'><strong>interturbent.</strong></span> <span class='ocrx_word' id='word_1_313' title='bbox 1140 2863 1222 2917; x_wconf 84' lang='lat' dir='ltr'><strong>Ad</strong></span> <span class='ocrx_word' id='word_1_314' title='bbox 1265 2861 1415 2916; x_wconf 84' lang='lat' dir='ltr'><strong>hanc</strong></span> <span class='ocrx_word' id='word_1_315' title='bbox 1446 2878 1573 2916; x_wconf 91' lang='lat' dir='ltr'><strong>rem</strong></span> <span class='ocrx_word' id='word_1_316' title='bbox 1605 2879 1698 2916; x_wconf 92' lang='lat' dir='ltr'><strong>me</strong></span> <span class='ocrx_word' id='word_1_317' title='bbox 1731 2862 1931 2917; x_wconf 91' lang='lat' dir='ltr'><strong>incitat</strong></span> <span class='ocrx_word' id='word_1_318' title='bbox 1974 2864 2111 2918; x_wconf 90' lang='lat' dir='ltr'><strong>bea-</strong></span> 
     </span>
    </p>
   </div>
   <div class='ocr_carea' id='block_1_46' title="bbox 502 2950 2109 3023">
    <p class='ocr_par' dir='ltr' id='par_1_46' title="bbox 502 2950 2109 3023">
     <span class='ocr_line' id='line_1_46' title="bbox 502 2950 2109 3023; baseline 0.001 -17"><span class='ocrx_word' id='word_1_319' title='bbox 502 2955 594 3006; x_wconf 90' lang='lat' dir='ltr'><strong>tus</strong></span> <span class='ocrx_word' id='word_1_320' title='bbox 627 2953 878 3007; x_wconf 86' lang='lat' dir='ltr'><strong>Joannes</strong></span> <span class='ocrx_word' id='word_1_321' title='bbox 929 2951 1201 3023; x_wconf 87' lang='lat' dir='ltr'><strong>Baptista,</strong></span> <span class='ocrx_word' id='word_1_322' title='bbox 1235 2950 1331 3022; x_wconf 89' lang='lat' dir='ltr'><strong>qui</strong></span> <span class='ocrx_word' id='word_1_323' title='bbox 1372 2951 1548 3005; x_wconf 90' lang='lat' dir='ltr'><strong>etiam</strong></span> <span class='ocrx_word' id='word_1_324' title='bbox 1593 2951 1650 3005; x_wconf 92' lang='lat' dir='ltr'><strong>in</strong></span> <span class='ocrx_word' id='word_1_325' title='bbox 1696 2954 1896 3006; x_wconf 90' lang='lat' dir='ltr'><strong>tenera</strong></span> <span class='ocrx_word' id='word_1_326' title='bbox 1941 2955 2109 3007; x_wconf 61' lang='lat' dir='ltr'><strong>{etate</strong></span> 
     </span>
    </p>
   </div>
   <div class='ocr_carea' id='block_1_47' title="bbox 503 3039 2107 3112">
    <p class='ocr_par' dir='ltr' id='par_1_47' title="bbox 503 3039 2107 3112">
     <span class='ocr_line' id='line_1_47' title="bbox 503 3039 2107 3112; baseline -0.001 -16"><span class='ocrx_word' id='word_1_327' title='bbox 503 3041 711 3097; x_wconf 88' lang='lat' dir='ltr'><strong>maluit</strong></span> <span class='ocrx_word' id='word_1_328' title='bbox 740 3040 894 3095; x_wconf 90' lang='lat' dir='ltr'><strong>inter</strong></span> <span class='ocrx_word' id='word_1_329' title='bbox 940 3040 1091 3095; x_wconf 90' lang='lat' dir='ltr'><strong>feras</strong></span> <span class='ocrx_word' id='word_1_330' title='bbox 1136 3040 1369 3112; x_wconf 90' lang='lat' dir='ltr'><strong>degere,</strong></span> <span class='ocrx_word' id='word_1_331' title='bbox 1431 3041 1489 3093; x_wconf 89' lang='lat' dir='ltr'><strong>et</strong></span> <span class='ocrx_word' id='word_1_332' title='bbox 1527 3056 1727 3094; x_wconf 88' lang='lat' dir='ltr'><strong>earum</strong></span> <span class='ocrx_word' id='word_1_333' title='bbox 1771 3039 1898 3095; x_wconf 92' lang='lat' dir='ltr'><strong>cibo</strong></span> <span class='ocrx_word' id='word_1_334' title='bbox 1940 3041 2107 3107; x_wconf 90' lang='lat' dir='ltr'><strong>vesci,</strong></span> 
     </span>
    </p>
   </div>
   <div class='ocr_carea' id='block_1_48' title="bbox 502 3127 2111 3202">
    <p class='ocr_par' dir='ltr' id='par_1_48' title="bbox 502 3127 2111 3202">
     <span class='ocr_line' id='line_1_48' title="bbox 502 3127 2111 3202; baseline -0.002 -17"><span class='ocrx_word' id='word_1_335' title='bbox 502 3146 679 3202; x_wconf 88' lang='lat' dir='ltr'><strong>quam</strong></span> <span class='ocrx_word' id='word_1_336' title='bbox 712 3129 866 3201; x_wconf 90' lang='lat' dir='ltr'><strong>apud</strong></span> <span class='ocrx_word' id='word_1_337' title='bbox 891 3145 1022 3184; x_wconf 90' lang='lat' dir='ltr'><strong>suos</strong></span> <span class='ocrx_word' id='word_1_338' title='bbox 1072 3145 1312 3183; x_wconf 89' lang='lat' dir='ltr'><strong>manere</strong></span> <span class='ocrx_word' id='word_1_339' title='bbox 1349 3127 1519 3196; x_wconf 86' lang='lat' dir='ltr'><strong>cives,</strong></span> <span class='ocrx_word' id='word_1_340' title='bbox 1553 3145 1625 3182; x_wconf 92' lang='lat' dir='ltr'><strong>ne</strong></span> <span class='ocrx_word' id='word_1_341' title='bbox 1652 3128 1740 3181; x_wconf 91' lang='lat' dir='ltr'><strong>vel</strong></span> <span class='ocrx_word' id='word_1_342' title='bbox 1775 3127 1958 3182; x_wconf 90' lang='lat' dir='ltr'><strong>otioso</strong></span> <span class='ocrx_word' id='word_1_343' title='bbox 1998 3145 2111 3182; x_wconf 85' lang='lat' dir='ltr'><strong>ser-</strong></span> 
     </span>
    </p>
   </div>
   <div class='ocr_carea' id='block_1_49' title="bbox 501 3214 2109 3274">
    <p class='ocr_par' dir='ltr' id='par_1_49' title="bbox 501 3214 2109 3274">
     <span class='ocr_line' id='line_1_49' title="bbox 501 3214 2109 3274; baseline -0.002 -2"><span class='ocrx_word' id='word_1_344' title='bbox 501 3234 680 3274; x_wconf 90' lang='lat' dir='ltr'><strong>mone</strong></span> <span class='ocrx_word' id='word_1_345' title='bbox 701 3234 760 3272; x_wconf 85' lang='lat' dir='ltr'><strong>se</strong></span> <span class='ocrx_word' id='word_1_346' title='bbox 781 3216 1228 3272; x_wconf 82' lang='lat' dir='ltr'><strong>contaminaret.</strong></span> <span class='ocrx_word' id='word_1_347' title='bbox 1266 3215 1470 3270; x_wconf 89' lang='lat' dir='ltr'><strong>Habeo</strong></span> <span class='ocrx_word' id='word_1_348' title='bbox 1505 3214 1681 3270; x_wconf 88' lang='lat' dir='ltr'><strong>etiam</strong></span> <span class='ocrx_word' id='word_1_349' title='bbox 1731 3214 1804 3269; x_wconf 91' lang='lat' dir='ltr'><strong>ad</strong></span> <span class='ocrx_word' id='word_1_350' title='bbox 1849 3216 1997 3269; x_wconf 91' lang='lat' dir='ltr'><strong>hanc</strong></span> <span class='ocrx_word' id='word_1_351' title='bbox 2025 3215 2109 3269; x_wconf 89' lang='lat' dir='ltr'><strong>vi-</strong></span> 
     </span>
    </p>
   </div>
   <div class='ocr_carea' id='block_1_50' title="bbox 505 3304 2109 3378">
    <p class='ocr_par' dir='ltr' id='par_1_50' title="bbox 505 3304 2109 3378">
     <span class='ocr_line' id='line_1_50' title="bbox 505 3304 2109 3378; baseline -0.001 -17"><span class='ocrx_word' id='word_1_352' title='bbox 505 3311 625 3364; x_wconf 90' lang='lat' dir='ltr'><strong>tam</strong></span> <span class='ocrx_word' id='word_1_353' title='bbox 661 3305 962 3378; x_wconf 86' lang='lat' dir='ltr'><strong>egregium</strong></span> <span class='ocrx_word' id='word_1_354' title='bbox 992 3305 1197 3360; x_wconf 89' lang='lat' dir='ltr'><strong>ducem</strong></span> <span class='ocrx_word' id='word_1_355' title='bbox 1241 3305 1492 3375; x_wconf 84' lang='lat' dir='ltr'><strong>Moysen,</strong></span> <span class='ocrx_word' id='word_1_356' title='bbox 1529 3304 1614 3358; x_wconf 90' lang='lat' dir='ltr'><strong>cui</strong></span> <span class='ocrx_word' id='word_1_357' title='bbox 1673 3305 2020 3375; x_wconf 88' lang='lat' dir='ltr'><strong>optatusfuit</strong></span> <span class='ocrx_word' id='word_1_358' title='bbox 2051 3305 2109 3360; x_wconf 91' lang='lat' dir='ltr'><strong>in</strong></span> 
     </span>
    </p>
   </div>
   <div class='ocr_carea' id='block_1_51' title="bbox 504 3391 2105 3464">
    <p class='ocr_par' dir='ltr' id='par_1_51' title="bbox 504 3391 2105 3464">
     <span class='ocr_line' id='line_1_51' title="bbox 504 3391 2105 3464; baseline -0.002 -14"><span class='ocrx_word' id='word_1_359' title='bbox 504 3399 874 3450; x_wconf 87' lang='lat' dir='ltr'><strong>vastaeremo</strong></span> <span class='ocrx_word' id='word_1_360' title='bbox 893 3392 1097 3447; x_wconf 89' lang='lat' dir='ltr'><strong>divinis</strong></span> <span class='ocrx_word' id='word_1_361' title='bbox 1122 3392 1234 3446; x_wconf 87' lang='lat' dir='ltr'><strong>frui</strong></span> <span class='ocrx_word' id='word_1_362' title='bbox 1260 3391 1579 3464; x_wconf 90' lang='lat' dir='ltr'><strong>colloquiis,</strong></span> <span class='ocrx_word' id='word_1_363' title='bbox 1609 3409 1785 3462; x_wconf 90' lang='lat' dir='ltr'><strong>quam</strong></span> <span class='ocrx_word' id='word_1_364' title='bbox 1815 3392 2105 3464; x_wconf 67' lang='lat' dir='ltr'><strong>Egyptio-</strong></span> 
     </span>
    </p>
   </div>
   <div class='ocr_carea' id='block_1_52' title="bbox 503 3480 2112 3553">
    <p class='ocr_par' dir='ltr' id='par_1_52' title="bbox 503 3480 2112 3553">
     <span class='ocr_line' id='line_1_52' title="bbox 503 3480 2112 3553; baseline -0.002 -15"><span class='ocrx_word' id='word_1_365' title='bbox 503 3499 632 3538; x_wconf 92' lang='lat' dir='ltr'><strong>rum</strong></span> <span class='ocrx_word' id='word_1_366' title='bbox 647 3483 851 3553; x_wconf 91' lang='lat' dir='ltr'><strong>opibus</strong></span> <span class='ocrx_word' id='word_1_367' title='bbox 867 3480 1152 3535; x_wconf 90' lang='lat' dir='ltr'><strong>etdeliciis</strong></span> <span class='ocrx_word' id='word_1_368' title='bbox 1170 3480 1452 3534; x_wconf 91' lang='lat' dir='ltr'><strong>enervari.</strong></span> <span class='ocrx_word' id='word_1_369' title='bbox 1491 3480 1636 3534; x_wconf 87' lang='lat' dir='ltr'><strong>Elias</strong></span> <span class='ocrx_word' id='word_1_370' title='bbox 1662 3497 1892 3552; x_wconf 91' lang='lat' dir='ltr'><strong>quoque</strong></span> <span class='ocrx_word' id='word_1_371' title='bbox 1918 3484 1976 3534; x_wconf 92' lang='lat' dir='ltr'><strong>et</strong></span> <span class='ocrx_word' id='word_1_372' title='bbox 2005 3481 2112 3535; x_wconf 88' lang='lat' dir='ltr'><strong>Eli-</strong></span> 
     </span>
    </p>
   </div>
   <div class='ocr_carea' id='block_1_53' title="bbox 505 3567 2111 3640">
    <p class='ocr_par' dir='ltr' id='par_1_53' title="bbox 505 3567 2111 3640">
     <span class='ocr_line' id='line_1_53' title="bbox 505 3567 2111 3640; baseline -0.001 -16"><span class='ocrx_word' id='word_1_373' title='bbox 505 3587 633 3625; x_wconf 88' lang='lat' dir='ltr'><strong>seus</strong></span> <span class='ocrx_word' id='word_1_374' title='bbox 645 3569 951 3640; x_wconf 69' lang='lat' dir='ltr'><strong>caeterique</strong></span> <span class='ocrx_word' id='word_1_375' title='bbox 967 3567 1480 3639; x_wconf 84' lang='lat' dir='ltr'><strong>prophetae,studio</strong></span> <span class='ocrx_word' id='word_1_376' title='bbox 1503 3568 2005 3638; x_wconf 88' lang='lat' dir='ltr'><strong>contemplationis</strong></span> <span class='ocrx_word' id='word_1_377' title='bbox 2028 3569 2111 3623; x_wconf 90' lang='lat' dir='ltr'><strong>in-</strong></span> 
     </span>
    </p>
   </div>
   <div class='ocr_carea' id='block_1_54' title="bbox 503 3655 2108 3730">
    <p class='ocr_par' dir='ltr' id='par_1_54' title="bbox 503 3655 2108 3730">
     <span class='ocr_line' id='line_1_54' title="bbox 503 3655 2108 3730; baseline 0 -17"><span class='ocrx_word' id='word_1_378' title='bbox 503 3659 720 3730; x_wconf 87' lang='lat' dir='ltr'><strong>signes,</strong></span> <span class='ocrx_word' id='word_1_379' title='bbox 738 3657 913 3712; x_wconf 87' lang='lat' dir='ltr'><strong>etiam</strong></span> <span class='ocrx_word' id='word_1_380' title='bbox 943 3673 1110 3728; x_wconf 88' lang='lat' dir='ltr'><strong>reges</strong></span> <span class='ocrx_word' id='word_1_381' title='bbox 1129 3655 1819 3720; x_wconf 88' lang='lat' dir='ltr'><strong>domuerunt.Abraham,</strong></span> <span class='ocrx_word' id='word_1_382' title='bbox 1844 3657 2108 3713; x_wconf 89' lang='lat' dir='ltr'><strong>omnium</strong></span> 
     </span>
    </p>
   </div>
   <div class='ocr_carea' id='block_1_55' title="bbox 503 3744 2108 3820">
    <p class='ocr_par' dir='ltr' id='par_1_55' title="bbox 503 3744 2108 3820">
     <span class='ocr_line' id='line_1_55' title="bbox 503 3744 2108 3820; baseline -0.002 -17"><span class='ocrx_word' id='word_1_383' title='bbox 503 3751 671 3820; x_wconf 91' lang='lat' dir='ltr'><strong>pater</strong></span> <span class='ocrx_word' id='word_1_384' title='bbox 695 3746 1056 3802; x_wconf 88' lang='lat' dir='ltr'><strong>credentium</strong></span> <span class='ocrx_word' id='word_1_385' title='bbox 1086 3745 1200 3800; x_wconf 81' lang='lat' dir='ltr'><strong>ﬁde</strong></span> <span class='ocrx_word' id='word_1_386' title='bbox 1226 3744 1480 3813; x_wconf 81' lang='lat' dir='ltr'><strong>effectus,</strong></span> <span class='ocrx_word' id='word_1_387' title='bbox 1512 3745 1622 3799; x_wconf 91' lang='lat' dir='ltr'><strong>huc</strong></span> <span class='ocrx_word' id='word_1_388' title='bbox 1655 3761 1748 3800; x_wconf 92' lang='lat' dir='ltr'><strong>me</strong></span> <span class='ocrx_word' id='word_1_389' title='bbox 1775 3745 2108 3813; x_wconf 87' lang='lat' dir='ltr'><strong>invitat,cu-</strong></span> 
     </span>
    </p>
   </div>
   <div class='ocr_carea' id='block_1_56' title="bbox 499 3834 2107 3909">
    <p class='ocr_par' dir='ltr' id='par_1_56' title="bbox 499 3834 2107 3909">
     <span class='ocr_line' id='line_1_56' title="bbox 499 3834 2107 3909; baseline -0.002 -17"><span class='ocrx_word' id='word_1_390' title='bbox 499 3839 594 3909; x_wconf 89' lang='lat' dir='ltr'><strong>jus</strong></span> <span class='ocrx_word' id='word_1_391' title='bbox 605 3836 915 3908; x_wconf 90' lang='lat' dir='ltr'><strong>jamantea</strong></span> <span class='ocrx_word' id='word_1_392' title='bbox 935 3837 1160 3890; x_wconf 90' lang='lat' dir='ltr'><strong>secutus</strong></span> <span class='ocrx_word' id='word_1_393' title='bbox 1185 3835 1539 3904; x_wconf 83' lang='lat' dir='ltr'><strong>exemplum,</strong></span> <span class='ocrx_word' id='word_1_394' title='bbox 1556 3837 1894 3905; x_wconf 89' lang='lat' dir='ltr'><strong>contempto</strong></span> <span class='ocrx_word' id='word_1_395' title='bbox 1928 3834 2107 3890; x_wconf 88' lang='lat' dir='ltr'><strong>natali</strong></span> 
     </span>
    </p>
   </div>
   <div class='ocr_carea' id='block_1_57' title="bbox 503 3921 2108 3995">
    <p class='ocr_par' dir='ltr' id='par_1_57' title="bbox 503 3921 2108 3995">
     <span class='ocr_line' id='line_1_57' title="bbox 503 3921 2108 3995; baseline -0.003 -13"><span class='ocrx_word' id='word_1_396' title='bbox 503 3926 648 3993; x_wconf 90' lang='lat' dir='ltr'><strong>solo,</strong></span> <span class='ocrx_word' id='word_1_397' title='bbox 676 3942 766 3979; x_wconf 91' lang='lat' dir='ltr'><strong>res</strong></span> <span class='ocrx_word' id='word_1_398' title='bbox 781 3924 1190 3995; x_wconf 86' lang='lat' dir='ltr'><strong>facultatesque</strong></span> <span class='ocrx_word' id='word_1_399' title='bbox 1213 3939 1416 3978; x_wconf 90' lang='lat' dir='ltr'><strong>omnes</strong></span> <span class='ocrx_word' id='word_1_400' title='bbox 1437 3921 1908 3994; x_wconf 88' lang='lat' dir='ltr'><strong>abjeci.Denique</strong></span> <span class='ocrx_word' id='word_1_401' title='bbox 1933 3923 2108 3994; x_wconf 91' lang='lat' dir='ltr'><strong>ipsius</strong></span> 
     </span>
    </p>
   </div>
   <div class='ocr_carea' id='block_1_58' title="bbox 503 4012 2107 4084">
    <p class='ocr_par' dir='ltr' id='par_1_58' title="bbox 503 4012 2107 4084">
     <span class='ocr_line' id='line_1_58' title="bbox 503 4012 2107 4084; baseline -0.003 -12"><span class='ocrx_word' id='word_1_402' title='bbox 503 4015 738 4072; x_wconf 91' lang='lat' dir='ltr'><strong>Domini</strong></span> <span class='ocrx_word' id='word_1_403' title='bbox 762 4012 1072 4070; x_wconf 88' lang='lat' dir='ltr'><strong>Salvatoris</strong></span> <span class='ocrx_word' id='word_1_404' title='bbox 1103 4012 1366 4084; x_wconf 84' lang='lat' dir='ltr'><strong>exemplo</strong></span> <span class='ocrx_word' id='word_1_405' title='bbox 1399 4019 1700 4084; x_wconf 79' lang='lat' dir='ltr'><strong>prevocor,</strong></span> <span class='ocrx_word' id='word_1_406' title='bbox 1724 4012 1842 4084; x_wconf 89' lang='lat' dir='ltr'><strong>qui,</strong></span> <span class='ocrx_word' id='word_1_407' title='bbox 1867 4028 1996 4066; x_wconf 91' lang='lat' dir='ltr'><strong>cum</strong></span> <span class='ocrx_word' id='word_1_408' title='bbox 2029 4015 2107 4067; x_wconf 90' lang='lat' dir='ltr'><strong>te-</strong></span> 
     </span>
    </p>
   </div>
   <div class='ocr_carea' id='block_1_59' title="bbox 501 4099 2104 4168">
    <p class='ocr_par' dir='ltr' id='par_1_59' title="bbox 501 4099 2104 4168">
     <span class='ocr_line' id='line_1_59' title="bbox 501 4099 2104 4168; baseline -0.005 -6"><span class='ocrx_word' id='word_1_409' title='bbox 501 4105 743 4162; x_wconf 86' lang='lat' dir='ltr'><strong>terrimo</strong></span> <span class='ocrx_word' id='word_1_410' title='bbox 774 4104 937 4158; x_wconf 89' lang='lat' dir='ltr'><strong>hoste</strong></span> <span class='ocrx_word' id='word_1_411' title='bbox 980 4100 1370 4168; x_wconf 89' lang='lat' dir='ltr'><strong>conﬂicturus,</strong></span> <span class='ocrx_word' id='word_1_412' title='bbox 1405 4099 1690 4156; x_wconf 88' lang='lat' dir='ltr'><strong>solitarius</strong></span> <span class='ocrx_word' id='word_1_413' title='bbox 1730 4101 1804 4155; x_wconf 89' lang='lat' dir='ltr'><strong>ad</strong></span> <span class='ocrx_word' id='word_1_414' title='bbox 1841 4116 2104 4155; x_wconf 90' lang='lat' dir='ltr'><strong>eremum</strong></span> 
     </span>
    </p>
   </div>
   <div class='ocr_carea' id='block_1_60' title="bbox 502 4189 2104 4264">
    <p class='ocr_par' dir='ltr' id='par_1_60' title="bbox 502 4189 2104 4264">
     <span class='ocr_line' id='line_1_60' title="bbox 502 4189 2104 4264; baseline -0.006 -11"><span class='ocrx_word' id='word_1_415' title='bbox 502 4195 770 4253; x_wconf 83' lang='lat' dir='ltr'><strong>abscessit</strong></span> <span class='ocrx_word' id='word_1_416' title='bbox 826 4193 996 4264; x_wconf 86' lang='lat' dir='ltr'><strong>Cujus</strong></span> <span class='ocrx_word' id='word_1_417' title='bbox 1020 4190 1413 4246; x_wconf 89' lang='lat' dir='ltr'><strong>misericordia</strong></span> <span class='ocrx_word' id='word_1_418' title='bbox 1442 4189 1869 4261; x_wconf 88' lang='lat' dir='ltr'><strong>etbenignitate</strong></span> <span class='ocrx_word' id='word_1_419' title='bbox 1882 4190 2104 4244; x_wconf 88' lang='lat' dir='ltr'><strong>utinam</strong></span> 
     </span>
    </p>
   </div>
   <div class='ocr_carea' id='block_1_61' title="bbox 502 4277 2106 4355">
    <p class='ocr_par' dir='ltr' id='par_1_61' title="bbox 502 4277 2106 4355">
     <span class='ocr_line' id='line_1_61' title="bbox 502 4277 2106 4355; baseline -0.004 -15"><span class='ocrx_word' id='word_1_420' title='bbox 502 4286 604 4340; x_wconf 89' lang='lat' dir='ltr'><strong>fiat</strong></span> <span class='ocrx_word' id='word_1_421' title='bbox 628 4290 691 4339; x_wconf 88' lang='lat' dir='ltr'><strong>ut</strong></span> <span class='ocrx_word' id='word_1_422' title='bbox 717 4285 775 4338; x_wconf 93' lang='lat' dir='ltr'><strong>et</strong></span> <span class='ocrx_word' id='word_1_423' title='bbox 804 4299 912 4355; x_wconf 91' lang='lat' dir='ltr'><strong>ego</strong></span> <span class='ocrx_word' id='word_1_424' title='bbox 944 4281 1056 4336; x_wconf 91' lang='lat' dir='ltr'><strong>illic</strong></span> <span class='ocrx_word' id='word_1_425' title='bbox 1087 4278 1340 4350; x_wconf 91' lang='lat' dir='ltr'><strong>improbi</strong></span> <span class='ocrx_word' id='word_1_426' title='bbox 1370 4277 1550 4333; x_wconf 89' lang='lat' dir='ltr'><strong>hostis</strong></span> <span class='ocrx_word' id='word_1_427' title='bbox 1579 4278 1810 4333; x_wconf 85' lang='lat' dir='ltr'><strong>fraudes</strong></span> <span class='ocrx_word' id='word_1_428' title='bbox 1841 4281 2106 4350; x_wconf 89' lang='lat' dir='ltr'><strong>protere-</strong></span> 
     </span>
    </p>
   </div>
   <div class='ocr_carea' id='block_1_62' title="bbox 2223 1889 3733 1963">
    <p class='ocr_par' dir='ltr' id='par_1_62' title="bbox 2223 1889 3733 1963">
     <span class='ocr_line' id='line_1_62' title="bbox 2223 1889 3733 1963; baseline 0 -20"><span class='ocrx_word' id='word_1_429' title='bbox 2223 1891 2380 1943; x_wconf 91' lang='lat' dir='ltr'><strong>ctum</strong></span> <span class='ocrx_word' id='word_1_430' title='bbox 2411 1905 2525 1944; x_wconf 93' lang='lat' dir='ltr'><strong>non</strong></span> <span class='ocrx_word' id='word_1_431' title='bbox 2559 1889 2854 1944; x_wconf 81' lang='lat' dir='ltr'><strong>cohibuit?</strong></span> <span class='ocrx_word' id='word_1_432' title='bbox 2889 1890 3023 1954; x_wconf 90' lang='lat' dir='ltr'><strong>Quis</strong></span> <span class='ocrx_word' id='word_1_433' title='bbox 3054 1907 3194 1958; x_wconf 91' lang='lat' dir='ltr'><strong>non,</strong></span> <span class='ocrx_word' id='word_1_434' title='bbox 3227 1894 3537 1962; x_wconf 83' lang='lat' dir='ltr'><strong>paupertate</strong></span> <span class='ocrx_word' id='word_1_435' title='bbox 3557 1907 3733 1963; x_wconf 66' lang='lat' dir='ltr'><strong>pressus,</strong></span> 
     </span>
    </p>
   </div>
   <div class='ocr_carea' id='block_1_63' title="bbox 2223 1977 3730 2048">
    <p class='ocr_par' dir='ltr' id='par_1_63' title="bbox 2223 1977 3730 2048">
     <span class='ocr_line' id='line_1_63' title="bbox 2223 1977 3730 2048; baseline 0 -17"><span class='ocrx_word' id='word_1_436' title='bbox 2223 1977 2343 2048; x_wconf 90' lang='lat' dir='ltr'><strong>ejus</strong></span> <span class='ocrx_word' id='word_1_437' title='bbox 2392 1979 2758 2033; x_wconf 89' lang='lat' dir='ltr'><strong>sermonibus</strong></span> <span class='ocrx_word' id='word_1_438' title='bbox 2805 1979 2885 2034; x_wconf 90' lang='lat' dir='ltr'><strong>ita</strong></span> <span class='ocrx_word' id='word_1_439' title='bbox 2930 1980 3258 2034; x_wconf 88' lang='lat' dir='ltr'><strong>sublevatus</strong></span> <span class='ocrx_word' id='word_1_440' title='bbox 3293 1985 3392 2046; x_wconf 92' lang='lat' dir='ltr'><strong>est,</strong></span> <span class='ocrx_word' id='word_1_441' title='bbox 3425 1985 3480 2034; x_wconf 89' lang='lat' dir='ltr'><strong>ut</strong></span> <span class='ocrx_word' id='word_1_442' title='bbox 3513 1983 3561 2033; x_wconf 88' lang='lat' dir='ltr'><strong>et</strong></span> <span class='ocrx_word' id='word_1_443' title='bbox 3596 1979 3730 2033; x_wconf 80' lang='lat' dir='ltr'><strong>divum</strong></span> 
     </span>
    </p>
   </div>
   <div class='ocr_carea' id='block_1_64' title="bbox 2222 2067 3729 2141">
    <p class='ocr_par' dir='ltr' id='par_1_64' title="bbox 2222 2067 3729 2141">
     <span class='ocr_line' id='line_1_64' title="bbox 2222 2067 3729 2141; baseline -0.001 -19"><span class='ocrx_word' id='word_1_444' title='bbox 2222 2083 2358 2140; x_wconf 88' lang='lat' dir='ltr'><strong>opes</strong></span> <span class='ocrx_word' id='word_1_445' title='bbox 2388 2068 2727 2140; x_wconf 89' lang='lat' dir='ltr'><strong>despiceret,</strong></span> <span class='ocrx_word' id='word_1_446' title='bbox 2761 2071 2820 2122; x_wconf 91' lang='lat' dir='ltr'><strong>et</strong></span> <span class='ocrx_word' id='word_1_447' title='bbox 2866 2086 2969 2123; x_wconf 90' lang='lat' dir='ltr'><strong>sua</strong></span> <span class='ocrx_word' id='word_1_448' title='bbox 3027 2069 3227 2141; x_wconf 90' lang='lat' dir='ltr'><strong>inopia</strong></span> <span class='ocrx_word' id='word_1_449' title='bbox 3278 2071 3548 2124; x_wconf 76' lang='lat' dir='ltr'><strong>laetaretur</strong></span> <span class='ocrx_word' id='word_1_450' title='bbox 3572 2067 3595 2122; x_wconf 78' lang='lat'><strong>?</strong></span> <span class='ocrx_word' id='word_1_451' title='bbox 3619 2067 3729 2131; x_wconf 84' lang='lat' dir='ltr'><strong>Quis,</strong></span> 
     </span>
    </p>
   </div>
   <div class='ocr_carea' id='block_1_65' title="bbox 2218 2156 3731 2230">
    <p class='ocr_par' dir='ltr' id='par_1_65' title="bbox 2218 2156 3731 2230">
     <span class='ocr_line' id='line_1_65' title="bbox 2218 2156 3731 2230; baseline -0.001 -21"><span class='ocrx_word' id='word_1_452' title='bbox 2218 2156 2484 2210; x_wconf 90' lang='lat' dir='ltr'><strong>laborum</strong></span> <span class='ocrx_word' id='word_1_453' title='bbox 2516 2173 2693 2211; x_wconf 90' lang='lat' dir='ltr'><strong>onere</strong></span> <span class='ocrx_word' id='word_1_454' title='bbox 2725 2161 3135 2228; x_wconf 77' lang='lat' dir='ltr'><strong>przegravatus,</strong></span> <span class='ocrx_word' id='word_1_455' title='bbox 3169 2159 3292 2230; x_wconf 84' lang='lat' dir='ltr'><strong>ejus</strong></span> <span class='ocrx_word' id='word_1_456' title='bbox 3324 2175 3436 2213; x_wconf 92' lang='lat' dir='ltr'><strong>non</strong></span> <span class='ocrx_word' id='word_1_457' title='bbox 3479 2160 3553 2211; x_wconf 88' lang='lat' dir='ltr'><strong>est</strong></span> <span class='ocrx_word' id='word_1_458' title='bbox 3584 2156 3731 2211; x_wconf 82' lang='lat' dir='ltr'><strong>adhor-</strong></span> 
     </span>
    </p>
   </div>
   <div class='ocr_carea' id='block_1_66' title="bbox 2214 2243 3737 2315">
    <p class='ocr_par' dir='ltr' id='par_1_66' title="bbox 2214 2243 3737 2315">
     <span class='ocr_line' id='line_1_66' title="bbox 2214 2243 3737 2315; baseline -0.003 -16"><span class='ocrx_word' id='word_1_459' title='bbox 2214 2244 2434 2299; x_wconf 86' lang='lat' dir='ltr'><strong>tatione</strong></span> <span class='ocrx_word' id='word_1_460' title='bbox 2452 2251 2673 2300; x_wconf 89' lang='lat' dir='ltr'><strong>erectus</strong></span> <span class='ocrx_word' id='word_1_461' title='bbox 2691 2245 2718 2300; x_wconf 74' lang='grc' dir='ltr'><strong>ἱ)</strong></span> <span class='ocrx_word' id='word_1_462' title='bbox 2750 2245 2884 2310; x_wconf 92' lang='lat' dir='ltr'><strong>Quis</strong></span> <span class='ocrx_word' id='word_1_463' title='bbox 2905 2246 3262 2315; x_wconf 89' lang='lat' dir='ltr'><strong>adolescens,</strong></span> <span class='ocrx_word' id='word_1_464' title='bbox 3281 2246 3538 2302; x_wconf 69' lang='lat' dir='ltr'><strong>saevientis</strong></span> <span class='ocrx_word' id='word_1_465' title='bbox 3555 2243 3737 2298; x_wconf 80' lang='lat' dir='ltr'><strong>libidinis</strong></span> 
     </span>
    </p>
   </div>
   <div class='ocr_carea' id='block_1_67' title="bbox 2211 2332 3740 2406">
    <p class='ocr_par' dir='ltr' id='par_1_67' title="bbox 2211 2332 3740 2406">
     <span class='ocr_line' id='line_1_67' title="bbox 2211 2332 3740 2406; baseline -0.002 -19"><span class='ocrx_word' id='word_1_466' title='bbox 2211 2347 2347 2405; x_wconf 72' lang='lat' dir='ltr'><strong>igne</strong></span> <span class='ocrx_word' id='word_1_467' title='bbox 2378 2350 2706 2398; x_wconf 58' lang='lat' dir='ltr'><strong>succensus,</strong></span> <span class='ocrx_word' id='word_1_468' title='bbox 2729 2352 2848 2390; x_wconf 91' lang='lat' dir='ltr'><strong>non</strong></span> <span class='ocrx_word' id='word_1_469' title='bbox 2868 2335 3201 2403; x_wconf 85' lang='lat' dir='ltr'><strong>confestim,</strong></span> <span class='ocrx_word' id='word_1_470' title='bbox 3228 2337 3300 2391; x_wconf 90' lang='lat' dir='ltr'><strong>ad</strong></span> <span class='ocrx_word' id='word_1_471' title='bbox 3330 2337 3445 2406; x_wconf 91' lang='lat' dir='ltr'><strong>ejus</strong></span> <span class='ocrx_word' id='word_1_472' title='bbox 3465 2332 3740 2390; x_wconf 87' lang='lat' dir='ltr'><strong>admonitio-</strong></span> 
     </span>
    </p>
   </div>
   <div class='ocr_carea' id='block_1_68' title="bbox 2211 2422 3728 2494">
    <p class='ocr_par' dir='ltr' id='par_1_68' title="bbox 2211 2422 3728 2494">
     <span class='ocr_line' id='line_1_68' title="bbox 2211 2422 3728 2494; baseline -0.003 -18"><span class='ocrx_word' id='word_1_473' title='bbox 2211 2439 2346 2476; x_wconf 90' lang='lat' dir='ltr'><strong>nem</strong></span> <span class='ocrx_word' id='word_1_474' title='bbox 2365 2423 2828 2491; x_wconf 85' lang='lat' dir='ltr'><strong>saluberrimam,</strong></span> <span class='ocrx_word' id='word_1_475' title='bbox 2852 2423 3140 2494; x_wconf 71' lang='lat' dir='ltr'><strong>pudicitia:</strong></span> <span class='ocrx_word' id='word_1_476' title='bbox 3153 2425 3340 2479; x_wconf 87' lang='lat' dir='ltr'><strong>cultor</strong></span> <span class='ocrx_word' id='word_1_477' title='bbox 3355 2422 3580 2479; x_wconf 86' lang='lat' dir='ltr'><strong>exstitit?</strong></span> <span class='ocrx_word' id='word_1_478' title='bbox 3605 2422 3728 2474; x_wconf 84' lang='lat' dir='ltr'><strong>Cura-</strong></span> 
     </span>
    </p>
   </div>
   <div class='ocr_carea' id='block_1_69' title="bbox 2210 2509 3735 2584">
    <p class='ocr_par' dir='ltr' id='par_1_69' title="bbox 2210 2509 3735 2584">
     <span class='ocr_line' id='line_1_69' title="bbox 2210 2509 3735 2584; baseline -0.003 -20"><span class='ocrx_word' id='word_1_479' title='bbox 2210 2509 2309 2564; x_wconf 91' lang='lat' dir='ltr'><strong>bat</strong></span> <span class='ocrx_word' id='word_1_480' title='bbox 2327 2515 2558 2566; x_wconf 83' lang='lat' dir='ltr'><strong>vexatos</strong></span> <span class='ocrx_word' id='word_1_481' title='bbox 2584 2529 2618 2566; x_wconf 92' lang='lat' dir='ltr'><strong>a</strong></span> <span class='ocrx_word' id='word_1_482' title='bbox 2647 2512 2936 2567; x_wconf 67' lang='lat' dir='ltr'><strong>diemonio</strong></span> <span class='ocrx_word' id='word_1_483' title='bbox 2971 2530 2984 2566; x_wconf 75' lang='grc' dir='ltr'>ε</span> <span class='ocrx_word' id='word_1_484' title='bbox 3018 2512 3231 2568; x_wconf 91' lang='lat' dir='ltr'><strong>illicitis</strong></span> <span class='ocrx_word' id='word_1_485' title='bbox 3261 2511 3735 2584; x_wconf 68' lang='lat' dir='ltr'><strong>cogitationibusas-</strong></span> 
     </span>
    </p>
   </div>
   <div class='ocr_carea' id='block_1_70' title="bbox 2209 2594 3740 2672">
    <p class='ocr_par' dir='ltr' id='par_1_70' title="bbox 2209 2594 3740 2672">
     <span class='ocr_line' id='line_1_70' title="bbox 2209 2594 3740 2672; baseline -0.003 -20"><span class='ocrx_word' id='word_1_486' title='bbox 2209 2602 2440 2653; x_wconf 90' lang='lat' dir='ltr'><strong>tuantes</strong></span> <span class='ocrx_word' id='word_1_487' title='bbox 2472 2600 2544 2653; x_wconf 88' lang='lat' dir='ltr'><strong>ab</strong></span> <span class='ocrx_word' id='word_1_488' title='bbox 2577 2616 2753 2672; x_wconf 89' lang='lat' dir='ltr'><strong>opere</strong></span> <span class='ocrx_word' id='word_1_489' title='bbox 2784 2601 2939 2655; x_wconf 90' lang='lat' dir='ltr'><strong>malo</strong></span> <span class='ocrx_word' id='word_1_490' title='bbox 2984 2601 3341 2664; x_wconf 83' lang='lat' dir='ltr'><strong>retrahebat,</strong></span> <span class='ocrx_word' id='word_1_491' title='bbox 3373 2601 3561 2656; x_wconf 91' lang='lat' dir='ltr'><strong>docens</strong></span> <span class='ocrx_word' id='word_1_492' title='bbox 3586 2613 3663 2652; x_wconf 85' lang='lat' dir='ltr'><strong>eos</strong></span> <span class='ocrx_word' id='word_1_493' title='bbox 3691 2594 3740 2648; x_wconf 87' lang='lat' dir='ltr'><strong>ad</strong></span> 
     </span>
    </p>
   </div>
   <div class='ocr_carea' id='block_1_71' title="bbox 2209 2686 3743 2762">
    <p class='ocr_par' dir='ltr' id='par_1_71' title="bbox 2209 2686 3743 2762">
     <span class='ocr_line' id='line_1_71' title="bbox 2209 2686 3743 2762; baseline -0.002 -21"><span class='ocrx_word' id='word_1_494' title='bbox 2209 2691 2438 2760; x_wconf 87' lang='lat' dir='ltr'><strong>petram</strong></span> <span class='ocrx_word' id='word_1_495' title='bbox 2471 2687 2759 2743; x_wconf 85' lang='lat' dir='ltr'><strong>Christum</strong></span> <span class='ocrx_word' id='word_1_496' title='bbox 2785 2689 3045 2744; x_wconf 89' lang='lat' dir='ltr'><strong>allidere.</strong></span> <span class='ocrx_word' id='word_1_497' title='bbox 3081 2691 3330 2744; x_wconf 85' lang='lat' dir='ltr'><strong>Noverat</strong></span> <span class='ocrx_word' id='word_1_498' title='bbox 3351 2706 3456 2762; x_wconf 90' lang='lat' dir='ltr'><strong>quo</strong></span> <span class='ocrx_word' id='word_1_499' title='bbox 3477 2686 3743 2760; x_wconf 84' lang='lat' dir='ltr'><strong>quisquela-</strong></span> 
     </span>
    </p>
   </div>
   <div class='ocr_carea' id='block_1_72' title="bbox 2212 2772 3742 2849">
    <p class='ocr_par' dir='ltr' id='par_1_72' title="bbox 2212 2772 3742 2849">
     <span class='ocr_line' id='line_1_72' title="bbox 2212 2772 3742 2849; baseline -0.005 -17"><span class='ocrx_word' id='word_1_500' title='bbox 2212 2777 2446 2832; x_wconf 89' lang='lat' dir='ltr'><strong>boraret</strong></span> <span class='ocrx_word' id='word_1_501' title='bbox 2473 2777 2700 2844; x_wconf 91' lang='lat' dir='ltr'><strong>morbo,</strong></span> <span class='ocrx_word' id='word_1_502' title='bbox 2730 2780 2808 2843; x_wconf 92' lang='lat' dir='ltr'><strong>et,</strong></span> <span class='ocrx_word' id='word_1_503' title='bbox 2835 2794 2904 2831; x_wconf 86' lang='lat' dir='ltr'><strong>ex</strong></span> <span class='ocrx_word' id='word_1_504' title='bbox 2929 2777 3058 2833; x_wconf 65' lang='lat' dir='ltr'><strong>vitae</strong></span> <span class='ocrx_word' id='word_1_505' title='bbox 3087 2779 3314 2834; x_wconf 90' lang='lat' dir='ltr'><strong>meritis</strong></span> <span class='ocrx_word' id='word_1_506' title='bbox 3340 2779 3574 2849; x_wconf 85' lang='lat' dir='ltr'><strong>singulos</strong></span> <span class='ocrx_word' id='word_1_507' title='bbox 3609 2772 3742 2827; x_wconf 82' lang='lat' dir='ltr'><strong>existi-</strong></span> 
     </span>
    </p>
   </div>
   <div class='ocr_carea' id='block_1_73' title="bbox 2212 2862 3743 2936">
    <p class='ocr_par' dir='ltr' id='par_1_73' title="bbox 2212 2862 3743 2936">
     <span class='ocr_line' id='line_1_73' title="bbox 2212 2862 3743 2936; baseline -0.003 -18"><span class='ocrx_word' id='word_1_508' title='bbox 2212 2881 2399 2933; x_wconf 89' lang='lat' dir='ltr'><strong>mans,</strong></span> <span class='ocrx_word' id='word_1_509' title='bbox 2432 2881 2537 2936; x_wconf 90' lang='lat' dir='ltr'><strong>pro</strong></span> <span class='ocrx_word' id='word_1_510' title='bbox 2570 2865 2794 2919; x_wconf 91' lang='lat' dir='ltr'><strong>ratione</strong></span> <span class='ocrx_word' id='word_1_511' title='bbox 2819 2867 3160 2921; x_wconf 88' lang='lat' dir='ltr'><strong>morborum</strong></span> <span class='ocrx_word' id='word_1_512' title='bbox 3193 2862 3743 2935; x_wconf 86' lang='lat' dir='ltr'><strong>adhibebatrepreheu-</strong></span> 
     </span>
    </p>
   </div>
   <div class='ocr_carea' id='block_1_74' title="bbox 2211 2951 3739 3011">
    <p class='ocr_par' dir='ltr' id='par_1_74' title="bbox 2211 2951 3739 3011">
     <span class='ocr_line' id='line_1_74' title="bbox 2211 2951 3739 3011; baseline -0.004 -4"><span class='ocrx_word' id='word_1_513' title='bbox 2211 2953 2420 3008; x_wconf 90' lang='lat' dir='ltr'><strong>siones.</strong></span> <span class='ocrx_word' id='word_1_514' title='bbox 2442 2955 2668 3008; x_wconf 90' lang='lat' dir='ltr'><strong>Interea</strong></span> <span class='ocrx_word' id='word_1_515' title='bbox 2689 2955 2987 3009; x_wconf 90' lang='lat' dir='ltr'><strong>crescebat</strong></span> <span class='ocrx_word' id='word_1_516' title='bbox 3021 2957 3100 3009; x_wconf 92' lang='lat' dir='ltr'><strong>illi</strong></span> <span class='ocrx_word' id='word_1_517' title='bbox 3123 2956 3306 3011; x_wconf 91' lang='lat' dir='ltr'><strong>divini</strong></span> <span class='ocrx_word' id='word_1_518' title='bbox 3331 2955 3532 3010; x_wconf 88' lang='lat' dir='ltr'><strong>amoris</strong></span> <span class='ocrx_word' id='word_1_519' title='bbox 3551 2951 3739 3005; x_wconf 87' lang='lat' dir='ltr'><strong>studium</strong></span> 
     </span>
    </p>
   </div>
   <div class='ocr_carea' id='block_1_75' title="bbox 2211 3037 3740 3114">
    <p class='ocr_par' dir='ltr' id='par_1_75' title="bbox 2211 3037 3740 3114">
     <span class='ocr_line' id='line_1_75' title="bbox 2211 3037 3740 3114; baseline -0.005 -18"><span class='ocrx_word' id='word_1_520' title='bbox 2211 3044 2269 3096; x_wconf 92' lang='lat' dir='ltr'><strong>et</strong></span> <span class='ocrx_word' id='word_1_521' title='bbox 2292 3042 2485 3108; x_wconf 92' lang='lat' dir='ltr'><strong>ardor,</strong></span> <span class='ocrx_word' id='word_1_522' title='bbox 2513 3042 2962 3114; x_wconf 71' lang='lat' dir='ltr'><strong>monasticzeque</strong></span> <span class='ocrx_word' id='word_1_523' title='bbox 2995 3043 3314 3114; x_wconf 73' lang='lat' dir='ltr'><strong>disciplinae</strong></span> <span class='ocrx_word' id='word_1_524' title='bbox 3345 3044 3494 3114; x_wconf 89' lang='lat' dir='ltr'><strong>rigor</strong></span> <span class='ocrx_word' id='word_1_525' title='bbox 3523 3037 3740 3094; x_wconf 76' lang='lat' dir='ltr'><strong>inflexibi-</strong></span> 
     </span>
    </p>
   </div>
   <div class='ocr_carea' id='block_1_76' title="bbox 2212 3125 3747 3204">
    <p class='ocr_par' dir='ltr' id='par_1_76' title="bbox 2212 3125 3747 3204">
     <span class='ocr_line' id='line_1_76' title="bbox 2212 3125 3747 3204; baseline -0.006 -20"><span class='ocrx_word' id='word_1_526' title='bbox 2212 3131 2296 3184; x_wconf 84' lang='lat' dir='ltr'><strong>lis.</strong></span> <span class='ocrx_word' id='word_1_527' title='bbox 2325 3131 2510 3194; x_wconf 88' lang='lat' dir='ltr'><strong>Quam</strong></span> <span class='ocrx_word' id='word_1_528' title='bbox 2543 3149 2674 3186; x_wconf 89' lang='lat' dir='ltr'><strong>vero</strong></span> <span class='ocrx_word' id='word_1_529' title='bbox 2708 3133 2765 3186; x_wconf 91' lang='lat' dir='ltr'><strong>in</strong></span> <span class='ocrx_word' id='word_1_530' title='bbox 2799 3132 3020 3186; x_wconf 70' lang='lat' dir='ltr'><strong>caeteris</strong></span> <span class='ocrx_word' id='word_1_531' title='bbox 3043 3137 3168 3204; x_wconf 85' lang='lat' dir='ltr'><strong>ejus</strong></span> <span class='ocrx_word' id='word_1_532' title='bbox 3203 3130 3525 3187; x_wconf 84' lang='lat' dir='ltr'><strong>monasterii</strong></span> <span class='ocrx_word' id='word_1_533' title='bbox 3555 3125 3747 3183; x_wconf 79' lang='lat' dir='ltr'><strong>officinis</strong></span> 
     </span>
    </p>
   </div>
   <div class='ocr_carea' id='block_1_77' title="bbox 2212 3213 3748 3291">
    <p class='ocr_par' dir='ltr' id='par_1_77' title="bbox 2212 3213 3748 3291">
     <span class='ocr_line' id='line_1_77' title="bbox 2212 3213 3748 3291; baseline -0.007 -17"><span class='ocrx_word' id='word_1_534' title='bbox 2212 3219 2402 3274; x_wconf 91' lang='lat' dir='ltr'><strong>omnis</strong></span> <span class='ocrx_word' id='word_1_535' title='bbox 2423 3219 2594 3274; x_wconf 84' lang='lat' dir='ltr'><strong>fuerit</strong></span> <span class='ocrx_word' id='word_1_536' title='bbox 2619 3220 2894 3291; x_wconf 88' lang='lat' dir='ltr'><strong>peccandi</strong></span> <span class='ocrx_word' id='word_1_537' title='bbox 2928 3220 3246 3276; x_wconf 87' lang='lat' dir='ltr'><strong>interdicta</strong></span> <span class='ocrx_word' id='word_1_538' title='bbox 3265 3221 3516 3286; x_wconf 84' lang='lat' dir='ltr'><strong>facultas,</strong></span> <span class='ocrx_word' id='word_1_539' title='bbox 3543 3215 3670 3271; x_wconf 85' lang='lat' dir='ltr'><strong>testis</strong></span> <span class='ocrx_word' id='word_1_540' title='bbox 3692 3213 3748 3266; x_wconf 83' lang='lat' dir='ltr'><strong>est</strong></span> 
     </span>
    </p>
   </div>
   <div class='ocr_carea' id='block_1_78' title="bbox 2211 3305 3748 3376">
    <p class='ocr_par' dir='ltr' id='par_1_78' title="bbox 2211 3305 3748 3376">
     <span class='ocr_line' id='line_1_78' title="bbox 2211 3305 3748 3376; baseline -0.007 -14"><span class='ocrx_word' id='word_1_541' title='bbox 2211 3309 2299 3362; x_wconf 89' lang='lat' dir='ltr'><strong>vel</strong></span> <span class='ocrx_word' id='word_1_542' title='bbox 2330 3310 2481 3362; x_wconf 91' lang='lat' dir='ltr'><strong>solus</strong></span> <span class='ocrx_word' id='word_1_543' title='bbox 2524 3308 2853 3364; x_wconf 89' lang='lat' dir='ltr'><strong>dormitorii</strong></span> <span class='ocrx_word' id='word_1_544' title='bbox 2907 3309 3104 3376; x_wconf 92' lang='lat' dir='ltr'><strong>locus;</strong></span> <span class='ocrx_word' id='word_1_545' title='bbox 3155 3310 3320 3364; x_wconf 87' lang='lat' dir='ltr'><strong>testis</strong></span> <span class='ocrx_word' id='word_1_546' title='bbox 3370 3311 3452 3363; x_wconf 92' lang='lat' dir='ltr'><strong>est</strong></span> <span class='ocrx_word' id='word_1_547' title='bbox 3492 3311 3542 3361; x_wconf 90' lang='lat' dir='ltr'><strong>et</strong></span> <span class='ocrx_word' id='word_1_548' title='bbox 3581 3305 3748 3359; x_wconf 85' lang='lat' dir='ltr'><strong>sanctus</strong></span> 
     </span>
    </p>
   </div>
   <div class='ocr_carea' id='block_1_79' title="bbox 2212 3393 3748 3468">
    <p class='ocr_par' dir='ltr' id='par_1_79' title="bbox 2212 3393 3748 3468">
     <span class='ocr_line' id='line_1_79' title="bbox 2212 3393 3748 3468; baseline -0.005 -18"><span class='ocrx_word' id='word_1_549' title='bbox 2212 3397 2572 3464; x_wconf 88' lang='lat' dir='ltr'><strong>Lamberlus,</strong></span> <span class='ocrx_word' id='word_1_550' title='bbox 2603 3397 2722 3468; x_wconf 90' lang='lat' dir='ltr'><strong>qui,</strong></span> <span class='ocrx_word' id='word_1_551' title='bbox 2758 3414 2789 3451; x_wconf 94' lang='lat' dir='ltr'><strong>e</strong></span> <span class='ocrx_word' id='word_1_552' title='bbox 2817 3414 2920 3452; x_wconf 88' lang='lat' dir='ltr'><strong>sua</strong></span> <span class='ocrx_word' id='word_1_553' title='bbox 2951 3399 3146 3468; x_wconf 90' lang='lat' dir='ltr'><strong>pulsus</strong></span> <span class='ocrx_word' id='word_1_554' title='bbox 3173 3399 3338 3466; x_wconf 90' lang='lat' dir='ltr'><strong>sede,</strong></span> <span class='ocrx_word' id='word_1_555' title='bbox 3367 3414 3432 3452; x_wconf 91' lang='lat' dir='ltr'><strong>eo</strong></span> <span class='ocrx_word' id='word_1_556' title='bbox 3461 3393 3748 3468; x_wconf 87' lang='lat' dir='ltr'><strong>potissimum</strong></span> 
     </span>
    </p>
   </div>
   <div class='ocr_carea' id='block_1_80' title="bbox 2211 3479 3747 3557">
    <p class='ocr_par' dir='ltr' id='par_1_80' title="bbox 2211 3479 3747 3557">
     <span class='ocr_line' id='line_1_80' title="bbox 2211 3479 3747 3557; baseline -0.007 -18"><span class='ocrx_word' id='word_1_557' title='bbox 2211 3485 2492 3557; x_wconf 85' lang='lat' dir='ltr'><strong>confugit,</strong></span> <span class='ocrx_word' id='word_1_558' title='bbox 2524 3486 2678 3556; x_wconf 90' lang='lat' dir='ltr'><strong>quod</strong></span> <span class='ocrx_word' id='word_1_559' title='bbox 2710 3502 2827 3540; x_wconf 90' lang='lat' dir='ltr'><strong>non</strong></span> <span class='ocrx_word' id='word_1_560' title='bbox 2857 3490 3005 3540; x_wconf 76' lang='lat' dir='ltr'><strong>esset</strong></span> <span class='ocrx_word' id='word_1_561' title='bbox 3035 3486 3264 3542; x_wconf 87' lang='lat' dir='ltr'><strong>nescius</strong></span> <span class='ocrx_word' id='word_1_562' title='bbox 3289 3486 3400 3540; x_wconf 88' lang='lat' dir='ltr'><strong>illic</strong></span> <span class='ocrx_word' id='word_1_563' title='bbox 3445 3485 3525 3539; x_wconf 89' lang='lat' dir='ltr'><strong>vel</strong></span> <span class='ocrx_word' id='word_1_564' title='bbox 3560 3479 3747 3536; x_wconf 78' lang='lat' dir='ltr'><strong>maxime</strong></span> 
     </span>
    </p>
   </div>
   <div class='ocr_carea' id='block_1_81' title="bbox 2210 3567 3747 3645">
    <p class='ocr_par' dir='ltr' id='par_1_81' title="bbox 2210 3567 3747 3645">
     <span class='ocr_line' id='line_1_81' title="bbox 2210 3567 3747 3645; baseline -0.007 -17"><span class='ocrx_word' id='word_1_565' title='bbox 2210 3576 2421 3630; x_wconf 80' lang='lat' dir='ltr'><strong>sanctae</strong></span> <span class='ocrx_word' id='word_1_566' title='bbox 2453 3574 2753 3644; x_wconf 89' lang='lat' dir='ltr'><strong>religionis</strong></span> <span class='ocrx_word' id='word_1_567' title='bbox 2785 3575 2978 3645; x_wconf 88' lang='lat' dir='ltr'><strong>vigere</strong></span> <span class='ocrx_word' id='word_1_568' title='bbox 3005 3576 3228 3630; x_wconf 88' lang='lat' dir='ltr'><strong>cultum</strong></span> <span class='ocrx_word' id='word_1_569' title='bbox 3255 3593 3268 3644; x_wconf 89' lang='lat'><strong>;</strong></span> <span class='ocrx_word' id='word_1_570' title='bbox 3302 3573 3456 3630; x_wconf 89' lang='lat' dir='ltr'><strong>testis</strong></span> <span class='ocrx_word' id='word_1_571' title='bbox 3479 3585 3671 3645; x_wconf 88' lang='lat' dir='ltr'><strong>quoque</strong></span> <span class='ocrx_word' id='word_1_572' title='bbox 3693 3567 3747 3620; x_wconf 85' lang='lat' dir='ltr'><strong>est</strong></span> 
     </span>
    </p>
   </div>
   <div class='ocr_carea' id='block_1_82' title="bbox 2209 3653 3746 3736">
    <p class='ocr_par' dir='ltr' id='par_1_82' title="bbox 2209 3653 3746 3736">
     <span class='ocr_line' id='line_1_82' title="bbox 2209 3653 3746 3736; baseline -0.005 -20"><span class='ocrx_word' id='word_1_573' title='bbox 2209 3680 2347 3717; x_wconf 86' lang='lat' dir='ltr'><strong>crux</strong></span> <span class='ocrx_word' id='word_1_574' title='bbox 2376 3662 2626 3734; x_wconf 90' lang='lat' dir='ltr'><strong>lapidea,</strong></span> <span class='ocrx_word' id='word_1_575' title='bbox 2655 3663 2728 3718; x_wconf 92' lang='lat' dir='ltr'><strong>ad</strong></span> <span class='ocrx_word' id='word_1_576' title='bbox 2748 3680 2923 3735; x_wconf 88' lang='lat' dir='ltr'><strong>quam</strong></span> <span class='ocrx_word' id='word_1_577' title='bbox 2940 3665 3012 3719; x_wconf 92' lang='lat' dir='ltr'><strong>ob</strong></span> <span class='ocrx_word' id='word_1_578' title='bbox 3040 3653 3746 3736; x_wconf 81' lang='lat' dir='ltr'><strong>strepitumlabentiscalcei,</strong></span> 
     </span>
    </p>
   </div>
   <div class='ocr_carea' id='block_1_83' title="bbox 2209 3746 3744 3825">
    <p class='ocr_par' dir='ltr' id='par_1_83' title="bbox 2209 3746 3744 3825">
     <span class='ocr_line' id='line_1_83' title="bbox 2209 3746 3744 3825; baseline -0.008 -18"><span class='ocrx_word' id='word_1_579' title='bbox 2209 3769 2322 3824; x_wconf 91' lang='lat' dir='ltr'><strong>quo</strong></span> <span class='ocrx_word' id='word_1_580' title='bbox 2352 3752 2600 3806; x_wconf 86' lang='lat' dir='ltr'><strong>fratrum</strong></span> <span class='ocrx_word' id='word_1_581' title='bbox 2634 3751 2797 3823; x_wconf 88' lang='lat' dir='ltr'><strong>quies</strong></span> <span class='ocrx_word' id='word_1_582' title='bbox 2821 3752 2930 3806; x_wconf 88' lang='lat' dir='ltr'><strong>fuit</strong></span> <span class='ocrx_word' id='word_1_583' title='bbox 2962 3752 3314 3825; x_wconf 89' lang='lat' dir='ltr'><strong>interrupta,</strong></span> <span class='ocrx_word' id='word_1_584' title='bbox 3334 3754 3415 3807; x_wconf 90' lang='lat' dir='ltr'><strong>ire</strong></span> <span class='ocrx_word' id='word_1_585' title='bbox 3433 3753 3607 3822; x_wconf 85' lang='lat' dir='ltr'><strong>jussus</strong></span> <span class='ocrx_word' id='word_1_586' title='bbox 3627 3746 3744 3800; x_wconf 79' lang='lat' dir='ltr'><strong>nocte</strong></span> 
     </span>
    </p>
   </div>
   <div class='ocr_carea' id='block_1_84' title="bbox 2209 3832 3742 3912">
    <p class='ocr_par' dir='ltr' id='par_1_84' title="bbox 2209 3832 3742 3912">
     <span class='ocr_line' id='line_1_84' title="bbox 2209 3832 3742 3912; baseline -0.005 -18"><span class='ocrx_word' id='word_1_587' title='bbox 2209 3840 2421 3908; x_wconf 88' lang='lat' dir='ltr'><strong>media,</strong></span> <span class='ocrx_word' id='word_1_588' title='bbox 2456 3857 2635 3912; x_wconf 90' lang='lat' dir='ltr'><strong>usque</strong></span> <span class='ocrx_word' id='word_1_589' title='bbox 2666 3841 2725 3894; x_wconf 91' lang='lat' dir='ltr'><strong>in</strong></span> <span class='ocrx_word' id='word_1_590' title='bbox 2758 3843 3163 3912; x_wconf 88' lang='lat' dir='ltr'><strong>crepusculum</strong></span> <span class='ocrx_word' id='word_1_591' title='bbox 3198 3844 3304 3898; x_wconf 91' lang='lat' dir='ltr'><strong>sub</strong></span> <span class='ocrx_word' id='word_1_592' title='bbox 3337 3843 3431 3897; x_wconf 89' lang='lat' dir='ltr'><strong>illa</strong></span> <span class='ocrx_word' id='word_1_593' title='bbox 3460 3840 3617 3905; x_wconf 85' lang='lat' dir='ltr'><strong>stetit,</strong></span> <span class='ocrx_word' id='word_1_594' title='bbox 3641 3832 3742 3907; x_wconf 85' lang='lat' dir='ltr'><strong>psal-</strong></span> 
     </span>
    </p>
   </div>
   <div class='ocr_carea' id='block_1_85' title="bbox 2205 3929 3742 4005">
    <p class='ocr_par' dir='ltr' id='par_1_85' title="bbox 2205 3929 3742 4005">
     <span class='ocr_line' id='line_1_85' title="bbox 2205 3929 3742 4005; baseline -0.007 -21"><span class='ocrx_word' id='word_1_595' title='bbox 2205 3930 2527 4002; x_wconf 71' lang='lat' dir='ltr'><strong>modiieque</strong></span> <span class='ocrx_word' id='word_1_596' title='bbox 2553 3933 2610 3984; x_wconf 92' lang='lat' dir='ltr'><strong>et</strong></span> <span class='ocrx_word' id='word_1_597' title='bbox 2642 3930 2922 4001; x_wconf 86' lang='lat' dir='ltr'><strong>praecibus</strong></span> <span class='ocrx_word' id='word_1_598' title='bbox 2971 3947 3202 3998; x_wconf 89' lang='lat' dir='ltr'><strong>vacans,</strong></span> <span class='ocrx_word' id='word_1_599' title='bbox 3241 3936 3415 4005; x_wconf 91' lang='lat' dir='ltr'><strong>atque</strong></span> <span class='ocrx_word' id='word_1_600' title='bbox 3465 3929 3626 4000; x_wconf 86' lang='lat' dir='ltr'><strong>frigus</strong></span> <span class='ocrx_word' id='word_1_601' title='bbox 3649 3937 3742 3977; x_wconf 83' lang='lat' dir='ltr'><strong>con-</strong></span> 
     </span>
    </p>
   </div>
   <div class='ocr_carea' id='block_1_86' title="bbox 2207 4011 3744 4086">
    <p class='ocr_par' dir='ltr' id='par_1_86' title="bbox 2207 4011 3744 4086">
     <span class='ocr_line' id='line_1_86' title="bbox 2207 4011 3744 4086; baseline -0.007 -13"><span class='ocrx_word' id='word_1_602' title='bbox 2207 4022 2494 4085; x_wconf 91' lang='lat' dir='ltr'><strong>temnens,</strong></span> <span class='ocrx_word' id='word_1_603' title='bbox 2528 4021 2586 4072; x_wconf 91' lang='lat' dir='ltr'><strong>et</strong></span> <span class='ocrx_word' id='word_1_604' title='bbox 2616 4017 2772 4073; x_wconf 90' lang='lat' dir='ltr'><strong>nives</strong></span> <span class='ocrx_word' id='word_1_605' title='bbox 2797 4020 3043 4086; x_wconf 90' lang='lat' dir='ltr'><strong>calcans,</strong></span> <span class='ocrx_word' id='word_1_606' title='bbox 3067 4021 3394 4076; x_wconf 89' lang='lat' dir='ltr'><strong>sanctitatis</strong></span> <span class='ocrx_word' id='word_1_607' title='bbox 3422 4036 3530 4075; x_wconf 68' lang='lat' dir='ltr'><strong>suae</strong></span> <span class='ocrx_word' id='word_1_608' title='bbox 3550 4011 3744 4072; x_wconf 86' lang='lat' dir='ltr'><strong>certain-</strong></span> 
     </span>
    </p>
   </div>
   <div class='ocr_carea' id='block_1_87' title="bbox 2207 4104 3106 4162">
    <p class='ocr_par' dir='ltr' id='par_1_87' title="bbox 2207 4104 3106 4162">
     <span class='ocr_line' id='line_1_87' title="bbox 2207 4104 3106 4162; baseline 0.001 -1"><span class='ocrx_word' id='word_1_609' title='bbox 2207 4105 2354 4161; x_wconf 90' lang='lat' dir='ltr'><strong>dicia</strong></span> <span class='ocrx_word' id='word_1_610' title='bbox 2379 4104 2555 4160; x_wconf 91' lang='lat' dir='ltr'><strong>dedit.</strong></span> <span class='ocrx_word' id='word_1_611' title='bbox 2587 4106 2700 4162; x_wconf 91' lang='lat' dir='ltr'><strong>Sed</strong></span> <span class='ocrx_word' id='word_1_612' title='bbox 2732 4107 2803 4162; x_wconf 92' lang='lat' dir='ltr'><strong>de</strong></span> <span class='ocrx_word' id='word_1_613' title='bbox 2832 4107 2921 4162; x_wconf 90' lang='lat' dir='ltr'><strong>his</strong></span> <span class='ocrx_word' id='word_1_614' title='bbox 2947 4107 3106 4162; x_wconf 88' lang='lat' dir='ltr'><strong>alias.</strong></span> 
     </span>
    </p>
   </div>
   <div class='ocr_carea' id='block_1_88' title="bbox 2274 4195 3745 4270">
    <p class='ocr_par' dir='ltr' id='par_1_88' title="bbox 2274 4195 3745 4270">
     <span class='ocr_line' id='line_1_88' title="bbox 2274 4195 3745 4270; baseline -0.008 -20"><span class='ocrx_word' id='word_1_615' title='bbox 2274 4195 2376 4250; x_wconf 81' lang='lat' dir='ltr'><strong>XX.</strong></span> <span class='ocrx_word' id='word_1_616' title='bbox 2421 4196 2598 4250; x_wconf 89' lang='lat' dir='ltr'><strong>Porro</strong></span> <span class='ocrx_word' id='word_1_617' title='bbox 2645 4199 2841 4251; x_wconf 87' lang='lat' dir='ltr'><strong>autem</strong></span> <span class='ocrx_word' id='word_1_618' title='bbox 2904 4199 3199 4253; x_wconf 90' lang='lat' dir='ltr'><strong>crescente</strong></span> <span class='ocrx_word' id='word_1_619' title='bbox 3253 4198 3528 4270; x_wconf 90' lang='lat' dir='ltr'><strong>religione</strong></span> <span class='ocrx_word' id='word_1_620' title='bbox 3575 4201 3745 4247; x_wconf 78' lang='lat' dir='ltr'><strong>crevere</strong></span> 
     </span>
    </p>
   </div>
   <div class='ocr_carea' id='block_1_89' title="bbox 2205 4277 3746 4357">
    <p class='ocr_par' dir='ltr' id='par_1_89' title="bbox 2205 4277 3746 4357">
     <span class='ocr_line' id='line_1_89' title="bbox 2205 4277 3746 4357; baseline -0.005 -19"><span class='ocrx_word' id='word_1_621' title='bbox 2205 4283 2382 4338; x_wconf 90' lang='lat' dir='ltr'><strong>etiam</strong></span> <span class='ocrx_word' id='word_1_622' title='bbox 2401 4283 2828 4339; x_wconf 67' lang='lat' dir='ltr'><strong>Ecclesiteillius</strong></span> <span class='ocrx_word' id='word_1_623' title='bbox 2848 4287 3180 4357; x_wconf 87' lang='lat' dir='ltr'><strong>proventus.</strong></span> <span class='ocrx_word' id='word_1_624' title='bbox 3215 4286 3324 4341; x_wconf 90' lang='lat' dir='ltr'><strong>Ubi</strong></span> <span class='ocrx_word' id='word_1_625' title='bbox 3357 4286 3508 4340; x_wconf 89' lang='lat' dir='ltr'><strong>enim</strong></span> <span class='ocrx_word' id='word_1_626' title='bbox 3531 4299 3612 4336; x_wconf 79' lang='lat' dir='ltr'><strong>rex</strong></span> <span class='ocrx_word' id='word_1_627' title='bbox 3635 4277 3746 4346; x_wconf 61' lang='lat' dir='ltr'><strong>Sige</strong></span> 
     </span>
    </p>
   </div>
   <div class='ocr_carea' id='block_1_90' title="bbox 501 4349 3748 4444">
    <p class='ocr_par' dir='ltr' id='par_1_90' title="bbox 501 4349 3748 4444">
     <span class='ocr_line' id='line_1_90' title="bbox 501 4349 3748 4444; baseline -0.004 -16"><span class='ocrx_word' id='word_1_628' title='bbox 501 4391 586 4441; x_wconf 90' lang='lat' dir='ltr'><strong>re,</strong></span> <span class='ocrx_word' id='word_1_629' title='bbox 611 4373 681 4428; x_wconf 91' lang='lat' dir='ltr'><strong>de</strong></span> <span class='ocrx_word' id='word_1_630' title='bbox 709 4372 820 4427; x_wconf 91' lang='lat' dir='ltr'><strong>illic</strong></span> <span class='ocrx_word' id='word_1_631' title='bbox 841 4349 1224 4426; x_wconf 66' lang='lat' dir='ltr'><strong>instituendis</strong></span> <span class='ocrx_word' id='word_1_632' title='bbox 1253 4369 1411 4422; x_wconf 89' lang='lat' dir='ltr'><strong>lucra</strong></span> <span class='ocrx_word' id='word_1_633' title='bbox 1460 4368 1784 4434; x_wconf 90' lang='lat' dir='ltr'><strong>cumulare,</strong></span> <span class='ocrx_word' id='word_1_634' title='bbox 1817 4349 1875 4421; x_wconf 90' lang='lat' dir='ltr'><strong>et</strong></span> <span class='ocrx_word' id='word_1_635' title='bbox 1903 4370 2103 4422; x_wconf 67' lang='lat' dir='ltr'><strong>vestrae</strong></span> <span class='ocrx_word' id='word_1_636' title='bbox 2131 4349 2182 4408; x_wconf 83' lang='grc' dir='ltr'>Ῑ)</span> <span class='ocrx_word' id='word_1_637' title='bbox 2204 4373 2400 4428; x_wconf 77' lang='lat' dir='ltr'><strong>bertus</strong></span> <span class='ocrx_word' id='word_1_638' title='bbox 2430 4389 2564 4428; x_wconf 86' lang='lat' dir='ltr'><strong>eum</strong></span> <span class='ocrx_word' id='word_1_639' title='bbox 2583 4371 2800 4427; x_wconf 77' lang='lat' dir='ltr'><strong>audivit</strong></span> <span class='ocrx_word' id='word_1_640' title='bbox 2823 4349 3069 4428; x_wconf 63' lang='lat' dir='ltr'><strong>fratrum</strong></span> <span class='ocrx_word' id='word_1_641' title='bbox 3108 4374 3403 4430; x_wconf 74' lang='lat' dir='ltr'><strong>fervorem</strong></span> <span class='ocrx_word' id='word_1_642' title='bbox 3443 4389 3571 4444; x_wconf 70' lang='lat' dir='ltr'><strong>erga</strong></span> <span class='ocrx_word' id='word_1_643' title='bbox 3593 4362 3748 4424; x_wconf 83' lang='lat' dir='ltr'><strong>Christi</strong></span> 
     </span>
    </p>
   </div>
   <div class='ocr_carea' id='block_1_91' title="bbox 500 4455 2100 4530">
    <p class='ocr_par' dir='ltr' id='par_1_91' title="bbox 500 4455 2100 4530">
     <span class='ocr_line' id='line_1_91' title="bbox 500 4455 2100 4530; baseline -0.006 -13"><span class='ocrx_word' id='word_1_644' title='bbox 500 4461 824 4518; x_wconf 87' lang='lat' dir='ltr'><strong>salutimeis</strong></span> <span class='ocrx_word' id='word_1_645' title='bbox 838 4458 1098 4530; x_wconf 91' lang='lat' dir='ltr'><strong>precibus</strong></span> <span class='ocrx_word' id='word_1_646' title='bbox 1118 4456 1334 4530; x_wconf 89' lang='lat' dir='ltr'><strong>aliquid</strong></span> <span class='ocrx_word' id='word_1_647' title='bbox 1347 4455 1606 4511; x_wconf 91' lang='lat' dir='ltr'><strong>utilitatis</strong></span> <span class='ocrx_word' id='word_1_648' title='bbox 1623 4456 1850 4512; x_wconf 87' lang='lat' dir='ltr'><strong>adferre</strong></span> <span class='ocrx_word' id='word_1_649' title='bbox 1870 4455 2100 4528; x_wconf 83' lang='lat' dir='ltr'><strong>queam!</strong></span> 
     </span>
    </p>
   </div>
   <div class='ocr_carea' id='block_1_92' title="bbox 500 4543 2105 4616">
    <p class='ocr_par' dir='ltr' id='par_1_92' title="bbox 500 4543 2105 4616">
     <span class='ocr_line' id='line_1_92' title="bbox 500 4543 2105 4616; baseline -0.005 -10"><span class='ocrx_word' id='word_1_650' title='bbox 500 4553 581 4606; x_wconf 89' lang='lat' dir='ltr'><strong>lta</strong></span> <span class='ocrx_word' id='word_1_651' title='bbox 603 4551 804 4606; x_wconf 91' lang='lat' dir='ltr'><strong>beatus</strong></span> <span class='ocrx_word' id='word_1_652' title='bbox 833 4547 1136 4602; x_wconf 83' lang='lat' dir='ltr'><strong>Remaclus</strong></span> <span class='ocrx_word' id='word_1_653' title='bbox 1151 4545 1379 4600; x_wconf 91' lang='lat' dir='ltr'><strong>dolores</strong></span> <span class='ocrx_word' id='word_1_654' title='bbox 1393 4561 1628 4600; x_wconf 90' lang='lat' dir='ltr'><strong>suorum</strong></span> <span class='ocrx_word' id='word_1_655' title='bbox 1657 4543 1874 4612; x_wconf 89' lang='lat' dir='ltr'><strong>lenivit,</strong></span> <span class='ocrx_word' id='word_1_656' title='bbox 1891 4547 1949 4598; x_wconf 89' lang='lat' dir='ltr'><strong>et</strong></span> <span class='ocrx_word' id='word_1_657' title='bbox 1963 4561 2105 4616; x_wconf 90' lang='lat' dir='ltr'><strong>que-</strong></span> 
     </span>
    </p>
   </div>
   <div class='ocr_carea' id='block_1_93' title="bbox 497 4634 2099 4708">
    <p class='ocr_par' dir='ltr' id='par_1_93' title="bbox 497 4634 2099 4708">
     <span class='ocr_line' id='line_1_93' title="bbox 497 4634 2099 4708; baseline -0.004 -12"><span class='ocrx_word' id='word_1_658' title='bbox 497 4639 778 4696; x_wconf 89' lang='lat' dir='ltr'><strong>rimonias</strong></span> <span class='ocrx_word' id='word_1_659' title='bbox 805 4635 1043 4708; x_wconf 84' lang='lat' dir='ltr'><strong>sedavit,</strong></span> <span class='ocrx_word' id='word_1_660' title='bbox 1076 4652 1140 4690; x_wconf 90' lang='lat' dir='ltr'><strong>ac</strong></span> <span class='ocrx_word' id='word_1_661' title='bbox 1181 4634 1390 4690; x_wconf 89' lang='lat' dir='ltr'><strong>deinde</strong></span> <span class='ocrx_word' id='word_1_662' title='bbox 1421 4651 1521 4689; x_wconf 92' lang='lat' dir='ltr'><strong>suo</strong></span> <span class='ocrx_word' id='word_1_663' title='bbox 1580 4635 1829 4706; x_wconf 83' lang='lat' dir='ltr'><strong>perrexit</strong></span> <span class='ocrx_word' id='word_1_664' title='bbox 1872 4634 2099 4690; x_wconf 89' lang='lat' dir='ltr'><strong>itinere.</strong></span> 
     </span>
    </p>
   </div>
   <div class='ocr_carea' id='block_1_94' title="bbox 567 4723 2102 4798">
    <p class='ocr_par' dir='ltr' id='par_1_94' title="bbox 567 4723 2102 4798">
     <span class='ocr_line' id='line_1_94' title="bbox 567 4723 2102 4798; baseline -0.003 -14"><span class='ocrx_word' id='word_1_665' title='bbox 567 4730 750 4784; x_wconf 84' lang='lat' dir='ltr'><strong>XVIII.</strong></span> <span class='ocrx_word' id='word_1_666' title='bbox 769 4730 1079 4798; x_wconf 88' lang='lat' dir='ltr'><strong>Postquam</strong></span> <span class='ocrx_word' id='word_1_667' title='bbox 1099 4727 1295 4779; x_wconf 89' lang='lat' dir='ltr'><strong>autem</strong></span> <span class='ocrx_word' id='word_1_668' title='bbox 1313 4739 1382 4778; x_wconf 90' lang='lat' dir='ltr'><strong>ea</strong></span> <span class='ocrx_word' id='word_1_669' title='bbox 1394 4741 1483 4778; x_wconf 78' lang='lat' dir='ltr'><strong>res</strong></span> <span class='ocrx_word' id='word_1_670' title='bbox 1503 4723 1757 4779; x_wconf 90' lang='lat' dir='ltr'><strong>innotuit</strong></span> <span class='ocrx_word' id='word_1_671' title='bbox 1779 4727 1901 4778; x_wconf 91' lang='lat' dir='ltr'><strong>tum</strong></span> <span class='ocrx_word' id='word_1_672' title='bbox 1922 4740 2102 4798; x_wconf 84' lang='lat' dir='ltr'><strong>prepe</strong></span> 
     </span>
    </p>
   </div>
   <div class='ocr_carea' id='block_1_95' title="bbox 497 4811 2100 4891">
    <p class='ocr_par' dir='ltr' id='par_1_95' title="bbox 497 4811 2100 4891">
     <span class='ocr_line' id='line_1_95' title="bbox 497 4811 2100 4891; baseline -0.005 -16"><span class='ocrx_word' id='word_1_673' title='bbox 497 4823 622 4875; x_wconf 90' lang='lat' dir='ltr'><strong>tum</strong></span> <span class='ocrx_word' id='word_1_674' title='bbox 671 4818 870 4891; x_wconf 89' lang='lat' dir='ltr'><strong>procul</strong></span> <span class='ocrx_word' id='word_1_675' title='bbox 928 4813 1270 4887; x_wconf 88' lang='lat' dir='ltr'><strong>degentibus</strong></span> <span class='ocrx_word' id='word_1_676' title='bbox 1317 4812 1602 4884; x_wconf 87' lang='lat' dir='ltr'><strong>religiosis</strong></span> <span class='ocrx_word' id='word_1_677' title='bbox 1651 4811 1803 4879; x_wconf 90' lang='lat' dir='ltr'><strong>viris,</strong></span> <span class='ocrx_word' id='word_1_678' title='bbox 1852 4829 2100 4883; x_wconf 89' lang='lat' dir='ltr'><strong>quorum</strong></span> 
     </span>
    </p>
   </div>
   <div class='ocr_carea' id='block_1_96' title="bbox 495 4899 2099 4978">
    <p class='ocr_par' dir='ltr' id='par_1_96' title="bbox 495 4899 2099 4978">
     <span class='ocr_line' id='line_1_96' title="bbox 495 4899 2099 4978; baseline -0.005 -13"><span class='ocrx_word' id='word_1_679' title='bbox 495 4909 644 4966; x_wconf 89' lang='lat' dir='ltr'><strong>Deus</strong></span> <span class='ocrx_word' id='word_1_680' title='bbox 673 4906 899 4963; x_wconf 86' lang='lat' dir='ltr'><strong>animos</strong></span> <span class='ocrx_word' id='word_1_681' title='bbox 929 4904 1237 4978; x_wconf 90' lang='lat' dir='ltr'><strong>permovit,</strong></span> <span class='ocrx_word' id='word_1_682' title='bbox 1262 4907 1562 4976; x_wconf 86' lang='lat' dir='ltr'><strong>coeperunt</strong></span> <span class='ocrx_word' id='word_1_683' title='bbox 1598 4899 1853 4973; x_wconf 90' lang='lat' dir='ltr'><strong>undique</strong></span> <span class='ocrx_word' id='word_1_684' title='bbox 1880 4902 2099 4957; x_wconf 87' lang='lat' dir='ltr'><strong>adeum</strong></span> 
     </span>
    </p>
   </div>
   <div class='ocr_carea' id='block_1_97' title="bbox 497 4990 2100 5070">
    <p class='ocr_par' dir='ltr' id='par_1_97' title="bbox 497 4990 2100 5070">
     <span class='ocr_line' id='line_1_97' title="bbox 497 4990 2100 5070; baseline -0.005 -16"><span class='ocrx_word' id='word_1_685' title='bbox 497 5015 596 5054; x_wconf 88' lang='lat' dir='ltr'><strong>seu</strong></span> <span class='ocrx_word' id='word_1_686' title='bbox 628 5013 763 5070; x_wconf 91' lang='lat' dir='ltr'><strong>apes</strong></span> <span class='ocrx_word' id='word_1_687' title='bbox 784 4995 858 5050; x_wconf 88' lang='lat' dir='ltr'><strong>ad</strong></span> <span class='ocrx_word' id='word_1_688' title='bbox 885 4995 1135 5051; x_wconf 88' lang='lat' dir='ltr'><strong>alvearia</strong></span> <span class='ocrx_word' id='word_1_689' title='bbox 1165 4994 1478 5059; x_wconf 87' lang='lat' dir='ltr'><strong>conﬂuere,</strong></span> <span class='ocrx_word' id='word_1_690' title='bbox 1518 4990 1782 5046; x_wconf 90' lang='lat' dir='ltr'><strong>nonnulli</strong></span> <span class='ocrx_word' id='word_1_691' title='bbox 1817 5007 1874 5045; x_wconf 92' lang='lat' dir='ltr'><strong>se</strong></span> <span class='ocrx_word' id='word_1_692' title='bbox 1906 4993 2100 5046; x_wconf 91' lang='lat' dir='ltr'><strong>omni-</strong></span> 
     </span>
    </p>
   </div>
   <div class='ocr_carea' id='block_1_98' title="bbox 493 5079 2096 5160">
    <p class='ocr_par' dir='ltr' id='par_1_98' title="bbox 493 5079 2096 5160">
     <span class='ocr_line' id='line_1_98' title="bbox 493 5079 2096 5160; baseline -0.005 -16"><span class='ocrx_word' id='word_1_693' title='bbox 493 5087 747 5160; x_wconf 87' lang='lat' dir='ltr'><strong>potentis</strong></span> <span class='ocrx_word' id='word_1_694' title='bbox 764 5084 866 5141; x_wconf 90' lang='lat' dir='ltr'><strong>Dei</strong></span> <span class='ocrx_word' id='word_1_695' title='bbox 881 5084 1137 5141; x_wconf 90' lang='lat' dir='ltr'><strong>servituti</strong></span> <span class='ocrx_word' id='word_1_696' title='bbox 1153 5080 1621 5149; x_wconf 87' lang='lat' dir='ltr'><strong>addicere,etlevi</strong></span> <span class='ocrx_word' id='word_1_697' title='bbox 1641 5079 1824 5134; x_wconf 88' lang='lat' dir='ltr'><strong>Salval</strong></span> <span class='ocrx_word' id='word_1_698' title='bbox 1837 5080 1950 5136; x_wconf 89' lang='lat' dir='ltr'><strong>oris</strong></span> <span class='ocrx_word' id='word_1_699' title='bbox 1955 5081 2096 5152; x_wconf 90' lang='lat' dir='ltr'><strong>jugo</strong></span> 
     </span>
    </p>
   </div>
   <div class='ocr_carea' id='block_1_99' title="bbox 494 5169 2095 5250">
    <p class='ocr_par' dir='ltr' id='par_1_99' title="bbox 494 5169 2095 5250">
     <span class='ocr_line' id='line_1_99' title="bbox 494 5169 2095 5250; baseline -0.007 -17"><span class='ocrx_word' id='word_1_700' title='bbox 494 5179 642 5233; x_wconf 91' lang='lat' dir='ltr'><strong>colla</strong></span> <span class='ocrx_word' id='word_1_701' title='bbox 669 5192 1020 5250; x_wconf 88' lang='lat' dir='ltr'><strong>supponere,</strong></span> <span class='ocrx_word' id='word_1_702' title='bbox 1056 5173 1296 5246; x_wconf 88' lang='lat' dir='ltr'><strong>quidam</strong></span> <span class='ocrx_word' id='word_1_703' title='bbox 1326 5171 1539 5225; x_wconf 90' lang='lat' dir='ltr'><strong>liberos</strong></span> <span class='ocrx_word' id='word_1_704' title='bbox 1573 5185 1704 5223; x_wconf 92' lang='lat' dir='ltr'><strong>suos</strong></span> <span class='ocrx_word' id='word_1_705' title='bbox 1741 5169 2095 5236; x_wconf 88' lang='lat' dir='ltr'><strong>liberalibus,</strong></span> 
     </span>
    </p>
   </div>
   <div class='ocr_carea' id='block_1_100' title="bbox 487 5258 2097 5330">
    <p class='ocr_par' dir='ltr' id='par_1_100' title="bbox 487 5258 2097 5330">
     <span class='ocr_line' id='line_1_100' title="bbox 487 5258 2097 5330; baseline -0.006 -8"><span class='ocrx_word' id='word_1_706' title='bbox 487 5267 608 5322; x_wconf 91' lang='lat' dir='ltr'><strong>imo</strong></span> <span class='ocrx_word' id='word_1_707' title='bbox 621 5283 754 5321; x_wconf 91' lang='lat' dir='ltr'><strong>vero</strong></span> <span class='ocrx_word' id='word_1_708' title='bbox 769 5262 1101 5320; x_wconf 90' lang='lat' dir='ltr'><strong>monasticis</strong></span> <span class='ocrx_word' id='word_1_709' title='bbox 1113 5260 1458 5316; x_wconf 90' lang='lat' dir='ltr'><strong>imbuendos</strong></span> <span class='ocrx_word' id='word_1_710' title='bbox 1474 5258 1786 5329; x_wconf 89' lang='lat' dir='ltr'><strong>disciplinis</strong></span> <span class='ocrx_word' id='word_1_711' title='bbox 1798 5261 1970 5330; x_wconf 87' lang='lat' dir='ltr'><strong>atque</strong></span> <span class='ocrx_word' id='word_1_712' title='bbox 1988 5259 2097 5313; x_wconf 92' lang='lat' dir='ltr'><strong>illic</strong></span> 
     </span>
    </p>
   </div>
   <div class='ocr_carea' id='block_1_101' title="bbox 488 5347 2093 5427">
    <p class='ocr_par' dir='ltr' id='par_1_101' title="bbox 488 5347 2093 5427">
     <span class='ocr_line' id='line_1_101' title="bbox 488 5347 2093 5427; baseline -0.005 -17"><span class='ocrx_word' id='word_1_713' title='bbox 488 5355 711 5411; x_wconf 86' lang='lat' dir='ltr'><strong>Christo</strong></span> <span class='ocrx_word' id='word_1_714' title='bbox 735 5353 1020 5427; x_wconf 90' lang='lat' dir='ltr'><strong>perpetim</strong></span> <span class='ocrx_word' id='word_1_715' title='bbox 1037 5349 1342 5406; x_wconf 88' lang='lat' dir='ltr'><strong>servituros</strong></span> <span class='ocrx_word' id='word_1_716' title='bbox 1360 5347 1588 5416; x_wconf 73' lang='lat' dir='ltr'><strong>offerre;</strong></span> <span class='ocrx_word' id='word_1_717' title='bbox 1611 5347 1774 5402; x_wconf 90' lang='lat' dir='ltr'><strong>multi</strong></span> <span class='ocrx_word' id='word_1_718' title='bbox 1795 5348 1865 5402; x_wconf 91' lang='lat' dir='ltr'><strong>de</strong></span> <span class='ocrx_word' id='word_1_719' title='bbox 1881 5348 1995 5402; x_wconf 90' lang='lat' dir='ltr'><strong>suis</strong></span> <span class='ocrx_word' id='word_1_720' title='bbox 2011 5347 2093 5402; x_wconf 83' lang='lat' dir='ltr'><strong>fa-</strong></span> 
     </span>
    </p>
   </div>
   <div class='ocr_carea' id='block_1_102' title="bbox 487 5437 2090 5499">
    <p class='ocr_par' dir='ltr' id='par_1_102' title="bbox 487 5437 2090 5499">
     <span class='ocr_line' id='line_1_102' title="bbox 487 5437 2090 5499; baseline -0.004 0"><span class='ocrx_word' id='word_1_721' title='bbox 487 5444 792 5499; x_wconf 88' lang='lat' dir='ltr'><strong>cultatibus</strong></span> <span class='ocrx_word' id='word_1_722' title='bbox 812 5448 870 5498; x_wconf 91' lang='lat' dir='ltr'><strong>et</strong></span> <span class='ocrx_word' id='word_1_723' title='bbox 890 5441 1168 5497; x_wconf 88' lang='lat' dir='ltr'><strong>reditibus</strong></span> <span class='ocrx_word' id='word_1_724' title='bbox 1183 5439 1393 5494; x_wconf 87' lang='lat' dir='ltr'><strong>sanctis</strong></span> <span class='ocrx_word' id='word_1_725' title='bbox 1407 5437 1729 5492; x_wconf 89' lang='lat' dir='ltr'><strong>necessaria</strong></span> <span class='ocrx_word' id='word_1_726' title='bbox 1741 5437 2090 5493; x_wconf 89' lang='lat' dir='ltr'><strong>ministrare.</strong></span> 
     </span>
    </p>
   </div>
   <div class='ocr_carea' id='block_1_103' title="bbox 483 5527 2092 5605">
    <p class='ocr_par' dir='ltr' id='par_1_103' title="bbox 483 5527 2092 5605">
     <span class='ocr_line' id='line_1_103' title="bbox 483 5527 2092 5605; baseline -0.006 -16"><span class='ocrx_word' id='word_1_727' title='bbox 483 5536 641 5590; x_wconf 87' lang='lat' dir='ltr'><strong>Inter</strong></span> <span class='ocrx_word' id='word_1_728' title='bbox 670 5549 814 5605; x_wconf 90' lang='lat' dir='ltr'><strong>quos</strong></span> <span class='ocrx_word' id='word_1_729' title='bbox 844 5533 1020 5588; x_wconf 85' lang='lat' dir='ltr'><strong>etiam</strong></span> <span class='ocrx_word' id='word_1_730' title='bbox 1051 5528 1333 5586; x_wconf 90' lang='lat' dir='ltr'><strong>Dominus</strong></span> <span class='ocrx_word' id='word_1_731' title='bbox 1357 5531 1416 5584; x_wconf 92' lang='lat' dir='ltr'><strong>et</strong></span> <span class='ocrx_word' id='word_1_732' title='bbox 1445 5527 2092 5598; x_wconf 80' lang='lat' dir='ltr'><strong>PaterPapolenus[al.,</strong></span> 
     </span>
    </p>
   </div>
   <div class='ocr_carea' id='block_1_104' title="bbox 484 5616 2094 5698">
    <p class='ocr_par' dir='ltr' id='par_1_104' title="bbox 484 5616 2094 5698">
     <span class='ocr_line' id='line_1_104' title="bbox 484 5616 2094 5698; baseline -0.007 -13"><span class='ocrx_word' id='word_1_733' title='bbox 484 5623 828 5698; x_wconf 84' lang='lat' dir='ltr'><strong>Babolenus]</strong></span> <span class='ocrx_word' id='word_1_734' title='bbox 859 5623 934 5680; x_wconf 88' lang='lat' dir='ltr'><strong>ad</strong></span> <span class='ocrx_word' id='word_1_735' title='bbox 963 5637 1121 5690; x_wconf 85' lang='lat' dir='ltr'><strong>eum,</strong></span> <span class='ocrx_word' id='word_1_736' title='bbox 1144 5617 1426 5677; x_wconf 89' lang='lat' dir='ltr'><strong>invisendi</strong></span> <span class='ocrx_word' id='word_1_737' title='bbox 1449 5616 1685 5692; x_wconf 87' lang='lat' dir='ltr'><strong>quidem</strong></span> <span class='ocrx_word' id='word_1_738' title='bbox 1702 5632 1892 5686; x_wconf 83' lang='lat' dir='ltr'><strong>causa,</strong></span> <span class='ocrx_word' id='word_1_739' title='bbox 1912 5618 2094 5693; x_wconf 84' lang='lat' dir='ltr'><strong>venit,</strong></span> 
     </span>
    </p>
   </div>
   <div class='ocr_carea' id='block_1_105' title="bbox 2205 4463 3746 4534">
    <p class='ocr_par' dir='ltr' id='par_1_105' title="bbox 2205 4463 3746 4534">
     <span class='ocr_line' id='line_1_105' title="bbox 2205 4463 3746 4534; baseline -0.005 -16"><span class='ocrx_word' id='word_1_740' title='bbox 2205 4465 2444 4528; x_wconf 90' lang='lat' dir='ltr'><strong>cultum,</strong></span> <span class='ocrx_word' id='word_1_741' title='bbox 2494 4463 2732 4518; x_wconf 89' lang='lat' dir='ltr'><strong>beatum</strong></span> <span class='ocrx_word' id='word_1_742' title='bbox 2787 4463 3124 4519; x_wconf 83' lang='lat' dir='ltr'><strong>Remaclum</strong></span> <span class='ocrx_word' id='word_1_743' title='bbox 3172 4482 3439 4531; x_wconf 87' lang='lat' dir='ltr'><strong>evocans,</strong></span> <span class='ocrx_word' id='word_1_744' title='bbox 3488 4463 3666 4534; x_wconf 68' lang='lat' dir='ltr'><strong>printer</strong></span> <span class='ocrx_word' id='word_1_745' title='bbox 3699 4467 3746 4504; x_wconf 76' lang='lat' dir='ltr'><strong>ea</strong></span> 
     </span>
    </p>
   </div>
   <div class='ocr_carea' id='block_1_106' title="bbox 2206 4545 3743 4625">
    <p class='ocr_par' dir='ltr' id='par_1_106' title="bbox 2206 4545 3743 4625">
     <span class='ocr_line' id='line_1_106' title="bbox 2206 4545 3743 4625; baseline -0.005 -17"><span class='ocrx_word' id='word_1_746' title='bbox 2206 4571 2332 4625; x_wconf 63' lang='lat' dir='ltr'><strong>qua:</strong></span> <span class='ocrx_word' id='word_1_747' title='bbox 2365 4553 2521 4625; x_wconf 90' lang='lat' dir='ltr'><strong>prius</strong></span> <span class='ocrx_word' id='word_1_748' title='bbox 2551 4552 2810 4620; x_wconf 89' lang='lat' dir='ltr'><strong>dederat,</strong></span> <span class='ocrx_word' id='word_1_749' title='bbox 2827 4557 2885 4608; x_wconf 91' lang='lat' dir='ltr'><strong>et</strong></span> <span class='ocrx_word' id='word_1_750' title='bbox 2906 4553 2989 4608; x_wconf 90' lang='lat' dir='ltr'><strong>vir</strong></span> <span class='ocrx_word' id='word_1_751' title='bbox 3008 4553 3426 4610; x_wconf 87' lang='lat' dir='ltr'><strong>illustrissimus</strong></span> <span class='ocrx_word' id='word_1_752' title='bbox 3448 4545 3743 4608; x_wconf 78' lang='lat' dir='ltr'><strong>Grimoaldus</strong></span> 
     </span>
    </p>
   </div>
   <div class='ocr_carea' id='block_1_107' title="bbox 2205 4636 3742 4709">
    <p class='ocr_par' dir='ltr' id='par_1_107' title="bbox 2205 4636 3742 4709">
     <span class='ocr_line' id='line_1_107' title="bbox 2205 4636 3742 4709; baseline -0.004 -11"><span class='ocrx_word' id='word_1_753' title='bbox 2205 4644 2554 4709; x_wconf 84' lang='lat' dir='ltr'><strong>obtinuerat,</strong></span> <span class='ocrx_word' id='word_1_754' title='bbox 2588 4642 2742 4696; x_wconf 91' lang='lat' dir='ltr'><strong>unde</strong></span> <span class='ocrx_word' id='word_1_755' title='bbox 2773 4641 2950 4697; x_wconf 89' lang='lat' dir='ltr'><strong>etiam</strong></span> <span class='ocrx_word' id='word_1_756' title='bbox 2979 4643 3264 4699; x_wconf 90' lang='lat' dir='ltr'><strong>hactenus</strong></span> <span class='ocrx_word' id='word_1_757' title='bbox 3295 4644 3502 4698; x_wconf 86' lang='lat' dir='ltr'><strong>fratres</strong></span> <span class='ocrx_word' id='word_1_758' title='bbox 3525 4636 3742 4693; x_wconf 61' lang='lat' dir='ltr'><strong>vixerant,</strong></span> 
     </span>
    </p>
   </div>
   <div class='ocr_carea' id='block_1_108' title="bbox 2205 4730 3747 4803">
    <p class='ocr_par' dir='ltr' id='par_1_108' title="bbox 2205 4730 3747 4803">
     <span class='ocr_line' id='line_1_108' title="bbox 2205 4730 3747 4803; baseline -0.003 -17"><span class='ocrx_word' id='word_1_759' title='bbox 2205 4749 2272 4786; x_wconf 87' lang='lat' dir='ltr'><strong>ex</strong></span> <span class='ocrx_word' id='word_1_760' title='bbox 2298 4746 2580 4786; x_wconf 90' lang='lat' dir='ltr'><strong>consensu</strong></span> <span class='ocrx_word' id='word_1_761' title='bbox 2635 4730 2895 4785; x_wconf 85' lang='lat' dir='ltr'><strong>ﬁdelium</strong></span> <span class='ocrx_word' id='word_1_762' title='bbox 2942 4747 3201 4798; x_wconf 90' lang='lat' dir='ltr'><strong>suorum,</strong></span> <span class='ocrx_word' id='word_1_763' title='bbox 3236 4730 3357 4787; x_wconf 89' lang='lat' dir='ltr'><strong>tam</strong></span> <span class='ocrx_word' id='word_1_764' title='bbox 3413 4731 3747 4803; x_wconf 82' lang='lat' dir='ltr'><strong>episcoporum</strong></span> 
     </span>
    </p>
   </div>
   <div class='ocr_carea' id='block_1_109' title="bbox 2203 4809 3748 4893">
    <p class='ocr_par' dir='ltr' id='par_1_109' title="bbox 2203 4809 3748 4893">
     <span class='ocr_line' id='line_1_109' title="bbox 2203 4809 3748 4893; baseline -0.005 -19"><span class='ocrx_word' id='word_1_765' title='bbox 2203 4837 2379 4893; x_wconf 91' lang='lat' dir='ltr'><strong>quam</strong></span> <span class='ocrx_word' id='word_1_766' title='bbox 2411 4835 2717 4891; x_wconf 90' lang='lat' dir='ltr'><strong>procerum</strong></span> <span class='ocrx_word' id='word_1_767' title='bbox 2735 4835 2906 4891; x_wconf 88' lang='lat' dir='ltr'><strong>supra</strong></span> <span class='ocrx_word' id='word_1_768' title='bbox 2921 4818 3296 4887; x_wconf 89' lang='lat' dir='ltr'><strong>dictorum,in</strong></span> <span class='ocrx_word' id='word_1_769' title='bbox 3325 4821 3590 4874; x_wconf 90' lang='lat' dir='ltr'><strong>honorem</strong></span> <span class='ocrx_word' id='word_1_770' title='bbox 3611 4811 3688 4867; x_wconf 81' lang='lat' dir='ltr'><strong>Dei</strong></span> <span class='ocrx_word' id='word_1_771' title='bbox 3708 4809 3748 4857; x_wconf 60' lang='lat' dir='ltr'><strong>et</strong></span> 
     </span>
    </p>
   </div>
   <div class='ocr_carea' id='block_1_110' title="bbox 2202 4899 3749 4980">
    <p class='ocr_par' dir='ltr' id='par_1_110' title="bbox 2202 4899 3749 4980">
     <span class='ocr_line' id='line_1_110' title="bbox 2202 4899 3749 4980; baseline -0.006 -17"><span class='ocrx_word' id='word_1_772' title='bbox 2202 4910 2420 4963; x_wconf 90' lang='lat' dir='ltr'><strong>cultum</strong></span> <span class='ocrx_word' id='word_1_773' title='bbox 2446 4911 2778 4962; x_wconf 89' lang='lat' dir='ltr'><strong>sanctorum</strong></span> <span class='ocrx_word' id='word_1_774' title='bbox 2829 4907 2981 4961; x_wconf 89' lang='lat' dir='ltr'><strong>Petri</strong></span> <span class='ocrx_word' id='word_1_775' title='bbox 3022 4911 3080 4962; x_wconf 90' lang='lat' dir='ltr'><strong>et</strong></span> <span class='ocrx_word' id='word_1_776' title='bbox 3125 4909 3288 4962; x_wconf 87' lang='lat' dir='ltr'><strong>Pauli</strong></span> <span class='ocrx_word' id='word_1_777' title='bbox 3329 4906 3688 4980; x_wconf 88' lang='lat' dir='ltr'><strong>apostolorum</strong></span> <span class='ocrx_word' id='word_1_778' title='bbox 3711 4899 3749 4947; x_wconf 73' lang='lat' dir='ltr'><strong>el</strong></span> 
     </span>
    </p>
   </div>
   <div class='ocr_carea' id='block_1_111' title="bbox 2201 4983 3748 5067">
    <p class='ocr_par' dir='ltr' id='par_1_111' title="bbox 2201 4983 3748 5067">
     <span class='ocr_line' id='line_1_111' title="bbox 2201 4983 3748 5067; baseline -0.008 -15"><span class='ocrx_word' id='word_1_779' title='bbox 2201 4997 2356 5052; x_wconf 86' lang='lat' dir='ltr'><strong>beati</strong></span> <span class='ocrx_word' id='word_1_780' title='bbox 2377 4996 2602 5051; x_wconf 86' lang='lat' dir='ltr'><strong>Martini</strong></span> <span class='ocrx_word' id='word_1_781' title='bbox 2625 5013 2637 5050; x_wconf 88' lang='lat'>:</span> <span class='ocrx_word' id='word_1_782' title='bbox 2673 4995 2878 5067; x_wconf 90' lang='lat' dir='ltr'><strong>quibus</strong></span> <span class='ocrx_word' id='word_1_783' title='bbox 2892 5011 2961 5050; x_wconf 91' lang='lat' dir='ltr'><strong>ea</strong></span> <span class='ocrx_word' id='word_1_784' title='bbox 2984 4997 3113 5052; x_wconf 89' lang='lat' dir='ltr'><strong>loca</strong></span> <span class='ocrx_word' id='word_1_785' title='bbox 3133 4996 3327 5051; x_wconf 88' lang='lat' dir='ltr'><strong>dicata</strong></span> <span class='ocrx_word' id='word_1_786' title='bbox 3338 4999 3518 5061; x_wconf 89' lang='lat' dir='ltr'><strong>erant,</strong></span> <span class='ocrx_word' id='word_1_787' title='bbox 3538 4983 3748 5062; x_wconf 75' lang='lat' dir='ltr'><strong>permisit</strong></span> 
     </span>
    </p>
   </div>
   <div class='ocr_carea' id='block_1_112' title="bbox 2199 5072 3748 5154">
    <p class='ocr_par' dir='ltr' id='par_1_112' title="bbox 2199 5072 3748 5154">
     <span class='ocr_line' id='line_1_112' title="bbox 2199 5072 3748 5154; baseline -0.01 -14"><span class='ocrx_word' id='word_1_788' title='bbox 2199 5085 2369 5140; x_wconf 89' lang='lat' dir='ltr'><strong>beato</strong></span> <span class='ocrx_word' id='word_1_789' title='bbox 2400 5084 2671 5139; x_wconf 84' lang='lat' dir='ltr'><strong>Remaclo</strong></span> <span class='ocrx_word' id='word_1_790' title='bbox 2701 5087 2762 5138; x_wconf 91' lang='lat' dir='ltr'><strong>ut</strong></span> <span class='ocrx_word' id='word_1_791' title='bbox 2791 5083 2849 5138; x_wconf 92' lang='lat' dir='ltr'><strong>in</strong></span> <span class='ocrx_word' id='word_1_792' title='bbox 2883 5101 3012 5139; x_wconf 90' lang='lat' dir='ltr'><strong>usus</strong></span> <span class='ocrx_word' id='word_1_793' title='bbox 3035 5101 3335 5139; x_wconf 89' lang='lat' dir='ltr'><strong>servorum</strong></span> <span class='ocrx_word' id='word_1_794' title='bbox 3362 5083 3479 5150; x_wconf 89' lang='lat' dir='ltr'><strong>Dei,</strong></span> <span class='ocrx_word' id='word_1_795' title='bbox 3503 5096 3604 5154; x_wconf 90' lang='lat' dir='ltr'><strong>quo</strong></span> <span class='ocrx_word' id='word_1_796' title='bbox 3627 5072 3748 5130; x_wconf 85' lang='lat' dir='ltr'><strong>dein-</strong></span> 
     </span>
    </p>
   </div>
   <div class='ocr_carea' id='block_1_113' title="bbox 2199 5170 3746 5245">
    <p class='ocr_par' dir='ltr' id='par_1_113' title="bbox 2199 5170 3746 5245">
     <span class='ocr_line' id='line_1_113' title="bbox 2199 5170 3746 5245; baseline -0.005 -17"><span class='ocrx_word' id='word_1_797' title='bbox 2199 5191 2329 5245; x_wconf 89' lang='lat' dir='ltr'><strong>ceps</strong></span> <span class='ocrx_word' id='word_1_798' title='bbox 2360 5171 2605 5244; x_wconf 88' lang='lat' dir='ltr'><strong>quietius</strong></span> <span class='ocrx_word' id='word_1_799' title='bbox 2635 5171 2964 5225; x_wconf 85' lang='lat' dir='ltr'><strong>viverentet</strong></span> <span class='ocrx_word' id='word_1_800' title='bbox 2989 5173 3202 5244; x_wconf 88' lang='lat' dir='ltr'><strong>absque</strong></span> <span class='ocrx_word' id='word_1_801' title='bbox 3216 5172 3531 5227; x_wconf 87' lang='lat' dir='ltr'><strong>vicinorum</strong></span> <span class='ocrx_word' id='word_1_802' title='bbox 3555 5170 3746 5237; x_wconf 65' lang='lat' dir='ltr'><strong>imprei‘</strong></span> 
     </span>
    </p>
   </div>
   <div class='ocr_carea' id='block_1_114' title="bbox 2199 5259 3744 5333">
    <p class='ocr_par' dir='ltr' id='par_1_114' title="bbox 2199 5259 3744 5333">
     <span class='ocr_line' id='line_1_114' title="bbox 2199 5259 3744 5333; baseline -0.006 -15"><span class='ocrx_word' id='word_1_803' title='bbox 2199 5263 2359 5319; x_wconf 89' lang='lat' dir='ltr'><strong>sione</strong></span> <span class='ocrx_word' id='word_1_804' title='bbox 2380 5261 2484 5316; x_wconf 89' lang='lat' dir='ltr'><strong>soli</strong></span> <span class='ocrx_word' id='word_1_805' title='bbox 2516 5261 2630 5314; x_wconf 88' lang='lat' dir='ltr'><strong>Deo</strong></span> <span class='ocrx_word' id='word_1_806' title='bbox 2652 5259 2889 5314; x_wconf 90' lang='lat' dir='ltr'><strong>liberius</strong></span> <span class='ocrx_word' id='word_1_807' title='bbox 2914 5265 3202 5327; x_wconf 88' lang='lat' dir='ltr'><strong>vacarent,</strong></span> <span class='ocrx_word' id='word_1_808' title='bbox 3231 5277 3341 5333; x_wconf 91' lang='lat' dir='ltr'><strong>per</strong></span> <span class='ocrx_word' id='word_1_809' title='bbox 3357 5259 3627 5329; x_wconf 86' lang='lat' dir='ltr'><strong>utriusque</strong></span> <span class='ocrx_word' id='word_1_810' title='bbox 3651 5263 3744 5306; x_wconf 81' lang='lat' dir='ltr'><strong>m0-</strong></span> 
     </span>
    </p>
   </div>
   <div class='ocr_carea' id='block_1_115' title="bbox 2198 5344 3743 5418">
    <p class='ocr_par' dir='ltr' id='par_1_115' title="bbox 2198 5344 3743 5418">
     <span class='ocr_line' id='line_1_115' title="bbox 2198 5344 3743 5418; baseline -0.006 -11"><span class='ocrx_word' id='word_1_811' title='bbox 2198 5349 2435 5407; x_wconf 90' lang='lat' dir='ltr'><strong>nasterii</strong></span> <span class='ocrx_word' id='word_1_812' title='bbox 2467 5347 2770 5402; x_wconf 89' lang='lat' dir='ltr'><strong>circuitum</strong></span> <span class='ocrx_word' id='word_1_813' title='bbox 2799 5348 3108 5404; x_wconf 90' lang='lat' dir='ltr'><strong>duodecim</strong></span> <span class='ocrx_word' id='word_1_814' title='bbox 3137 5351 3317 5405; x_wconf 61' lang='lat' dir='ltr'><strong>leuca:</strong></span> <span class='ocrx_word' id='word_1_815' title='bbox 3337 5344 3743 5418; x_wconf 62' lang='lat' dir='ltr'><strong>designarentur,</strong></span> 
     </span>
    </p>
   </div>
   <div class='ocr_carea' id='block_1_116' title="bbox 2197 5421 3743 5511">
    <p class='ocr_par' dir='ltr' id='par_1_116' title="bbox 2197 5421 3743 5511">
     <span class='ocr_line' id='line_1_116' title="bbox 2197 5421 3743 5511; baseline -0.006 -17"><span class='ocrx_word' id='word_1_816' title='bbox 2197 5440 2350 5495; x_wconf 87' lang='lat' dir='ltr'><strong>intra</strong></span> <span class='ocrx_word' id='word_1_817' title='bbox 2382 5455 2630 5511; x_wconf 92' lang='lat' dir='ltr'><strong>quorum</strong></span> <span class='ocrx_word' id='word_1_818' title='bbox 2654 5437 2869 5492; x_wconf 90' lang='lat' dir='ltr'><strong>limites</strong></span> <span class='ocrx_word' id='word_1_819' title='bbox 2898 5438 3175 5510; x_wconf 90' lang='lat' dir='ltr'><strong>quidquid</strong></span> <span class='ocrx_word' id='word_1_820' title='bbox 3198 5438 3524 5503; x_wconf 86' lang='lat' dir='ltr'><strong>haberetur,</strong></span> <span class='ocrx_word' id='word_1_821' title='bbox 3552 5431 3613 5487; x_wconf 87' lang='lat' dir='ltr'><strong>ab</strong></span> <span class='ocrx_word' id='word_1_822' title='bbox 3640 5421 3743 5480; x_wconf 73' lang='lat' dir='ltr'><strong>solis</strong></span> 
     </span>
    </p>
   </div>
   <div class='ocr_carea' id='block_1_117' title="bbox 2197 5522 3742 5601">
    <p class='ocr_par' dir='ltr' id='par_1_117' title="bbox 2197 5522 3742 5601">
     <span class='ocr_line' id='line_1_117' title="bbox 2197 5522 3742 5601; baseline -0.012 -17"><span class='ocrx_word' id='word_1_823' title='bbox 2197 5529 2491 5601; x_wconf 89' lang='lat' dir='ltr'><strong>utriusque</strong></span> <span class='ocrx_word' id='word_1_824' title='bbox 2521 5526 2765 5582; x_wconf 72' lang='lat' dir='ltr'><strong>cmnobii</strong></span> <span class='ocrx_word' id='word_1_825' title='bbox 2797 5527 3015 5582; x_wconf 91' lang='lat' dir='ltr'><strong>colonis</strong></span> <span class='ocrx_word' id='word_1_826' title='bbox 3044 5527 3420 5583; x_wconf 84' lang='lat' dir='ltr'><strong>excoleretur.</strong></span> <span class='ocrx_word' id='word_1_827' title='bbox 3446 5522 3640 5579; x_wconf 87' lang='lat' dir='ltr'><strong>Dicitur</strong></span> <span class='ocrx_word' id='word_1_828' title='bbox 3663 5529 3742 5567; x_wconf 83' lang='lat' dir='ltr'><strong>au-</strong></span> 
     </span>
    </p>
   </div>
   <div class='ocr_carea' id='block_1_118' title="bbox 2194 5605 3735 5690">
    <p class='ocr_par' dir='ltr' id='par_1_118' title="bbox 2194 5605 3735 5690">
     <span class='ocr_line' id='line_1_118' title="bbox 2194 5605 3735 5690; baseline -0.015 -12"><span class='ocrx_word' id='word_1_829' title='bbox 2194 5624 2322 5684; x_wconf 84' lang='lat' dir='ltr'><strong>tem</strong></span> <span class='ocrx_word' id='word_1_830' title='bbox 2341 5619 2506 5677; x_wconf 88' lang='lat' dir='ltr'><strong>leuca</strong></span> <span class='ocrx_word' id='word_1_831' title='bbox 2533 5615 2686 5690; x_wconf 90' lang='lat' dir='ltr'><strong>apud</strong></span> <span class='ocrx_word' id='word_1_832' title='bbox 2709 5615 2895 5673; x_wconf 87' lang='lat' dir='ltr'><strong>Gallos</strong></span> <span class='ocrx_word' id='word_1_833' title='bbox 2940 5617 3188 5690; x_wconf 89' lang='lat' dir='ltr'><strong>spatium</strong></span> <span class='ocrx_word' id='word_1_834' title='bbox 3235 5616 3396 5672; x_wconf 88' lang='lat' dir='ltr'><strong>mille</strong></span> <span class='ocrx_word' id='word_1_835' title='bbox 3439 5605 3735 5686; x_wconf 84' lang='lat' dir='ltr'><strong>quingento-</strong></span> 
     </span>
    </p>
   </div>
  </div>
