3954 6180
191 459 292 512 “65

1538 442 1704 501 VITA
1741 443 1800 500 S.
1843 443 2164 500 REMACLI.

3363 458 3498 513 “66

184 598 288 636 rum
314 594 610 651 passuum,
657 574 713 630 id
749 577 856 641 est,
879 569 1198 628 duodecim
1248 572 1590 628 stadiorum.
1627 572 1774 626 Ema
1800 574 1855 632 Α
1871 569 1969 624 ubi
1990 568 2263 626 didicitin
2281 567 2625 642 supradictis
2647 568 3017 626 monasteriis
3031 573 3252 631 cultum
3265 579 3495 653 religio.

182 669 539 726 donationem
587 664 934 721 testamento
978 662 1408 728 conﬁrmatam,
1462 665 1519 716 et
1569 659 1771 716 annuli

181 759 298 830 regii
336 755 714 828 impressione
745 751 1181 822 consignatam,
1209 755 1437 804 sanctus
1469 749 1554 803 vir
1581 750 1771 804 liben-

180 851 255 901 ter
277 846 516 916 accepit,
537 848 595 898 et
615 843 947 897 reverenter
979 839 1361 894 conservavit.
1383 837 1600 893 Deinde
1619 854 1772 893 anno

180 935 387 989 decimo
419 935 626 1004 quarto
673 929 838 1001 regni
868 927 958 983 sui
1002 927 1159 982 idem
1210 944 1308 981 rex
1351 927 1567 998 legavit
1601 930 1774 982 testa-

1874 659 1964 714 nis
1985 657 2206 729 augeri,
2223 659 2365 713 duas
2376 659 2602 715 exﬁscis
2614 658 2730 713 suis
2741 657 2900 714 villas
2917 659 2974 715 in
2998 678 3132 717 usus
3152 680 3372 723 mensae
3384 686 3500 725 ser-

1873 763 2078 803 vorum
2101 747 2222 815 Dei,
2248 764 2424 803 unam
2456 749 2512 803 in
2537 746 2850 816 Harbanio,
2871 749 3116 806 alteram
3149 752 3208 808 in
3232 755 3499 813 Arduen-

1876 852 1972 902 na,
1996 851 2101 908 pro
2125 836 2228 890 Dei
2252 837 2382 892 etS.
2408 837 2686 903 Remacli,
2707 838 3077 898 [reverentia.
3105 841 3205 901 En.
3233 845 3495 916 PATROL.]

1876 924 2157 982 attribuit.
2189 925 2285 981 Sul
2317 925 2525 981 horum
2557 929 2822 997 tempore
2850 927 3046 983 ferunt
3082 947 3216 986 eum
3251 933 3495 989 Romam

178 1025 356 1077 mento
389 1022 562 1076 beato
600 1017 868 1073 Remaclo
892 1015 1169 1088 quaedam
1197 1015 1255 1069 in
1286 1015 1617 1086 Aquitania,
1638 1017 1776 1088 puta
1876 1013 2228 1085 profectum,
2249 1015 2429 1069 sancti
2453 1014 2607 1069 Petri
2637 1014 2998 1088 aliorumque
3016 1024 3355 1076 sanctorum
3383 1023 3501 1077 suf-

177 1110 442 1169 telonium
488 1109 547 1162 in
580 1110 746 1180 portu
777 1103 1042 1159 Vetraria
1087 1104 1160 1158 ad
1203 1103 1406 1158 ﬂuvios
1445 1103 1771 1158 Taunacum

1878 1101 2067 1172 fragia
2096 1103 2568 1172 imploraturum,
2602 1105 2776 1174 atque
2808 1104 2890 1159 illi
2908 1106 3109 1162 tandiu
3141 1108 3200 1163 in
3225 1126 3424 1182 preces
3444 1115 3504 1166 et

176 1203 229 1253 et
245 1201 409 1252 lttam
432 1216 450 1262 ;
477 1197 725 1266 itemque
778 1196 1014 1264 portum
1050 1191 1214 1247 Sellis
1256 1195 1314 1246 et
1358 1192 1666 1263 Vogatium
1705 1191 1778 1247 ad
1870 1192 2104 1264 jujunia
2135 1191 2455 1247 incubuisse
2486 1192 2695 1258 donec,
2732 1191 2923 1249 divina
2967 1199 3025 1250 et
3067 1199 3331 1270 angelica
3363 1215 3501 1254 con-

175 1288 383 1342 flumen
431 1284 699 1355 Ligerim,
733 1298 864 1336 cum
915 1281 1188 1336 omnibus
1238 1281 1312 1335 ad
1355 1297 1492 1334 eum
1534 1281 1782 1335 attinen-

174 1376 332 1430 tihus.
368 1373 538 1437 Quod
569 1372 800 1443 quidem
833 1373 1080 1425 testatur
1111 1369 1414 1442 scriptum,
1452 1369 1574 1439 ejus
1603 1386 1782 1424 manu

174 1463 618 1534 subsignatum:
667 1478 691 1513 ι
749 1461 982 1525 Sancta,
1038 1458 1248 1530 inquit,
1313 1472 1376 1510 ac
1433 1455 1785 1511 venerabilia

172 1549 544 1616 monasteria,
577 1548 878 1603 Stabulaus
902 1547 1018 1602 sive
1045 1544 1537 1602 Malmundarium
1568 1561 1784 1616 cogno-

171 1641 413 1704 minata,
445 1638 542 1693 ubi
571 1638 655 1693 vir
683 1637 1027 1691 venerabilis
1063 1635 1374 1691 Remaclus
1403 1633 1709 1704 episcopus
1730 1637 1788 1688 et

173 1729 339 1794 abba,
370 1725 594 1780 Christo
646 1723 897 1796 auspice,
938 1741 1186 1796 praeesse
1235 1721 1495 1786 videtur;
1535 1737 1664 1792 quas
1704 1721 1788 1776 vir

172 1814 405 1873 illustris
433 1813 789 1869 Grimoaldus
821 1813 1225 1883 majordomus
1252 1810 1313 1865 in
1341 1810 1566 1864 honore
1603 1809 1788 1864 sancti

1879 1279 2164 1336 solatione
2206 1282 2409 1348 fretus,
2443 1280 2760 1352 quamdam
2809 1283 3184 1356 reliquiarum
3241 1287 3504 1357 ejusdem

1882 1369 2198 1424 beatissimi
2227 1369 2472 1440 apostoli
2499 1372 2726 1440 partem
2759 1373 2971 1427 meruit
3019 1374 3327 1444 obtinere;
3377 1392 3506 1448 qua:

1885 1457 2125 1530 quidem
2147 1457 2302 1530 apud
2324 1474 2428 1512 nos
2441 1474 2581 1513 auro
2595 1461 2960 1534 gemmisque
2975 1467 3200 1518 ornatae
3217 1464 3510 1536 praecipuo

1885 1563 2020 1601 cum
2043 1547 2266 1601 honore
2289 1551 2675 1606 asservantur.
2695 1549 2859 1614 Quod
2876 1550 3370 1623 licetquibusdam
3392 1553 3512 1608 for-

1887 1638 2038 1689 tasse
2060 1633 2399 1689 incredibile
2422 1634 2706 1704 videatur,
2731 1654 2856 1705 nos,
2877 1637 3514 1712 quiincomparabilem

1890 1723 2058 1778 illum
2083 1739 2432 1778 veneramur
2453 1723 2813 1790 thesaurum,
2841 1729 3026 1783 multa
3053 1727 3111 1782 in
3143 1745 3347 1784 earum
3373 1745 3518 1800 prae-

1890 1812 2080 1867 sentia
2113 1811 2389 1867 divinitus
2431 1811 2677 1868 vidimus
2714 1813 2999 1871 beneﬁcia
3043 1818 3309 1889 praestari
3345 1834 3358 1873 :
3389 1834 3520 1889 qua:

175 1903 326 1961 Petri
355 1919 418 1957 ac
447 1901 624 1957 sancti
650 1900 828 1967 Pauli,
861 1902 949 1955 vel
977 1900 1162 1956 sancti
1187 1898 1440 1966 Martini,
1474 1913 1577 1954 seu
1615 1900 1786 1953 caete-
1810 1895 1860 1957 B
1890 1900 2108 1973 poterit
2135 1900 2235 1974 qui
2263 1901 2417 1955 volet
2452 1899 2511 1956 in
2545 1901 2691 1959 libro
2724 1903 3004 1960 virtutum
3049 1905 3162 1962 sire
3207 1906 3518 1962 miraculo-

173 2007 373 2048 rorum
394 1993 745 2058 sanctorum,
769 2004 872 2044 suo
891 2005 1066 2061 opere
1087 1988 1145 2042 in
1168 1991 1328 2042 vasta
1349 1986 1533 2041 eremi
1563 1985 1787 2041 Arden-

172 2080 367 2136 nensis
392 2077 703 2134 construxit
725 2096 739 2146 ;
774 2077 1277 2150 quemadmodum
1297 2092 1402 2131 nos
1425 2076 1552 2129 loca
1573 2073 1698 2146 ipsa
1717 2073 1789 2129 ad

172 2171 295 2241 ipsa
315 2167 661 2224 monasteria
675 2167 1016 2222 aediﬁcanda
1036 2182 1141 2236 pro
1172 2169 1374 2220 nostra
1397 2165 1788 2237 praeceptione

169 2274 236 2313 ex
269 2257 480 2312 foreste
524 2259 723 2311 nostra
757 2254 1175 2323 concessimus;
1232 2270 1383 2326 quin,
1427 2252 1562 2307 licet
1599 2251 1790 2324 gratia

170 2345 378 2401 Christi
405 2345 515 2400 sint
557 2344 775 2412 didata,
829 2343 1191 2398 mundanam
1243 2340 1631 2396 substantiam
1670 2356 1789 2395 cer-

167 2437 388 2490 nuntur
417 2450 726 2505 parumper
776 2433 993 2487 habere
1031 2449 1044 2486 :
1089 2431 1244 2496 ideo,
1297 2428 1492 2484 divina
1535 2429 1784 2500 inspira-

165 2523 332 2578 tione
350 2521 708 2589 commoniti,
728 2520 1084 2576 decrevimus
1106 2519 1533 2591 aliquantulum
1555 2518 1626 2573 de
1647 2517 1783 2573 ﬁsco

165 2615 371 2667 nostro
403 2611 472 2666 ad
501 2612 618 2683 ipsa
642 2610 992 2665 monasteria
1020 2608 1310 2680 respicere
1335 2609 1393 2662 et
1419 2607 1737 2672 consolari;
1755 2628 1784 2656 »

165 2706 226 2758 et
251 2705 468 2757 cmtera
495 2718 620 2774 quin
647 2701 706 2755 in
738 2701 946 2756 eodem
968 2699 1182 2770 scripto
1199 2699 1426 2767 (auctor
1447 2703 1612 2753 vocat
1644 2715 1787 2769 prae-

166 2790 436 2864 ceptum)
464 2793 796 2862 sequuntur.
833 2788 1090 2860 Denique
1123 2787 1183 2841 in
1211 2787 1380 2853 fiscis,
1409 2803 1536 2858 qua:
1562 2803 1789 2842 monas-

168 2879 338 2934 teriis
367 2879 478 2934 illis
498 2878 785 2948 adjacent,
808 2876 1063 2932 decimas
1092 2875 1203 2930 illis
1229 2875 1410 2942 dedit,
1434 2892 1574 2946 quas
1589 2875 1790 2930 etiam-

168 2986 320 3024 num
355 2985 427 3022 ea
457 2967 806 3023 monasteria
832 2965 1122 3022 obtinent.

239 3058 374 3112 XXI.
407 3058 540 3111 Post
561 3057 684 3111 haec
713 3072 813 3110 rex
840 3054 958 3123 ille,
1001 3071 1134 3109 cum
1177 3051 1492 3108 Austrasiaa
1541 3069 1789 3125 regnum

1890 2007 2023 2045 rum
2056 1990 2180 2060 ejus
2209 1988 2492 2044 lectitare.

1961 2079 2090 2132 Jam
2118 2094 2254 2134 vero
2285 2077 2479 2134 senior
2506 2079 2713 2136 beatus
2745 2083 3069 2153 Remaclus,
3103 2083 3207 2140 sed
3256 2082 3522 2138 moribus

1892 2171 2097 2223 tamen
2133 2183 2315 2240 quam
2349 2169 2513 2224 annis
2543 2171 2848 2239 maturior,
2883 2172 3039 2228 diem
3072 2171 3520 2228 vocationissua:

1891 2256 2154 2311 sentiens
2218 2254 2549 2326 imminere,
2608 2262 2954 2334 tempusque
3020 2263 3340 2318 adventare
3406 2276 3522 2330 quo

1890 2345 2306 2416 compensaret
2345 2343 2534 2402 honor
2574 2347 2634 2402 in
2678 2349 2832 2405 caelis
2880 2351 3037 2423 quod
3073 2351 3244 2405 labor
3274 2346 3526 2403 trivisset

1889 2433 1950 2488 in
2011 2434 2212 2499 terris,
2261 2433 2518 2490 subditos
2572 2453 2703 2492 suos
2753 2439 2825 2493 ad
2867 2456 2926 2494 se
2977 2438 3241 2504 accersit,
3283 2439 3342 2490 et
3397 2439 3523 2489 tum

1888 2521 2070 2593 ipsius
2133 2519 2298 2577 obitu
2349 2525 2469 2578 tum
2515 2541 2616 2580 sua
2659 2526 3017 2584 desolatione
3068 2525 3391 2583 maerentes
3445 2523 3530 2576 ita

1889 2611 2235 2666 consolatus
2259 2614 2377 2668 est:
2408 2613 2549 2669 Ecce
2581 2615 2780 2672 Patres
2809 2615 3178 2681 sanctissimi,
3228 2627 3360 2667 ecce
3406 2609 3524 2665 fra-

1886 2701 2005 2754 tres
2035 2699 2392 2770 charissimi,
2417 2717 2560 2772 quos
2577 2701 2764 2759 habeo
2789 2705 2990 2761 afﬁxos
3028 2700 3259 2759 intimis
3300 2697 3538 2757 visceri:

1889 2786 1996 2840 bus
2044 2786 2224 2855 meis,
2269 2804 2402 2860 pars
2452 2788 2698 2846 dimidia
2733 2793 2944 2849 animm
2989 2809 3144 2848 mese
3191 2807 3204 2844 :
3243 2805 3351 2860 ego
3378 2787 3531 2844 viam

1892 2874 2180 2930 universas
2201 2877 2390 2932 carnis
2407 2877 2728 2950 ingredior,
2747 2897 2854 2936 nec
2869 2881 2944 2937 ad
2965 2898 3070 2936 vos
3096 2879 3369 2951 deinceps
3391 2880 3534 2936 redi-

1891 2967 2055 3018 turus
2077 2981 2231 3020 sum.
2256 2966 2456 3022 Vestra
2477 2966 2696 3039 itaque,
2718 2985 2864 3042 quos
2899 2970 3140 3039 desero,
3159 2969 3406 3028 solitudo
3438 2989 3532 3030 me

1892 3052 2070 3107 habet
2096 3053 2431 3122 sollicitum,
2461 3072 2579 3111 non
2602 3073 2735 3113 mea
2755 3058 2958 3127 abitio,
2983 3059 3090 3130 qui
3119 3063 3235 3118 Deo
3261 3079 3356 3120 me
3385 3081 3526 3122 con-

165 3147 456 3220 prseclare
482 3145 734 3212 rexisset,
768 3145 922 3199 diem
974 3143 1177 3198 clausit
1211 3145 1556 3196 extremum.
1614 3144 1790 3197 Porro
1819 3179 1866 3238 α
1894 3141 2117 3195 solante
2131 3141 2602 3199 conﬁrmor.Non
2617 3149 3186 3209 meterretconditio
3200 3158 3525 3215 communis

163 3235 544 3291 Grimoaldus
572 3235 994 3306 majordomus,
1015 3233 1131 3288 sive
1145 3231 1450 3304 praefectus
1478 3231 1789 3302 palatii,vel

162 3329 231 3379 ut
257 3323 365 3378 alii
388 3323 588 3378 volunt
617 3323 893 3394 magister
919 3323 1206 3394 equitum,
1229 3320 1332 3375 sub
1369 3324 1649 3392 prastextu
1669 3338 1792 3376 mu-

163 3428 387 3468 nerum
419 3411 910 3482 accipiendorum,
929 3429 964 3466 a
991 3411 1277 3466 Clodoveo
1299 3408 1479 3464 fratre
1507 3409 1788 3481 Sigeberti

162 3501 427 3556 Parisios
477 3505 738 3555 evocatus
794 3500 909 3555 illic
955 3502 1216 3555 retentus
1259 3501 1344 3552 est
1402 3498 1556 3569 quod
1604 3498 1788 3554 ﬁlium

161 3589 405 3645 domini
438 3589 523 3642 sui
555 3588 859 3660 Sigeberti,
891 3605 1063 3660 quem
1099 3587 1160 3641 in
1191 3602 1354 3640 suam
1385 3585 1561 3640 ﬁdem
1603 3603 1788 3642 susce-

157 3681 366 3752 perat,
399 3681 465 3731 ut
495 3694 628 3732 eum
672 3677 818 3749 patri
865 3693 1048 3749 regno
1087 3674 1480 3742 substitueret,
1517 3675 1789 3730 clericum

155 3768 466 3824 effecisset
513 3766 630 3822 sive
696 3767 1059 3834 totondisset,
1111 3781 1277 3820 suum
1345 3763 1529 3819 ﬁlium
1585 3781 1788 3838 regem

152 3858 376 3912 volens
433 3855 805 3910 constituere.
868 3856 1154 3910 Clodoveo
1209 3869 1439 3925 quoque
1492 3853 1785 3918 defuncto,

151 3945 464 4000 Clotarius
509 3943 658 4000 ﬁlius
697 3945 818 4015 ejus
856 3944 916 3998 in
964 3943 1292 4010 Occidente,
1333 3942 1514 3996 frater
1554 3941 1786 3996 Clotarii

151 4033 536 4089 Childericus
573 4033 633 4087 in
683 4033 974 4088 Austrasia
1020 4034 1360 4104 regnarunt.
1432 4032 1591 4086 Hunc
1647 4047 1784 4103 ergo

147 4123 379 4178 beatus
407 4121 710 4176 Remaclus
730 4121 889 4188 adiit,
910 4124 986 4187 et,
1011 4120 1166 4192 quod
1188 4123 1426 4192 patruus
1450 4119 1556 4192 ipsi
1577 4120 1784 4176 donas-

145 4216 266 4281 set,
309 4213 378 4266 ut
395 4209 774 4265 conﬁrmaret
796 4210 982 4282 petiit,
1007 4210 1121 4264 Rex
1143 4209 1329 4263 libens
1357 4209 1583 4276 annuit,
1617 4213 1695 4276 et,
1725 4213 1787 4264 ut

145 4300 244 4354 vir
275 4301 391 4356 Dei
419 4297 689 4371 petierat,
713 4299 833 4369 ejus
864 4313 1255 4353 successorem
1288 4297 1698 4352 Theodardum
1729 4301 1788 4352 et

143 4389 445 4444 Odonem
481 4387 854 4442 domesticum
875 4387 1048 4458 jussit
1079 4386 1341 4458 ejusdem
1375 4403 1662 4442 mensura:
1693 4403 1784 4441 so-

1895 3228 2236 3320 mortalium
2267 3231 2560 3320 omnium,
2587 3235 2821 3306 quando
2861 3236 3043 3293 etiam
3085 3243 3209 3300 tota
3245 3249 3524 3320 sapientis

1893 3316 2029 3412 vita,
2052 3317 2325 3412 quaedam
2337 3319 2592 3412 [mortis]
2615 3323 2789 3380 debet
2803 3342 2923 3381 esse
2938 3316 3362 3394 commentatio
3385 3339 3517 3412 (10).

1893 3405 2020 3460 Non
2049 3407 2242 3476 potest
2277 3407 2434 3463 fmda
2456 3425 2614 3465 mors
2638 3413 2900 3470 accidere
2930 3414 3053 3472 viro
3087 3420 3246 3493 forti,
3273 3405 3399 3484 non‘
3417 3405 3524 3486 im-

1893 3496 2124 3549 matura
2146 3495 2419 3566 sapienti,
2435 3515 2553 3553 non
2579 3499 2792 3557 misera
2811 3519 2940 3558 eam
2964 3509 3522 3576 providenti.Vestra

1891 3599 1987 3637 me
2026 3583 2384 3653 teneritudo,
2417 3602 2563 3657 quos
2601 3589 2790 3646 adhuc
2818 3593 3118 3665 expediret
3147 3601 3518 3662 solidioribus

1892 3671 2198 3728 informari
2238 3672 2577 3746 disciplinis,
2634 3695 2752 3734 non
2803 3697 3013 3753 parum
3066 3695 3312 3748 movet:
3355 3697 3516 3752 vobis

1890 3776 2125 3834 prorsus
2149 3759 2354 3828 timeo,
2380 3779 2475 3829 ne,
2510 3764 2555 3818 si
2587 3766 2704 3838 lupi
2723 3783 2961 3838 rapaces
2987 3771 3310 3847 incurrant,
3335 3800 3512 3839 nemo

1889 3849 1962 3904 sit
2011 3847 2108 3920 qui
2162 3865 2260 3903 eos
2318 3851 2584 3920 repellat.
2639 3855 2920 3926 Equidem
2978 3860 3101 3916 haec
3156 3871 3514 3926 monasteria

1888 3939 2007 3992 Deo
2028 3939 2086 3990 et
2110 3937 2321 3992 sanctis
2341 3938 2463 4008 ejus
2486 3940 2694 4010 dicavi,
2715 3946 3028 4020 vestrisque
3054 3951 3250 4009 usibus
3279 3972 3508 4014 accom-

1889 4025 2142 4093 modavi,
2179 4030 2364 4083 vestra
2408 4027 2467 4082 in
2513 4030 2623 4086 hoc
2669 4048 2801 4088 usus
2841 4051 3022 4108 opera
3069 4038 3208 4095 forti
3239 4048 3298 4099 et
3325 4046 3504 4103 ﬁdeli.

1889 4115 2036 4180 Quid
2059 4118 2254 4169 autem
2280 4115 2339 4171 in
2361 4119 2659 4188 posterum
2683 4125 3024 4180 eventurum
3057 4126 3150 4194 sit,
3171 4128 3506 4204 incomper-

1887 4207 2010 4258 tum
2048 4207 2132 4258 est
2162 4205 2328 4259 mihi.
2375 4205 2590 4263 Videtis
2629 4226 2768 4266 sane
2825 4229 2939 4284 quo
2969 4215 3097 4270 loco
3147 4233 3242 4273 res
3289 4226 3504 4280 nostra:

1885 4293 2094 4381 sint,et
2123 4309 2300 4364 quam
2323 4293 2396 4348 sit
2420 4294 2510 4350 hic
2561 4299 2812 4354 mundus
2852 4301 2912 4356 in
2953 4303 3213 4376 maligno
3260 4311 3499 4381 positus.

1886 4381 1944 4436 Si
1974 4380 2113 4453 quid
2141 4381 2315 4454 igitur
2344 4387 2534 4456 potest
2557 4386 2713 4458 apud
2741 4404 2839 4443 vos
2877 4391 3062 4446 oratio
3094 4380 3496 4470 mea,rcurate,

137 4480 281 4535 lum
321 4477 590 4534 remetiri
625 4493 638 4532 :
664 4478 820 4548 cujus
850 4479 1077 4548 partem
1100 4475 1402 4530 dimidiam
1425 4475 1532 4530 sibi
1549 4491 1646 4530 rex
1666 4492 1784 4531 ser-
1806 4476 1858 4536 D
1885 4472 2145 4538 obsecro,
2161 4488 2234 4527 ne
2251 4473 2321 4527 ab
2339 4488 2408 4528 ea
2428 4472 2786 4548 integritate,
2810 4495 2986 4551 quam
3007 4480 3067 4536 in
3091 4483 3251 4540 vobis
3267 4488 3498 4547 efﬁcere

138 4568 340 4636 vavit,
372 4567 668 4638 reliquam
716 4565 910 4620 usibus
948 4580 1248 4620 servorum
1290 4564 1391 4618 Dei
1433 4566 1782 4619 testamento

136 4655 389 4710 addixit
404 4659 466 4710 et
487 4653 868 4709 conﬁrmavit.
887 4653 1049 4717 Quod
1065 4652 1301 4724 quidem
1332 4653 1512 4707 virum
1531 4653 1633 4708 Dei
1652 4670 1784 4726 pru-

133 4744 376 4800 denter
402 4742 726 4799 admodum
756 4741 953 4798 fecisse
975 4741 1360 4809 constat,ut,si
1384 4742 1636 4797 fortassis
1655 4759 1782 4797 suc-

1884 4559 2056 4627 volui,
2089 4561 2204 4616 ullo
2260 4578 2520 4633 unquam
2565 4580 2764 4620 errore
2803 4566 3176 4626 abducamini
3199 4591 3217 4627 :
3245 4576 3348 4631 sed
3376 4578 3497 4636 sitis

1884 4665 2114 4721 semper
2141 4649 2201 4704 in
2220 4649 2445 4706 Christo
2472 4653 2766 4724 conjuncti
2792 4657 2850 4711 et
2870 4658 3198 4729 unanimes,
3213 4669 3498 4736 quemad-

1884 4738 2122 4795 modum
2148 4742 2207 4794 et
2225 4742 2457 4797 Patrum
2483 4741 2822 4812 traditione,
2843 4748 2900 4800 et
2912 4746 3340 4820 Scripturarum
3369 4773 3498 4812 san-

1883 4831 2107 4883 ctarum
2141 4827 2408 4896 lectione,
2443 4832 2501 4883 et
2531 4845 2662 4885 mea
2689 4833 2931 4889 sollicita
2961 4836 3366 4898 adhortatione
3399 4861 3496 4901 ac-

129 4848 423 4888 cessores
453 4831 578 4902 ejus
607 4831 918 4904 aliquando
940 4830 1132 4886 minus
1149 4832 1404 4901 possent,
1432 4829 1648 4885 minori
1680 4847 1780 4885 ne-

127 4922 346 4991 gotio,
367 4919 532 4993 quod
546 4919 736 4974 minus
754 4922 921 4986 esset,
942 4919 1065 4974 sine
1087 4917 1300 4973 invidia
1333 4921 1391 4972 et
1412 4917 1783 4974 infestatione

124 5009 495 5064 vicinorum
549 5007 780 5063 liberius
837 5007 944 5062 sibi
1003 5007 1383 5062 vindicarent.
1441 5005 1595 5062 Obiit
1651 5024 1782 5063 vero

123 5097 339 5152 etiam
373 5096 661 5152 Clotarius
681 5113 800 5164 rex,
829 5099 888 5151 et
923 5095 994 5151 ad
1028 5095 1413 5151 Childericum
1447 5096 1786 5152 monarchia

121 5183 443 5240 devoluta
465 5188 609 5240 erat.
643 5188 714 5239 At
743 5185 836 5240 ille
868 5187 1086 5257 postea,
1120 5187 1358 5257 propter
1377 5199 1609 5238 morum
1631 5183 1787 5240 inso-

119 5273 408 5328 lentiam
435 5272 790 5340 interfectus,
806 5273 1046 5329 fratrem
1065 5271 1485 5329 Theodoricum
1504 5272 1704 5327 habuit
1725 5273 1784 5328 in

123 5359 436 5417 Occiduis
465 5362 633 5433 regni
663 5361 921 5434 partibus
951 5377 1363 5428 successorem,
1387 5360 1476 5416 cui
1509 5361 1786 5433 magister

122 5452 436 5523 equitum
454 5451 1112 5508 fuitEbroinus.Horum
1133 5450 1500 5523 tyrannidem
1519 5451 1780 5519 aversati,

121 5545 532 5602 Austrasiani
545 5546 604 5603 Pi
608 5547 745 5618 pino
758 5545 1006 5620 principi
1025 5547 1335 5604 studebant
1348 5549 1405 5603 et
1425 5546 1784 5620 parebant.ls

1883 4919 2128 4992 cepistis.
2163 4919 2240 4973 Ex
2268 4918 2468 4974 vestris
2511 4919 2783 4976 manibus
2825 4941 3127 4998 nunquam
3169 4929 3496 5003 deponatur

1885 5024 2045 5064 sacra
2069 5008 2258 5076 lectio,
2291 5006 2391 5061 sed
2417 5005 2475 5061 in
2509 5024 2577 5061 ea
2601 5007 2674 5062 sit
2710 5010 2869 5066 vobis
2887 5011 3042 5085 jugis
3071 5017 3396 5078 meditatio.
3425 5025 3496 5080 Ut

1886 5097 2044 5152 enim
2076 5112 2234 5168 ager,
2265 5095 2529 5167 quamvis
2556 5095 2782 5167 fertilis,
2813 5099 2935 5156 sine
2973 5104 3196 5160 cultura
3230 5124 3346 5163 non
3377 5126 3494 5180 po-

1885 5188 1997 5240 test
2025 5202 2146 5240 esse
2184 5185 2552 5240 fructuosus:
2586 5184 2667 5240 ita
2718 5204 2822 5243 nec
2875 5189 2999 5246 sine
3057 5193 3318 5250 doctrina
3366 5199 3489 5252 ani-

1887 5290 2016 5328 mus
2037 5277 2080 5340 (1
2099 5274 2168 5344 1).
2191 5272 2373 5327 Nostis
2397 5273 2560 5341 illud,
2576 5274 2746 5330 docto
2764 5279 2823 5331 et
2843 5279 3068 5335 erudito
3090 5281 3316 5338 homini
3338 5284 3488 5341 vive-

1885 5379 1968 5429 re,
1988 5378 2108 5416 esse
2129 5359 2402 5432 cogitare.
2439 5361 2699 5417 Orationi
2743 5365 3080 5438 frequenter
3119 5368 3439 5429 incumbite
3472 5393 3486 5432 :

1885 5469 1989 5527 pro
2006 5451 2183 5524 culpis
2194 5449 2774 5522 humanafragilitate
2794 5451 3054 5508 admissis
3073 5455 3257 5512 Deum
3283 5458 3488 5532 depre-

1882 5541 2127 5612 camini;
2163 5558 2234 5598 ne
2283 5541 2424 5596 alias
2467 5539 2739 5615 deinceps
2789 5540 3130 5610 admittatis,
3166 5547 3266 5604 sed
3311 5551 3490 5612 etiam

202 5709 348 5785 (10)
383 5709 504 5767 CIC.
542 5708 700 5769 Tusc.
731 5725 771 5782 ι,
795 5709 891 5765 30.
1960 5703 2072 5780 (tt)
2093 5703 2207 5763 CIC.
2237 5700 2396 5761 Tusc.
2427 5703 2573 5768 11,5.
