3954 6180
503 426 638 486 1167

1291 420 1590 480 NOTGERI
1627 417 2032 479 LEODIENSIS
2075 418 2397 477 EPISCOP]
2432 420 2599 477 VITA
2639 420 2696 478 S.
2731 420 3030 488 REMACLI

3620 427 3724 487 \le

499 555 784 620 accurate,
817 566 889 606 ue
913 547 970 605 id
1004 548 1108 606 ﬁat
1124 546 1436 622 invigilate.
1465 547 1525 604 Si
1545 545 1676 621 quis
1714 545 1875 602 enim
1905 561 2105 602 socor-
2128 549 2187 609 Α
2211 543 2364 602 vidia
2394 545 2566 602 Siculi
2602 564 2720 603 non
2752 547 3022 604 invenere
3056 547 3289 621 tyranni
3329 549 3493 622 majus
3531 555 3729 611 tormen-

502 642 612 699 dias
642 644 700 697 et
731 639 972 713 ignavias
995 657 1056 696 se
1081 638 1328 705 dederit,
1345 637 1558 694 frustra
1575 637 1672 692 ille
1695 638 1880 692 Deum
1903 635 2109 706 implo-

502 729 727 786 raverit.
761 727 933 784 Vobis
956 727 1136 784 virtus
1155 727 1249 794 sit,
1273 727 1472 783 vitium
1497 727 1721 799 fugere,
1739 728 1799 780 et
1824 724 2109 797 sapientia

499 817 706 891 prima,
744 817 985 873 stultitia
1033 816 1282 873 caruisse
1321 816 1459 888 (12).
1502 815 1717 882 Pudor,
1754 813 2110 885 justitiasque

499 907 1009 980 sororincorrupta
1036 906 1200 974 ﬁdes,
1215 906 1484 978 nudaque
1509 904 1719 960 veritas
1740 901 1878 975 (13),
1909 901 2111 957 vestris

498 997 558 1052 in
589 995 859 1051 cordibus
886 994 993 1051 sibi
1025 994 1383 1052 domicilium
1404 993 1716 1060 vindicent,
1741 995 1804 1048 ut
1829 991 1926 1064 qui
1955 991 2110 1046 facta

498 1088 686 1141 vestra
739 1085 1119 1156 conspiciunt,
1156 1086 1231 1140 ad
1270 1083 1660 1139 imitationem
1699 1086 2104 1154 provocentur.

500 1174 708 1229 Veram
733 1179 1106 1246 peccatorum
1137 1172 1562 1228 confessionem
1613 1169 1835 1226 faciatis
1882 1170 2000 1224 Deo
2052 1173 2109 1224 et

499 1263 751 1334 praelatis
779 1262 980 1319 vestris
1009 1280 1022 1318 :
1056 1261 1447 1317 tentationum
1467 1259 1877 1332 impressiones
1904 1259 1962 1312 in
1983 1258 2107 1328 ipso

499 1351 689 1423 primo
719 1351 880 1406 aditu
909 1349 1210 1423 detegatis.
1235 1349 1556 1406 Stultorum
1592 1348 1750 1404 enim
1799 1339 2110 1418 praeposta.

500 1457 598 1494 rus
636 1441 824 1511 pudor
853 1440 994 1496 dum
1021 1442 1170 1496 celat
1207 1441 1420 1508 ulcera,
1451 1439 1559 1494 illis
1600 1437 1850 1508 majores
1879 1436 2108 1492 submi-

501 1530 708 1586 nistrat
730 1531 896 1585 vires.
922 1529 1328 1585 Ohedientiam
1356 1528 1673 1599 majoribus
1701 1527 1987 1594 exhibete,
2017 1542 2106 1580 co-

499 1634 626 1672 ram
678 1618 1131 1674 institutionibus
1179 1618 1405 1673 animos
1454 1616 1910 1672 accommodate.
1950 1615 2106 1669 Tunc

498 1707 657 1762 enim
685 1709 897 1780 quique
921 1712 1078 1763 recte
1107 1707 1258 1775 vivit,
1280 1706 1325 1761 si
1355 1709 1518 1762 curat
1538 1705 1597 1760 id
1628 1708 1714 1760 est
1740 1705 1896 1778 quod
1922 1703 2102 1760 audit.

497 1795 518 1869 (
539 1795 624 1869 14)
636 1797 721 1851 Ab
739 1797 1032 1860 omnibus,
1045 1813 1173 1869 quae
1185 1796 1273 1851 ira
1287 1795 1564 1868 suggerit,
1579 1794 2100 1866 vobistemperate;

2213 638 2339 690 tum
2364 636 2494 707 (19).
2511 635 2566 691 Si
2601 635 2856 692 minores
2871 637 3117 692 fortasse
3128 637 3318 694 adsint
3327 638 3734 700 facultatesnolite

2213 727 2508 797 conqueri.
2533 727 2758 796 Pauper
2775 725 2932 780 enim
2953 743 3076 782 non
3102 730 3203 794 est,
3227 726 3314 782 cui
3342 745 3518 784 rerum
3539 733 3735 804 suppetit

2215 831 2348 868 usus
2364 816 2471 884 (20)
2491 831 2504 869 :
2525 818 2580 868 et
2596 815 2719 885 ipsa
2732 831 2834 869 nos
2848 818 3060 870 natura
3070 815 3327 888 quotidie
3340 816 3739 892 admonet,quam

2211 902 2425 974 paucis,
2441 919 2615 974 quam
2640 902 2862 970 vilibus,
2885 919 3063 976 quam
3095 903 3282 975 parvis
3313 908 3489 976 egeat.
3517 907 3618 963 Non
3644 910 3738 982 cpi-

2210 990 2316 1044 bus
2346 995 2571 1046 mentes
2593 991 2898 1047 hominum
2928 1008 3194 1065 curaeque
3220 994 3475 1049 levantur
3494 992 3604 1067 (21).

2284 1080 2414 1135 Haec
2427 1083 2558 1135 sunt
2569 1080 2884 1136 charissimi
2894 1122 2909 1147 ,
2926 1098 3176 1153 quorum
3190 1099 3288 1138 vos
3301 1082 3742 1154 admouitosvolui,

2209 1170 2490 1240 tanquam
2518 1168 2784 1223 ultimum
2811 1169 2932 1223 vale
2973 1170 3135 1225 vobis
3172 1170 3386 1239 dicens,
3413 1171 3526 1242 jam
3554 1173 3746 1247 jamque

2211 1275 2243 1313 e
2273 1259 2389 1313 vita
2415 1258 2691 1316 abiturus.
2728 1257 2835 1312 Vos
2863 1261 3082 1326 curate,
3107 1262 3166 1313 et
3194 1261 3360 1314 tanto
3385 1263 3574 1315 arctius
3598 1263 3749 1317 vestris

2209 1345 2536 1401 inhaereant
2553 1345 2903 1418 pectoribus,
2927 1349 3145 1418 quanto
3171 1348 3454 1419 majorem
3477 1365 3536 1404 ex
3564 1365 3671 1406 meo
3687 1367 3750 1406 re-

2211 1448 2370 1488 cessu
2399 1434 2723 1488 molestiam
2751 1433 2971 1504 capitis.
3005 1433 3141 1498 Quae
3171 1435 3217 1488 si
3256 1435 3411 1506 apud
3439 1453 3529 1491 vos
3555 1438 3749 1493 fructum

2210 1522 2463 1593 aliquem
2495 1521 2808 1589 effecerint,
2840 1521 3095 1577 maximo
3146 1539 3241 1578 me
3281 1524 3489 1595 gaudio
3525 1525 3750 1581 ofﬁcialis.

2210 1609 2392 1665 Simul
2423 1615 2618 1666 autem
2663 1610 2942 1682 cogitetis,
2974 1627 3072 1666 vos
3121 1596 3353 1684 quoque
3386 1614 3680 1682 morituros,
3710 1620 3753 1670 et

2208 1699 2289 1753 ita
2304 1702 2535 1770 tempus
2553 1697 2908 1771 paenitentia;
2931 1699 3172 1770 agendae
3194 1701 3560 1767 collatum,ne
3581 1719 3750 1775 quaso,

2207 1786 2462 1842 inaniter
2483 1787 2596 1842 labi
2616 1787 2942 1859 patiamini.
2965 1788 3186 1856 Veniet,
3209 1790 3403 1845 veniet
3421 1789 3508 1845 ille
3529 1791 3751 1859 dies,cum

496 1886 647 1941 solus
678 1886 837 1942 enim
863 1890 949 1942 est
977 1886 1306 1959 triumphus
1331 1885 1699 1952 innocentia,
1733 1901 1850 1940 non
1863 1899 2102 1956 peccare
2123 1871 2174 1931 B
2204 1875 2420 1930 frustra
2433 1874 2830 1930 desiderabitis
2843 1875 3002 1930 horse
3014 1879 3425 1933 usuram.Dum
3439 1882 3752 1951 ergotempus

493 1992 624 2031 cum
682 1977 883 2049 possis.
933 1978 997 2031 In
1046 1976 1284 2048 optimis
1349 1991 1580 2048 quoque
1647 1972 2100 2047 temperantiam
2205 1966 2312 2032 est,
2337 1963 2662 2036 operamini
2677 1964 2895 2018 bonum
2909 1964 2983 2020 ad
3005 1981 3210 2020 omnes
3222 1966 3378 2037 (Gal.
3396 1967 3632 2037 γε).Μοι’δ
3651 1968 3755 2022 ulti-

477 2065 808 2149 quamdam
857 2064 1150 2120 adhibete.
1183 2065 1280 2120 Est
1328 2065 1485 2119 enim
1537 2063 1742 2118 modus
1804 2062 1864 2116 in
1906 2061 2096 2127 rebus,

487 2156 622 2209 sunt
649 2154 791 2209 certi
822 2153 1072 2226 denique
1103 2154 1267 2220 fines,
1318 2170 1462 2226 quos
1506 2154 1658 2208 ultra
1699 2152 1958 2223 citraque
2001 2166 2100 2205 ne-

2203 2069 2302 2108 ma
2319 2053 2473 2108 linea
2491 2069 2688 2108 rerum
2704 2055 2790 2108 est
2800 2053 2945 2126 (22).
2963 2055 3280 2126 Perpetuus
3297 2056 3438 2111 nulli
3465 2056 3618 2110 datur
3639 2072 3753 2123 usus,

2201 2145 2259 2195 et
2286 2143 2470 2196 haeres
2497 2142 2791 2197 haeredem
2817 2141 3054 2196 alterius
3093 2143 3253 2197 velut
3283 2143 3443 2199 unda
3480 2144 3756 2218 supervenit

487 2243 614 2315 quit
638 2242 950 2298 consistere
972 2246 1195 2298 rectum
1225 2242 1363 2314 (l5);
1401 2245 1462 2298 et
1506 2241 1699 2296 metiri
1746 2258 1805 2296 se
1851 2239 2095 2311 quisque
2198 2229 2766 2296 undam(‘-’-3).Pulvis
2787 2234 2844 2285 et
2867 2231 3074 2285 umbra
3101 2233 3458 2302 sumusl24):
3477 2247 3755 2288 omnesuna

485 2347 588 2386 suo
601 2331 995 2403 pede,suoque
1015 2331 1253 2387 modulo
1272 2329 1586 2402 debet(16).
1608 2331 1790 2385 Nemo
1808 2327 1974 2384 alteri
2001 2327 2090 2382 in-

2196 2323 2398 2374 manet
2421 2335 2598 2386 mors,
2622 2321 2681 2374 et
2705 2319 2983 2374 calcanda
3001 2320 3183 2375 semel
3205 2319 3300 2375 via
3319 2321 3457 2376 lethi
3475 2321 3661 2393 (25).Ιιι
3677 2321 3756 2376 bo-

475 2419 666 2490 jurius
711 2419 781 2474 sit
810 2436 823 2472 ε
856 2419 1117 2490 accipere
1161 2419 1342 2487 anim,
1386 2436 1562 2491 quam
1601 2419 1813 2487 facere,
1853 2419 2092 2489 prestat
2195 2406 2282 2461 nis
2305 2410 2500 2461 autem
2534 2407 2806 2480 operibus
2830 2411 2888 2462 et
2922 2411 3079 2462 recte
3110 2408 3276 2463 factis
3308 2409 3354 2463 si
3385 2409 3514 2464 hinc
3543 2410 3758 2465 decesse-

479 2505 777 2578 injuriam.
803 2507 1170 2575 Patientiam,
1202 2524 1330 2580 qum
1356 2507 1720 2562 miseriarum
1750 2510 1949 2577 portus
1983 2509 2088 2573 est,

479 2595 925 2667 amplectimini,
959 2611 1135 2651 nemo
1183 2595 1341 2650 enim
1394 2595 1538 2650 adeo
1579 2594 1858 2650 barbarus
1905 2597 1990 2648 est
2029 2598 2091 2648 ut

479 2700 598 2739 non
655 2684 835 2757 possit
893 2683 1214 2752 mitescere,
1245 2684 1422 2740 modo
1475 2685 1713 2740 cultum
1766 2682 2087 2756 patientem

476 2773 815 2828 commodet
839 2789 1041 2828 aurem
1073 2774 1204 2846 (17).
1225 2776 1270 2827 Α
1297 2773 1454 2828 nullo
1469 2772 1800 2845 labore,qui
1813 2772 1932 2827 sita
1942 2788 2086 2844 prae-

475 2861 638 2916 fectis
664 2862 862 2918 vestris
891 2861 1052 2918 vobis
1072 2862 1394 2934 impositus,
1427 2860 1868 2917 absterreamini
1902 2877 1916 2916 :
1949 2861 2086 2933 quia

476 2967 682 3006 omnes
709 2951 886 3006 etiam
915 2951 1045 3006 duri
1068 2951 1314 3018 labores,
1351 2950 1729 3006 contentione
1761 2950 1908 3005 fiunt
1937 2951 2086 3004 tole-

473 3041 705 3110 rabiles,
743 3044 800 3095 et
828 3057 962 3095 usus
1001 3040 1116 3095 sive
1151 3039 1507 3095 consuetudo
1558 3039 1851 3108 laborum,
1903 3038 2081 3094 etiam

474 3129 702 3184 dolores
729 3129 867 3185 facit
882 3129 1068 3200 magis
1079 3129 1365 3199 patibiles.
1381 3127 1701 3198 Segnitiem
1725 3143 1960 3200 prorsus
1990 3127 2080 3181 fu-
2111 3155 2160 3215 α

472 3218 618 3290 gite:
637 3235 755 3275 non
777 3219 936 3274 enim
959 3217 1194 3289 ignavas
1217 3221 1444 3272 mentes
1463 3217 1629 3272 facile
1650 3217 2085 3272 comitaturvir-

473 3308 930 3380 tus.Superbiam
953 3307 1040 3362 vel
1067 3306 1319 3362 maxime
1343 3306 1685 3376 respuite,ut
1701 3322 1836 3361 vera
1859 3305 2084 3377 possitis

473 3397 740 3452 libertate
765 3396 958 3467 potiri.
983 3395 1107 3449 Non
1137 3395 1293 3449 enim
1330 3394 1425 3448 ille
1455 3395 1602 3448 liber
1625 3393 1942 3449 censendus
1974 3397 2079 3461 est,

473 3485 634 3555 cujus
662 3485 925 3538 animum
957 3484 1227 3553 superbia
1257 3487 1520 3552 occupat.
1545 3482 1879 3537 Castitatem
1909 3487 2086 3537 secta-

474 3573 640 3641 mini,
682 3573 874 3628 omnis
903 3588 1156 3644 namque
1186 3571 1557 3643 ponderatio,
1591 3575 1654 3626 ut
1683 3571 1764 3626 ait
1788 3571 2086 3643 Scriptura

475 3662 689 3724 divina,
723 3677 841 3716 non
872 3664 955 3716 est
977 3660 1154 3734 digna
1184 3660 1538 3715 continentis
1567 3659 2082 3732 animm.Prosperi

475 3768 780 3819 successus,
812 3750 1108 3823 quietiam
1152 3749 1502 3822 sapientium
1557 3749 1782 3804 animos
1813 3749 2080 3822 fatigant,

476 3857 595 3897 non
621 3857 720 3895 vos
748 3840 1069 3905 delectent;
1103 3855 1240 3895 nam
1263 3837 1360 3912 qui
1379 3840 1506 3912 plus
1535 3839 1719 3895 nimio
1742 3839 2080 3907 delectatur,

474 3930 646 3986 rebus
658 3929 994 3986 secundisin
1007 3930 1231 3986 diversa
1246 3929 1483 3984 mutatis
1497 3928 2082 4003 quatietur(18).Ante

476 4019 676 4076 omnia
698 4035 904 4092 pacem
935 4023 994 4074 et
1011 4019 1384 4076 concordiam
1406 4019 1750 4074 servandam
1766 4019 2084 4084 admoneo,

479 4113 539 4165 ut
566 4109 714 4164 sicut
739 4108 800 4164 in
833 4108 1202 4165 duobusestis
1225 4107 1593 4164 monasteriis
1619 4107 1975 4180 congregati,
2007 4107 2089 4162 ita

476 4214 714 4270 gemma
743 4197 901 4254 vobis
927 4198 1146 4254 ferveat
1173 4197 1426 4266 dilectio,
1442 4197 1542 4253 Dei
1557 4200 1616 4253 et
1625 4197 1903 4270 proximi;
1923 4213 2089 4252 cum-

478 4305 590 4360 que
608 4287 680 4342 sit
707 4304 852 4343 unus
873 4288 1033 4343 vobis
1069 4292 1264 4358 pastor
1293 4287 1618 4360 prmfectus,
1644 4289 1802 4343 nullo
1829 4301 2086 4358 unquam

479 4375 750 4430 seandalo
778 4379 877 4431 aut
895 4375 1202 4432 schismate
1229 4393 1327 4432 vos
1358 4376 1532 4432 dividi
1551 4375 1856 4448 patiamini
1888 4375 2086 4449 (Ecch'.

2192 2496 2394 2562 rimus,
2426 2496 2577 2551 beati
2612 2496 2849 2564 erimus,
2893 2512 3008 2550 una
3056 2513 3188 2551 cum
3236 2497 3566 2568 corporibus
3609 2495 3750 2551 etiam

2193 2587 2355 2642 omni
2385 2585 2700 2656 cupiditate
2728 2588 2788 2639 et
2812 2585 3185 2640 aemulatione
3214 2586 3482 2641 absoluti.

2264 2675 2358 2730 His
2378 2673 2725 2730 suavissimis
2759 2674 2938 2746 iisque
2964 2673 3241 2729 extremis
3270 2674 3622 2730 sermonibus
3643 2688 3754 2727 mm-

2188 2779 2386 2818 rorem
2411 2763 2644 2818 illorum
2669 2761 2888 2816 lenivit.
2907 2762 3131 2817 Deinde
3153 2763 3388 2818 modica
3411 2765 3684 2834 correptus
3699 2762 3762 2814 le-

2186 2849 2314 2920 bre,
2343 2867 2475 2906 cum
2505 2867 2565 2906 se
2590 2850 2937 2905 sacrosancti
2964 2850 3226 2922 corporis
3265 2854 3326 2905 et
3365 2850 3641 2923 sanguinis
3666 2849 3754 2903 Do-

2188 2940 2336 2994 mini
2361 2939 2565 2994 viatico
2597 2938 3017 3006 conﬁrmasset,
3048 2938 3205 2993 inter
3233 2939 3682 2994 charissimorum
3703 2936 3754 2989 ﬁ-

2186 3029 2399 3084 liorum
2423 3043 2630 3083 manus
2658 3026 2915 3082 animam
2945 3026 3202 3082 reddidit
3230 3027 3509 3094 Creatori,
3531 3029 3645 3099 post
3659 3023 3756 3078 diu-

2185 3121 2424 3172 turnam
2439 3117 2664 3172 Christo
2681 3116 2999 3171 exhibitam
3012 3117 3378 3172 servitutem.
3404 3112 3759 3171 Vetuslsraeli-

2189 3210 2540 3278 la,egressus
2562 3222 2630 3260 ex
2649 3205 3174 3277 Egypto,spoliato
3189 3205 3572 3273 vicino,aucta
3583 3202 3762 3256 talenta

2185 3295 2523 3368 reportavit.
2559 3296 2778 3367 Corpus
2814 3295 2961 3366 ejus,
2987 3295 3312 3351 honoriﬁce
3355 3298 3630 3358 curatum,
3656 3302 3762 3346 cum

2187 3385 2372 3438 multa
2399 3385 2757 3454 psalmorum
2796 3387 2855 3437 et
2884 3383 3244 3455 hymnorum
3273 3383 3530 3438 melodia
3551 3382 3604 3435 in
3641 3375 3762 3433 beati

2185 3473 2410 3528 Martini
2433 3472 2686 3528 oratorio
2699 3472 2857 3544 quod
2873 3471 2993 3542 ipse
3010 3476 3352 3528 extruxerat
3374 3473 3670 3527 humatum
3681 3467 3764 3530 est;

2189 3561 2286 3615 ubi
2308 3561 2485 3616 etiam
2507 3559 3368 3634 aliquandiujacuit,miraculis
3388 3559 3616 3615 interim
3631 3557 3768 3610 testa-

2187 3651 2312 3704 tum
2327 3649 2586 3704 efficiens
2611 3665 2669 3704 se
2692 3649 2841 3721 apud
2860 3649 3174 3704 Dominum
3198 3650 3414 3705 vivere.
3430 3644 3686 3704 Successit
3703 3638 3766 3695 illi

2189 3738 2461 3793 dominus
2499 3739 2844 3810 Papolenus,
2887 3737 2974 3792 vir
3021 3738 3401 3810 apostolicus,
3439 3739 3593 3809 cujus
3630 3740 3768 3802 supra

2187 3826 2430 3882 fecimus
2445 3826 2808 3882 mentionem
2836 3843 2849 3881 :
2883 3827 3174 3898 Papoleuo
3197 3826 3518 3899 Sigolinus,
3542 3821 3678 3879 beati
3695 3833 3768 3892 pa-

2186 3916 2289 3971 tris
2293 3917 2316 3988 j
2329 3916 2517 3972 udicio
2531 3931 2694 3988 teque
2707 3915 3089 3988 approbatus:
3117 3915 3390 3987 Sigolino
3403 3914 3679 3971 Goduinus
3688 3923 3769 3962 an-

2189 4005 2278 4060 nis
2298 4009 2601 4060 etmorum
2613 4004 2950 4060 maturitate
2984 4003 3358 4076 grandaevus,
3389 4003 3489 4077 qui
3510 3997 3674 4058 sancti
3688 3991 3767 4048 viri

2189 4110 2400 4168 corpus
2433 4093 2746 4162 transtulit,
2770 4092 2908 4150 etin
2931 4093 3186 4150 Ecclesia
3222 4095 3287 4148 Β.
3330 4092 3487 4149 Petri
3535 4084 3769 4162 reposuit»

2189 4183 2520 4256 lectumque
2547 4182 2699 4238 illius
2729 4198 2871 4238 auro
2905 4185 2964 4238 et
2991 4185 3244 4254 argento
3279 4180 3611 4237 ornandum
3637 4186 3770 4230 cura-

2191 4271 2291 4326 vit.
2326 4271 2454 4340 Ubi,
2479 4287 2586 4344 per
2613 4272 2736 4343 ejus
2763 4271 2998 4339 merita,
3031 4271 3218 4326 multa
3253 4286 3439 4344 usque
3468 4269 3527 4325 in
3559 4272 3772 4340 presens
3823 4263 3833 4272 ’

2193 4362 2471 4418 Dominus
2496 4361 2914 4416 miraculorum
2935 4361 3103 4432 signa
3133 4359 3344 4428 efficit,
3371 4374 3502 4432 que
3530 4354 3635 4410 illic
3659 4365 3770 4406 con-

479 4465 647 4535 xxvn).
669 4465 794 4520 Non
805 4482 902 4522 vos
923 4481 1050 4521 ossa
1064 4482 1414 4522 consumens
1438 4442 1623 4522 vastat
1649 4442 2089 4535 invidia,‘nam-
2112 4444 2166 4504 D
2193 4451 2406 4523 scripta
2432 4451 2723 4506 habent“?
2751 4449 2814 4506 in
2841 4449 3077 4506 laudem
3104 4451 3164 4504 ει
3193 4447 3457 4520 gloriam
3485 4442 3773 4518 preem-

481 4569 594 4625 que
613 4552 839 4608 invidus
863 4553 1100 4610 alterius
1127 4554 1299 4612 rebus
1328 4555 1633 4613 macrescit
1661 4554 1888 4627 opimis,
1914 4558 1973 4611 et
2002 4554 2090 4611 in-

556 4694 663 4762 (12)
691 4695 830 4752 Hon.
851 4694 1037 4766 Epist.
1059 4697 1102 4764 Ι,
1132 4700 1182 4766 1,
1221 4696 1313 4755 4-1.

557 4767 659 4841 (l3)
693 4766 830 4841 lion.
866 4766 1055 4841 Qarm.
1083 4785 1124 4837 1,
1157 4771 1246 4841 24,
1276 4769 1312 4841 Ἰ
1333 4771 1405 4841 et
1435 4772 1487 4824 8.

554 4837 664 4910 (14)
692 4838 828 4910 lion.
868 4837 1027 4910 Epist
1077 4857 1118 4906 ι,
1161 4837 1246 4908 18,
1290 4839 1376 4896 17.

557 4909 831 4978 (15)Hon.
861 4909 982 4968 sat.
1019 4925 1058 4978 ι,
1094 4915 1145 4978 1,
1182 4912 1307 4967 107.

557 4980 674 5054 (16)
702 4981 844 5054 lion.
875 4981 1052 5054 Epist.
1085 5001 1123 5052 ι,
1154 4986 1212 5054 Ἷ,
1244 4986 1336 5038 98.

583 5051 674 5124 17)
696 5051 839 5124 lion.
862 5051 1044 5124 Epist.
1080 5051 1118 5123 ι,
1154 5051 1202 5120 l,
1229 5057 1310 5124 39_
1322 5057 1382 5109 et
1407 5056 1477 5110 40

584 5122 664 5198 18)
693 5122 844 5181 Hoa.
880 5122 1056 5196 Epist.
1093 5122 1130 5195 ἰ,
1170 5127 1256 5193 10,
1285 5122 1377 5181 30.

2197 4541 2267 4597 tis
2299 4540 2421 4610 Dei,
2453 4540 2553 4613 qui
2582 4543 2669 4595 est
2687 4538 3025 4596 benedictus
3052 4539 3113 4594 in
3143 4539 3385 4596 saecula.
3410 4540 3614 4593 Arnen.

2266 4687 2383 4758 (l9)
2410 4686 2548 4742 Hoa.
2578 4684 2755 4758 Epist.
2782 4703 2822 4754 ι,
2850 4688 2903 4754 2,
2937 4689 3026 4742 57.

2267 4757 2384 4831 (20)
2411 4759 2549 4831 non.
2580 4757 2757 4829 Epist.
2795 4774 2836 4827 ι,
2869 4760 2954 4812 l2.
2987 4759 3042 4812 4.

2268 4830 2383 4902 (21)
2415 4830 2647 4902 Lucas}

2273 4900 2383 4973 (22)
2409 4901 2550 4973 Bon.
2577 4900 2756 4973 Epist.
2780 4916 2820 4968 ι,
2853 4901 2941 4966 16,
2970 4902 3060 4956 79.

2266 4971 2380 5046 (23)
2405 4972 2542 5046 flos.
2565 4971 2742 5046 Epist.
2775 4987 2841 5040 ιι,
2868 4975 2921 5038 2,
2953 4973 3053 5026 175
3083 4978 3142 5030 et
3168 4977 3298 5031 176.

2271 5044 2385 5112 (24)
2413 5044 2554 5104 lion.
2584 5045 2772 5103 Carm.
2804 5057 2880 5113 1v,
2905 5048 2964 5111 7,
2995 5046 3082 5101 16.

2267 5119 2374 5189 (25)
2407 5115 2544 5172 Hoa.
2580 5113 2762 5175 Carm.
2793 5117 2832 5182 i,
2873 5115 2964 5182 28,
2995 5118 3058 5173 15
3091 5119 3148 5172 et
3179 5118 3272 5172 16.
