3960 6182
231 383 351 439 1189

1470 378 1896 438 CHRONICON.
1935 413 2006 424 —
2047 382 2172 438 LIB.
2216 385 2263 438 Ῑ.

3391 394 3523 448 1190

223 520 442 577 prorsus
467 503 541 558 ad
570 504 680 558 hoc
703 501 1010 575 indignum
1041 517 1100 556 se
1123 499 1625 573 afﬁrmavit(l&5).
1656 503 1818 556 Atta-
1835 509 1892 568 Α
1920 503 2214 575 cupientes
2244 503 2482 571 invadit,
2531 506 2588 559 et
2619 505 2812 576 paucis
2841 506 3244 579 eﬁ‘ugientibus
3272 513 3524 582 prostra-

223 610 346 649 men
379 593 435 646 in
467 592 574 646 hoc
606 607 738 645 eum
761 589 1030 662 equidem
1062 606 1323 662 peccasse
1349 606 1572 659 vereor,
1596 590 1730 663 quia
1759 590 1816 644 in

221 682 337 736 Vita
363 680 543 734 sancti
565 679 745 750 patris
764 679 1057 746 Othelrici,
1093 695 1264 750 quem
1293 678 1450 733 idem
1480 696 1579 734 rex
1607 677 1818 751 postad

228 771 629 826 sacerdotalem
650 768 939 840 promovit
953 767 1240 834 ordinem,
1262 767 1374 839 legi
1393 767 1540 840 (146)
1560 771 1818 822 sanctam

227 858 421 914 Christi
451 861 766 929 martyrem
796 857 920 926 (fol.
967 855 1043 928 4’)
1071 856 1277 910 Afram
1312 865 1358 897 ³³
1385 856 1590 911 dilecto
1612 856 1822 910 suimet

225 946 426 1019 presuli
459 946 644 1002 multa
672 945 730 999 in
774 945 894 999 visu
938 944 1274 1008 ostendisse,
1323 943 1476 998 inter
1507 961 1633 1016 qua:
1678 944 1820 998 duos

223 1052 398 1097 enses,
432 1051 609 1088 unum
640 1049 770 1087 cum
797 1034 1022 1104 capula,
1074 1032 1364 1104 aliumque
1405 1032 1528 1087 sine
1568 1049 1636 1087 ea
1666 1041 1732 1098 δι,
1755 1048 1820 1086 ac

223 1140 318 1196 per
349 1140 481 1177 eum
497 1121 828 1176 Heinricum
843 1137 1042 1193 regem
1057 1121 1506 1176 consecrationis
1523 1123 1818 1192 expertem

220 1212 660 1266 demonstrasse.
693 1209 828 1277 Sed,
863 1210 1084 1265 occulto
1121 1208 1230 1262 hoc
1271 1209 1371 1264 Dei
1401 1209 1610 1280 juditio
1652 1208 1821 1262 relin-

218 1316 413 1371 quens,
437 1299 684 1370 amplius
713 1299 1078 1371 progrediar.

285 1390 334 1440 6.
366 1388 542 1441 Fama
568 1387 697 1442 novi
721 1387 873 1458 regis
913 1389 1360 1460 undiquessecus
1392 1387 1643 1459 dispersa
1673 1387 1817 1441 ami-

213 1493 407 1531 corum
423 1477 598 1530 corda
615 1476 1324 1549 laztiﬁcat,_rebelliumque
1342 1479 1580 1531 econtra
1590 1475 1821 1529 mestiﬁ-

213 1569 320 1631 cat,
359 1565 492 1637 quia
513 1565 598 1619 vir
629 1566 756 1619 talis
791 1565 898 1619 fuit
927 1570 991 1620 ut
1031 1583 1161 1622 suos
1185 1567 1355 1622 sciret
1382 1567 1673 1636 sapienter
1703 1569 1822 1618 tra-

213 1658 385 1721 ctare,
416 1653 680 1707 inimicos
707 1657 901 1708 autem
927 1655 1132 1710 callide
1151 1656 1504 1726 viriliterque
1526 1667 1818 1724 superare.

212 1743 680 1798 lntereaTammo
707 1751 753 1783 ³⁵
775 1747 943 1797 natus
965 1747 1078 1811 est;
1104 1748 1162 1799 et
1184 1761 1349 1799 mens
1365 1742 1512 1814 regis
1533 1743 1605 1796 ab
1618 1756 1818 1796 amore

213 1830 399 1884 uxoris
429 1829 786 1897 decrescens,
815 1831 888 1885 ob
921 1831 1372 1902 pulcritudinem
1415 1835 1472 1886 et
1503 1847 1627 1885 rem
1656 1839 1702 1871 ³⁸
1723 1845 1819 1884 cu-

206 1918 435 1988 jusdam
452 1917 706 1988 virginis,
723 1918 960 1973 nomine
982 1920 1287 1986 Mathildis,
1301 1923 1518 1975 secreto
1532 1918 1816 1990 ﬂagravit.

212 2008 332 2061 Iam
354 2007 594 2078 jamque
619 2007 847 2060 latentis
863 2006 1042 2061 animi
1064 2008 1256 2062 fervor
1272 2008 1460 2079 erupit
1478 2024 1492 2074 ;
1513 2010 1590 2074 et,
1607 2007 1683 2076 inj
1695 2008 1818 2060 usto

213 2112 270 2150 se
295 2096 570 2149 hactenus
601 2095 848 2149 multum
880 2111 1110 2166 pecasse
1142 2096 1386 2150 conubio
1417 2095 1654 2150 tandem
1683 2110 1816 2166 pro-

213 2184 409 2252 fessus,
426 2200 528 2254 per
541 2183 742 2237 afﬁnes
758 2185 1097 2256 legatosque
1112 2201 1243 2239 suos
1261 2185 1442 2238 ﬁliam
1456 2192 1500 2225 ³7
1517 2183 1820 2244 Theodrici

214 2277 269 2327 et
285 2272 652 2338 Reinildaz,ex
667 2272 1201 2345 Widukinnissregis
1215 2273 1367 2328 tribu
1383 2273 1814 2346 exortamHM),

213 2362 538 2431 interpellat
555 2369 600 2402 39
625 2364 685 2414 ut
714 2359 818 2414 sibi
855 2361 1121 2416 voluisset
1164 2361 1512 2418 satisfacere.
1571 2362 1657 2428 Et,
1683 2362 1819 2434 quia

213 2449 476 2504 flexibilis
507 2452 590 2503 est
609 2448 864 2504 mulieris
883 2449 1130 2517 animus,
1153 2450 1357 2522 etquia
1371 2450 1587 2504 sciebat
1604 2467 1736 2504 eum
1758 2451 1814 2505 in

211 2537 428 2592 cunctis
445 2538 781 2610 eligantem,
815 2539 1125 2605 consensit,
1149 2539 1569 2610 coniunctaque
1587 2539 1640 2593 ei
1668 2539 1817 2611 (148)

209 2631 328 2682 tam
361 2627 420 2680 in
453 2627 656 2681 divinis
685 2644 861 2700 quam
891 2627 948 2680 in
992 2628 1261 2682 humanis
1293 2627 1525 2698 profuit.
1558 2627 1676 2691 Que
1706 2632 1817 2682 tres

209 2715 359 2770 ﬁlios
373 2732 632 2786 congruo
647 2716 878 2787 pariens
895 2715 955 2769 in
973 2719 1255 2786 tempore,
1275 2716 1546 2770 Ottonem
1561 2725 1627 2784 ιο,
1646 2715 1814 2769 Hein-

210 2803 393 2859 ricum
417 2808 476 2858 et
502 2805 836 2858 Brunonem
855 2813 921 2871 η,
943 2821 1214 2876 prospere
1227 2804 1507 2871 educavit,
1527 2803 1816 2859 dolorem-

210 2910 318 2964 que
334 2897 530 2964 partus
544 2895 718 2946 tantae
732 2892 924 2962 stirpis
946 2893 1250 2948 dulcedine
1270 2891 1575 2964 superavit.
1600 2893 1724 2959 (fol.
1763 2893 1815 2964 5)

207 2983 275 3036 Et
295 2981 573 3054 quoniam
597 2980 739 3034 mihi
770 2997 960 3035 sermo
981 2984 1066 3035 est
1088 2981 1157 3034 de
1187 2981 1416 3048 Ottone,
1439 2999 1554 3035 non
1578 2986 1814 3036 autumo

207 3085 354 3140 opus
386 3085 507 3122 esse
530 3069 727 3122 omnia
755 3069 932 3140 patris
958 3069 1042 3123 sui
1084 3072 1246 3140 gesta
1275 3069 1607 3141 singulatim
1631 3070 1817 3124 discu-
1835 3096 1883 3156 ο

206 3162 353 3220 tere,
374 3173 506 3210 cum
539 3160 595 3209 et
619 3157 677 3210 in
711 3155 826 3209 ﬁlio
851 3161 1124 3227 appareat
1144 3159 1361 3226 quanta
1386 3172 1509 3225 ejus
1537 3155 1609 3210 sit
1634 3155 1817 3226 digni-

204 3250 314 3312 tas,
337 3250 399 3299 et
417 3245 638 3314 scriptis
685 3245 1002 3298 multorum
1022 3243 1132 3298 vite
1160 3244 1415 3314 ejusdem
1435 3244 1570 3298 satis
1600 3244 1815 3316 fulgeat

203 3335 458 3391 claritas.
492 3332 604 3387 Sed
628 3332 896 3404 quazdam
920 3333 1220 3399 intersere,
1243 3349 1370 3404 quae
1389 3332 1541 3386 dictu
1566 3333 1813 3388 maxime

201 3421 532 3477 necessaria
560 3431 604 3461 ιε
637 3424 793 3491 puto.
837 3420 946 3473 Has
981 3419 1246 3490 regiones
1283 3419 1390 3474 sibi
1420 3418 1553 3474 fecit
1581 3421 1816 3476 tributa-

198 3511 342 3577 rias,
374 3509 693 3575 Boemiam,
715 3507 1026 3563 Deleminci
1059 3517 1125 3576 ιδ,
1151 3508 1476 3578 Apodritas,
1511 3509 1681 3577 Wilti,
1707 3510 1813 3564 He-

195 3599 423 3653 vellum
449 3603 506 3652 et
527 3597 829 3665 Redarios;
859 3596 956 3667 qui
977 3596 1171 3651 statim
1196 3597 1728 3670 rebelles,aliosque
1743 3599 1816 3654 ad

192 3689 312 3743 hec
337 3687 710 3752 concitantes,
737 3687 940 3740 urbem
981 3685 1300 3740 Wallislevo
1335 3691 1697 3757 oppugnant,
1723 3688 1816 3741 de-

191 3779 438 3832 struunt
471 3779 527 3830 et
556 3775 874 3829 incendunt
899 3776 1048 3843 (149)
1072 3775 1180 3836 (an.
1213 3776 1354 3844 929).
1380 3773 1467 3827 Ad
1493 3776 1602 3829 hoc
1631 3775 1812 3829 vindi-

192 3864 460 3921 candum
497 3868 690 3919 noster
710 3863 976 3918 convenit
998 3863 1297 3924 exercitus,
1323 3865 1380 3916 et
1411 3862 1647 3917 Lunzini
1670 3875 1713 3903 ιι
1736 3864 1816 3918 ci-

188 3954 450 4008 vitatem
467 3952 753 4018 obsidens,
781 3950 962 4006 socios
985 3951 1349 4030 eorumdem,
1382 3967 1479 4006 eos
1505 3951 1815 4007 defendere

1919 591 2028 659 vit;
2059 591 2262 646 urbem
2289 610 2518 665 quoque
2551 594 2838 665 prefatam
2869 597 3185 668 acquisivit.
3208 601 3284 653 Ex
3320 598 3528 670 nostris

1919 682 2115 733 autem
2147 680 2258 736 duo
2284 682 2447 736 abavi
2475 683 2610 750 mei,
2631 699 2744 737 uno
2759 684 3023 752 nomine,
3044 686 3526 757 quodLiutheri“

1917 771 2103 834 sonat,
2127 769 2356 840 signati,
2381 770 2590 825 milites
2621 771 2826 842 optimi
2859 775 2916 826 et
2941 789 3156 844 genere
3207 774 3525 842 clarissimi,

1917 856 2088 911 decus
2110 860 2168 910 et
2221 858 2479 913 solamen
2525 860 2746 931 patriai,
2784 862 2975 917 Nonas
3012 862 3368 933 Septembris
3397 879 3527 918 cum

1918 945 2113 1000 multis
2140 946 2263 1001 aliis
2302 947 2602 1019 oppeciere
2643 947 2814 1019 (150).

1988 1040 2040 1088 7.
2055 1035 2325 1089 Utnullus
2343 1034 2564 1089 Christo
2580 1035 2837 1090 ﬁdelium
2854 1037 2924 1091 de
2946 1037 3139 1093 futura
3163 1042 3528 1094 mortuorum

1916 1122 2343 1176 resurreccione
2375 1122 2736 1190 difﬁdat,sed
2766 1124 2838 1178 ad
2869 1124 3052 1179 beatae
3083 1125 3531 1181 immortalitatis

1917 1209 2128 1281 gaudia
2143 1210 2487 1266 anhelanter
2499 1228 2602 1282 per
2613 1215 2811 1266 sancta
2829 1213 3222 1282 proﬁciscatur
3249 1213 3532 1270 desideria

1918 1299 2206 1370 quaedam,
2241 1315 2368 1371 quae
2409 1298 2468 1352 in
2512 1301 2652 1354 urbe
2703 1301 3019 1357 Wallislevo
3068 1307 3196 1374 post
3246 1303 3528 1357 excidium

1915 1386 2034 1452 (fol.
2069 1387 2124 1458 5)
2151 1387 2413 1458 ejusdem
2464 1397 2508 1429 ιθ
2555 1389 2890 1444 reediﬁcata
2934 1390 3205 1444 accidisse
3255 1391 3533 1446 veraciter

1917 1475 2196 1546 comperi,
2233 1475 2540 1534 intimabo.
2561 1477 2622 1530 ln
2643 1477 2764 1549 ipso
2794 1477 3031 1532 orientis
3059 1478 3173 1532 diei
3201 1480 3532 1550 crepusculo

1918 1564 2116 1618 solitus
2147 1567 2272 1618 erat
2301 1564 2590 1636 presbiter
2613 1565 2873 1635 ejusdem
2905 1565 3159 1620 eCclesize
3186 1567 3533 1622 matutinam

1919 1668 2148 1707 canere.
2183 1651 2296 1706 Sed
2322 1668 2453 1707 cum
2499 1653 2572 1707 ad
2609 1654 2820 1710 atrium
2867 1654 3272 1710 defunctorum
3312 1657 3536 1711 veniret

1918 1741 2116 1795 videns
2136 1740 2195 1794 in
2217 1757 2284 1796 eo
2308 1757 2586 1812 magnam
2605 1741 3042 1798 multitudinem
3057 1743 3381 1798 oblationes
3399 1744 3538 1799 oﬁ'e-

1918 1833 2146 1883 rentem
2161 1829 2444 1884 sacerdoti
2461 1845 2658 1884 coram
2677 1829 2879 1902 templi
2895 1830 3114 1886 foribus
3132 1831 3327 1898 stanti,
3344 1831 3532 1902 primo

1918 1917 2193 1983 substitit,
2208 1920 2523 1989 posteaque
2540 1918 2705 1989 signo
2720 1922 2932 1974 sanctae
2955 1918 3137 1974 crucis
3158 1937 3218 1975 se
3241 1920 3531 1990 muniens,

1918 2022 2022 2078 per
2047 2022 2252 2060 omnes
2278 2005 2406 2069 hos,
2435 2022 2540 2060 nec
2580 2023 2695 2062 uno
2723 2008 2926 2062 saltem
2959 2007 3181 2080 agnito,
3214 2008 3531 2064 oratorium

1919 2093 2174 2165 trepidus
2200 2093 2362 2152 adiit.
2415 2093 2598 2158 Quem
2640 2112 2756 2150 una
2803 2096 3025 2150 noviter
3070 2096 3140 2150 de
3188 2096 3298 2151 hoc
3326 2097 3533 2152 saeculo

1919 2199 2148 2253 egressa
2169 2187 2227 2236 et
2242 2183 2349 2238 sibi
2365 2183 2514 2238 bene
2529 2187 2689 2251 nota,
2704 2184 2842 2256 quid
2862 2184 2953 2238 hic
2970 2185 3158 2252 vellet,
3176 2183 3533 2257 interrogat;

1919 2271 2237 2343 edoctaque
2265 2272 2336 2326 ab
2365 2288 2456 2335 eo,
2484 2289 2663 2344 quare
2702 2273 2943 2340 venerit,
2975 2273 3098 2328 haec
3126 2273 3326 2329 omnia
3347 2274 3417 2329 ab
3448 2271 3536 2328 bis

1918 2377 2038 2415 esse
2069 2361 2359 2432 completa
2386 2369 2452 2428 ιτ,
2479 2377 2837 2433 parvumque
2867 2361 3145 2433 temporis
3174 2361 3425 2417 eundem
3459 2361 3536 2416 vi-

1917 2452 2143 2502 cturum
2175 2448 2441 2520 predixit.
2467 2448 2634 2512 Quod
2663 2448 2859 2503 vicinis
2891 2453 3018 2520 post
3042 2450 3259 2517 retulit,
3283 2467 3532 2522 veraque

1915 2537 2110 2590 haec‘8
2159 2553 2280 2591 esse
2334 2545 2379 2577 ιο
2429 2537 2845 2608 comprobavit.
2884 2537 3015 2591 Meis
3065 2537 3424 2609 temporibus
3473 2538 3534 2594 in

1913 2625 2304 2696 Magadaburg
2329 2625 2561 2680 —sicut
2586 2642 2619 2679 a
2645 2624 2936 2680 veracibus
2959 2626 3151 2698 accepi
3177 2625 3438 2694 testibus,
3473 2627 3533 2681 in

1915 2712 2040 2782 ipsa
2065 2716 2199 2767 tunc
2232 2714 2504 2767 continue
2532 2729 2776 2767 manens
2801 2744 2868 2752 —
2893 2713 2951 2767 in
2972 2714 3226 2769 aecclesia
3252 2718 3535 2770 mercato-

1916 2817 2046 2855 rum
2079 2800 2362 2864 custodes,
2391 2801 2596 2855 eadem
2614 2803 2783 2855 nocte
2808 2800 3128 2871 vigilantes,
3145 2803 3236 2859 his
3259 2820 3384 2874 quae
3399 2821 3530 2876 pre-

1918 2889 2030 2943 dixi
2062 2889 2464 2944 convenientia
2494 2889 2614 2944 visu
2645 2893 2702 2944 et
2727 2888 2925 2944 auditu
2946 2891 3351 2962 percipieutes,
3379 2894 3531 2964 opti-

1917 2994 2043 3032 mos
2063 2977 2300 3032 civitatis
2329 2977 2642 3031 adducunt.
2669 2975 2775 3040 Qui
2803 2993 2936 3031 cum
2964 2979 3138 3049 longe
3161 2978 3232 3032 ab
3257 2979 3402 3033 atrio
3436 2995 3532 3034 ca-

1917 3067 2189 3121 daverum
2205 3065 2520 3132 adstarent,
2553 3065 2815 3120 lucernas
2829 3064 3190 3120 candelabris
3202 3068 3528 3139 superposi-

1917 3161 2000 3210 tas
2013 3157 2224 3223 videre,
2240 3154 2620 3227 duosqueinvi
2632 3154 2904 3210 tatorium
2920 3154 3036 3226 (151
3051 3159 3063 3227 )
3077 3172 3286 3211 canere
3302 3156 3534 3213 matuti-

1915 3261 2132 3316 nasque
2161 3243 2360 3298 laudes
2391 3242 2708 3298 ordinatim
2731 3260 2935 3298 omnes
2966 3245 3290 3314 persolvere
3312 3246 3534 3318 pariter

1915 3334 2169 3400 audiere;
2189 3332 2528 3388 accedentes
2541 3336 2737 3388 autem
2754 3332 2894 3387 nihil
2911 3333 3152 3388 omnino
3173 3334 3530 3392 intellexere.

1915 3423 2031 3478 Hoc
2057 3439 2164 3495 ego
2197 3439 2329 3476 cum
2359 3422 2730 3493 subsequenti
2755 3421 2846 3476 die
2876 3421 3036 3493 nepti
3068 3439 3236 3492 meae,
3270 3440 3396 3495 quae
3418 3425 3536 3480 Bri-

1917 3512 2184 3583 gida(fol.
2203 3514 2260 3581 6)
2280 3511 2599 3578 dicebatur,
2629 3527 2767 3566 cura
2793 3528 2999 3583 regens
3024 3511 3300 3583 pastorali
3325 3529 3528 3569 mona-

1916 3600 2155 3654 sterium
2187 3599 2366 3654 sancti
2402 3599 2693 3654 Laurentii
2717 3601 2889 3669 (152),
2943 3599 3247 3663 referrem,
3281 3600 3339 3656 in
3370 3601 3528 3657 inﬁr-

1915 3687 2117 3742 mitate
2148 3685 2232 3740 sui
2259 3686 2516 3758 corporis
2545 3686 2834 3742 laboranti
2895 3696 2961 3754 50,
3009 3689 3274 3758 protinus
3325 3691 3398 3745 ab
3439 3707 3528 3759 ea,

1917 3791 2287 3847 nequaquam
2320 3775 2426 3828 hoc
2461 3773 2716 3840 miranti,
2751 3775 2865 3828 tale
2897 3776 3129 3846 percepi
3155 3793 3528 3847 responsum:

1916 3865 2241 3935 «Tempore
2256 3861 2499 3916 Baldrici
2513 3862 2880 3934 presulis,qui
2893 3864 3189 3934 octoginta
3201 3868 3532 3938 annos(153)

1917 3952 2004 4006 vel
2025 3952 2151 4023 plus
2178 3951 2603 4022 Trajectensem
2653 3958 2698 3992 εί
2736 3951 2978 4023 regebat
3021 3952 3241 4020 sedem,
3288 3952 3347 4008 in
3379 3954 3529 4022 loco,

1546 4057 1772 4112 νΑΒΙιλΕ
1802 4055 2204 4114 LECTIONES.

277 4157 327 4191 ³³
358 4148 564 4202 aﬁ'ram
599 4152 648 4202 1.
719 4157 770 4219 γει
803 4148 1005 4218 capulo
1040 4177 1098 4219 τέ
1127 4150 1251 4219 eo‘l
1287 4147 1316 4201 ’ἒ
1389 4154 1434 4187 ³⁵
1464 4145 1728 4215 Tammo,
1753 4148 1852 4219 qui
1872 4152 1931 4203 et
1957 4146 2350 4219 Tanckmarus
2381 4149 2435 4219 2.
2494 4153 2559 4219 ,δα
2590 4160 2644 4214 p.
2665 4145 2734 4219 in
2747 4161 3016 4219 amorem
3035 4150 3088 4201 2.
3166 4154 3211 4188 ³⁷
3238 4147 3318 4202 ita
3341 4149 3396 4201 in
3419 4147 3528 4203 loco

186 4237 326 4274 raso
363 4224 414 4280 l,
486 4227 533 4290 με
563 4218 835 4273 widuinni
870 4215 919 4272 1.
949 4217 1247 4272 widikindi
1277 4221 1322 4271 1.
1388 4226 1444 4290 _8_°
1476 4219 1690 4287 pellare
1727 4215 1790 4272 1.“
1806 4235 1948 4276 corr.
1991 4217 2064 4290 Aab
2091 4219 2199 4287 ipso
2230 4223 2290 4269 ut
2319 4216 2451 4290 _vi_'d.
2491 4215 2864 4290 interpellare
2895 4217 3048 4290 cepit
3078 4221 3132 4272 2.
3211 4219 3526 4290 foimpera-

181 4296 403 4346 torem
428 4289 576 4343 addit
604 4294 650 4344 1.
729 4299 772 4332 ιι
805 4289 1300 4359 archiepiscopum
1330 4287 1479 4341 addit
1512 4291 1565 4342 1.
1643 4300 1688 4330 η
1721 4288 2042 4344 necessario
2065 4291 2147 4341 ta.
2181 4356 2203 4359 _
2229 4296 2274 4328 ιθ
2299 4287 2676 4341 delemencici
2711 4291 2796 4342 1α.
2874 4299 2920 4329 ιι
2950 4287 3183 4344 alterum
3208 4287 3227 4342 i
3249 4287 3460 4343 erasum
3483 4291 3526 4346 Ι.

183 4372 243 4404 4³
274 4362 389 4414 duo
419 4362 435 4414 i
460 4377 607 4415 erasa
640 4365 690 4416 1.
768 4369 814 4402 ιθ
845 4361 979 4414 dem
1000 4356 1213 4413 ἐναεηῖη
1247 4363 1292 4414 1.
1373 4367 1418 4399 ιτ
1450 4360 1706 4413 narravit
1727 4361 1877 4414 addit
1905 4360 2144 4414 Honorii
2166 4356 2358 4430 Imago
2386 4359 2580 4412 mundi
2599 4361 2793 4416 11.919.
2871 4367 2917 4401 ιο
2945 4359 3070 4416 add.
3107 4359 3190 4416 ib.
3270 4369 3317 4402 ιο
3338 4363 3529 4416 morte

182 4449 310 4488 sua
337 4431 492 4488 addit
514 4431 790 4487 Honorius
812 4433 853 4487 1.
888 4433 929 4484 Ι.
1006 4439 1052 4474 50
1082 4431 1382 4486 laborante
1418 4434 1503 4486 la.
1583 4439 1627 4472 ει
1659 4433 1735 4485 ita
1777 4436 1828 4488 1.
1859 4449 1886 4486 e
1929 4448 2068 4485 corr.

1759 4517 1983 4574 NOTAE.

280 4610 436 4674 (145)
480 4608 645 4662 Conf.
677 4606 1091 4662 Widukindum
1122 4607 1166 4673 l,
1194 4609 1281 4662 26.

278 4681 429 4750 (146)
471 4680 635 4734 Conf.
662 4678 900 4750 Gerardi
938 4678 1130 4750 iVitam
1169 4678 1226 4733 S.
1281 4677 1814 4750 Udalriciepiscopi

180 4751 550 4821 Augustani,
581 4767 630 4808 c.
659 4753 710 4806 3.
743 4749 837 4807 ed.
887 4749 1580 4821 WelseringetBernonis
1626 4749 1812 4821 Vitam

183 4824 245 4892 ej
259 4819 472 4892 usdem
496 4838 544 4875 c.
564 4824 614 4875 9.
637 4821 721 4875 Ab
742 4821 854 4892 hac
869 4820 1080 4873 visione
1100 4819 1390 4875 Heinricus
1423 4824 1617 4892 noster
1634 4819 1816 4874 dictus

186 4891 292 4946 est
311 4891 482 4946 Ensis
503 4895 617 4946 sine
644 4893 830 4962 capulo
844 4891 902 4945 in
924 4892 1260 4961 Necrologio
1277 4891 1597 4946 Prumiensi
1619 4907 1671 4944 a.
1689 4893 1815 4946 919.

182 4964 432 5017 Archiv.
467 4963 558 5017 fur
581 4965 715 5018 aelt.
753 4965 816 5016 D.
846 4962 1044 5018 Gesch.
1079 4963 1168 5016 lll.
1200 4963 1287 5017 24.

269 5036 434 5104 (147)
472 5033 674 5104 Regina
694 5033 814 5102 ﬁlia
851 5032 1196 5104 Thiadrz'ci...
1230 5035 1328 5102 stin

269 5052 403 5102 (μυ
419 5052 674 5114 inegma
694 5052 814 5112 [ma
851 5052 1196 5112 lutaarzcz...
1230 5052 1406 5158 sont-fus
1438 5052 1620 5104 magn:
1670 5052 1815 5113 dum

200 5103 565 5183 Wfdgkgndz,
581 5105 886 5183 Widukind
909 5106 1052 5183 ,_
1068 5104 1301 5183 Beinhil
1330 5145 1364 5183 Α,
1382 5109 1569 5183 mater
1598 5120 1815 5183 regina:

184 5175 465 5247 blahtild,
499 5193 624 5247 quae
656 5176 798 5230 obiit
824 5175 880 5228 d.
911 5174 1038 5229 Maii
1068 5175 1133 5241 ll,
1159 5175 1216 5228 in
1243 5176 1589 5230 Kalendario
1610 5174 1817 5230 Merse-

187 5245 486 5318 burgeusi
507 5245 792 5301 laudatur.

272 5317 428 5390 (MS)
470 5318 689 5390 Nuptiae
718 5318 840 5390 ista:
871 5317 1471 5390 secundaeicelebratze
1493 5320 1631 5390 sunt
1659 5331 1814 5390 anno

189 5391 331 5444 909.
359 5388 528 5444 Conf.
543 5387 718 5444 Waitz
735 5389 1119 5444 Jahrbrucher
1131 5389 1230 5443 des
1244 5389 1567 5444 Deutschen
1588 5387 1814 5443 Reiehs.

271 5477 429 5601 (life)
458 5477 548 5584 ’ἑὲ
567 5530 912 5586 Widukindo
939 5532 981 5597 ι,
1017 5533 1104 5585 36.

275 5600 432 5671 (150)
475 5603 800 5658 Widukind.
834 5604 874 5656 1.
905 5604 1112 5658 LAna.
1146 5601 1451 5671 Quedlinb.
1486 5617 1540 5655 ει.
1573 5600 1816 5665 930,Ka-

189 5670 370 5729 lend.
418 5670 664 5745 Merseb.
703 5673 893 5729 Nonas
936 5670 1598 5745 SeptembrtLiutltardus
1643 5687 1814 5725 comes

191 5760 333 5804 eum
351 5744 541 5806 multis:
553 5744 785 5824 Lunziru
797 5745 947 5822 obiit.
961 5743 1212 5805 Annales
1227 5743 1600 5802 Corbeienses
1618 5746 1814 5799 autem

1366 5033 1406 5086 is
1438 5048 1620 5104 magn:
1670 5033 1818 5086 ducis

1799 4677 1809 4687 .
1836 4618 1888 4676 D
1918 4623 2176 4687 pugnam
2221 4623 2261 4660 ιι
2293 4607 2440 4661 Non.
2474 4605 2771 4678 Septemb.
2796 4624 2851 4662 a.
2885 4609 2987 4664 929
3012 4607 3227 4664 factam
3258 4625 3379 4664 esse
3409 4612 3525 4665 tra-

1919 4678 2082 4732 dunt

1987 4747 2136 4822 (151)
2168 4747 2265 4822 _S_c._
2293 4749 2584 4819 psalmum
2617 4752 2708 4804 99.

1986 4818 2127 4888 (152)
2168 4818 2404 4873 Videtur
2435 4818 2853 4875 monasterium
2887 4820 3227 4875 monialium
3265 4822 3325 4876 in
3379 4838 3526 4878 nova

1916 4891 2057 4944 urbe
2097 4891 2478 4962 Magdeburg._
2523 4891 2674 4945 bello
2709 4891 3008 4962 tricennali
3042 4893 3268 4962 penitus
3298 4893 3523 4948 destru-

1916 4960 2442 5044 ctum,intelligere’.
2452 4960 2742 5041 Caeterum
2751 4961 2922 5044 Galbe
2935 4960 3523 5044 insuburbioquoque

1915 5033 2128 5086 exstitit
2153 5032 2572 5086 monasterium
2585 5032 2926 5087 monialium
2937 5074 2950 5100 ,
2972 5033 3030 5087 S.
3048 5032 3353 5088 Laurentio
3369 5032 3522 5088 dica-

1915 5107 2062 5170 tum,
2089 5107 2147 5157 et
2167 5104 2296 5173 jam
2327 5105 2530 5157 stimulo
2555 5120 2585 5156 x
2603 5104 2921 5158 aBohemis
2947 5105 3321 5170 destructum,
3362 5105 3520 5173 cujus

1915 5174 2332 5255 infra-mentio.
2360 5175 2814 5255 occurri_t._.'li_mo.
2854 5205 2922 5214 —
2967 5177 3196 5255 Patrem
3223 5191 3292 5255 ea
3323 5173 3522 5255 habuit

1915 5242 2190 5299 comitem
2215 5244 2548 5298 Lotharium
2575 5245 3058 5300 Walbeccensem.
3099 5245 3225 5298 vide
3254 5244 3340 5297 Jo.
3375 5242 3515 5296 Lud.

1916 5316 2109 5370 Levin.
2140 5315 2424 5387 Gebhardi
2458 5315 2726 5387 aquilon.
2767 5315 3085 5370 marchion.
3125 5330 3186 5387 p_.
3236 5316 3323 5387 29.
3363 5313 3516 5387 st.

1913 5386 2236 5512 --bBrigida
2274 5384 2562 5441 abbatissa
2592 5387 2734 5441 obiit
2760 5390 2892 5442 Dec.
2919 5389 3004 5441 30.
3039 5402 3090 5439 ν.
3121 5384 3343 5438 Necrol.
3376 5384 3516 5439 Μειδ-

1915 5475 1972 5512 se
2020 5501 2032 5512 .

1915 5475 2032 5514 ὅθί).

1985 5529 2135 5599 (153)
2165 5527 2275 5585 Sic.
2309 5528 2438 5583 cod.
2471 5531 2530 5583 et
2556 5529 2764 5583 Annal.
2817 5527 2962 5582 Saxo
2995 5541 3086 5599 ξι.Δ
3111 5526 3240 5599 929.
3293 5526 3520 5599 Rectius

1914 5595 2145 5680 dixisset
2169 5604 2364 5680 no_st_c_3r
2385 5599 2769 5680 quadraginta
2783 5601 2958 5680 “octo:
2994 5595 3326 5680 Baldericus
3359 5597 3520 5680 enim

1913 5671 2264 5751 episc0patui
2287 5666 2634 5751 frajiectensi
2657 5668 2885 5751 praafuit
2909 5666 2991 5751 ab
3010 5683 3065 5723 a.
3097 5670 3351 5751 928-917.
3373 5667 3520 5751 _Male

1911 5737 2088 5814 igitur
2106 5737 2364 5815 conjecit
2389 5737 2722 5814 'Wagnerits
2757 5749 2883 5821 ante
2927 5739 2998 5818 80
3030 5753 3220 5821 annos.
3259 5737 3524 5821 Fortasse
