3954 6180
505 389 636 444 1195

1483 369 1854 428 ΤΗΙΕΤΜΑΒΙ
1889 364 2464 426 MERSEBURGENSI
2504 362 2815 422 EPlSCOPl

3605 375 3705 428 1196

500 509 592 573 lis,
611 524 737 565 sero
759 504 832 560 ad
852 503 959 557 ista
989 499 1049 554 et
1077 495 1150 552 ad
1180 494 1423 550 meliora
1438 501 1483 535 οι
1505 491 1837 563 respiciens,
1864 489 2100 544 animas-
2121 495 2175 551 Α
2201 504 2355 542 anno
2386 486 2552 558 regni
2595 486 2802 541 suimet
2835 485 2888 540 ’7.
2938 492 3010 528 108
3065 485 3149 539 19.
3185 483 3444 540 Kalendas
3471 485 3704 545 Februarii

503 617 614 673 que
644 591 987 653 memoriam
1038 587 1352 642 salutarem
1404 583 1560 637 nullo
1593 581 1768 636 modo
1805 596 2098 635 exercens.

499 669 810 758 ﬁostquam
836 682 1032 752 pastor
1055 675 1288 731 effectus
1318 689 1468 732 sum.
1498 669 1962 740 docuisubjectos
1977 684 2099 723 ver-

501 778 587 833 bis
614 756 866 837 tantum,
889 772 948 824 et
977 783 1094 823 non
1128 763 1429 836 exemplis.
1472 761 1834 816 Extrinsecus
1863 756 2104 829 apparui

500 867 708 933 bonus,
738 858 1020 916 interiora
1045 856 1264 911 violans
1306 850 1569 924 pessimis
1615 848 2060 920 cogitationibus
2087 864 2101 914 ;

502 956 572 1008 de
595 948 900 1008 immundo
924 945 1146 1002 semine
1178 944 1510 1012 conceptus,
1538 939 1840 994 volutabar
1868 937 1927 990 in
1961 937 2104 1002 luto,

503 1048 564 1097 ut
594 1039 900 1096 immunda
937 1053 1049 1091 sus.
1085 1033 1245 1090 Dicat
1269 1029 1474 1102 aliquis
1499 1045 1512 1082 :
1542 1028 1682 1082 Male
1725 1025 1966 1080 laudasti
2000 1028 2056 1078 te
2090 1023 2102 1077 l

504 1131 594 1185 cui
623 1127 949 1200 respondeo
980 1139 1183 1179 verum
1231 1121 1340 1174 hoc
1398 1134 1539 1184 esse,
1573 1116 1728 1188 quod
1759 1114 2107 1169 deteriorem

505 1235 601 1274 me
633 1216 827 1273 nescio
848 1223 915 1270 π.
940 1212 1157 1268 Idcirco
1185 1225 1280 1264 me
1312 1207 1388 1261 sic
1417 1221 1617 1276 arguo,
1648 1207 1709 1257 ut
1749 1203 1958 1274 agnitis
1987 1204 2109 1256 vul-

507 1307 740 1365 neribus
760 1304 926 1367 meis,
953 1314 1250 1358 succurras
1272 1295 1416 1350 mihi
1441 1303 1486 1336 89
1515 1291 1996 1348 medicationibus
2015 1307 2113 1345 ne-

507 1397 785 1462 cessariis,
813 1398 871 1449 et
899 1410 965 1448 ex
1001 1404 1218 1460 magna
1247 1389 1414 1458 parte
1444 1400 1678 1439 consors
1707 1382 1822 1436 mei
1852 1381 1929 1435 sic
1955 1379 2110 1452 adju-

509 1505 603 1544 ves
633 1488 690 1542 in
713 1482 985 1540 omnibus
1011 1495 1128 1544 me,
1155 1477 1301 1531 sicut
1324 1473 1463 1529 velis
1494 1472 1749 1527 exhiberi
1782 1486 1887 1542 pro
1921 1474 1998 1524 te.

585 1581 668 1631 11.
694 1575 761 1628 Et
785 1570 979 1626 inclita
1003 1563 1343 1622 venerabilis
1374 1564 1536 1630 gesta
1563 1559 1849 1614 Mahtildis
1875 1567 1946 1626 υτ,
1983 1575 2109 1630 quas

511 1669 640 1739 post
670 1675 962 1718 excessum
983 1654 1224 1712 senioris
1239 1651 1643 1721 suisumopere
1661 1648 1815 1714 fecit,
1839 1646 2110 1718 equidem

509 1735 703 1828 paucis
731 1743 1224 1819 comprehendam
1256 1741 1327 1795 ad
1345 1737 1728 1793 imitationem
1753 1737 1968 1791 bonam
1991 1735 2109 1795 (fol.

2203 576 2346 632 obiit
2369 585 2458 641 109,
2486 576 2575 630 cui
2610 575 2992 642 Bernhardus,
3025 573 3284 645 ejusdem
3310 575 3713 645 capellauus,suc-

2203 666 2389 733 cessit,
2424 666 2567 720 sicut
2593 665 2644 719 ei
2671 664 2828 736 prius
2860 665 2943 718 vir
2969 667 3200 717 sanctus
3245 663 3487 733 predixit.
3511 665 3713 738 Namque

2204 755 2249 809 is
2281 755 2377 810 diu
2398 755 2663 810 inﬁrmus
2694 753 2846 808 videt
2868 771 2923 808 in
2960 752 3198 818 somnis,
3227 751 3373 823 quod
3400 753 3622 809 baculum
3647 772 3718 825 pa-

2206 845 2479 898 storalem
2507 861 2536 898 e
2563 843 2830 897 manibus
2859 842 2971 896 suis
2986 843 3246 914 elapsum
3275 841 3592 896 Bernhardus
3606 859 3718 912 pone

2207 951 2454 1004 sequens
2483 933 2732 987 elcvaret
2763 934 2821 985 et
2863 931 2920 985 in
2953 934 3154 1003 aperto
3199 933 3460 1002 portaret.
3495 930 3552 983 Et
3569 946 3722 1001 exper-

2209 1021 2432 1092 giscens
2457 1020 2680 1074 vocavit
2702 1035 2838 1073 eum
2873 1017 2944 1072 ad
2976 1035 3055 1085 se,
3101 1017 3338 1071 dicens:
3376 1017 3506 1071 Vade
3541 1017 3598 1070 ad
3633 1035 3727 1072 car-

2210 1121 2313 1164 tem
2345 1127 2572 1180 regiam,
2595 1125 2806 1161 sumens
2828 1125 2890 1162 ex
2904 1124 3019 1160 mea
3039 1113 3196 1177 parte
3221 1123 3338 1178 quae
3352 1105 3439 1159 tibi
3460 1111 3550 1159 sint
3575 1105 3629 1158 ad
3647 1106 3726 1159 hac

2209 1201 2526 1266 necessaria,
2561 1205 2608 1252 et
2639 1199 2852 1268 nequire
2877 1198 3112 1264 gratiam
3133 1202 3182 1248 et
3211 1193 3459 1248 auxilium
3484 1194 3549 1247 ibi
3583 1197 3730 1263 optime

2210 1289 2521 1355 valentium,
2565 1295 2629 1342 ut
2659 1287 2758 1342 tibi
2813 1285 2966 1340 liceat
3012 1287 3122 1339 sine
3174 1287 3320 1338 omni
3362 1285 3611 1354 offensione
3630 1282 3731 1336 mihi

2209 1379 2494 1433 succedere.
2531 1376 2835 1433 Providebit
2863 1377 3002 1429 cnim
3030 1375 3139 1428 haec
3166 1375 3348 1429 omnia
3386 1373 3478 1426 tibi
3511 1380 3569 1413 ιον
3609 1370 3732 1426 Deus.

2209 1467 2392 1520 dilecte
2418 1468 2540 1535 ﬁli!
2570 1466 2831 1520 Edictum
2864 1464 3043 1519 amati
3073 1462 3314 1517 senioris
3342 1460 3633 1516 obeditione
3655 1459 3733 1512 hu-

2213 1555 2333 1610 mili
2358 1555 2722 1610 Bernhardus
2752 1570 2882 1608 mox
2916 1554 3236 1625 complens,
3265 1552 3399 1606 dum
3421 1567 3450 1604 a
3468 1565 3586 1619 rege
3603 1546 3734 1602 Hein-

2211 1645 2328 1700 rico
2383 1648 2790 1709 reverteretur,
2839 1643 3122 1714 comperit
3167 1640 3460 1697 dominum
3505 1639 3674 1692 suimet
3695 1640 3734 1689 et

2214 1736 2438 1805 patrem
2474 1734 2544 1787 de
2611 1733 2717 1786 hac
2767 1733 2890 1786 luce
2935 1730 3225 1785 tricesimo
3276 1726 3620 1784 ordinationis
3655 1742 3736 1778 sua:

511 1814 564 1915 il)
591 1814 1128 1900 fidelibus-cunctis;
1163 1831 1297 1903 quia
1335 1831 1532 1883 sancta
1580 1829 1684 1891 est,
1724 1827 1786 1878 ut
1833 1819 2185 1896 scripturaB
2215 1838 2370 1876 anno
2420 1821 2493 1875 ad
2537 1821 2824 1875 Christum
2874 1821 3186 1892 migrasse;
3239 1822 3296 1872 et
3342 1834 3467 1871 mox
3503 1814 3740 1886 repedans,

511 1912 681 1988 docet
698 1926 908 1991 (Maeli.
941 1941 1036 1990 xu,
1060 1924 1172 1988 46),
1204 1922 1261 1973 et
1284 1915 1526 1972 salubris
1553 1912 1850 1984 cogitatio,
1883 1929 1987 1983 pro
2016 1913 2118 1968 de-

513 2021 724 2080 functis
745 2033 910 2074 orare
923 2016 982 2070 et
1001 2007 1333 2067 elemosinis
1349 2003 1771 2059 absolutionem
1804 2003 1914 2056 hiis
1939 2011 1984 2045 89
2008 2002 2120 2057 im-

513 2116 763 2185 petrare.
802 2105 1068 2178 Legimus
1113 2097 1268 2172 quod
1314 2104 1361 2138 οε
1417 2094 1584 2148 unius
1629 2091 1834 2164 captivi
1871 2092 2117 2160 vincula,

515 2181 688 2277 quem
720 2208 766 2242 σθ
796 2212 939 2252 uxor
965 2209 1066 2248 sua
1086 2193 1292 2261 putans
1315 2188 1612 2240 mortuum
1637 2181 1874 2237 assiduis
1909 2199 2121 2253 procu-

515 2272 659 2348 ravit
682 2284 953 2357 exequiis,
997 2279 1170 2335 tocies
1216 2277 1596 2336 solverentur,
1637 2272 1870 2343 quocies
1915 2288 2019 2342 pro
2051 2289 2119 2328 eo

518 2374 897 2448 acceptabiles
917 2373 1034 2426 Deo
1065 2365 1211 2439 patri
1234 2363 1436 2418 hostiae
1465 2370 1533 2403 ίοο
1559 2361 1630 2415 ab
1663 2369 1730 2402 ίοί
1754 2377 1823 2414 ea
1842 2361 2119 2414 offerren-

517 2473 612 2522 tur
643 2475 734 2531 102,
766 2466 828 2518 ut
855 2463 977 2532 ipse
1007 2458 1056 2512 ei
1091 2456 1219 2527 post
1252 2451 1469 2512 retulit,
1516 2465 1646 2503 cum
1679 2449 1920 2503 domum
1957 2465 2120 2502 suam

519 2557 664 2611 liber
689 2551 898 2608 revisit.
924 2549 1038 2602 Hoc
1058 2541 1323 2612 exemplo
1355 2539 1572 2593 domna
1600 2536 1976 2600 Mahtildism,
2001 2536 2121 2591 viro

519 2645 732 2700 suimet
761 2637 988 2696 vinculo
1020 2632 1449 2688 momentanete
1479 2625 1684 2680 mortis
1705 2625 2123 2695 depresso,suc-

519 2733 717 2798 currit,
744 2745 860 2784 non
895 2725 1080 2780 solum
1114 2717 1691 2792 pauperibus,verum
1717 2713 1900 2768 eciam
1927 2715 2124 2769 avibus

522 2824 731 2877 victum
752 2812 1196 2873 subministrans
1218 2806 1380 2877 (171).
1407 2804 1936 2875 Congregationem
1986 2819 2124 2874 quo-

510 2928 632 2985 que
660 2899 1191 2964 sanctimonialium
1242 2896 1300 2950 in
1356 2894 1447 2948 die
1503 2892 1793 2946 tricesima
1843 2892 1900 2945 in
1951 2909 2124 2963 supra

521 2980 849 3056 memorata
878 2991 1019 3048 urbe
1047 2985 1266 3052 statuit,
1295 2987 1352 3039 et
1376 2983 1509 3038 huic
1531 2984 1814 3053 quantum
1847 2981 1920 3034 ad
1947 2980 2124 3035 victus

520 3094 578 3144 et
605 3088 688 3143 sui
719 3085 952 3141 vestitus
1000 3075 1321 3134 necessaria
1366 3072 1726 3143 suppetebat,
1761 3087 1826 3125 ex
1858 3087 1960 3124 sua
1988 3086 2126 3140 pro-

521 3178 788 3249 prietate,
817 3167 1186 3228 laudantibus
1215 3164 1324 3218 hoc
1345 3161 1556 3216 suimet
1585 3160 1736 3226 filiis,
1759 3160 2039 3214 concessit
2069 3164 2126 3214 et

521 3265 747 3337 scriptis
765 3256 1132 3318 conﬁrmavit
1162 3255 1331 3320 (17'2).
1369 3252 1650 3331 Asserunt
1690 3249 1953 3303 nonnulli
1986 3265 2126 3303 ean-

523 3335 654 3410 dem
686 3355 796 3408 hoc
825 3359 1133 3418 sumopere
1165 3341 1261 3397 diu
1293 3339 1518 3394 enisam
1544 3346 1610 3379 ίοι
1642 3335 1835 3402 fuisse,
1859 3337 2126 3408 quodju-

523 3443 653 3497 nior
679 3441 828 3495 ﬁlius
855 3437 1068 3491 suimet
1099 3429 1405 3486 Heinricus
1435 3426 1614 3497 patris
1645 3426 1844 3480 sedem
1874 3427 2127 3497 posside-

524 3533 633 3586 ret.
664 3528 778 3584 Sed
803 3527 913 3580 hoc
944 3525 1114 3586 Deus,
1139 3519 1350 3573 electos
1377 3516 1481 3570 sibi
1501 3515 1570 3569 ad
1592 3531 1952 3587 unaquaeque
1976 3533 2132 3570 sem-

524 3634 626 3690 per
669 3611 1092 3688 praaordinans,
1140 3604 1346 3671 noluit,
1378 3620 1481 3658 nec
1514 3607 1869 3658 summatum
1910 3605 2132 3675 optima

524 3723 656 3779 pars
686 3699 977 3760 consensit
999 3706 1088 3764 105,
1121 3696 1221 3750 sed
1251 3693 1484 3749 racione
1503 3691 1771 3763 prudenti
1798 3696 1855 3746 et
1882 3693 2014 3747 ideo
2045 3693 2129 3747 fa-

523 3796 628 3852 cile
660 3789 946 3855 suadenti,
977 3787 1099 3842 haec
1129 3783 1401 3838 merentis
1417 3780 1636 3851 regina!
1668 3781 1930 3836 animum
1959 3784 2128 3853 paulo

522 3885 718 3940 minus
749 3899 782 3937 a
813 3876 1110 3952 proposito
1143 3869 1470 3935 declinavit,
1494 3872 1553 3921 et
1581 3869 1712 3924 huic
1754 3878 1822 3912 £06
1849 3871 2130 3926 Bawarios

523 3974 597 4029 ad
618 3970 901 4028 tuendum
932 3964 1127 4037 apcius
1159 3958 1459 4031 assignari,
1494 3959 1793 4029 prehabito
1848 3960 1954 4014 sibi
1992 3965 2128 4015 nato

523 4061 756 4132 majori,
783 4053 1089 4113 consuluit.

597 4153 662 4205 12
714 4148 830 4218 (fol.
864 4147 956 4216 10)
1003 4145 1170 4197 Anno
1213 4139 1519 4197 dominica:
1548 4137 1964 4194 incarnationis
2003 4141 2126 4193 723.

521 4239 849 4296 indiccione
881 4236 924 4288 ll
979 4232 1147 4304 regni
1173 4234 1368 4286 autem
1401 4229 1573 4301 primi
1604 4245 1755 4300 regis
1803 4227 2049 4283 Heinrici

522 4326 865 4384 venerabilis
889 4320 1264 4396 Sigimundus
1288 4321 1624 4385 107,5anctas
1642 4316 2130 4372 Ilalverstidensis

524 4416 761 4470 ecclesiae
784 4414 1022 4469 antistes
1042 4413 1250 4476 sextus,
1273 4410 1346 4463 ab
1371 4408 1612 4463 Arnulfo
1631 4423 1768 4476 rege
1796 4406 1869 4460 ibi
1888 4405 2127 4477 positus,

2217 1911 2456 1982 predicli
2487 1911 2644 1982 regis
2666 1927 2928 1977 munere,
2953 1910 3106 1982 quod
3130 1908 3399 1981 postulat,
3429 1903 3743 1976 consequitur.

2220 2000 2474 2055 Positum
2500 2004 2585 2054 est
2615 2003 2809 2054 autem
2840 2015 3048 2069 corpus
3078 1997 3286 2070 prefati
3321 1995 3543 2067 presulis
3570 1994 3616 2046 in
3653 1992 3745 2044 dex-

2221 2093 2344 2144 tera
2373 2092 2534 2160 parte
2567 2089 2762 2143 altaris
2812 2088 3015 2142 Christi
3074 2084 3495 2158 protomartiris
3541 2083 3590 2137 in
3614 2079 3747 2153 gradu

2221 2179 2536 2250 prcjacenti
2569 2186 2660 2240 110,
2695 2181 2754 2231 ut
2799 2177 2916 2247 ipse
2966 2180 3139 2230 antea
3181 2171 3624 2247 premonstravit,
3667 2183 3746 2221 non

2215 2267 2485 2338 jacendo,
2510 2266 2610 2319 sed
2631 2282 2805 2336 supra
2833 2265 3170 2319 cathedram
3203 2262 3475 2327 sedendo,
3503 2271 3748 2330 speransse

2222 2357 2449 2427 patroni
2480 2355 2690 2409 suimet
2728 2355 3142 2410 intercessione
3171 2357 3372 2409 sancta
3391 2357 3447 2407 et
3464 2346 3749 2406 benediccio-

2225 2463 2297 2499 ne
2327 2443 2666 2499 sacerdotali
2697 2444 3113 2515 perpetualiter
3143 2443 3382 2497 muniri.

2299 2537 2381 2588 13.
2416 2535 2532 2604 (fol.
2573 2534 2684 2598 10.)
2707 2533 2962 2596 Qualiter
2994 2532 3326 2587 misericors
3343 2525 3752 2599 Deusprediclum

2224 2639 2422 2694 regem
2453 2623 2509 2676 in
2533 2622 2734 2676 diebus
2760 2621 2871 2676 suis
2897 2621 3234 2693 respexerit,
3269 2617 3518 2692 quamvis
3545 2615 3604 2668 de
3617 2611 3752 2668 Pierio

2223 2712 2384 2766 fonte
2417 2711 2566 2783 (173)
2595 2711 2675 2764 nil
2704 2727 2980 2781 umquam
3011 2706 3511 2775 biberim,cunctis
3530 2707 3689 2757 tamen
3708 2706 3754 2739 ίθθ

2222 2799 2488 2854 ﬁdelibus
2517 2797 2898 2852 innotescam.
2922 2798 3046 2852 Fuit
3068 2798 3126 2852 in
3159 2795 3412 2852 occiduis
3434 2785 3756 2866 partibusqui-

2224 2886 2355 2942 dam
2375 2905 2490 2957 rex,
2513 2889 2584 2942 ab
2608 2889 2812 2943 incolis
2828 2888 2957 2942 Karl
2988 2886 3111 2953 Sot,
3132 2886 3189 2940 id
3217 2889 3303 2940 est
3319 2883 3562 2940 stolidus,
3584 2877 3748 2933 ironice

2224 2977 2406 3032 dictus
2438 2985 2527 3044 ιιι,
2551 2977 2648 3049 qui
2680 2979 2752 3032 ab
2781 2994 2892 3032 uno
2943 2976 3154 3030 suimet
3184 2976 3398 3029 ducum
3431 2971 3568 3043 (171)
3592 2971 3759 3038 captus,

2225 3067 2476 3121 tenebris
2495 3067 2808 3122 includitur
2832 3066 3234 3122 carceralibus.
3269 3065 3363 3120 Hic
3393 3058 3619 3118 Heinrici
3645 3054 3755 3125 regis

2225 3156 2428 3222 nostri,
2463 3157 2689 3227 nepotis
2720 3160 2913 3210 autem
2944 3155 3050 3221 sui,
3095 3155 3398 3224 inplorans
3437 3149 3673 3204 auxilium
3701 3151 3760 3206 ιίε,

2228 3245 2520 3299 dexteram
2547 3245 2755 3300 Christi
2783 3245 3036 3298 martiris
3057 3243 3323 3311 Dionisii,
3357 3246 3414 3297 et
3443 3255 3563 3295 cum
3591 3251 3648 3291 ea
3670 3247 3758 3288 om-

2230 3352 2302 3389 ne
2323 3351 2569 3405 regnam
2603 3334 3028 3398 Lnthariorum,
3052 3334 3096 3387 si
3126 3334 3198 3387 ab
3233 3350 3303 3388 eo
3336 3332 3665 3390 liberaretur,
3690 3319 3762 3375 sibi

2230 3424 2581 3478 traditurum
2611 3423 2985 3478 sacramentis
3014 3422 3287 3493 promisit
3315 3423 3483 3488 (175).
3515 3417 3612 3472 Nec
3628 3425 3762 3470 mora.

2230 3513 2459 3568 inclitus
2480 3513 2644 3568 miles
2669 3513 3053 3568 invictricibus
3064 3529 3123 3566 se
3142 3512 3326 3567 armis
3345 3506 3754 3572 circumcingens,

2231 3602 2558 3674 proximum
2613 3603 2976 3656 laborantem
3039 3600 3253 3669 visitat,
3317 3604 3375 3655 et
3421 3601 3476 3654 in
3527 3590 3760 3664 erepcione

2231 3692 2353 3761 ejus
2397 3708 2461 3744 ac
2509 3689 2874 3745 restilucione
2926 3690 3134 3760 dignus
3189 3693 3463 3761 operator
3505 3679 3762 3739 mercedem

2231 3797 2392 3834 suam
2423 3780 2766 3850 promeruit,
2795 3785 2853 3834 et
2891 3780 3176 3834 honorem
3223 3778 3524 3851 pristinum
3549 3771 3640 3827 sibi
3667 3765 3765 3821 suis.

2230 3886 2340 3941 que
2371 3869 2785 3925 successoribus
2811 3869 2868 3922 in
2897 3872 3125 3923 tantum
3157 3868 3414 3924 adauxit.

2306 3961 2386 4014 1-1».
2422 3959 2534 4014 Sed
2563 3959 2698 4030 quia
2718 3959 2890 4012 homo
2919 3958 3313 4030 unusquisque
3343 3954 3625 4030 proclivior
3642 3941 3767 4003 estad

2228 4047 2566 4114 labendum,
2590 4064 2765 4119 quam
2798 4051 3004 4101 natura
3034 4047 3248 4101 suimet
3280 4049 3564 4100 muniatur
3581 4041 3642 4096 ad
3657 4042 3766 4091 stan-

2231 4136 2392 4202 dum,
2424 4118 3030 4208 quamimiserabiliter
3059 4136 3165 4191 iste
3197 4136 3380 4191 semel
3412 4127 3694 4203 deliquerit,
3715 4118 3765 4175 ad

2233 4227 2518 4281 terrorem
2545 4230 2603 4281 et
2633 4226 2706 4280 ad
2721 4225 3093 4281 devitandum
3113 4226 3223 4297 piis
3237 4243 3359 4281 non
3375 4221 3657 4279 taceam.ln
3667 4225 3767 4269 cena

2232 4315 2462 4370 Domini
2497 4314 2665 4370 nimis
2690 4314 3028 4382 inebriatus,
3064 4315 3124 4369 in
3167 4313 3435 4386 sequenti
3481 4315 3628 4366 nocte
3655 4297 3768 4359 uxori

2235 4422 2349 4461 suae
2381 4405 2626 4459 multum
2662 4404 3012 4477 repugnanti
3038 4403 3328 4461 diabolica
3347 4393 3770 4460 instinctuinlicite

1847 4577 2075 4632 νΑΒυΕ
2116 4577 2407 4634 LECTION
2415 4578 2514 4634 ES.

598 4700 644 4734 οι
684 4693 740 4746 et
770 4689 842 4745 ad
865 4706 943 4743 m.
970 4687 1095 4742 add.
1132 4691 1151 4742 1
1191 4689 1238 4741 b.
1309 4694 1353 4728 οδ
1421 4685 1672 4757 aliquem
1701 4683 1825 4739 add.
1873 4690 1967 4740 1c.
2029 4693 2074 4726 97
2142 4686 2468 4741 machtildis
2502 4690 2519 4741 1
2560 4705 2612 4742 (ι.
2649 4688 2971 4743 mechtildis
3005 4693 3023 4744 1
3060 4707 3107 4748 c.
3169 4700 3216 4733 οε
3283 4696 3346 4746 ut
3380 4695 3396 4746 1
3435 4710 3486 4745 a.
3526 4698 3567 4731 θ’
3596 4691 3659 4742 ita
3688 4687 3699 4736 1

527 4764 788 4819 deletuet.
832 4770 902 4803 ιοο
942 4760 1113 4815 ostias
1143 4765 1162 4814 1
1197 4776 1248 4812 a.
1282 4757 1495 4812 hostias
1517 4755 1547 4810 *1
1589 4757 1635 4811 b.
1668 4757 1849 4812 hostio
1885 4761 1902 4810 1
1938 4775 1982 4811 ε.
2029 4765 2092 4798 ίυί
2138 4758 2248 4811 hab
2282 4774 2348 4812 eo
2387 4762 2404 4811 1
2443 4774 2497 4812 α.
2544 4767 2612 4800 ιοι
2653 4759 3037 4815 otfererentur
3078 4766 3094 4815 1
3140 4781 3192 4818 a.
3231 4763 3613 4818 offerrenturl
3649 4756 3689 4811 b.
3726 4755 3764 4805 '3.

529 4834 723 4891 offerri
763 4833 1254 4906 procurarenturl
1293 4847 1339 4884 c.
1383 4837 1451 4906 10³
1489 4828 1974 4906 machtildis_1_.a_,
2011 4828 2333 4906 machtildis
2367 4832 2414 4884 1.
2451 4845 2496 4886 ο.
2531 4839 2596 4871 ιο*
2638 4848 2687 4884 e.
2735 4848 2944 4884 erasum
3005 4835 3050 4886 1.
3091 4841 3158 4874 ίοδ
3199 4851 3428 4890 summa
3472 4831 3766 4904 optimatum

529 4924 660 4979 pars
689 4900 968 4979 concessit
995 4907 1041 4956 2.
1088 4910 1154 4979 10?
1195 4902 1344 4979 hunc
1379 4905 1396 4953 1
1433 4918 1482 4979 ιι.
1518 4904 1568 4954 2.
1614 4907 1680 4941 107
1707 4916 1786 4979 ,ιβ
1945 4902 1999 4952 in
2027 4900 2135 4979 loco
2168 4917 2283 4953 raso
2313 4903 2498 4979 1033b.
2534 4902 3068 4979 dra—Vllninz’ma
3089 4900 3765 4973 marg.acld.1b.rrasi3quif

528 4960 686 5033 imieu
709 4977 858 5029 lineae
886 4975 1235 5042 superscripta
1262 4973 1500 5040 fuerant.
1542 4981 1609 5012 109
1648 4970 1772 5024 add.
1812 4974 1830 5024 1
1873 4971 1919 5024 b.
1967 4979 2034 5012 “0
2067 4971 2122 5024 in
2147 4988 2202 5042 g.
2235 4988 2289 5041 p.
2323 4972 2448 5025 add,
2482 4976 2499 5025 ί
2534 4973 2580 5026 ὁ,
2625 4981 2687 5014 ιιι
2731 4976 2806 5026 ita
2839 4977 2870 5026 2
2897 4975 2951 5026 ιή
2989 4974 3165 5030 codice
3210 4960 3261 5030 "L
3325 4980 3461 5030 inter
3493 4991 3577 5028 rex
3616 4960 3764 5042 ρι’φιὶ

529 4981 686 5033 anieu
709 4981 858 5029 tineae
886 4981 1235 5042 superscripta
1262 4981 1500 5040 fuerant.
1542 4981 1609 5012 109
1648 4981 1772 5024 add.
1812 4981 1830 5024 1
1873 4981 1919 5024 ιι.
1967 4981 2034 5012 ιίο
2067 4988 2122 5024 in
2147 4988 2202 5042 g.
2235 4988 2289 5041 p.
2323 4981 2448 5025 add.
2482 4981 2499 5025 1
2534 4981 2580 5026 Ι).
2625 4981 2687 5014 ιιι
2731 4981 2806 5026 ita
2839 4981 2870 5026 2
2897 4981 2951 5026 in
2989 4981 3165 5030 codice
3222 4981 3261 5030 Ι.
3325 4981 3461 5030 inter
3493 4991 3577 5028 rex
3616 4981 3655 5023 et
3728 4981 3764 5015 ω

529 5057 668 5104 totus
686 5063 836 5118 paene
861 5044 1146 5118 versiculus
1173 5049 1469 5118 erasusest,
1501 5059 1655 5112 quem
1678 5042 1860 5096 eadem
1889 5059 2007 5114 qua?
2030 5043 2147 5118 cod.
2185 5048 2215 5097 2
2247 5043 2402 5118 verba
2432 5045 2780 5112 continuisse,
2837 5061 2899 5099 ex
2949 5051 3120 5115 spatio
3149 5049 3430 5104 sensium:
3461 5048 3538 5113 ﬁt.
3578 4981 3766 5095 Vocabu-

530 5123 637 5177 lum
669 5113 741 5175 ab
773 5125 821 5173 et
854 5115 1046 5171 ult-ima
1070 5116 1338 5169 sententia
1359 5113 1532 5166 littera
1565 5130 1588 5166 s
1607 5120 1814 5183 patent.
1881 5113 1950 5156 ιη
2026 5115 2099 5168 ita
2133 5118 2150 5167 1
2190 5131 2236 5168 c.
2271 5115 2488 5169 aulium
2526 5119 2544 5168 1
2582 5134 2634 5168 η.

2082 5236 2125 5290 Ν
2133 5236 2308 5292 ΟΤΕΕ.

601 5358 746 5430 (1⁸71)
781 5359 842 5413 v.
876 5350 1399 5430 Vitam‘MathildAis,
1430 5366 1560 5430 capi.
1599 5352 1652 5430 ξ.

606 5422 744 5501 (172]
779 5427 1188 5501 Monasterium
1220 5423 1277 5478 S.
1311 5422 1552 5501 Servatii
1597 5422 2039 5501 Quedlinburgi.
2066 5425 2129 5480 V.

532 5491 938 5558 fundationem
965 5499 1225 5570 ejusdem
1265 5497 1485 5570 3.,937ἱ
1498 5494 1656 5570 Sept,
1681 5498 1766 5570 _1_3.
1799 5496 1923 5570 Ipsa
1939 5491 2134 5570 civitas

533 5572 931 5652 Quedlinburg
1094 5565 1444 5652 indotalihtiq
1467 5564 1771 5652 Mattiilldinsn
1783 5564 2021 5652 reginas.

534 5635 764 5705 chartas
792 5635 945 5717 regis
974 5639 1225 5698 Heinrici
1254 5656 1310 5701 a.
1341 5639 1471 5706 929,
1517 5635 1676 5712 Sept.
1709 5637 1796 5708 16,
1827 5635 1885 5694 et
1909 5639 2136 5696 Ottonis

2235 5354 2602 5426 imperatoris
2635 5372 2688 5409 a.
2735 5354 2856 5418 961,
2888 5356 2995 5410 Jul.
3028 5361 3109 5413 15.

2305 5421 2452 5498 (-173)
2483 5425 2679 5498 Fontes
2701 5428 2885 5482 Pierii.
2922 5427 3088 5483 Statii
3110 5428 3296 5482 silvar.
3323 5429 3363 5492 ι,
3393 5421 3698 5498 Epithalam‘.
3722 5426 3762 5462 V-

2233 5499 2287 5564 6,
2314 5488 2362 5564 Ἰ,
2397 5500 2482 5551 30.
2517 5497 2576 5550 G.
2615 5497 2787 5552 Waitz
2814 5499 3168 5554 Jahrbiicher
3196 5499 3270 5552 ad
3300 5488 3358 5552 δέ
3394 5488 3481 5551 9Ξξ1
3517 5497 3572 5564 et
3593 5488 3709 5564 A9_2._3.

2305 5554 2454 5638 (174)
2473 5569 2766 5624 Heriberto
2780 5569 3233 5628 Viromandiensi
3252 5569 3474 5626 comite.
3499 5562 3620 5618 Wct.
3637 5554 3761 5614 iduk.

2307 5639 2454 5714 (175)
2477 5639 2706 5699 Widuk.
2737 5642 2778 5711 1,
2813 5642 2903 5698 33.
