  <div class='ocr_page' id='page_1' title='image "/cluster/home/n/w/nwhite01/storage/ocr_20150623/139/hvd.32044054759998/612.png"; bbox 0 0 3954 6180; ppageno 0'>
   <div class='ocr_carea' id='block_1_1' title="bbox 205 403 327 463">
    <p class='ocr_par' dir='ltr' id='par_1_1' title="bbox 205 403 327 463">
     <span class='ocr_line' id='line_1_1' title="bbox 205 403 327 463; baseline 0.016 -4"><span class='ocrx_word' id='word_1_1' title='bbox 205 403 327 463; x_wconf 75' lang='grc'><strong>1213</strong></span> 
     </span>
    </p>
   </div>
   <div class='ocr_carea' id='block_1_2' title="bbox 1478 396 2286 457">
    <p class='ocr_par' dir='ltr' id='par_1_2' title="bbox 1478 396 2286 457">
     <span class='ocr_line' id='line_1_2' title="bbox 1478 396 2286 457; baseline 0 0"><span class='ocrx_word' id='word_1_2' title='bbox 1478 396 1914 457; x_wconf 81' lang='lat' dir='ltr'>CHRONICON.</span> <span class='ocrx_word' id='word_1_3' title='bbox 1950 427 2025 441; x_wconf 86' lang='lat'>-—</span> <span class='ocrx_word' id='word_1_4' title='bbox 2055 398 2187 457; x_wconf 83' lang='lat' dir='ltr'><strong>LIB.</strong></span> <span class='ocrx_word' id='word_1_5' title='bbox 2218 401 2286 457; x_wconf 90' lang='lat' dir='ltr'>ll.</span> 
     </span>
    </p>
   </div>
   <div class='ocr_carea' id='block_1_3' title="bbox 3395 406 3532 467">
    <p class='ocr_par' dir='ltr' id='par_1_3' title="bbox 3395 406 3532 467">
     <span class='ocr_line' id='line_1_3' title="bbox 3395 406 3532 467; baseline -0.007 0"><span class='ocrx_word' id='word_1_6' title='bbox 3395 406 3532 467; x_wconf 60' lang='lat' dir='ltr'>l2“</span> 
     </span>
    </p>
   </div>
   <div class='ocr_carea' id='block_1_4' title="bbox 202 518 3529 600">
    <p class='ocr_par' dir='ltr' id='par_1_4' title="bbox 202 518 3529 600">
     <span class='ocr_line' id='line_1_4' title="bbox 202 518 3529 600; baseline 0.001 -17"><span class='ocrx_word' id='word_1_7' title='bbox 202 530 350 583; x_wconf 83' lang='lat' dir='ltr'>rator</span> <span class='ocrx_word' id='word_1_8' title='bbox 369 523 531 582; x_wconf 82' lang='lat' dir='ltr'>fratri</span> <span class='ocrx_word' id='word_1_9' title='bbox 576 521 806 590; x_wconf 80' lang='lat' dir='ltr'>suimet,</span> <span class='ocrx_word' id='word_1_10' title='bbox 845 520 1070 577; x_wconf 90' lang='lat' dir='ltr'>domno</span> <span class='ocrx_word' id='word_1_11' title='bbox 1123 518 1405 586; x_wconf 88' lang='lat' dir='ltr'>Brunoni,</span> <span class='ocrx_word' id='word_1_12' title='bbox 1439 518 1747 576; x_wconf 89' lang='lat' dir='ltr'>nominato</span> <span class='ocrx_word' id='word_1_13' title='bbox 1772 535 1807 574; x_wconf 88' lang='lat' dir='ltr'>a</span> <span class='ocrx_word' id='word_1_14' title='bbox 1830 528 1883 588; x_wconf 77' lang='grc' dir='ltr'>Α</span> <span class='ocrx_word' id='word_1_15' title='bbox 1909 520 2137 591; x_wconf 90' lang='lat' dir='ltr'>pollens</span> <span class='ocrx_word' id='word_1_16' title='bbox 2175 520 2657 593; x_wconf 81' lang='lat' dir='ltr'>proﬂcuitatibus,</span> <span class='ocrx_word' id='word_1_17' title='bbox 2684 521 2768 579; x_wconf 84' lang='grc'><strong>13.</strong></span> <span class='ocrx_word' id='word_1_18' title='bbox 2798 524 3181 586; x_wconf 77' lang='lat' dir='ltr'>ordinationis</span> <span class='ocrx_word' id='word_1_19' title='bbox 3202 545 3319 587; x_wconf 64' lang='lat' dir='ltr'>sua</span> <span class='ocrx_word' id='word_1_20' title='bbox 3347 546 3529 600; x_wconf 89' lang='lat' dir='ltr'>anno,</span> 
     </span>
    </p>
   </div>
   <div class='ocr_carea' id='block_1_5' title="bbox 203 609 1807 687">
    <p class='ocr_par' dir='ltr' id='par_1_5' title="bbox 203 609 1807 687">
     <span class='ocr_line' id='line_1_5' title="bbox 203 609 1807 687; baseline -0.006 -17"><span class='ocrx_word' id='word_1_21' title='bbox 203 615 397 670; x_wconf 80' lang='lat' dir='ltr'>suimet</span> <span class='ocrx_word' id='word_1_22' title='bbox 414 618 614 687; x_wconf 91' lang='lat' dir='ltr'>patruo</span> <span class='ocrx_word' id='word_1_23' title='bbox 634 613 776 666; x_wconf 92' lang='lat' dir='ltr'>duce</span> <span class='ocrx_word' id='word_1_24' title='bbox 793 612 1063 665; x_wconf 86' lang='lat' dir='ltr'>Brunone</span> <span class='ocrx_word' id='word_1_25' title='bbox 1084 640 1142 649; x_wconf 91' lang='lat'>-—</span> <span class='ocrx_word' id='word_1_26' title='bbox 1177 610 1274 681; x_wconf 89' lang='lat' dir='ltr'>qui</span> <span class='ocrx_word' id='word_1_27' title='bbox 1308 626 1343 663; x_wconf 92' lang='lat' dir='ltr'>a</span> <span class='ocrx_word' id='word_1_28' title='bbox 1370 609 1704 680; x_wconf 84' lang='lat' dir='ltr'>Lutbuwigo</span> <span class='ocrx_word' id='word_1_29' title='bbox 1734 617 1807 650; x_wconf 76' lang='lat' dir='ltr'>m</span> 
     </span>
    </p>
   </div>
   <div class='ocr_carea' id='block_1_6' title="bbox 201 698 1805 775">
    <p class='ocr_par' dir='ltr' id='par_1_6' title="bbox 201 698 1805 775">
     <span class='ocr_line' id='line_1_6' title="bbox 201 698 1805 775; baseline -0.004 -17"><span class='ocrx_word' id='word_1_30' title='bbox 201 720 327 775; x_wconf 86' lang='lat' dir='ltr'>rege</span> <span class='ocrx_word' id='word_1_31' title='bbox 342 703 399 757; x_wconf 92' lang='lat' dir='ltr'>in</span> <span class='ocrx_word' id='word_1_32' title='bbox 416 701 834 773; x_wconf 82' lang='lat' dir='ltr'>expeditionem</span> <span class='ocrx_word' id='word_1_33' title='bbox 857 699 930 754; x_wconf 88' lang='lat' dir='ltr'>ad</span> <span class='ocrx_word' id='word_1_34' title='bbox 948 700 1139 754; x_wconf 82' lang='lat' dir='ltr'>Danos</span> <span class='ocrx_word' id='word_1_35' title='bbox 1155 698 1383 764; x_wconf 90' lang='lat' dir='ltr'>missus,</span> <span class='ocrx_word' id='word_1_36' title='bbox 1417 715 1551 753; x_wconf 91' lang='lat' dir='ltr'>cum</span> <span class='ocrx_word' id='word_1_37' title='bbox 1586 698 1805 767; x_wconf 87' lang='lat' dir='ltr'>episco-</span> 
     </span>
    </p>
   </div>
   <div class='ocr_carea' id='block_1_7' title="bbox 201 786 1809 863">
    <p class='ocr_par' dir='ltr' id='par_1_7' title="bbox 201 786 1809 863">
     <span class='ocr_line' id='line_1_7' title="bbox 201 786 1809 863; baseline -0.002 -18"><span class='ocrx_word' id='word_1_38' title='bbox 201 792 510 863; x_wconf 88' lang='lat' dir='ltr'>pisduobus</span> <span class='ocrx_word' id='word_1_39' title='bbox 539 799 605 832; x_wconf 63' lang='lat' dir='ltr'>3N</span> <span class='ocrx_word' id='word_1_40' title='bbox 626 788 943 844; x_wconf 63' lang='lat' dir='ltr'>Thia&#39;drico</span> <span class='ocrx_word' id='word_1_41' title='bbox 963 791 1023 842; x_wconf 91' lang='lat' dir='ltr'>et</span> <span class='ocrx_word' id='word_1_42' title='bbox 1056 787 1439 859; x_wconf 82' lang='lat' dir='ltr'>Marequardo</span> <span class='ocrx_word' id='word_1_43' title='bbox 1471 786 1809 858; x_wconf 69' lang='lat' dir='ltr'>cmterisque</span> 
     </span>
    </p>
   </div>
   <div class='ocr_carea' id='block_1_8' title="bbox 200 875 1810 934">
    <p class='ocr_par' dir='ltr' id='par_1_8' title="bbox 200 875 1810 934">
     <span class='ocr_line' id='line_1_8' title="bbox 200 875 1810 934; baseline -0.004 0"><span class='ocrx_word' id='word_1_44' title='bbox 200 880 469 934; x_wconf 83' lang='lat' dir='ltr'>militibus</span> <span class='ocrx_word' id='word_1_45' title='bbox 484 881 531 934; x_wconf 75' lang='grc'><strong>4.</strong></span> <span class='ocrx_word' id='word_1_46' title='bbox 543 878 836 933; x_wconf 81' lang='lat' dir='ltr'>Non.Febr</span> <span class='ocrx_word' id='word_1_47' title='bbox 862 886 933 919; x_wconf 77' lang='grc'>²²³</span> <span class='ocrx_word' id='word_1_48' title='bbox 947 876 1208 931; x_wconf 85' lang='lat' dir='ltr'>ﬂuminis</span> <span class='ocrx_word' id='word_1_49' title='bbox 1223 875 1613 930; x_wconf 75' lang='lat' dir='ltr'>inundatione</span> <span class='ocrx_word' id='word_1_50' title='bbox 1634 879 1810 929; x_wconf 84' lang='lat' dir='ltr'>inter-</span> 
     </span>
    </p>
   </div>
   <div class='ocr_carea' id='block_1_9' title="bbox 201 963 1805 1039">
    <p class='ocr_par' dir='ltr' id='par_1_9' title="bbox 201 963 1805 1039">
     <span class='ocr_line' id='line_1_9' title="bbox 201 963 1805 1039; baseline -0.002 -16"><span class='ocrx_word' id='word_1_51' title='bbox 201 969 430 1039; x_wconf 77' lang='lat' dir='ltr'>iit(285)</span> <span class='ocrx_word' id='word_1_52' title='bbox 460 1000 525 1009; x_wconf 93' lang='lat'>——</span> <span class='ocrx_word' id='word_1_53' title='bbox 555 971 780 1022; x_wconf 89' lang='lat' dir='ltr'>mortuo</span> <span class='ocrx_word' id='word_1_54' title='bbox 810 965 1106 1038; x_wconf 78' lang='lat' dir='ltr'>Agripinee</span> <span class='ocrx_word' id='word_1_55' title='bbox 1137 965 1289 1019; x_wconf 84' lang='lat' dir='ltr'>sedis</span> <span class='ocrx_word' id='word_1_56' title='bbox 1307 964 1608 1034; x_wconf 78' lang='lat' dir='ltr'>provisore</span> <span class='ocrx_word' id='word_1_57' title='bbox 1652 963 1805 1035; x_wconf 84' lang='lat' dir='ltr'>Wig-</span> 
     </span>
    </p>
   </div>
   <div class='ocr_carea' id='block_1_10' title="bbox 198 1054 1806 1129">
    <p class='ocr_par' dir='ltr' id='par_1_10' title="bbox 198 1054 1806 1129">
     <span class='ocr_line' id='line_1_10' title="bbox 198 1054 1806 1129; baseline -0.002 -17"><span class='ocrx_word' id='word_1_58' title='bbox 198 1058 360 1123; x_wconf 81' lang='lat' dir='ltr'>frido,</span> <span class='ocrx_word' id='word_1_59' title='bbox 391 1057 774 1129; x_wconf 73' lang='lat' dir='ltr'>episcopatum</span> <span class='ocrx_word' id='word_1_60' title='bbox 800 1056 1059 1125; x_wconf 79' lang='lat' dir='ltr'>ejusdem</span> <span class='ocrx_word' id='word_1_61' title='bbox 1082 1054 1482 1121; x_wconf 87' lang='lat' dir='ltr'>ducatumque</span> <span class='ocrx_word' id='word_1_62' title='bbox 1511 1054 1632 1124; x_wconf 86' lang='lat' dir='ltr'>regi</span> <span class='ocrx_word' id='word_1_63' title='bbox 1653 1054 1806 1108; x_wconf 85' lang='lat' dir='ltr'>insu-</span> 
     </span>
    </p>
   </div>
   <div class='ocr_carea' id='block_1_11' title="bbox 198 1141 1809 1219">
    <p class='ocr_par' dir='ltr' id='par_1_11' title="bbox 198 1141 1809 1219">
     <span class='ocr_line' id='line_1_11' title="bbox 198 1141 1809 1219; baseline -0.003 -18"><span class='ocrx_word' id='word_1_64' title='bbox 198 1163 296 1219; x_wconf 92' lang='lat' dir='ltr'>per</span> <span class='ocrx_word' id='word_1_65' title='bbox 325 1146 491 1201; x_wconf 89' lang='lat' dir='ltr'>daret</span> <span class='ocrx_word' id='word_1_66' title='bbox 526 1143 815 1199; x_wconf 86' lang='lat' dir='ltr'>Liutbarii.</span> <span class='ocrx_word' id='word_1_67' title='bbox 870 1145 965 1198; x_wconf 83' lang='lat' dir='ltr'>llic</span> <span class='ocrx_word' id='word_1_68' title='bbox 995 1147 1125 1215; x_wconf 89' lang='lat' dir='ltr'>post</span> <span class='ocrx_word' id='word_1_69' title='bbox 1154 1142 1521 1213; x_wconf 90' lang='lat' dir='ltr'>iniquorum,</span> <span class='ocrx_word' id='word_1_70' title='bbox 1549 1141 1809 1214; x_wconf 83' lang='lat' dir='ltr'>quamvis</span> 
     </span>
    </p>
   </div>
   <div class='ocr_carea' id='block_1_12' title="bbox 196 1230 1807 1307">
    <p class='ocr_par' dir='ltr' id='par_1_12' title="bbox 196 1230 1807 1307">
     <span class='ocr_line' id='line_1_12' title="bbox 196 1230 1807 1307; baseline -0.003 -17"><span class='ocrx_word' id='word_1_71' title='bbox 196 1234 641 1307; x_wconf 81' lang='lat' dir='ltr'>sapientissimus</span> <span class='ocrx_word' id='word_1_72' title='bbox 662 1236 833 1295; x_wconf 77' lang='lat' dir='ltr'>esset,</span> <span class='ocrx_word' id='word_1_73' title='bbox 855 1232 1092 1287; x_wconf 90' lang='lat' dir='ltr'>consilio</span> <span class='ocrx_word' id='word_1_74' title='bbox 1119 1231 1492 1301; x_wconf 89' lang='lat' dir='ltr'>depravatus,</span> <span class='ocrx_word' id='word_1_75' title='bbox 1522 1247 1625 1302; x_wconf 93' lang='lat' dir='ltr'>pro</span> <span class='ocrx_word' id='word_1_76' title='bbox 1653 1230 1807 1286; x_wconf 92' lang='lat' dir='ltr'>bono</span> 
     </span>
    </p>
   </div>
   <div class='ocr_carea' id='block_1_13' title="bbox 196 1317 1811 1395">
    <p class='ocr_par' dir='ltr' id='par_1_13' title="bbox 196 1317 1811 1395">
     <span class='ocr_line' id='line_1_13' title="bbox 196 1317 1811 1395; baseline -0.003 -16"><span class='ocrx_word' id='word_1_77' title='bbox 196 1325 409 1379; x_wconf 90' lang='lat' dir='ltr'>malum</span> <span class='ocrx_word' id='word_1_78' title='bbox 418 1323 539 1395; x_wconf 90' lang='lat' dir='ltr'>regi</span> <span class='ocrx_word' id='word_1_79' title='bbox 554 1322 760 1377; x_wconf 84' lang='lat' dir='ltr'>suimet</span> <span class='ocrx_word' id='word_1_80' title='bbox 772 1336 1167 1392; x_wconf 81' lang='lat' dir='ltr'>germanoque</span> <span class='ocrx_word' id='word_1_81' title='bbox 1178 1317 1488 1373; x_wconf 82' lang='lat' dir='ltr'>restituere</span> <span class='ocrx_word' id='word_1_82' title='bbox 1502 1318 1811 1375; x_wconf 81' lang='lat' dir='ltr'>meditatur</span> 
     </span>
    </p>
   </div>
   <div class='ocr_carea' id='block_1_14' title="bbox 197 1410 1804 1485">
    <p class='ocr_par' dir='ltr' id='par_1_14' title="bbox 197 1410 1804 1485">
     <span class='ocr_line' id='line_1_14' title="bbox 197 1410 1804 1485; baseline -0.003 -17"><span class='ocrx_word' id='word_1_83' title='bbox 197 1417 280 1485; x_wconf 73' lang='lat' dir='ltr'>(an</span> <span class='ocrx_word' id='word_1_84' title='bbox 301 1412 684 1484; x_wconf 81' lang='lat' dir='ltr'>953).Vocavit</span> <span class='ocrx_word' id='word_1_85' title='bbox 712 1427 967 1483; x_wconf 84' lang='lat' dir='ltr'>namque</span> <span class='ocrx_word' id='word_1_86' title='bbox 996 1411 1068 1465; x_wconf 91' lang='lat' dir='ltr'>ad</span> <span class='ocrx_word' id='word_1_87' title='bbox 1087 1426 1144 1464; x_wconf 91' lang='lat' dir='ltr'>se</span> <span class='ocrx_word' id='word_1_88' title='bbox 1172 1410 1484 1478; x_wconf 78' lang='lat' dir='ltr'>llugonem</span> <span class='ocrx_word' id='word_1_89' title='bbox 1503 1426 1804 1480; x_wconf 81' lang='lat' dir='ltr'>generum,</span> 
     </span>
    </p>
   </div>
   <div class='ocr_carea' id='block_1_15' title="bbox 193 1498 1802 1574">
    <p class='ocr_par' dir='ltr' id='par_1_15' title="bbox 193 1498 1802 1574">
     <span class='ocr_line' id='line_1_15' title="bbox 193 1498 1802 1574; baseline -0.003 -17"><span class='ocrx_word' id='word_1_90' title='bbox 193 1502 404 1574; x_wconf 83' lang='lat' dir='ltr'>regi,ut</span> <span class='ocrx_word' id='word_1_91' title='bbox 419 1517 593 1573; x_wconf 85' lang='lat' dir='ltr'>supra</span> <span class='ocrx_word' id='word_1_92' title='bbox 609 1499 1061 1555; x_wconf 86' lang='lat' dir='ltr'>memoravimus</span> <span class='ocrx_word' id='word_1_93' title='bbox 1078 1498 1253 1570; x_wconf 78' lang='lat'><strong>(286),</strong></span> <span class='ocrx_word' id='word_1_94' title='bbox 1291 1498 1468 1551; x_wconf 82' lang='lat' dir='ltr'>nimis</span> <span class='ocrx_word' id='word_1_95' title='bbox 1484 1498 1802 1566; x_wconf 82' lang='lat' dir='ltr'>infidelem,</span> 
     </span>
    </p>
   </div>
   <div class='ocr_carea' id='block_1_16' title="bbox 1908 611 3639 693">
    <p class='ocr_par' dir='ltr' id='par_1_16' title="bbox 1908 611 3639 693">
     <span class='ocr_line' id='line_1_16' title="bbox 1908 611 3639 693; baseline 0.007 -30"><span class='ocrx_word' id='word_1_96' title='bbox 1908 625 2141 663; x_wconf 88' lang='lat' dir='ltr'>sommo</span> <span class='ocrx_word' id='word_1_97' title='bbox 2169 611 2325 681; x_wconf 85' lang='lat' dir='ltr'>pacis</span> <span class='ocrx_word' id='word_1_98' title='bbox 2353 615 2677 685; x_wconf 90' lang='lat' dir='ltr'>soporatus,</span> <span class='ocrx_word' id='word_1_99' title='bbox 2718 617 2771 669; x_wconf 84' lang='lat'>5.</span> <span class='ocrx_word' id='word_1_100' title='bbox 2806 614 2937 670; x_wconf 87' lang='lat' dir='ltr'>Idus</span> <span class='ocrx_word' id='word_1_101' title='bbox 2967 616 3229 673; x_wconf 86' lang='lat' dir='ltr'>Octobris</span> <span class='ocrx_word' id='word_1_102' title='bbox 3258 628 3330 662; x_wconf 69' lang='grc' dir='ltr'>ιη</span> <span class='ocrx_word' id='word_1_103' title='bbox 3377 621 3534 693; x_wconf 80' lang='lat'><strong>(288)</strong></span> <span class='ocrx_word' id='word_1_104' title='bbox 3624 660 3639 675; x_wconf 88' lang='lat'><strong>.</strong></span> 
     </span>
    </p>
   </div>
   <div class='ocr_carea' id='block_1_17' title="bbox 1908 697 3528 771">
    <p class='ocr_par' dir='ltr' id='par_1_17' title="bbox 1908 697 3528 771">
     <span class='ocr_line' id='line_1_17' title="bbox 1908 697 3528 771; baseline 0.009 -21"><span class='ocrx_word' id='word_1_105' title='bbox 1908 697 2154 751; x_wconf 81' lang='lat' dir='ltr'>fratrem</span> <span class='ocrx_word' id='word_1_106' title='bbox 2206 699 2439 771; x_wconf 89' lang='lat' dir='ltr'>reliquit</span> <span class='ocrx_word' id='word_1_107' title='bbox 2476 710 2549 743; x_wconf 64' lang='grc' dir='ltr'>ἰο</span> <span class='ocrx_word' id='word_1_108' title='bbox 2568 701 2810 757; x_wconf 86' lang='lat' dir='ltr'>tristem.</span> <span class='ocrx_word' id='word_1_109' title='bbox 2851 703 3013 760; x_wconf 89' lang='lat' dir='ltr'>Tales</span> <span class='ocrx_word' id='word_1_110' title='bbox 3042 704 3428 762; x_wconf 88' lang='lat' dir='ltr'>insidancium</span> <span class='ocrx_word' id='word_1_111' title='bbox 3458 717 3528 753; x_wconf 70' lang='grc' dir='ltr'>ιιι</span> 
     </span>
    </p>
   </div>
   <div class='ocr_carea' id='block_1_18' title="bbox 1908 785 3531 865">
    <p class='ocr_par' dir='ltr' id='par_1_18' title="bbox 1908 785 3531 865">
     <span class='ocr_line' id='line_1_18' title="bbox 1908 785 3531 865; baseline 0.008 -26"><span class='ocrx_word' id='word_1_112' title='bbox 1908 785 2149 857; x_wconf 88' lang='lat' dir='ltr'>laqueos</span> <span class='ocrx_word' id='word_1_113' title='bbox 2193 790 2633 862; x_wconf 89' lang='lat' dir='ltr'>compluresque</span> <span class='ocrx_word' id='word_1_114' title='bbox 2665 791 2826 858; x_wconf 90' lang='lat' dir='ltr'>alios,</span> <span class='ocrx_word' id='word_1_115' title='bbox 2857 793 2915 848; x_wconf 92' lang='lat' dir='ltr'>in</span> <span class='ocrx_word' id='word_1_116' title='bbox 2944 794 3112 865; x_wconf 85' lang='lat' dir='ltr'>regni</span> <span class='ocrx_word' id='word_1_117' title='bbox 3159 811 3225 849; x_wconf 92' lang='lat' dir='ltr'>ac</span> <span class='ocrx_word' id='word_1_118' title='bbox 3278 795 3334 851; x_wconf 92' lang='lat' dir='ltr'>in</span> <span class='ocrx_word' id='word_1_119' title='bbox 3392 812 3531 852; x_wconf 88' lang='lat' dir='ltr'>cura</span> 
     </span>
    </p>
   </div>
   <div class='ocr_carea' id='block_1_19' title="bbox 1908 874 3528 956">
    <p class='ocr_par' dir='ltr' id='par_1_19' title="bbox 1908 874 3528 956">
     <span class='ocr_line' id='line_1_19' title="bbox 1908 874 3528 956; baseline 0.007 -28"><span class='ocrx_word' id='word_1_120' title='bbox 1908 874 2141 945; x_wconf 86' lang='lat' dir='ltr'>imperii</span> <span class='ocrx_word' id='word_1_121' title='bbox 2170 878 2241 931; x_wconf 71' lang='lat'><strong>49</strong></span> <span class='ocrx_word' id='word_1_122' title='bbox 2273 878 2457 932; x_wconf 82' lang='lat' dir='ltr'>ferme</span> <span class='ocrx_word' id='word_1_123' title='bbox 2479 896 2666 934; x_wconf 91' lang='lat' dir='ltr'>annos</span> <span class='ocrx_word' id='word_1_124' title='bbox 2688 886 3055 938; x_wconf 84' lang='lat' dir='ltr'>conversatus</span> <span class='ocrx_word' id='word_1_125' title='bbox 3085 882 3219 938; x_wconf 92' lang='lat' dir='ltr'>Otto</span> <span class='ocrx_word' id='word_1_126' title='bbox 3250 885 3528 956; x_wconf 77' lang='lat' dir='ltr'>prefatus,</span> 
     </span>
    </p>
   </div>
   <div class='ocr_carea' id='block_1_20' title="bbox 1910 963 3528 1045">
    <p class='ocr_par' dir='ltr' id='par_1_20' title="bbox 1910 963 3528 1045">
     <span class='ocr_line' id='line_1_20' title="bbox 1910 963 3528 1045; baseline 0.007 -27"><span class='ocrx_word' id='word_1_127' title='bbox 1910 963 2139 1018; x_wconf 84' lang='lat' dir='ltr'>Christo</span> <span class='ocrx_word' id='word_1_128' title='bbox 2193 982 2253 1019; x_wconf 91' lang='lat' dir='ltr'>se</span> <span class='ocrx_word' id='word_1_129' title='bbox 2308 966 2366 1021; x_wconf 90' lang='lat' dir='ltr'>in</span> <span class='ocrx_word' id='word_1_130' title='bbox 2429 968 2704 1023; x_wconf 90' lang='lat' dir='ltr'>omnibus</span> <span class='ocrx_word' id='word_1_131' title='bbox 2733 979 2803 1012; x_wconf 74' lang='grc' dir='ltr'>ω</span> <span class='ocrx_word' id='word_1_132' title='bbox 2854 972 3099 1041; x_wconf 78' lang='grc' dir='ltr'><strong>(αη965)</strong></span> <span class='ocrx_word' id='word_1_133' title='bbox 3160 976 3528 1045; x_wconf 84' lang='lat' dir='ltr'>protegente,</span> 
     </span>
    </p>
   </div>
   <div class='ocr_carea' id='block_1_21' title="bbox 1909 1056 3531 1126">
    <p class='ocr_par' dir='ltr' id='par_1_21' title="bbox 1909 1056 3531 1126">
     <span class='ocr_line' id='line_1_21' title="bbox 1909 1056 3531 1126; baseline 0.007 -20"><span class='ocrx_word' id='word_1_134' title='bbox 1909 1069 2146 1107; x_wconf 88' lang='lat' dir='ltr'>securus</span> <span class='ocrx_word' id='word_1_135' title='bbox 2170 1056 2347 1109; x_wconf 85' lang='lat' dir='ltr'>evasit</span> <span class='ocrx_word' id='word_1_136' title='bbox 2379 1056 2437 1126; x_wconf 87' lang='lat' dir='ltr'>(f.</span> <span class='ocrx_word' id='word_1_137' title='bbox 2473 1057 2603 1124; x_wconf 86' lang='lat'><strong>23&#39;).</strong></span> <span class='ocrx_word' id='word_1_138' title='bbox 2639 1059 2827 1113; x_wconf 86' lang='lat' dir='ltr'>Pauca</span> <span class='ocrx_word' id='word_1_139' title='bbox 2856 1060 3076 1115; x_wconf 87' lang='lat' dir='ltr'>locutus</span> <span class='ocrx_word' id='word_1_140' title='bbox 3102 1078 3226 1116; x_wconf 91' lang='lat' dir='ltr'>sum</span> <span class='ocrx_word' id='word_1_141' title='bbox 3258 1062 3328 1117; x_wconf 90' lang='lat' dir='ltr'>de</span> <span class='ocrx_word' id='word_1_142' title='bbox 3354 1062 3531 1117; x_wconf 87' lang='lat' dir='ltr'>innu-</span> 
     </span>
    </p>
   </div>
   <div class='ocr_carea' id='block_1_22' title="bbox 1909 1142 3530 1219">
    <p class='ocr_par' dir='ltr' id='par_1_22' title="bbox 1909 1142 3530 1219">
     <span class='ocr_line' id='line_1_22' title="bbox 1909 1142 3530 1219; baseline 0.006 -23"><span class='ocrx_word' id='word_1_143' title='bbox 1909 1142 2288 1198; x_wconf 88' lang='lat' dir='ltr'>merabilibus</span> <span class='ocrx_word' id='word_1_144' title='bbox 2317 1148 2375 1199; x_wconf 88' lang='lat' dir='ltr'>et</span> <span class='ocrx_word' id='word_1_145' title='bbox 2400 1146 2509 1200; x_wconf 89' lang='lat' dir='ltr'>isto</span> <span class='ocrx_word' id='word_1_146' title='bbox 2541 1155 2614 1188; x_wconf 68' lang='grc' dir='ltr'>ω</span> <span class='ocrx_word' id='word_1_147' title='bbox 2659 1149 2808 1219; x_wconf 88' lang='grc'><strong>(289)</strong></span> <span class='ocrx_word' id='word_1_148' title='bbox 2856 1149 3190 1206; x_wconf 89' lang='lat' dir='ltr'>melioribus</span> <span class='ocrx_word' id='word_1_149' title='bbox 3244 1151 3388 1205; x_wconf 89' lang='lat' dir='ltr'>tanti</span> <span class='ocrx_word' id='word_1_150' title='bbox 3424 1150 3530 1206; x_wconf 90' lang='lat' dir='ltr'>viri</span> 
     </span>
    </p>
   </div>
   <div class='ocr_carea' id='block_1_23' title="bbox 1908 1231 3531 1310">
    <p class='ocr_par' dir='ltr' id='par_1_23' title="bbox 1908 1231 3531 1310">
     <span class='ocr_line' id='line_1_23' title="bbox 1908 1231 3531 1310; baseline 0.004 -24"><span class='ocrx_word' id='word_1_151' title='bbox 1908 1231 2182 1303; x_wconf 83' lang='lat' dir='ltr'>ingenuis</span> <span class='ocrx_word' id='word_1_152' title='bbox 2202 1234 2441 1302; x_wconf 87' lang='lat' dir='ltr'>actibus,</span> <span class='ocrx_word' id='word_1_153' title='bbox 2475 1235 2611 1307; x_wconf 88' lang='lat' dir='ltr'>quia</span> <span class='ocrx_word' id='word_1_154' title='bbox 2637 1237 2785 1292; x_wconf 88' lang='lat' dir='ltr'>liber</span> <span class='ocrx_word' id='word_1_155' title='bbox 2810 1255 2955 1293; x_wconf 90' lang='lat' dir='ltr'>unus</span> <span class='ocrx_word' id='word_1_156' title='bbox 2978 1239 3052 1293; x_wconf 89' lang='lat' dir='ltr'>de</span> <span class='ocrx_word' id='word_1_157' title='bbox 3072 1238 3330 1310; x_wconf 88' lang='lat' dir='ltr'>ejusdem</span> <span class='ocrx_word' id='word_1_158' title='bbox 3350 1238 3531 1295; x_wconf 88' lang='lat' dir='ltr'>nobili</span> 
     </span>
    </p>
   </div>
   <div class='ocr_carea' id='block_1_24' title="bbox 1910 1323 3532 1400">
    <p class='ocr_par' dir='ltr' id='par_1_24' title="bbox 1910 1323 3532 1400">
     <span class='ocr_line' id='line_1_24' title="bbox 1910 1323 3532 1400; baseline 0.004 -25"><span class='ocrx_word' id='word_1_159' title='bbox 1910 1323 2352 1378; x_wconf 82' lang='lat' dir='ltr'>conversatione</span> <span class='ocrx_word' id='word_1_160' title='bbox 2376 1324 2629 1395; x_wconf 89' lang='lat' dir='ltr'>pleniler</span> <span class='ocrx_word' id='word_1_161' title='bbox 2668 1326 2974 1399; x_wconf 85' lang='lat' dir='ltr'>inscriptus</span> <span class='ocrx_word' id='word_1_162' title='bbox 2998 1330 3169 1400; x_wconf 88' lang='lat'><strong>(290),</strong></span> <span class='ocrx_word' id='word_1_163' title='bbox 3189 1344 3283 1383; x_wconf 89' lang='lat' dir='ltr'>me</span> <span class='ocrx_word' id='word_1_164' title='bbox 3314 1327 3532 1400; x_wconf 88' lang='lat' dir='ltr'>aliquid</span> 
     </span>
    </p>
   </div>
   <div class='ocr_carea' id='block_1_25' title="bbox 1910 1410 2403 1483">
    <p class='ocr_par' dir='ltr' id='par_1_25' title="bbox 1910 1410 2403 1483">
     <span class='ocr_line' id='line_1_25' title="bbox 1910 1410 2403 1483; baseline 0.008 -19"><span class='ocrx_word' id='word_1_165' title='bbox 1910 1410 2145 1483; x_wconf 90' lang='lat' dir='ltr'>proibet</span> <span class='ocrx_word' id='word_1_166' title='bbox 2168 1411 2403 1468; x_wconf 89' lang='lat' dir='ltr'>addere.</span> 
     </span>
    </p>
   </div>
   <div class='ocr_carea' id='block_1_26' title="bbox 1985 1502 3531 1573">
    <p class='ocr_par' dir='ltr' id='par_1_26' title="bbox 1985 1502 3531 1573">
     <span class='ocr_line' id='line_1_26' title="bbox 1985 1502 3531 1573; baseline 0.004 -20"><span class='ocrx_word' id='word_1_167' title='bbox 1985 1503 2068 1554; x_wconf 88' lang='grc'>16.</span> <span class='ocrx_word' id='word_1_168' title='bbox 2114 1502 2439 1573; x_wconf 81' lang='lat' dir='ltr'>Imperator</span> <span class='ocrx_word' id='word_1_169' title='bbox 2476 1506 2673 1559; x_wconf 89' lang='lat' dir='ltr'>autem</span> <span class='ocrx_word' id='word_1_170' title='bbox 2731 1504 2993 1561; x_wconf 89' lang='lat' dir='ltr'>fraterna</span> <span class='ocrx_word' id='word_1_171' title='bbox 3036 1507 3199 1563; x_wconf 89' lang='lat' dir='ltr'>clade</span> <span class='ocrx_word' id='word_1_172' title='bbox 3248 1505 3531 1568; x_wconf 87' lang='lat' dir='ltr'>turbatus,</span> 
     </span>
    </p>
   </div>
   <div class='ocr_carea' id='block_1_27' title="bbox 194 1575 3531 1667">
    <p class='ocr_par' dir='ltr' id='par_1_27' title="bbox 194 1575 3531 1667">
     <span class='ocr_line' id='line_1_27' title="bbox 194 1575 3531 1667; baseline 0.001 -20"><span class='ocrx_word' id='word_1_173' title='bbox 194 1591 265 1647; x_wconf 88' lang='lat' dir='ltr'>ad</span> <span class='ocrx_word' id='word_1_174' title='bbox 288 1590 629 1656; x_wconf 77' lang='lat' dir='ltr'>convivium,</span> <span class='ocrx_word' id='word_1_175' title='bbox 662 1592 718 1644; x_wconf 91' lang='lat' dir='ltr'>et</span> <span class='ocrx_word' id='word_1_176' title='bbox 747 1605 879 1643; x_wconf 92' lang='lat' dir='ltr'>cum</span> <span class='ocrx_word' id='word_1_177' title='bbox 910 1604 1123 1643; x_wconf 88' lang='lat' dir='ltr'>corona</span> <span class='ocrx_word' id='word_1_178' title='bbox 1154 1585 1465 1641; x_wconf 83' lang='lat' dir='ltr'>artificiose</span> <span class='ocrx_word' id='word_1_179' title='bbox 1506 1590 1806 1657; x_wconf 86' lang='lat' dir='ltr'>gemmata</span> <span class='ocrx_word' id='word_1_180' title='bbox 1833 1575 1878 1635; x_wconf 78' lang='grc' dir='ltr'>Β</span> <span class='ocrx_word' id='word_1_181' title='bbox 1906 1587 2221 1656; x_wconf 89' lang='lat' dir='ltr'>Wolmero,</span> <span class='ocrx_word' id='word_1_182' title='bbox 2251 1590 2512 1660; x_wconf 89' lang='lat' dir='ltr'>ejusdem</span> <span class='ocrx_word' id='word_1_183' title='bbox 2544 1591 2817 1648; x_wconf 83' lang='lat' dir='ltr'>familiari</span> <span class='ocrx_word' id='word_1_184' title='bbox 2836 1596 3136 1667; x_wconf 91' lang='lat' dir='ltr'>capellano</span> <span class='ocrx_word' id='word_1_185' title='bbox 3153 1594 3339 1662; x_wconf 67' lang='grc' dir='ltr'>ιιι,οῢ</span> <span class='ocrx_word' id='word_1_186' title='bbox 3368 1610 3531 1650; x_wconf 87' lang='lat' dir='ltr'>amo-</span> 
     </span>
    </p>
   </div>
   <div class='ocr_carea' id='block_1_28' title="bbox 192 1676 1806 1753">
    <p class='ocr_par' dir='ltr' id='par_1_28' title="bbox 192 1676 1806 1753">
     <span class='ocr_line' id='line_1_28' title="bbox 192 1676 1806 1753; baseline -0.003 -18"><span class='ocrx_word' id='word_1_187' title='bbox 192 1696 442 1753; x_wconf 90' lang='lat' dir='ltr'>regnum</span> <span class='ocrx_word' id='word_1_188' title='bbox 474 1679 594 1752; x_wconf 92' lang='lat' dir='ltr'>ipso</span> <span class='ocrx_word' id='word_1_189' title='bbox 624 1687 696 1721; x_wconf 72' lang='lat' dir='ltr'>m</span> <span class='ocrx_word' id='word_1_190' title='bbox 740 1678 1139 1744; x_wconf 80' lang='lat' dir='ltr'>committere,</span> <span class='ocrx_word' id='word_1_191' title='bbox 1170 1676 1696 1749; x_wconf 87' lang='lat' dir='ltr'>consanguinitatis</span> <span class='ocrx_word' id='word_1_192' title='bbox 1747 1680 1806 1731; x_wconf 90' lang='lat' dir='ltr'>et</span> 
     </span>
    </p>
   </div>
   <div class='ocr_carea' id='block_1_29' title="bbox 188 1765 1802 1841">
    <p class='ocr_par' dir='ltr' id='par_1_29' title="bbox 188 1765 1802 1841">
     <span class='ocr_line' id='line_1_29' title="bbox 188 1765 1802 1841; baseline -0.003 -17"><span class='ocrx_word' id='word_1_193' title='bbox 188 1768 505 1841; x_wconf 90' lang='lat' dir='ltr'>juramenti</span> <span class='ocrx_word' id='word_1_194' title='bbox 533 1767 1083 1833; x_wconf 85' lang='lat' dir='ltr'>inmemor,studuit.</span> <span class='ocrx_word' id='word_1_195' title='bbox 1115 1766 1224 1830; x_wconf 88' lang='lat' dir='ltr'>Qui</span> <span class='ocrx_word' id='word_1_196' title='bbox 1249 1781 1380 1820; x_wconf 89' lang='lat' dir='ltr'>cum</span> <span class='ocrx_word' id='word_1_197' title='bbox 1403 1766 1464 1819; x_wconf 92' lang='lat' dir='ltr'>in</span> <span class='ocrx_word' id='word_1_198' title='bbox 1487 1768 1686 1821; x_wconf 81' lang='lat' dir='ltr'>sancto</span> <span class='ocrx_word' id='word_1_199' title='bbox 1710 1765 1802 1820; x_wconf 91' lang='lat' dir='ltr'>die</span> 
     </span>
    </p>
   </div>
   <div class='ocr_carea' id='block_1_30' title="bbox 194 1854 1803 1929">
    <p class='ocr_par' dir='ltr' id='par_1_30' title="bbox 194 1854 1803 1929">
     <span class='ocr_line' id='line_1_30' title="bbox 194 1854 1803 1929; baseline -0.003 -15"><span class='ocrx_word' id='word_1_200' title='bbox 194 1857 528 1929; x_wconf 89' lang='lat' dir='ltr'>sollempnis</span> <span class='ocrx_word' id='word_1_201' title='bbox 555 1857 776 1929; x_wconf 59' lang='lat' dir='ltr'>pascha:</span> <span class='ocrx_word' id='word_1_202' title='bbox 807 1856 1020 1928; x_wconf 90' lang='lat' dir='ltr'>paratis</span> <span class='ocrx_word' id='word_1_203' title='bbox 1068 1854 1346 1910; x_wconf 86' lang='lat' dir='ltr'>omnibus</span> <span class='ocrx_word' id='word_1_204' title='bbox 1403 1854 1803 1910; x_wconf 87' lang='lat' dir='ltr'>instrumentis</span> 
     </span>
    </p>
   </div>
   <div class='ocr_carea' id='block_1_31' title="bbox 192 1942 1796 2017">
    <p class='ocr_par' dir='ltr' id='par_1_31' title="bbox 192 1942 1796 2017">
     <span class='ocr_line' id='line_1_31' title="bbox 192 1942 1796 2017; baseline -0.002 -17"><span class='ocrx_word' id='word_1_205' title='bbox 192 1945 503 2017; x_wconf 84' lang='lat' dir='ltr'>regalibus,</span> <span class='ocrx_word' id='word_1_206' title='bbox 535 1960 813 2016; x_wconf 90' lang='lat' dir='ltr'>generum</span> <span class='ocrx_word' id='word_1_207' title='bbox 842 1942 1124 2015; x_wconf 90' lang='lat' dir='ltr'>promissa</span> <span class='ocrx_word' id='word_1_208' title='bbox 1149 1942 1413 1997; x_wconf 87' lang='lat' dir='ltr'>femineo</span> <span class='ocrx_word' id='word_1_209' title='bbox 1431 1945 1796 2013; x_wconf 85' lang='lat' dir='ltr'>expetentem</span> 
     </span>
    </p>
   </div>
   <div class='ocr_carea' id='block_1_32' title="bbox 192 2030 1802 2098">
    <p class='ocr_par' dir='ltr' id='par_1_32' title="bbox 192 2030 1802 2098">
     <span class='ocr_line' id='line_1_32' title="bbox 192 2030 1802 2098; baseline -0.002 -9"><span class='ocrx_word' id='word_1_210' title='bbox 192 2034 478 2091; x_wconf 89' lang='lat' dir='ltr'>desiderio</span> <span class='ocrx_word' id='word_1_211' title='bbox 504 2050 781 2089; x_wconf 88' lang='lat' dir='ltr'>coronare</span> <span class='ocrx_word' id='word_1_212' title='bbox 800 2032 1085 2098; x_wconf 87' lang='lat' dir='ltr'>voluisset,</span> <span class='ocrx_word' id='word_1_213' title='bbox 1112 2031 1277 2097; x_wconf 90' lang='lat' dir='ltr'>odio,</span> <span class='ocrx_word' id='word_1_214' title='bbox 1316 2030 1523 2085; x_wconf 70' lang='lat' dir='ltr'>divinae</span> <span class='ocrx_word' id='word_1_215' title='bbox 1568 2031 1802 2087; x_wconf 86' lang='lat' dir='ltr'>misera-</span> 
     </span>
    </p>
   </div>
   <div class='ocr_carea' id='block_1_33' title="bbox 190 2119 1800 2195">
    <p class='ocr_par' dir='ltr' id='par_1_33' title="bbox 190 2119 1800 2195">
     <span class='ocr_line' id='line_1_33' title="bbox 190 2119 1800 2195; baseline -0.002 -17"><span class='ocrx_word' id='word_1_216' title='bbox 190 2123 363 2179; x_wconf 89' lang='lat' dir='ltr'>tionis</span> <span class='ocrx_word' id='word_1_217' title='bbox 386 2122 575 2195; x_wconf 88' lang='lat' dir='ltr'>gratia</span> <span class='ocrx_word' id='word_1_218' title='bbox 605 2121 1003 2193; x_wconf 90' lang='lat' dir='ltr'>sapiencieque</span> <span class='ocrx_word' id='word_1_219' title='bbox 1050 2122 1259 2175; x_wconf 87' lang='lat' dir='ltr'>cuncta</span> <span class='ocrx_word' id='word_1_220' title='bbox 1304 2119 1583 2174; x_wconf 86' lang='lat' dir='ltr'>volventis</span> <span class='ocrx_word' id='word_1_221' title='bbox 1610 2120 1800 2189; x_wconf 85' lang='lat' dir='ltr'>freno,</span> 
     </span>
    </p>
   </div>
   <div class='ocr_carea' id='block_1_34' title="bbox 190 2208 1805 2287">
    <p class='ocr_par' dir='ltr' id='par_1_34' title="bbox 190 2208 1805 2287">
     <span class='ocr_line' id='line_1_34' title="bbox 190 2208 1805 2287; baseline -0.003 -19"><span class='ocrx_word' id='word_1_222' title='bbox 190 2214 488 2287; x_wconf 89' lang='lat' dir='ltr'>paululum</span> <span class='ocrx_word' id='word_1_223' title='bbox 509 2210 985 2283; x_wconf 85' lang='lat' dir='ltr'>relaxato.puduit</span> <span class='ocrx_word' id='word_1_224' title='bbox 999 2209 1233 2282; x_wconf 73' lang='lat' dir='ltr'>incmpti</span> <span class='ocrx_word' id='word_1_225' title='bbox 1248 2211 1307 2262; x_wconf 92' lang='lat' dir='ltr'>et</span> <span class='ocrx_word' id='word_1_226' title='bbox 1322 2208 1805 2280; x_wconf 82' lang='lat' dir='ltr'>penituit.Accer-</span> 
     </span>
    </p>
   </div>
   <div class='ocr_carea' id='block_1_35' title="bbox 190 2297 1804 2374">
    <p class='ocr_par' dir='ltr' id='par_1_35' title="bbox 190 2297 1804 2374">
     <span class='ocr_line' id='line_1_35' title="bbox 190 2297 1804 2374; baseline -0.003 -16"><span class='ocrx_word' id='word_1_227' title='bbox 190 2303 414 2374; x_wconf 89' lang='lat' dir='ltr'>sitoque</span> <span class='ocrx_word' id='word_1_228' title='bbox 445 2302 591 2355; x_wconf 89' lang='lat' dir='ltr'>clam</span> <span class='ocrx_word' id='word_1_229' title='bbox 622 2300 830 2354; x_wconf 90' lang='lat' dir='ltr'>suimet</span> <span class='ocrx_word' id='word_1_230' title='bbox 862 2298 1189 2363; x_wconf 88' lang='lat' dir='ltr'>secretario,</span> <span class='ocrx_word' id='word_1_231' title='bbox 1229 2313 1405 2368; x_wconf 88' lang='lat' dir='ltr'>quem</span> <span class='ocrx_word' id='word_1_232' title='bbox 1449 2297 1804 2368; x_wconf 81' lang='lat' dir='ltr'>prediximus</span> 
     </span>
    </p>
   </div>
   <div class='ocr_carea' id='block_1_36' title="bbox 190 2385 1805 2463">
    <p class='ocr_par' dir='ltr' id='par_1_36' title="bbox 190 2385 1805 2463">
     <span class='ocr_line' id='line_1_36' title="bbox 190 2385 1805 2463; baseline -0.004 -16"><span class='ocrx_word' id='word_1_233' title='bbox 190 2391 362 2463; x_wconf 86' lang='lat'><strong>(287),</strong></span> <span class='ocrx_word' id='word_1_234' title='bbox 389 2390 711 2444; x_wconf 84' lang='lat' dir='ltr'>Wolcmero</span> <span class='ocrx_word' id='word_1_235' title='bbox 741 2395 832 2454; x_wconf 70' lang='lat'>237,</span> <span class='ocrx_word' id='word_1_236' title='bbox 857 2387 1011 2458; x_wconf 89' lang='lat' dir='ltr'>quod</span> <span class='ocrx_word' id='word_1_237' title='bbox 1052 2386 1110 2441; x_wconf 91' lang='lat' dir='ltr'>in</span> <span class='ocrx_word' id='word_1_238' title='bbox 1134 2390 1333 2440; x_wconf 88' lang='lat' dir='ltr'>mente</span> <span class='ocrx_word' id='word_1_239' title='bbox 1359 2385 1570 2439; x_wconf 87' lang='lat' dir='ltr'>latebat</span> <span class='ocrx_word' id='word_1_240' title='bbox 1598 2387 1805 2441; x_wconf 89' lang='lat' dir='ltr'>vulnus</span> 
     </span>
    </p>
   </div>
   <div class='ocr_carea' id='block_1_37' title="bbox 190 2473 1803 2552">
    <p class='ocr_par' dir='ltr' id='par_1_37' title="bbox 190 2473 1803 2552">
     <span class='ocr_line' id='line_1_37' title="bbox 190 2473 1803 2552; baseline -0.003 -18"><span class='ocrx_word' id='word_1_241' title='bbox 190 2478 438 2552; x_wconf 89' lang='lat' dir='ltr'>aperuit,</span> <span class='ocrx_word' id='word_1_242' title='bbox 469 2477 826 2549; x_wconf 89' lang='lat' dir='ltr'>qualiterque</span> <span class='ocrx_word' id='word_1_243' title='bbox 865 2477 1185 2541; x_wconf 86' lang='lat' dir='ltr'>curaretur,</span> <span class='ocrx_word' id='word_1_244' title='bbox 1237 2473 1502 2544; x_wconf 86' lang='lat' dir='ltr'>diligenti</span> <span class='ocrx_word' id='word_1_245' title='bbox 1562 2474 1803 2529; x_wconf 92' lang='lat' dir='ltr'>consilio</span> 
     </span>
    </p>
   </div>
   <div class='ocr_carea' id='block_1_38' title="bbox 188 2562 1805 2642">
    <p class='ocr_par' dir='ltr' id='par_1_38' title="bbox 188 2562 1805 2642">
     <span class='ocr_line' id='line_1_38' title="bbox 188 2562 1805 2642; baseline -0.003 -19"><span class='ocrx_word' id='word_1_246' title='bbox 188 2567 453 2642; x_wconf 87' lang='lat' dir='ltr'>quesivit.</span> <span class='ocrx_word' id='word_1_247' title='bbox 481 2565 591 2620; x_wconf 90' lang='lat' dir='ltr'>Sed</span> <span class='ocrx_word' id='word_1_248' title='bbox 608 2564 893 2621; x_wconf 89' lang='lat' dir='ltr'>conversis</span> <span class='ocrx_word' id='word_1_249' title='bbox 914 2564 1234 2636; x_wconf 86' lang='lat' dir='ltr'>quibusque</span> <span class='ocrx_word' id='word_1_250' title='bbox 1259 2565 1491 2633; x_wconf 85' lang='lat' dir='ltr'>paratus</span> <span class='ocrx_word' id='word_1_251' title='bbox 1505 2562 1579 2617; x_wconf 88' lang='lat' dir='ltr'>ad</span> <span class='ocrx_word' id='word_1_252' title='bbox 1604 2563 1805 2618; x_wconf 89' lang='lat' dir='ltr'>omnia</span> 
     </span>
    </p>
   </div>
   <div class='ocr_carea' id='block_1_39' title="bbox 187 2649 1804 2722">
    <p class='ocr_par' dir='ltr' id='par_1_39' title="bbox 187 2649 1804 2722">
     <span class='ocr_line' id='line_1_39' title="bbox 187 2649 1804 2722; baseline -0.005 -8"><span class='ocrx_word' id='word_1_253' title='bbox 187 2659 357 2718; x_wconf 85' lang='lat' dir='ltr'>Deus,</span> <span class='ocrx_word' id='word_1_254' title='bbox 396 2655 534 2710; x_wconf 88' lang='lat' dir='ltr'>huic</span> <span class='ocrx_word' id='word_1_255' title='bbox 586 2654 642 2708; x_wconf 92' lang='lat' dir='ltr'>in</span> <span class='ocrx_word' id='word_1_256' title='bbox 701 2656 962 2708; x_wconf 89' lang='lat' dir='ltr'>mentem</span> <span class='ocrx_word' id='word_1_257' title='bbox 994 2651 1215 2707; x_wconf 72' lang='lat' dir='ltr'>caelitus</span> <span class='ocrx_word' id='word_1_258' title='bbox 1248 2649 1426 2715; x_wconf 89' lang='lat' dir='ltr'>misit,</span> <span class='ocrx_word' id='word_1_259' title='bbox 1457 2666 1572 2722; x_wconf 92' lang='lat' dir='ltr'>quo</span> <span class='ocrx_word' id='word_1_260' title='bbox 1603 2667 1804 2706; x_wconf 89' lang='lat' dir='ltr'>curam</span> 
     </span>
    </p>
   </div>
   <div class='ocr_carea' id='block_1_40' title="bbox 184 2738 1804 2815">
    <p class='ocr_par' dir='ltr' id='par_1_40' title="bbox 184 2738 1804 2815">
     <span class='ocr_line' id='line_1_40' title="bbox 184 2738 1804 2815; baseline -0.004 -13"><span class='ocrx_word' id='word_1_261' title='bbox 184 2748 264 2802; x_wconf 78' lang='lat' dir='ltr'>sui</span> <span class='ocrx_word' id='word_1_262' title='bbox 283 2743 952 2815; x_wconf 89' lang='lat' dir='ltr'>seniorisrespondendo</span> <span class='ocrx_word' id='word_1_263' title='bbox 974 2741 1181 2796; x_wconf 88' lang='lat' dir='ltr'>talibus</span> <span class='ocrx_word' id='word_1_264' title='bbox 1212 2739 1519 2809; x_wconf 83' lang='lat' dir='ltr'>mitigavit.</span> <span class='ocrx_word' id='word_1_265' title='bbox 1550 2738 1804 2810; x_wconf 84' lang='lat' dir='ltr'>Sanctus,</span> 
     </span>
    </p>
   </div>
   <div class='ocr_carea' id='block_1_41' title="bbox 178 2829 1808 2908">
    <p class='ocr_par' dir='ltr' id='par_1_41' title="bbox 178 2829 1808 2908">
     <span class='ocr_line' id='line_1_41' title="bbox 178 2829 1808 2908; baseline -0.006 -16"><span class='ocrx_word' id='word_1_266' title='bbox 178 2836 395 2908; x_wconf 87' lang='lat' dir='ltr'>inquit,</span> <span class='ocrx_word' id='word_1_267' title='bbox 426 2833 668 2905; x_wconf 75' lang='lat' dir='ltr'>Spiritus</span> <span class='ocrx_word' id='word_1_268' title='bbox 699 2833 1002 2899; x_wconf 80' lang='lat' dir='ltr'>tibi,sem’or</span> <span class='ocrx_word' id='word_1_269' title='bbox 1028 2830 1330 2894; x_wconf 77' lang='lat' dir='ltr'>karissime,</span> <span class='ocrx_word' id='word_1_270' title='bbox 1361 2829 1426 2896; x_wconf 91' lang='lat' dir='ltr'>(f.</span> <span class='ocrx_word' id='word_1_271' title='bbox 1474 2832 1559 2891; x_wconf 77' lang='lat'><strong>25)</strong></span> <span class='ocrx_word' id='word_1_272' title='bbox 1593 2845 1808 2900; x_wconf 80' lang='lat' dir='ltr'>sugges-</span> 
     </span>
    </p>
   </div>
   <div class='ocr_carea' id='block_1_42' title="bbox 176 2918 1810 2993">
    <p class='ocr_par' dir='ltr' id='par_1_42' title="bbox 176 2918 1810 2993">
     <span class='ocr_line' id='line_1_42' title="bbox 176 2918 1810 2993; baseline -0.004 -14"><span class='ocrx_word' id='word_1_273' title='bbox 176 2929 263 2993; x_wconf 82' lang='lat' dir='ltr'>sit,</span> <span class='ocrx_word' id='word_1_274' title='bbox 296 2931 362 2979; x_wconf 83' lang='lat' dir='ltr'>ut</span> <span class='ocrx_word' id='word_1_275' title='bbox 391 2940 503 2977; x_wconf 86' lang='lat' dir='ltr'>non</span> <span class='ocrx_word' id='word_1_276' title='bbox 559 2922 781 2993; x_wconf 74' lang='lat' dir='ltr'>amplius</span> <span class='ocrx_word' id='word_1_277' title='bbox 838 2920 1117 2974; x_wconf 84' lang='lat' dir='ltr'>adversum</span> <span class='ocrx_word' id='word_1_278' title='bbox 1172 2935 1283 2972; x_wconf 77' lang='lat' dir='ltr'>non</span> <span class='ocrx_word' id='word_1_279' title='bbox 1322 2918 1624 2988; x_wconf 81' lang='lat' dir='ltr'>prevaleret</span> <span class='ocrx_word' id='word_1_280' title='bbox 1668 2921 1810 2973; x_wconf 88' lang='lat' dir='ltr'>tanti</span> 
     </span>
    </p>
   </div>
   <div class='ocr_carea' id='block_1_43' title="bbox 177 3006 1805 3080">
    <p class='ocr_par' dir='ltr' id='par_1_43' title="bbox 177 3006 1805 3080">
     <span class='ocr_line' id='line_1_43' title="bbox 177 3006 1805 3080; baseline -0.006 -11"><span class='ocrx_word' id='word_1_281' title='bbox 177 3021 373 3069; x_wconf 75' lang='lat' dir='ltr'>auctor</span> <span class='ocrx_word' id='word_1_282' title='bbox 398 3010 611 3066; x_wconf 78' lang='lat' dir='ltr'>sceleris</span> <span class='ocrx_word' id='word_1_283' title='bbox 636 3011 879 3065; x_wconf 84' lang='lat' dir='ltr'>inimicus</span> <span class='ocrx_word' id='word_1_284' title='bbox 911 3037 927 3074; x_wconf 87' lang='lat'>,-</span> <span class='ocrx_word' id='word_1_285' title='bbox 955 3024 1113 3080; x_wconf 80' lang='lat' dir='ltr'>quem</span> <span class='ocrx_word' id='word_1_286' title='bbox 1142 3008 1220 3063; x_wconf 82' lang='lat' dir='ltr'>sic</span> <span class='ocrx_word' id='word_1_287' title='bbox 1241 3006 1505 3075; x_wconf 80' lang='lat' dir='ltr'>con/undi</span> <span class='ocrx_word' id='word_1_288' title='bbox 1544 3012 1692 3078; x_wconf 84' lang='lat' dir='ltr'>teque</span> <span class='ocrx_word' id='word_1_289' title='bbox 1713 3023 1805 3061; x_wconf 87' lang='lat' dir='ltr'>au-</span> 
     </span>
    </p>
   </div>
   <div class='ocr_carea' id='block_1_44' title="bbox 174 3096 1803 3172">
    <p class='ocr_par' dir='ltr' id='par_1_44' title="bbox 174 3096 1803 3172">
     <span class='ocr_line' id='line_1_44' title="bbox 174 3096 1803 3172; baseline -0.005 -15"><span class='ocrx_word' id='word_1_290' title='bbox 174 3108 329 3159; x_wconf 76' lang='lat' dir='ltr'>tumo</span> <span class='ocrx_word' id='word_1_291' title='bbox 371 3116 526 3172; x_wconf 82' lang='lat' dir='ltr'>posse</span> <span class='ocrx_word' id='word_1_292' title='bbox 568 3100 835 3153; x_wconf 84' lang='lat' dir='ltr'>honorari.</span> <span class='ocrx_word' id='word_1_293' title='bbox 890 3096 1180 3157; x_wconf 85' lang='lat' dir='ltr'>Coronam,</span> <span class='ocrx_word' id='word_1_294' title='bbox 1242 3111 1405 3167; x_wconf 79' lang='lat' dir='ltr'>quam</span> <span class='ocrx_word' id='word_1_295' title='bbox 1466 3111 1661 3163; x_wconf 82' lang='lat' dir='ltr'>genero</span> <span class='ocrx_word' id='word_1_296' title='bbox 1714 3103 1803 3149; x_wconf 89' lang='lat' dir='ltr'>tuo</span> 
     </span>
    </p>
   </div>
   <div class='ocr_carea' id='block_1_45' title="bbox 173 3184 1805 3258">
    <p class='ocr_par' dir='ltr' id='par_1_45' title="bbox 173 3184 1805 3258">
     <span class='ocr_line' id='line_1_45' title="bbox 173 3184 1805 3258; baseline -0.005 -12"><span class='ocrx_word' id='word_1_297' title='bbox 173 3209 295 3246; x_wconf 83' lang='lat' dir='ltr'>cras</span> <span class='ocrx_word' id='word_1_298' title='bbox 330 3198 384 3245; x_wconf 88' lang='lat' dir='ltr'>te</span> <span class='ocrx_word' id='word_1_299' title='bbox 440 3189 694 3244; x_wconf 84' lang='lat' dir='ltr'>daturum</span> <span class='ocrx_word' id='word_1_300' title='bbox 722 3188 1041 3258; x_wconf 75' lang='lat' dir='ltr'>promisisti,</span> <span class='ocrx_word' id='word_1_301' title='bbox 1074 3185 1221 3239; x_wconf 75' lang='lat' dir='ltr'>vobis</span> <span class='ocrx_word' id='word_1_302' title='bbox 1250 3184 1648 3238; x_wconf 85' lang='lat' dir='ltr'>consedentibus</span> <span class='ocrx_word' id='word_1_303' title='bbox 1684 3201 1805 3255; x_wconf 86' lang='lat' dir='ltr'>pre-</span> 
     </span>
    </p>
   </div>
   <div class='ocr_carea' id='block_1_46' title="bbox 172 3274 1802 3348">
    <p class='ocr_par' dir='ltr' id='par_1_46' title="bbox 172 3274 1802 3348">
     <span class='ocr_line' id='line_1_46' title="bbox 172 3274 1802 3348; baseline -0.005 -12"><span class='ocrx_word' id='word_1_304' title='bbox 172 3280 425 3346; x_wconf 77' lang='lat' dir='ltr'>sentabo,</span> <span class='ocrx_word' id='word_1_305' title='bbox 454 3283 512 3333; x_wconf 86' lang='lat' dir='ltr'>ut</span> <span class='ocrx_word' id='word_1_306' title='bbox 535 3276 664 3348; x_wconf 83' lang='lat' dir='ltr'>ﬁdes</span> <span class='ocrx_word' id='word_1_307' title='bbox 694 3284 787 3331; x_wconf 88' lang='lat' dir='ltr'>tua</span> <span class='ocrx_word' id='word_1_308' title='bbox 810 3279 865 3329; x_wconf 87' lang='lat' dir='ltr'>in</span> <span class='ocrx_word' id='word_1_309' title='bbox 900 3282 1174 3346; x_wconf 79' lang='lat' dir='ltr'>posterum</span> <span class='ocrx_word' id='word_1_310' title='bbox 1217 3274 1457 3326; x_wconf 87' lang='lat' dir='ltr'>omnium</span> <span class='ocrx_word' id='word_1_311' title='bbox 1508 3274 1802 3340; x_wconf 87' lang='lat' dir='ltr'>clarescat;</span> 
     </span>
    </p>
   </div>
   <div class='ocr_carea' id='block_1_47' title="bbox 171 3360 1805 3434">
    <p class='ocr_par' dir='ltr' id='par_1_47' title="bbox 171 3360 1805 3434">
     <span class='ocr_line' id='line_1_47' title="bbox 171 3360 1805 3434; baseline -0.005 -10"><span class='ocrx_word' id='word_1_312' title='bbox 171 3379 222 3424; x_wconf 87' lang='lat' dir='ltr'>et</span> <span class='ocrx_word' id='word_1_313' title='bbox 250 3370 465 3424; x_wconf 75' lang='lat' dir='ltr'>incitus</span> <span class='ocrx_word' id='word_1_314' title='bbox 519 3383 763 3421; x_wconf 80' lang='lat' dir='ltr'>corruens</span> <span class='ocrx_word' id='word_1_315' title='bbox 812 3366 1085 3434; x_wconf 78' lang='lat' dir='ltr'>disrumpo</span> <span class='ocrx_word' id='word_1_316' title='bbox 1138 3360 1384 3427; x_wconf 85' lang='lat' dir='ltr'>eandem,</span> <span class='ocrx_word' id='word_1_317' title='bbox 1423 3369 1483 3414; x_wconf 87' lang='lat' dir='ltr'>ut</span> <span class='ocrx_word' id='word_1_318' title='bbox 1529 3362 1805 3432; x_wconf 81' lang='lat' dir='ltr'>fraternus</span> 
     </span>
    </p>
   </div>
   <div class='ocr_carea' id='block_1_48' title="bbox 170 3450 1807 3524">
    <p class='ocr_par' dir='ltr' id='par_1_48' title="bbox 170 3450 1807 3524">
     <span class='ocr_line' id='line_1_48' title="bbox 170 3450 1807 3524; baseline -0.004 -13"><span class='ocrx_word' id='word_1_319' title='bbox 170 3475 336 3511; x_wconf 83' lang='lat' dir='ltr'>amor</span> <span class='ocrx_word' id='word_1_320' title='bbox 364 3454 524 3510; x_wconf 88' lang='lat' dir='ltr'>modo</span> <span class='ocrx_word' id='word_1_321' title='bbox 553 3453 794 3524; x_wconf 81' lang='lat' dir='ltr'>frigidus</span> <span class='ocrx_word' id='word_1_322' title='bbox 834 3455 889 3505; x_wconf 83' lang='lat' dir='ltr'>in</span> <span class='ocrx_word' id='word_1_323' title='bbox 940 3455 1212 3522; x_wconf 82' lang='lat' dir='ltr'>posterum</span> <span class='ocrx_word' id='word_1_324' title='bbox 1258 3450 1556 3507; x_wconf 83' lang='lat' dir='ltr'>recalescat.</span> <span class='ocrx_word' id='word_1_325' title='bbox 1586 3451 1807 3506; x_wconf 87' lang='lat' dir='ltr'>Placuit</span> 
     </span>
    </p>
   </div>
   <div class='ocr_carea' id='block_1_49' title="bbox 171 3538 1804 3615">
    <p class='ocr_par' dir='ltr' id='par_1_49' title="bbox 171 3538 1804 3615">
     <span class='ocr_line' id='line_1_49' title="bbox 171 3538 1804 3615; baseline -0.004 -13"><span class='ocrx_word' id='word_1_326' title='bbox 171 3549 289 3602; x_wconf 88' lang='lat' dir='ltr'>hoc</span> <span class='ocrx_word' id='word_1_327' title='bbox 320 3542 777 3615; x_wconf 88' lang='lat' dir='ltr'>archiepiscopo,</span> <span class='ocrx_word' id='word_1_328' title='bbox 806 3544 865 3595; x_wconf 90' lang='lat' dir='ltr'>et</span> <span class='ocrx_word' id='word_1_329' title='bbox 893 3540 973 3594; x_wconf 90' lang='lat' dir='ltr'>sic</span> <span class='ocrx_word' id='word_1_330' title='bbox 1005 3538 1221 3610; x_wconf 80' lang='lat' dir='ltr'>expleri</span> <span class='ocrx_word' id='word_1_331' title='bbox 1244 3539 1389 3594; x_wconf 91' lang='lat' dir='ltr'>votis</span> <span class='ocrx_word' id='word_1_332' title='bbox 1419 3540 1804 3595; x_wconf 83' lang='lat' dir='ltr'>exultantibus</span> 
     </span>
    </p>
   </div>
   <div class='ocr_carea' id='block_1_50' title="bbox 169 3628 1800 3703">
    <p class='ocr_par' dir='ltr' id='par_1_50' title="bbox 169 3628 1800 3703">
     <span class='ocr_line' id='line_1_50' title="bbox 169 3628 1800 3703; baseline -0.004 -13"><span class='ocrx_word' id='word_1_333' title='bbox 169 3636 413 3691; x_wconf 86' lang='lat' dir='ltr'>divinas</span> <span class='ocrx_word' id='word_1_334' title='bbox 465 3630 707 3703; x_wconf 86' lang='lat' dir='ltr'>pulsavit</span> <span class='ocrx_word' id='word_1_335' title='bbox 754 3628 1089 3702; x_wconf 88' lang='lat' dir='ltr'>suppliciter</span> <span class='ocrx_word' id='word_1_336' title='bbox 1147 3644 1332 3683; x_wconf 90' lang='lat' dir='ltr'>aures.</span> <span class='ocrx_word' id='word_1_337' title='bbox 1384 3628 1546 3684; x_wconf 84' lang='lat' dir='ltr'>Mane</span> <span class='ocrx_word' id='word_1_338' title='bbox 1605 3633 1800 3684; x_wconf 88' lang='lat' dir='ltr'>autem</span> 
     </span>
    </p>
   </div>
   <div class='ocr_carea' id='block_1_51' title="bbox 170 3716 1804 3790">
    <p class='ocr_par' dir='ltr' id='par_1_51' title="bbox 170 3716 1804 3790">
     <span class='ocr_line' id='line_1_51' title="bbox 170 3716 1804 3790; baseline -0.005 -10"><span class='ocrx_word' id='word_1_339' title='bbox 170 3726 362 3790; x_wconf 84' lang='lat' dir='ltr'>facto,</span> <span class='ocrx_word' id='word_1_340' title='bbox 393 3721 544 3777; x_wconf 90' lang='lat' dir='ltr'>dicta</span> <span class='ocrx_word' id='word_1_341' title='bbox 573 3721 693 3776; x_wconf 64' lang='lat' dir='ltr'>haec</span> <span class='ocrx_word' id='word_1_342' title='bbox 725 3724 787 3774; x_wconf 91' lang='lat' dir='ltr'>ut</span> <span class='ocrx_word' id='word_1_343' title='bbox 810 3719 975 3773; x_wconf 85' lang='lat' dir='ltr'>factis</span> <span class='ocrx_word' id='word_1_344' title='bbox 1032 3721 1167 3773; x_wconf 91' lang='lat' dir='ltr'>sunt</span> <span class='ocrx_word' id='word_1_345' title='bbox 1206 3716 1468 3788; x_wconf 86' lang='lat' dir='ltr'>impleta,</span> <span class='ocrx_word' id='word_1_346' title='bbox 1522 3718 1804 3790; x_wconf 88' lang='lat' dir='ltr'>archiepi-</span> 
     </span>
    </p>
   </div>
   <div class='ocr_carea' id='block_1_52' title="bbox 170 3808 1800 3885">
    <p class='ocr_par' dir='ltr' id='par_1_52' title="bbox 170 3808 1800 3885">
     <span class='ocr_line' id='line_1_52' title="bbox 170 3808 1800 3885; baseline -0.004 -15"><span class='ocrx_word' id='word_1_347' title='bbox 170 3829 393 3885; x_wconf 83' lang='lat' dir='ltr'>scopus</span> <span class='ocrx_word' id='word_1_348' title='bbox 421 3826 697 3882; x_wconf 86' lang='lat' dir='ltr'>magnum</span> <span class='ocrx_word' id='word_1_349' title='bbox 720 3809 1033 3863; x_wconf 87' lang='lat' dir='ltr'>simulabat</span> <span class='ocrx_word' id='word_1_350' title='bbox 1052 3822 1343 3863; x_wconf 88' lang='lat' dir='ltr'>merorem</span> <span class='ocrx_word' id='word_1_351' title='bbox 1371 3824 1385 3873; x_wconf 86' lang='lat'><strong>;</strong></span> <span class='ocrx_word' id='word_1_352' title='bbox 1415 3808 1575 3880; x_wconf 86' lang='lat' dir='ltr'>Hugo</span> <span class='ocrx_word' id='word_1_353' title='bbox 1606 3811 1800 3865; x_wconf 90' lang='lat' dir='ltr'>autem</span> 
     </span>
    </p>
   </div>
   <div class='ocr_carea' id='block_1_53' title="bbox 170 3896 1803 3975">
    <p class='ocr_par' dir='ltr' id='par_1_53' title="bbox 170 3896 1803 3975">
     <span class='ocr_line' id='line_1_53' title="bbox 170 3896 1803 3975; baseline -0.004 -17"><span class='ocrx_word' id='word_1_354' title='bbox 170 3902 393 3975; x_wconf 85' lang='lat' dir='ltr'>suique</span> <span class='ocrx_word' id='word_1_355' title='bbox 407 3903 569 3955; x_wconf 88' lang='lat' dir='ltr'>tanta</span> <span class='ocrx_word' id='word_1_356' title='bbox 593 3916 691 3973; x_wconf 91' lang='lat' dir='ltr'>spe</span> <span class='ocrx_word' id='word_1_357' title='bbox 722 3896 981 3954; x_wconf 83' lang='lat' dir='ltr'>frustrati</span> <span class='ocrx_word' id='word_1_358' title='bbox 1023 3904 1096 3940; x_wconf 75' lang='lat' dir='ltr'>m</span> <span class='ocrx_word' id='word_1_359' title='bbox 1127 3896 1605 3952; x_wconf 90' lang='lat' dir='ltr'>inconsolabilem</span> <span class='ocrx_word' id='word_1_360' title='bbox 1640 3898 1803 3952; x_wconf 88' lang='lat' dir='ltr'>susti-</span> 
     </span>
    </p>
   </div>
   <div class='ocr_carea' id='block_1_54' title="bbox 169 3985 1798 4058">
    <p class='ocr_par' dir='ltr' id='par_1_54' title="bbox 169 3985 1798 4058">
     <span class='ocr_line' id='line_1_54' title="bbox 169 3985 1798 4058; baseline -0.004 -10"><span class='ocrx_word' id='word_1_361' title='bbox 169 4007 370 4048; x_wconf 88' lang='lat' dir='ltr'>nuere</span> <span class='ocrx_word' id='word_1_362' title='bbox 417 3989 710 4055; x_wconf 90' lang='lat' dir='ltr'>dolorem;</span> <span class='ocrx_word' id='word_1_363' title='bbox 744 3985 1275 4058; x_wconf 84' lang='lat' dir='ltr'>consummatisque</span> <span class='ocrx_word' id='word_1_364' title='bbox 1324 3985 1523 4041; x_wconf 90' lang='lat' dir='ltr'>diebus</span> <span class='ocrx_word' id='word_1_365' title='bbox 1566 3985 1798 4054; x_wconf 88' lang='lat' dir='ltr'>festivis,</span> 
     </span>
    </p>
   </div>
   <div class='ocr_carea' id='block_1_55' title="bbox 170 4074 1803 4151">
    <p class='ocr_par' dir='ltr' id='par_1_55' title="bbox 170 4074 1803 4151">
     <span class='ocr_line' id='line_1_55' title="bbox 170 4074 1803 4151; baseline -0.003 -15"><span class='ocrx_word' id='word_1_366' title='bbox 170 4080 308 4136; x_wconf 89' lang='lat' dir='ltr'>aliis</span> <span class='ocrx_word' id='word_1_367' title='bbox 348 4093 524 4151; x_wconf 89' lang='lat' dir='ltr'>quam</span> <span class='ocrx_word' id='word_1_368' title='bbox 549 4080 705 4132; x_wconf 88' lang='lat' dir='ltr'>ratus</span> <span class='ocrx_word' id='word_1_369' title='bbox 733 4075 807 4130; x_wconf 90' lang='lat' dir='ltr'>sit</span> <span class='ocrx_word' id='word_1_370' title='bbox 839 4074 1004 4129; x_wconf 90' lang='lat' dir='ltr'>donis</span> <span class='ocrx_word' id='word_1_371' title='bbox 1030 4075 1367 4142; x_wconf 86' lang='lat' dir='ltr'>honoratus,</span> <span class='ocrx_word' id='word_1_372' title='bbox 1422 4074 1612 4130; x_wconf 90' lang='lat' dir='ltr'>rediit.</span> <span class='ocrx_word' id='word_1_373' title='bbox 1669 4076 1803 4131; x_wconf 88' lang='lat' dir='ltr'>Post</span> 
     </span>
    </p>
   </div>
   <div class='ocr_carea' id='block_1_56' title="bbox 1830 3152 1878 3212">
    <p class='ocr_par' dir='ltr' id='par_1_56' title="bbox 1830 3152 1878 3212">
     <span class='ocr_line' id='line_1_56' title="bbox 1830 3152 1878 3212; baseline 0 0"><span class='ocrx_word' id='word_1_374' title='bbox 1830 3152 1878 3212; x_wconf 91' lang='lat' dir='ltr'>C</span> 
     </span>
    </p>
   </div>
   <div class='ocr_carea' id='block_1_57' title="bbox 1906 1677 3536 1750">
    <p class='ocr_par' dir='ltr' id='par_1_57' title="bbox 1906 1677 3536 1750">
     <span class='ocr_line' id='line_1_57' title="bbox 1906 1677 3536 1750; baseline 0.008 -21"><span class='ocrx_word' id='word_1_375' title='bbox 1906 1692 2033 1730; x_wconf 89' lang='lat' dir='ltr'>rem</span> <span class='ocrx_word' id='word_1_376' title='bbox 2049 1677 2582 1750; x_wconf 88' lang='lat' dir='ltr'>ejusepiscopatum</span> <span class='ocrx_word' id='word_1_377' title='bbox 2598 1684 2656 1735; x_wconf 91' lang='lat' dir='ltr'>et</span> <span class='ocrx_word' id='word_1_378' title='bbox 2674 1681 2870 1737; x_wconf 83' lang='lat' dir='ltr'>anime</span> <span class='ocrx_word' id='word_1_379' title='bbox 2890 1699 3091 1740; x_wconf 89' lang='lat' dir='ltr'>curam</span> <span class='ocrx_word' id='word_1_380' title='bbox 3112 1683 3364 1738; x_wconf 79' lang='lat' dir='ltr'>fideliter</span> <span class='ocrx_word' id='word_1_381' title='bbox 3382 1699 3536 1741; x_wconf 82' lang='lat' dir='ltr'>com-</span> 
     </span>
    </p>
   </div>
   <div class='ocr_carea' id='block_1_58' title="bbox 1905 1764 3536 1846">
    <p class='ocr_par' dir='ltr' id='par_1_58' title="bbox 1905 1764 3536 1846">
     <span class='ocr_line' id='line_1_58' title="bbox 1905 1764 3536 1846; baseline 0.009 -28"><span class='ocrx_word' id='word_1_382' title='bbox 1905 1764 2223 1822; x_wconf 91' lang='lat' dir='ltr'>mendavit.</span> <span class='ocrx_word' id='word_1_383' title='bbox 2255 1766 2380 1830; x_wconf 89' lang='lat' dir='ltr'>Quo</span> <span class='ocrx_word' id='word_1_384' title='bbox 2407 1768 2646 1823; x_wconf 91' lang='lat' dir='ltr'>sedente</span> <span class='ocrx_word' id='word_1_385' title='bbox 2677 1773 2908 1842; x_wconf 90' lang='lat' dir='ltr'>tempus</span> <span class='ocrx_word' id='word_1_386' title='bbox 2938 1788 2972 1825; x_wconf 91' lang='lat' dir='ltr'>a</span> <span class='ocrx_word' id='word_1_387' title='bbox 3002 1773 3125 1827; x_wconf 90' lang='lat' dir='ltr'>Deo</span> <span class='ocrx_word' id='word_1_388' title='bbox 3160 1771 3269 1827; x_wconf 91' lang='lat' dir='ltr'>sibi</span> <span class='ocrx_word' id='word_1_389' title='bbox 3293 1775 3536 1846; x_wconf 88' lang='lat' dir='ltr'>permis-</span> 
     </span>
    </p>
   </div>
   <div class='ocr_carea' id='block_1_59' title="bbox 1905 1854 3539 1931">
    <p class='ocr_par' dir='ltr' id='par_1_59' title="bbox 1905 1854 3539 1931">
     <span class='ocr_line' id='line_1_59' title="bbox 1905 1854 3539 1931; baseline 0.011 -24"><span class='ocrx_word' id='word_1_390' title='bbox 1905 1870 2032 1908; x_wconf 89' lang='lat' dir='ltr'>sum</span> <span class='ocrx_word' id='word_1_391' title='bbox 2064 1862 2162 1920; x_wconf 67' lang='grc' dir='ltr'>³η,</span> <span class='ocrx_word' id='word_1_392' title='bbox 2188 1857 2246 1909; x_wconf 92' lang='lat' dir='ltr'>et</span> <span class='ocrx_word' id='word_1_393' title='bbox 2276 1854 2334 1910; x_wconf 91' lang='lat' dir='ltr'>in</span> <span class='ocrx_word' id='word_1_394' title='bbox 2370 1857 2645 1912; x_wconf 84' lang='lat' dir='ltr'>omnibus</span> <span class='ocrx_word' id='word_1_395' title='bbox 2690 1858 2885 1928; x_wconf 83' lang='lat' dir='ltr'>egreie</span> <span class='ocrx_word' id='word_1_396' title='bbox 2916 1862 3316 1931; x_wconf 88' lang='lat' dir='ltr'>conversanti,</span> <span class='ocrx_word' id='word_1_397' title='bbox 3369 1869 3427 1921; x_wconf 89' lang='lat' dir='ltr'>et</span> <span class='ocrx_word' id='word_1_398' title='bbox 3469 1866 3539 1925; x_wconf 88' lang='lat' dir='ltr'>de</span> 
     </span>
    </p>
   </div>
   <div class='ocr_carea' id='block_1_60' title="bbox 1906 1942 3541 2031">
    <p class='ocr_par' dir='ltr' id='par_1_60' title="bbox 1906 1942 3541 2031">
     <span class='ocr_line' id='line_1_60' title="bbox 1906 1942 3541 2031; baseline 0.012 -34"><span class='ocrx_word' id='word_1_399' title='bbox 1906 1942 2095 1999; x_wconf 91' lang='lat' dir='ltr'>medio</span> <span class='ocrx_word' id='word_1_400' title='bbox 2130 1942 2360 1998; x_wconf 79' lang='lat' dir='ltr'>15.Kal.</span> <span class='ocrx_word' id='word_1_401' title='bbox 2394 1945 2636 2017; x_wconf 86' lang='lat' dir='ltr'>Augusti</span> <span class='ocrx_word' id='word_1_402' title='bbox 2656 1947 2801 2016; x_wconf 91' lang='lat'><strong>(967)</strong></span> <span class='ocrx_word' id='word_1_403' title='bbox 2835 1946 3171 2005; x_wconf 83' lang='lat' dir='ltr'>discedenti</span> <span class='ocrx_word' id='word_1_404' title='bbox 3198 1951 3336 2024; x_wconf 76' lang='grc'><strong>(291)</strong></span> <span class='ocrx_word' id='word_1_405' title='bbox 3375 1956 3541 2031; x_wconf 88' lang='lat' dir='ltr'>Gero,</span> 
     </span>
    </p>
   </div>
   <div class='ocr_carea' id='block_1_61' title="bbox 1903 2031 3546 2109">
    <p class='ocr_par' dir='ltr' id='par_1_61' title="bbox 1903 2031 3546 2109">
     <span class='ocr_line' id='line_1_61' title="bbox 1903 2031 3546 2109; baseline 0.01 -24"><span class='ocrx_word' id='word_1_406' title='bbox 1903 2031 2085 2086; x_wconf 86' lang='lat' dir='ltr'>frater</span> <span class='ocrx_word' id='word_1_407' title='bbox 2105 2031 2425 2087; x_wconf 88' lang='lat' dir='ltr'>Thietmari</span> <span class='ocrx_word' id='word_1_408' title='bbox 2443 2041 2515 2075; x_wconf 71' lang='grc' dir='ltr'>ιω</span> <span class='ocrx_word' id='word_1_409' title='bbox 2539 2035 2915 2104; x_wconf 88' lang='lat' dir='ltr'>marchionis,</span> <span class='ocrx_word' id='word_1_410' title='bbox 2937 2039 3164 2096; x_wconf 88' lang='lat' dir='ltr'>aclero</span> <span class='ocrx_word' id='word_1_411' title='bbox 3194 2047 3253 2100; x_wconf 90' lang='lat' dir='ltr'>et</span> <span class='ocrx_word' id='word_1_412' title='bbox 3281 2047 3353 2105; x_wconf 89' lang='lat' dir='ltr'>ab</span> <span class='ocrx_word' id='word_1_413' title='bbox 3383 2051 3546 2109; x_wconf 80' lang='lat' dir='ltr'>omni</span> 
     </span>
    </p>
   </div>
   <div class='ocr_carea' id='block_1_62' title="bbox 1903 2120 3542 2199">
    <p class='ocr_par' dir='ltr' id='par_1_62' title="bbox 1903 2120 3542 2199">
     <span class='ocr_line' id='line_1_62' title="bbox 1903 2120 3542 2199; baseline 0.006 -25"><span class='ocrx_word' id='word_1_414' title='bbox 1903 2120 2116 2192; x_wconf 91' lang='lat' dir='ltr'>populo</span> <span class='ocrx_word' id='word_1_415' title='bbox 2148 2122 2364 2175; x_wconf 89' lang='lat' dir='ltr'>electus</span> <span class='ocrx_word' id='word_1_416' title='bbox 2393 2123 2512 2188; x_wconf 90' lang='lat' dir='ltr'>est;</span> <span class='ocrx_word' id='word_1_417' title='bbox 2538 2125 2598 2176; x_wconf 92' lang='lat' dir='ltr'>et</span> <span class='ocrx_word' id='word_1_418' title='bbox 2621 2121 2731 2177; x_wconf 88' lang='lat' dir='ltr'>hoc</span> <span class='ocrx_word' id='word_1_419' title='bbox 2763 2123 3123 2197; x_wconf 87' lang='lat' dir='ltr'>imperatori</span> <span class='ocrx_word' id='word_1_420' title='bbox 3163 2150 3293 2191; x_wconf 82' lang='lat' dir='ltr'>mox</span> <span class='ocrx_word' id='word_1_421' title='bbox 3318 2140 3542 2199; x_wconf 89' lang='lat' dir='ltr'>adnun-</span> 
     </span>
    </p>
   </div>
   <div class='ocr_carea' id='block_1_63' title="bbox 1904 2209 3545 2288">
    <p class='ocr_par' dir='ltr' id='par_1_63' title="bbox 1904 2209 3545 2288">
     <span class='ocr_line' id='line_1_63' title="bbox 1904 2209 3545 2288; baseline 0.016 -26"><span class='ocrx_word' id='word_1_422' title='bbox 1904 2209 2095 2264; x_wconf 90' lang='lat' dir='ltr'>tiatur.</span> <span class='ocrx_word' id='word_1_423' title='bbox 2108 2209 2205 2263; x_wconf 86' lang='lat' dir='ltr'>Hic</span> <span class='ocrx_word' id='word_1_424' title='bbox 2222 2209 2359 2282; x_wconf 92' lang='lat' dir='ltr'>quia</span> <span class='ocrx_word' id='word_1_425' title='bbox 2374 2210 2605 2280; x_wconf 88' lang='lat' dir='ltr'>prefato</span> <span class='ocrx_word' id='word_1_426' title='bbox 2622 2211 2786 2266; x_wconf 86' lang='lat' dir='ltr'>fratri</span> <span class='ocrx_word' id='word_1_427' title='bbox 2803 2229 2903 2268; x_wconf 93' lang='lat' dir='ltr'>suo</span> <span class='ocrx_word' id='word_1_428' title='bbox 2919 2214 2994 2269; x_wconf 93' lang='lat' dir='ltr'>ob</span> <span class='ocrx_word' id='word_1_429' title='bbox 3009 2220 3237 2278; x_wconf 85' lang='lat' dir='ltr'>multas</span> <span class='ocrx_word' id='word_1_430' title='bbox 3247 2241 3545 2288; x_wconf 88' lang='lat' dir='ltr'>causarum</span> 
     </span>
    </p>
   </div>
   <div class='ocr_carea' id='block_1_64' title="bbox 1903 2296 3541 2378">
    <p class='ocr_par' dir='ltr' id='par_1_64' title="bbox 1903 2296 3541 2378">
     <span class='ocr_line' id='line_1_64' title="bbox 1903 2296 3541 2378; baseline 0.012 -27"><span class='ocrx_word' id='word_1_431' title='bbox 1903 2296 2122 2369; x_wconf 90' lang='lat' dir='ltr'>species</span> <span class='ocrx_word' id='word_1_432' title='bbox 2144 2297 2326 2352; x_wconf 90' lang='lat' dir='ltr'>iratus</span> <span class='ocrx_word' id='word_1_433' title='bbox 2357 2297 2489 2360; x_wconf 88' lang='lat' dir='ltr'>fuit,</span> <span class='ocrx_word' id='word_1_434' title='bbox 2525 2299 2668 2354; x_wconf 89' lang='lat' dir='ltr'>dare</span> <span class='ocrx_word' id='word_1_435' title='bbox 2715 2300 2848 2357; x_wconf 91' lang='lat' dir='ltr'>huic</span> <span class='ocrx_word' id='word_1_436' title='bbox 2896 2302 3305 2378; x_wconf 89' lang='lat' dir='ltr'>episcopatum</span> <span class='ocrx_word' id='word_1_437' title='bbox 3334 2320 3541 2375; x_wconf 85' lang='lat' dir='ltr'>noluit.</span> 
     </span>
    </p>
   </div>
   <div class='ocr_carea' id='block_1_65' title="bbox 1902 2385 3541 2463">
    <p class='ocr_par' dir='ltr' id='par_1_65' title="bbox 1902 2385 3541 2463">
     <span class='ocr_line' id='line_1_65' title="bbox 1902 2385 3541 2463; baseline 0.012 -22"><span class='ocrx_word' id='word_1_438' title='bbox 1902 2385 2234 2453; x_wconf 88' lang='lat' dir='ltr'>Intereasis,</span> <span class='ocrx_word' id='word_1_439' title='bbox 2259 2386 2395 2456; x_wconf 90' lang='lat' dir='ltr'>quia</span> <span class='ocrx_word' id='word_1_440' title='bbox 2421 2388 2757 2457; x_wconf 89' lang='lat' dir='ltr'>capellanus</span> <span class='ocrx_word' id='word_1_441' title='bbox 2774 2392 2911 2444; x_wconf 91' lang='lat' dir='ltr'>tunc</span> <span class='ocrx_word' id='word_1_442' title='bbox 2933 2392 3153 2459; x_wconf 87' lang='lat' dir='ltr'>erat,in</span> <span class='ocrx_word' id='word_1_443' title='bbox 3175 2413 3291 2454; x_wconf 89' lang='lat' dir='ltr'>uno</span> <span class='ocrx_word' id='word_1_444' title='bbox 3313 2403 3541 2463; x_wconf 88' lang='lat' dir='ltr'>dierum</span> 
     </span>
    </p>
   </div>
   <div class='ocr_carea' id='block_1_66' title="bbox 1903 2474 3542 2549">
    <p class='ocr_par' dir='ltr' id='par_1_66' title="bbox 1903 2474 3542 2549">
     <span class='ocr_line' id='line_1_66' title="bbox 1903 2474 3542 2549; baseline 0.013 -21"><span class='ocrx_word' id='word_1_445' title='bbox 1903 2474 2138 2529; x_wconf 91' lang='lat' dir='ltr'>missam</span> <span class='ocrx_word' id='word_1_446' title='bbox 2188 2475 2487 2529; x_wconf 88' lang='lat' dir='ltr'>celebrans</span> <span class='ocrx_word' id='word_1_447' title='bbox 2526 2475 2587 2530; x_wconf 93' lang='lat' dir='ltr'>in</span> <span class='ocrx_word' id='word_1_448' title='bbox 2638 2477 2817 2549; x_wconf 88' lang='lat' dir='ltr'>Papia</span> <span class='ocrx_word' id='word_1_449' title='bbox 2854 2478 3108 2544; x_wconf 90' lang='lat' dir='ltr'>civitate,</span> <span class='ocrx_word' id='word_1_450' title='bbox 3168 2486 3312 2542; x_wconf 90' lang='lat' dir='ltr'>vidit</span> <span class='ocrx_word' id='word_1_451' title='bbox 3385 2494 3542 2549; x_wconf 91' lang='lat' dir='ltr'>solus</span> 
     </span>
    </p>
   </div>
   <div class='ocr_carea' id='block_1_67' title="bbox 1903 2564 3537 2636">
    <p class='ocr_par' dir='ltr' id='par_1_67' title="bbox 1903 2564 3537 2636">
     <span class='ocr_line' id='line_1_67' title="bbox 1903 2564 3537 2636; baseline 0.012 -19"><span class='ocrx_word' id='word_1_452' title='bbox 1903 2565 2166 2618; x_wconf 91' lang='lat' dir='ltr'>sanctum</span> <span class='ocrx_word' id='word_1_453' title='bbox 2200 2564 2434 2617; x_wconf 90' lang='lat' dir='ltr'>Petrum</span> <span class='ocrx_word' id='word_1_454' title='bbox 2462 2567 2521 2618; x_wconf 90' lang='lat' dir='ltr'>et</span> <span class='ocrx_word' id='word_1_455' title='bbox 2554 2565 2931 2623; x_wconf 81' lang='lat' dir='ltr'>Ambrosium</span> <span class='ocrx_word' id='word_1_456' title='bbox 2972 2573 3174 2626; x_wconf 89' lang='lat' dir='ltr'>sancto</span> <span class='ocrx_word' id='word_1_457' title='bbox 3203 2590 3264 2629; x_wconf 90' lang='lat' dir='ltr'>se</span> <span class='ocrx_word' id='word_1_458' title='bbox 3294 2576 3537 2636; x_wconf 89' lang='lat' dir='ltr'>benedi-</span> 
     </span>
    </p>
   </div>
   <div class='ocr_carea' id='block_1_68' title="bbox 1904 2653 3535 2729">
    <p class='ocr_par' dir='ltr' id='par_1_68' title="bbox 1904 2653 3535 2729">
     <span class='ocr_line' id='line_1_68' title="bbox 1904 2653 3535 2729; baseline 0.01 -22"><span class='ocrx_word' id='word_1_459' title='bbox 1904 2655 2099 2707; x_wconf 88' lang='lat' dir='ltr'>centes</span> <span class='ocrx_word' id='word_1_460' title='bbox 2130 2654 2290 2719; x_wconf 90' lang='lat' dir='ltr'>oleo;</span> <span class='ocrx_word' id='word_1_461' title='bbox 2325 2654 2382 2705; x_wconf 91' lang='lat' dir='ltr'>et</span> <span class='ocrx_word' id='word_1_462' title='bbox 2408 2653 2567 2708; x_wconf 90' lang='lat' dir='ltr'>nullo</span> <span class='ocrx_word' id='word_1_463' title='bbox 2600 2662 2673 2697; x_wconf 68' lang='grc' dir='ltr'>ἰτ</span> <span class='ocrx_word' id='word_1_464' title='bbox 2708 2659 2844 2712; x_wconf 90' lang='lat' dir='ltr'>tunc</span> <span class='ocrx_word' id='word_1_465' title='bbox 2866 2657 3145 2729; x_wconf 90' lang='lat' dir='ltr'>prodidit,</span> <span class='ocrx_word' id='word_1_466' title='bbox 3179 2663 3281 2723; x_wconf 87' lang='lat' dir='ltr'>sed</span> <span class='ocrx_word' id='word_1_467' title='bbox 3302 2667 3535 2724; x_wconf 87' lang='lat' dir='ltr'>tantum</span> 
     </span>
    </p>
   </div>
   <div class='ocr_carea' id='block_1_69' title="bbox 1906 2740 3534 2828">
    <p class='ocr_par' dir='ltr' id='par_1_69' title="bbox 1906 2740 3534 2828">
     <span class='ocr_line' id='line_1_69' title="bbox 1906 2740 3534 2828; baseline 0.01 -33"><span class='ocrx_word' id='word_1_468' title='bbox 1906 2740 2115 2795; x_wconf 54' lang='lat' dir='ltr'>divinas</span> <span class='ocrx_word' id='word_1_469' title='bbox 2131 2740 2363 2813; x_wconf 87' lang='lat' dir='ltr'>pietatis</span> <span class='ocrx_word' id='word_1_470' title='bbox 2383 2757 2598 2796; x_wconf 91' lang='lat' dir='ltr'>munus</span> <span class='ocrx_word' id='word_1_471' title='bbox 2628 2759 2779 2816; x_wconf 91' lang='lat' dir='ltr'>equa</span> <span class='ocrx_word' id='word_1_472' title='bbox 2808 2751 3008 2802; x_wconf 89' lang='lat' dir='ltr'>mente</span> <span class='ocrx_word' id='word_1_473' title='bbox 3038 2753 3309 2820; x_wconf 88' lang='lat' dir='ltr'>portavit.</span> <span class='ocrx_word' id='word_1_474' title='bbox 3345 2756 3534 2828; x_wconf 85' lang='lat' dir='ltr'>Impe-</span> 
     </span>
    </p>
   </div>
   <div class='ocr_carea' id='block_1_70' title="bbox 1905 2828 3533 2899">
    <p class='ocr_par' dir='ltr' id='par_1_70' title="bbox 1905 2828 3533 2899">
     <span class='ocr_line' id='line_1_70' title="bbox 1905 2828 3533 2899; baseline 0.009 -15"><span class='ocrx_word' id='word_1_475' title='bbox 1905 2830 2087 2885; x_wconf 87' lang='lat' dir='ltr'>ratori</span> <span class='ocrx_word' id='word_1_476' title='bbox 2110 2836 2182 2871; x_wconf 67' lang='grc' dir='ltr'>ἰο</span> <span class='ocrx_word' id='word_1_477' title='bbox 2211 2831 2407 2882; x_wconf 88' lang='lat' dir='ltr'>autem</span> <span class='ocrx_word' id='word_1_478' title='bbox 2432 2828 2491 2883; x_wconf 92' lang='lat' dir='ltr'>in</span> <span class='ocrx_word' id='word_1_479' title='bbox 2525 2836 2728 2888; x_wconf 88' lang='lat' dir='ltr'>sancto</span> <span class='ocrx_word' id='word_1_480' title='bbox 2762 2835 3052 2891; x_wconf 91' lang='lat' dir='ltr'>dominice</span> <span class='ocrx_word' id='word_1_481' title='bbox 3085 2843 3533 2899; x_wconf 89' lang='lat' dir='ltr'>resurrectionis</span> 
     </span>
    </p>
   </div>
   <div class='ocr_carea' id='block_1_71' title="bbox 1906 2916 3527 3001">
    <p class='ocr_par' dir='ltr' id='par_1_71' title="bbox 1906 2916 3527 3001">
     <span class='ocr_line' id='line_1_71' title="bbox 1906 2916 3527 3001; baseline 0.008 -28"><span class='ocrx_word' id='word_1_482' title='bbox 1906 2918 1999 2973; x_wconf 91' lang='lat' dir='ltr'>die</span> <span class='ocrx_word' id='word_1_483' title='bbox 2028 2916 2330 2988; x_wconf 86' lang='lat' dir='ltr'>evaginato</span> <span class='ocrx_word' id='word_1_484' title='bbox 2384 2920 2657 2990; x_wconf 90' lang='lat' dir='ltr'>apparuit</span> <span class='ocrx_word' id='word_1_485' title='bbox 2714 2923 2952 2995; x_wconf 85' lang='lat' dir='ltr'>angelus</span> <span class='ocrx_word' id='word_1_486' title='bbox 2976 2926 3193 2995; x_wconf 88' lang='lat' dir='ltr'>gladio,</span> <span class='ocrx_word' id='word_1_487' title='bbox 3227 2944 3360 2983; x_wconf 89' lang='lat' dir='ltr'>cum</span> <span class='ocrx_word' id='word_1_488' title='bbox 3400 2930 3527 3001; x_wconf 89' lang='lat' dir='ltr'>jam</span> 
     </span>
    </p>
   </div>
   <div class='ocr_carea' id='block_1_72' title="bbox 1905 3008 3529 3089">
    <p class='ocr_par' dir='ltr' id='par_1_72' title="bbox 1905 3008 3529 3089">
     <span class='ocr_line' id='line_1_72' title="bbox 1905 3008 3529 3089; baseline 0.009 -29"><span class='ocrx_word' id='word_1_489' title='bbox 1905 3008 2246 3078; x_wconf 86' lang='lat' dir='ltr'>preparatus</span> <span class='ocrx_word' id='word_1_490' title='bbox 2278 3009 2516 3077; x_wconf 85' lang='lat' dir='ltr'>excepta</span> <span class='ocrx_word' id='word_1_491' title='bbox 2544 3023 2765 3064; x_wconf 90' lang='lat' dir='ltr'>corona</span> <span class='ocrx_word' id='word_1_492' title='bbox 2791 3010 2864 3065; x_wconf 90' lang='lat' dir='ltr'>ad</span> <span class='ocrx_word' id='word_1_493' title='bbox 2920 3014 3221 3070; x_wconf 89' lang='lat' dir='ltr'>ecclesiam</span> <span class='ocrx_word' id='word_1_494' title='bbox 3283 3032 3529 3089; x_wconf 87' lang='lat' dir='ltr'>pergere</span> 
     </span>
    </p>
   </div>
   <div class='ocr_carea' id='block_1_73' title="bbox 1903 3094 3515 3177">
    <p class='ocr_par' dir='ltr' id='par_1_73' title="bbox 1903 3094 3515 3177">
     <span class='ocr_line' id='line_1_73' title="bbox 1903 3094 3515 3177; baseline 0.008 -29"><span class='ocrx_word' id='word_1_495' title='bbox 1903 3094 2172 3150; x_wconf 86' lang='lat' dir='ltr'>voluisset</span> <span class='ocrx_word' id='word_1_496' title='bbox 2202 3109 2214 3147; x_wconf 92' lang='lat'><strong>:</strong></span> <span class='ocrx_word' id='word_1_497' title='bbox 2247 3094 2396 3159; x_wconf 73' lang='lat' dir='ltr'>Nisi,</span> <span class='ocrx_word' id='word_1_498' title='bbox 2430 3094 2724 3167; x_wconf 85' lang='lat' dir='ltr'>inquiens,</span> <span class='ocrx_word' id='word_1_499' title='bbox 2760 3100 2817 3152; x_wconf 90' lang='lat' dir='ltr'>in</span> <span class='ocrx_word' id='word_1_500' title='bbox 2848 3096 3051 3154; x_wconf 86' lang='lat' dir='ltr'>Cerone</span> <span class='ocrx_word' id='word_1_501' title='bbox 3073 3102 3229 3160; x_wconf 82' lang='lat' dir='ltr'>hodie</span> <span class='ocrx_word' id='word_1_502' title='bbox 3283 3106 3515 3177; x_wconf 85' lang='lat' dir='ltr'>comple-</span> 
     </span>
    </p>
   </div>
   <div class='ocr_carea' id='block_1_74' title="bbox 1902 3182 3529 3255">
    <p class='ocr_par' dir='ltr' id='par_1_74' title="bbox 1902 3182 3529 3255">
     <span class='ocr_line' id='line_1_74' title="bbox 1902 3182 3529 3255; baseline 0.008 -18"><span class='ocrx_word' id='word_1_503' title='bbox 1902 3185 2042 3237; x_wconf 80' lang='lat' dir='ltr'>veris</span> <span class='ocrx_word' id='word_1_504' title='bbox 2097 3182 2421 3249; x_wconf 84' lang='lat' dir='ltr'>electionem,</span> <span class='ocrx_word' id='word_1_505' title='bbox 2480 3183 2546 3255; x_wconf 87' lang='lat' dir='ltr'><strong>(f.</strong></span> <span class='ocrx_word' id='word_1_506' title='bbox 2582 3184 2675 3253; x_wconf 88' lang='lat'>26)</span> <span class='ocrx_word' id='word_1_507' title='bbox 2728 3203 2943 3241; x_wconf 85' lang='lat' dir='ltr'>securus</span> <span class='ocrx_word' id='word_1_508' title='bbox 2992 3206 3102 3243; x_wconf 86' lang='lat' dir='ltr'>non</span> <span class='ocrx_word' id='word_1_509' title='bbox 3158 3192 3344 3249; x_wconf 77' lang='lat' dir='ltr'>evadis</span> <span class='ocrx_word' id='word_1_510' title='bbox 3389 3195 3529 3250; x_wconf 83' lang='lat' dir='ltr'>hanc</span> 
     </span>
    </p>
   </div>
   <div class='ocr_carea' id='block_1_75' title="bbox 1901 3271 3529 3351">
    <p class='ocr_par' dir='ltr' id='par_1_75' title="bbox 1901 3271 3529 3351">
     <span class='ocr_line' id='line_1_75' title="bbox 1901 3271 3529 3351; baseline 0.008 -26"><span class='ocrx_word' id='word_1_511' title='bbox 1901 3271 2074 3325; x_wconf 83' lang='lat' dir='ltr'>sedem</span> <span class='ocrx_word' id='word_1_512' title='bbox 2115 3271 2502 3341; x_wconf 86' lang='lat' dir='ltr'>Expavescens</span> <span class='ocrx_word' id='word_1_513' title='bbox 2525 3273 2599 3327; x_wconf 90' lang='lat' dir='ltr'>ob</span> <span class='ocrx_word' id='word_1_514' title='bbox 2633 3274 2744 3329; x_wconf 90' lang='lat' dir='ltr'>hoc</span> <span class='ocrx_word' id='word_1_515' title='bbox 2772 3291 2932 3331; x_wconf 90' lang='lat' dir='ltr'>cesar</span> <span class='ocrx_word' id='word_1_516' title='bbox 2969 3294 2982 3331; x_wconf 92' lang='lat'><strong>:</strong></span> <span class='ocrx_word' id='word_1_517' title='bbox 3034 3277 3334 3347; x_wconf 86' lang='lat' dir='ltr'>Damnum,</span> <span class='ocrx_word' id='word_1_518' title='bbox 3378 3281 3529 3351; x_wconf 84' lang='lat' dir='ltr'>inﬁt,</span> 
     </span>
    </p>
   </div>
   <div class='ocr_carea' id='block_1_76' title="bbox 1903 3358 3529 3436">
    <p class='ocr_par' dir='ltr' id='par_1_76' title="bbox 1903 3358 3529 3436">
     <span class='ocr_line' id='line_1_76' title="bbox 1903 3358 3529 3436; baseline 0.007 -22"><span class='ocrx_word' id='word_1_519' title='bbox 1903 3366 2083 3414; x_wconf 84' lang='lat' dir='ltr'>vocate</span> <span class='ocrx_word' id='word_1_520' title='bbox 2111 3358 2390 3414; x_wconf 89' lang='lat' dir='ltr'>Geronem.</span> <span class='ocrx_word' id='word_1_521' title='bbox 2426 3359 2603 3433; x_wconf 85' lang='lat' dir='ltr'>Eique</span> <span class='ocrx_word' id='word_1_522' title='bbox 2633 3371 2705 3405; x_wconf 75' lang='lat' dir='ltr'>m</span> <span class='ocrx_word' id='word_1_523' title='bbox 2731 3363 3000 3436; x_wconf 91' lang='lat' dir='ltr'>protinus</span> <span class='ocrx_word' id='word_1_524' title='bbox 3025 3367 3282 3424; x_wconf 89' lang='lat' dir='ltr'>venienti</span> <span class='ocrx_word' id='word_1_525' title='bbox 3329 3387 3529 3426; x_wconf 87' lang='lat' dir='ltr'>curam</span> 
     </span>
    </p>
   </div>
   <div class='ocr_carea' id='block_1_77' title="bbox 1902 3448 3523 3527">
    <p class='ocr_par' dir='ltr' id='par_1_77' title="bbox 1902 3448 3523 3527">
     <span class='ocr_line' id='line_1_77' title="bbox 1902 3448 3523 3527; baseline 0.007 -24"><span class='ocrx_word' id='word_1_526' title='bbox 1902 3448 2106 3503; x_wconf 90' lang='lat' dir='ltr'>baculo</span> <span class='ocrx_word' id='word_1_527' title='bbox 2121 3449 2467 3520; x_wconf 87' lang='lat' dir='ltr'>pastoralem</span> <span class='ocrx_word' id='word_1_528' title='bbox 2491 3450 2871 3519; x_wconf 89' lang='lat' dir='ltr'>commisit,et</span> <span class='ocrx_word' id='word_1_529' title='bbox 2888 3453 3315 3527; x_wconf 84' lang='lat' dir='ltr'>indulgentiam</span> <span class='ocrx_word' id='word_1_530' title='bbox 3332 3459 3523 3514; x_wconf 87' lang='lat' dir='ltr'>humi-</span> 
     </span>
    </p>
   </div>
   <div class='ocr_carea' id='block_1_78' title="bbox 1903 3535 3518 3616">
    <p class='ocr_par' dir='ltr' id='par_1_78' title="bbox 1903 3535 3518 3616">
     <span class='ocr_line' id='line_1_78' title="bbox 1903 3535 3518 3616; baseline 0.009 -26"><span class='ocrx_word' id='word_1_531' title='bbox 1903 3535 2035 3591; x_wconf 89' lang='lat' dir='ltr'>liter</span> <span class='ocrx_word' id='word_1_532' title='bbox 2060 3536 2417 3609; x_wconf 84' lang='lat' dir='ltr'>efﬂagitavit.</span> <span class='ocrx_word' id='word_1_533' title='bbox 2444 3538 2586 3593; x_wconf 87' lang='lat' dir='ltr'>Hica</span> <span class='ocrx_word' id='word_1_534' title='bbox 2614 3539 2993 3614; x_wconf 79' lang='lat' dir='ltr'>suﬁ‘raganeis</span> <span class='ocrx_word' id='word_1_535' title='bbox 3021 3548 3222 3616; x_wconf 89' lang='lat' dir='ltr'>postea</span> <span class='ocrx_word' id='word_1_536' title='bbox 3268 3546 3518 3603; x_wconf 84' lang='lat' dir='ltr'>benedi-</span> 
     </span>
    </p>
   </div>
   <div class='ocr_carea' id='block_1_79' title="bbox 1903 3625 3523 3699">
    <p class='ocr_par' dir='ltr' id='par_1_79' title="bbox 1903 3625 3523 3699">
     <span class='ocr_line' id='line_1_79' title="bbox 1903 3625 3523 3699; baseline 0.008 -20"><span class='ocrx_word' id='word_1_537' title='bbox 1903 3629 2046 3693; x_wconf 91' lang='lat' dir='ltr'>ctus,</span> <span class='ocrx_word' id='word_1_538' title='bbox 2072 3629 2134 3681; x_wconf 89' lang='lat' dir='ltr'>ut</span> <span class='ocrx_word' id='word_1_539' title='bbox 2152 3625 2328 3698; x_wconf 86' lang='lat' dir='ltr'>signis</span> <span class='ocrx_word' id='word_1_540' title='bbox 2357 3626 2531 3682; x_wconf 89' lang='lat' dir='ltr'>hodie</span> <span class='ocrx_word' id='word_1_541' title='bbox 2562 3628 2908 3699; x_wconf 90' lang='lat' dir='ltr'>declaratur,</span> <span class='ocrx_word' id='word_1_542' title='bbox 2939 3649 3156 3690; x_wconf 89' lang='lat' dir='ltr'>nomen</span> <span class='ocrx_word' id='word_1_543' title='bbox 3184 3637 3244 3691; x_wconf 90' lang='lat' dir='ltr'>et</span> <span class='ocrx_word' id='word_1_544' title='bbox 3273 3636 3523 3692; x_wconf 85' lang='lat' dir='ltr'>ofﬂtium</span> 
     </span>
    </p>
   </div>
   <div class='ocr_carea' id='block_1_80' title="bbox 1903 3715 3523 3795">
    <p class='ocr_par' dir='ltr' id='par_1_80' title="bbox 1903 3715 3523 3795">
     <span class='ocr_line' id='line_1_80' title="bbox 1903 3715 3523 3795; baseline 0.008 -26"><span class='ocrx_word' id='word_1_545' title='bbox 1903 3716 2020 3770; x_wconf 89' lang='lat' dir='ltr'>Deo</span> <span class='ocrx_word' id='word_1_546' title='bbox 2045 3715 2491 3790; x_wconf 88' lang='lat' dir='ltr'>hominibusque</span> <span class='ocrx_word' id='word_1_547' title='bbox 2521 3722 2775 3790; x_wconf 91' lang='lat' dir='ltr'>accepte,</span> <span class='ocrx_word' id='word_1_548' title='bbox 2808 3720 2949 3775; x_wconf 90' lang='lat' dir='ltr'>dum</span> <span class='ocrx_word' id='word_1_549' title='bbox 2980 3721 3117 3777; x_wconf 87' lang='lat' dir='ltr'>vixit</span> <span class='ocrx_word' id='word_1_550' title='bbox 3174 3725 3343 3795; x_wconf 86' lang='lat'><strong>(292),</strong></span> <span class='ocrx_word' id='word_1_551' title='bbox 3398 3728 3523 3782; x_wconf 89' lang='lat' dir='ltr'>tota</span> 
     </span>
    </p>
   </div>
   <div class='ocr_carea' id='block_1_81' title="bbox 1902 3803 3516 3883">
    <p class='ocr_par' dir='ltr' id='par_1_81' title="bbox 1902 3803 3516 3883">
     <span class='ocr_line' id='line_1_81' title="bbox 1902 3803 3516 3883; baseline 0.007 -26"><span class='ocrx_word' id='word_1_552' title='bbox 1902 3803 2114 3859; x_wconf 89' lang='lat' dir='ltr'>mentis</span> <span class='ocrx_word' id='word_1_553' title='bbox 2144 3804 2449 3859; x_wconf 88' lang='lat' dir='ltr'>devotione</span> <span class='ocrx_word' id='word_1_554' title='bbox 2504 3807 2774 3878; x_wconf 84' lang='lat' dir='ltr'>portavit.</span> <span class='ocrx_word' id='word_1_555' title='bbox 2830 3808 3006 3879; x_wconf 86' lang='lat' dir='ltr'>Hujus</span> <span class='ocrx_word' id='word_1_556' title='bbox 3049 3814 3251 3867; x_wconf 83' lang='lat' dir='ltr'>sancta</span> <span class='ocrx_word' id='word_1_557' title='bbox 3306 3820 3516 3883; x_wconf 87' lang='lat' dir='ltr'>mater,</span> 
     </span>
    </p>
   </div>
   <div class='ocr_carea' id='block_1_82' title="bbox 1903 3890 3524 3971">
    <p class='ocr_par' dir='ltr' id='par_1_82' title="bbox 1903 3890 3524 3971">
     <span class='ocr_line' id='line_1_82' title="bbox 1903 3890 3524 3971; baseline 0.006 -25"><span class='ocrx_word' id='word_1_558' title='bbox 1903 3890 2088 3947; x_wconf 86' lang='lat' dir='ltr'>Hidda</span> <span class='ocrx_word' id='word_1_559' title='bbox 2117 3899 2190 3934; x_wconf 69' lang='lat'><strong>&quot;0</strong></span> <span class='ocrx_word' id='word_1_560' title='bbox 2205 3892 2445 3948; x_wconf 89' lang='lat' dir='ltr'>nomine</span> <span class='ocrx_word' id='word_1_561' title='bbox 2482 3894 2660 3965; x_wconf 88' lang='lat'><strong>(293),</strong></span> <span class='ocrx_word' id='word_1_562' title='bbox 2694 3895 3013 3952; x_wconf 84' lang='lat' dir='ltr'>Jerusalem</span> <span class='ocrx_word' id='word_1_563' title='bbox 3035 3898 3315 3955; x_wconf 87' lang='lat' dir='ltr'>orationis</span> <span class='ocrx_word' id='word_1_564' title='bbox 3332 3901 3524 3971; x_wconf 86' lang='lat' dir='ltr'>gratia</span> 
     </span>
    </p>
   </div>
   <div class='ocr_carea' id='block_1_83' title="bbox 1900 3979 3523 4060">
    <p class='ocr_par' dir='ltr' id='par_1_83' title="bbox 1900 3979 3523 4060">
     <span class='ocr_line' id='line_1_83' title="bbox 1900 3979 3523 4060; baseline 0.006 -26"><span class='ocrx_word' id='word_1_565' title='bbox 1900 3982 2104 4054; x_wconf 86' lang='lat' dir='ltr'>petens</span> <span class='ocrx_word' id='word_1_566' title='bbox 2132 3979 2694 4054; x_wconf 81' lang='lat' dir='ltr'>illicqueinﬁrmata,</span> <span class='ocrx_word' id='word_1_567' title='bbox 2719 3983 2870 4039; x_wconf 92' lang='lat' dir='ltr'>hanc</span> <span class='ocrx_word' id='word_1_568' title='bbox 2896 3985 3012 4039; x_wconf 90' lang='lat' dir='ltr'>suis</span> <span class='ocrx_word' id='word_1_569' title='bbox 3039 3985 3400 4058; x_wconf 88' lang='lat' dir='ltr'>legationem</span> <span class='ocrx_word' id='word_1_570' title='bbox 3417 4003 3523 4060; x_wconf 89' lang='lat' dir='ltr'>pe-</span> 
     </span>
    </p>
   </div>
   <div class='ocr_carea' id='block_1_84' title="bbox 1905 4070 3523 4147">
    <p class='ocr_par' dir='ltr' id='par_1_84' title="bbox 1905 4070 3523 4147">
     <span class='ocr_line' id='line_1_84' title="bbox 1905 4070 3523 4147; baseline 0.004 -20"><span class='ocrx_word' id='word_1_571' title='bbox 1905 4070 2187 4144; x_wconf 89' lang='lat' dir='ltr'>dissequis</span> <span class='ocrx_word' id='word_1_572' title='bbox 2221 4073 2655 4129; x_wconf 89' lang='lat' dir='ltr'>commendavit</span> <span class='ocrx_word' id='word_1_573' title='bbox 2680 4091 2694 4129; x_wconf 90' lang='lat'>:</span> <span class='ocrx_word' id='word_1_574' title='bbox 2724 4073 3045 4147; x_wconf 70' lang='lat' dir='ltr'>Egredienti</span> <span class='ocrx_word' id='word_1_575' title='bbox 3080 4078 3277 4133; x_wconf 73' lang='lat' dir='ltr'>animae</span> <span class='ocrx_word' id='word_1_576' title='bbox 3311 4080 3523 4134; x_wconf 85' lang='lat' dir='ltr'>meimet</span> 
     </span>
    </p>
   </div>
   <div class='ocr_carea' id='block_1_85' title="bbox 170 4160 3525 4237">
    <p class='ocr_par' dir='ltr' id='par_1_85' title="bbox 170 4160 3525 4237">
     <span class='ocr_line' id='line_1_85' title="bbox 170 4160 3525 4237; baseline -0.001 -14"><span class='ocrx_word' id='word_1_577' title='bbox 170 4170 303 4223; x_wconf 67' lang='lat' dir='ltr'>haec</span> <span class='ocrx_word' id='word_1_578' title='bbox 323 4164 1028 4235; x_wconf 83' lang='lat' dir='ltr'>confratres,rexinquam</span> <span class='ocrx_word' id='word_1_579' title='bbox 1049 4166 1106 4218; x_wconf 91' lang='lat' dir='ltr'>et</span> <span class='ocrx_word' id='word_1_580' title='bbox 1121 4163 1799 4237; x_wconf 86' lang='lat' dir='ltr'>episcopusreconciliati,</span> <span class='ocrx_word' id='word_1_581' title='bbox 1888 4160 2209 4233; x_wconf 81' lang='lat' dir='ltr'>prolongata</span> <span class='ocrx_word' id='word_1_582' title='bbox 2238 4163 2399 4234; x_wconf 80' lang='lat' dir='ltr'>hujus</span> <span class='ocrx_word' id='word_1_583' title='bbox 2423 4162 2573 4217; x_wconf 74' lang='lat' dir='ltr'>exilii</span> <span class='ocrx_word' id='word_1_584' title='bbox 2592 4164 2849 4231; x_wconf 71' lang='lat' dir='ltr'>incolatu,</span> <span class='ocrx_word' id='word_1_585' title='bbox 2882 4180 3075 4237; x_wconf 81' lang='lat' dir='ltr'>corpus</span> <span class='ocrx_word' id='word_1_586' title='bbox 3129 4183 3309 4222; x_wconf 85' lang='lat' dir='ltr'>meum</span> <span class='ocrx_word' id='word_1_587' title='bbox 3353 4167 3525 4222; x_wconf 78' lang='lat' dir='ltr'>matri</span> 
     </span>
    </p>
   </div>
   <div class='ocr_carea' id='block_1_86' title="bbox 170 4253 1798 4325">
    <p class='ocr_par' dir='ltr' id='par_1_86' title="bbox 170 4253 1798 4325">
     <span class='ocr_line' id='line_1_86' title="bbox 170 4253 1798 4325; baseline -0.002 -14"><span class='ocrx_word' id='word_1_588' title='bbox 170 4257 552 4325; x_wconf 85' lang='lat' dir='ltr'>invicemque</span> <span class='ocrx_word' id='word_1_589' title='bbox 582 4253 812 4325; x_wconf 89' lang='lat' dir='ltr'>pietatis</span> <span class='ocrx_word' id='word_1_590' title='bbox 838 4253 1026 4307; x_wconf 90' lang='lat' dir='ltr'>studio</span> <span class='ocrx_word' id='word_1_591' title='bbox 1075 4256 1529 4325; x_wconf 88' lang='lat' dir='ltr'>perseverantes,</span> <span class='ocrx_word' id='word_1_592' title='bbox 1558 4269 1798 4309; x_wconf 88' lang='lat' dir='ltr'>omnem</span> 
     </span>
    </p>
   </div>
   <div class='ocr_carea' id='block_1_87' title="bbox 166 4342 1793 4416">
    <p class='ocr_par' dir='ltr' id='par_1_87' title="bbox 166 4342 1793 4416">
     <span class='ocr_line' id='line_1_87' title="bbox 166 4342 1793 4416; baseline -0.004 -15"><span class='ocrx_word' id='word_1_593' title='bbox 166 4343 513 4401; x_wconf 71' lang='lat' dir='ltr'>inimiciciae</span> <span class='ocrx_word' id='word_1_594' title='bbox 535 4345 865 4416; x_wconf 91' lang='lat' dir='ltr'>scrupulum</span> <span class='ocrx_word' id='word_1_595' title='bbox 898 4342 1167 4415; x_wconf 89' lang='lat' dir='ltr'>deinceps</span> <span class='ocrx_word' id='word_1_596' title='bbox 1196 4357 1465 4396; x_wconf 90' lang='lat' dir='ltr'>amovere</span> <span class='ocrx_word' id='word_1_597' title='bbox 1498 4342 1793 4396; x_wconf 87' lang='lat' dir='ltr'>curabant.</span> 
     </span>
    </p>
   </div>
   <div class='ocr_carea' id='block_1_88' title="bbox 1901 4250 3529 4325">
    <p class='ocr_par' dir='ltr' id='par_1_88' title="bbox 1901 4250 3529 4325">
     <span class='ocr_line' id='line_1_88' title="bbox 1901 4250 3529 4325; baseline 0.004 -21"><span class='ocrx_word' id='word_1_598' title='bbox 1901 4257 2035 4305; x_wconf 90' lang='lat' dir='ltr'>terre</span> <span class='ocrx_word' id='word_1_599' title='bbox 2062 4250 2304 4306; x_wconf 85' lang='lat' dir='ltr'>celeriter</span> <span class='ocrx_word' id='word_1_600' title='bbox 2332 4251 2544 4307; x_wconf 85' lang='lat' dir='ltr'>tradite.</span> <span class='ocrx_word' id='word_1_601' title='bbox 2578 4258 2629 4306; x_wconf 87' lang='lat' dir='ltr'>et</span> <span class='ocrx_word' id='word_1_602' title='bbox 2653 4269 2778 4307; x_wconf 74' lang='lat' dir='ltr'>mox</span> <span class='ocrx_word' id='word_1_603' title='bbox 2830 4260 3032 4321; x_wconf 86' lang='lat' dir='ltr'>euntes,</span> <span class='ocrx_word' id='word_1_604' title='bbox 3054 4255 3168 4309; x_wconf 67' lang='lat' dir='ltr'>haec</span> <span class='ocrx_word' id='word_1_605' title='bbox 3215 4256 3327 4325; x_wconf 83' lang='lat' dir='ltr'>ﬁlio</span> <span class='ocrx_word' id='word_1_606' title='bbox 3380 4273 3529 4310; x_wconf 83' lang='lat' dir='ltr'>nun-</span> 
     </span>
    </p>
   </div>
   <div class='ocr_carea' id='block_1_89' title="bbox 1900 4338 3519 4414">
    <p class='ocr_par' dir='ltr' id='par_1_89' title="bbox 1900 4338 3519 4414">
     <span class='ocr_line' id='line_1_89' title="bbox 1900 4338 3519 4414; baseline 0.002 -19"><span class='ocrx_word' id='word_1_607' title='bbox 1900 4342 2038 4396; x_wconf 86' lang='lat' dir='ltr'>ciate</span> <span class='ocrx_word' id='word_1_608' title='bbox 2077 4338 2298 4410; x_wconf 86' lang='lat' dir='ltr'>Geroni,</span> <span class='ocrx_word' id='word_1_609' title='bbox 2327 4358 2430 4414; x_wconf 85' lang='lat' dir='ltr'>quo</span> <span class='ocrx_word' id='word_1_610' title='bbox 2446 4344 2745 4414; x_wconf 66' lang='lat' dir='ltr'>peregrine</span> <span class='ocrx_word' id='word_1_611' title='bbox 2788 4345 3041 4414; x_wconf 86' lang='lat' dir='ltr'>genitrici</span> <span class='ocrx_word' id='word_1_612' title='bbox 3082 4361 3193 4400; x_wconf 74' lang='lat' dir='ltr'>suae</span> <span class='ocrx_word' id='word_1_613' title='bbox 3247 4345 3405 4401; x_wconf 83' lang='lat' dir='ltr'>talem</span> <span class='ocrx_word' id='word_1_614' title='bbox 3461 4347 3519 4400; x_wconf 86' lang='lat' dir='ltr'>in</span> 
     </span>
    </p>
   </div>
   <div class='ocr_carea' id='block_1_90' title="bbox 168 4414 3522 4507">
    <p class='ocr_par' dir='ltr' id='par_1_90' title="bbox 168 4414 3522 4507">
     <span class='ocr_line' id='line_1_90' title="bbox 168 4414 3522 4507; baseline 0 -17"><span class='ocrx_word' id='word_1_615' title='bbox 168 4436 293 4492; x_wconf 87' lang='lat' dir='ltr'>Sed</span> <span class='ocrx_word' id='word_1_616' title='bbox 311 4414 694 4507; x_wconf 81' lang='lat' dir='ltr'>archipresul,</span> <span class='ocrx_word' id='word_1_617' title='bbox 719 4432 990 4488; x_wconf 88' lang='lat' dir='ltr'>divinitus</span> <span class='ocrx_word' id='word_1_618' title='bbox 1019 4431 1078 4487; x_wconf 93' lang='lat' dir='ltr'>in</span> <span class='ocrx_word' id='word_1_619' title='bbox 1097 4414 1317 4486; x_wconf 74' lang='lat' dir='ltr'>Cunctis</span> <span class='ocrx_word' id='word_1_620' title='bbox 1347 4430 1800 4502; x_wconf 89' lang='lat' dir='ltr'>bumanitusque</span> <span class='ocrx_word' id='word_1_621' title='bbox 1822 4414 1874 4473; x_wconf 85' lang='lat' dir='ltr'><strong>D</strong></span> <span class='ocrx_word' id='word_1_622' title='bbox 1900 4431 2054 4486; x_wconf 85' lang='lat' dir='ltr'>terris</span> <span class='ocrx_word' id='word_1_623' title='bbox 2077 4447 2184 4485; x_wconf 89' lang='lat' dir='ltr'>non</span> <span class='ocrx_word' id='word_1_624' title='bbox 2203 4430 2419 4502; x_wconf 80' lang='lat' dir='ltr'>deneget</span> <span class='ocrx_word' id='word_1_625' title='bbox 2448 4431 2718 4500; x_wconf 78' lang='lat' dir='ltr'>honorem,</span> <span class='ocrx_word' id='word_1_626' title='bbox 2743 4433 2960 4506; x_wconf 80' lang='lat' dir='ltr'>qualem</span> <span class='ocrx_word' id='word_1_627' title='bbox 2981 4435 3109 4506; x_wconf 75' lang='lat' dir='ltr'>pius</span> <span class='ocrx_word' id='word_1_628' title='bbox 3141 4435 3196 4490; x_wconf 82' lang='lat' dir='ltr'>in</span> <span class='ocrx_word' id='word_1_629' title='bbox 3225 4435 3363 4491; x_wconf 71' lang='lat' dir='ltr'>caelis</span> <span class='ocrx_word' id='word_1_630' title='bbox 3391 4434 3522 4491; x_wconf 88' lang='lat' dir='ltr'>dare</span> 
     </span>
    </p>
   </div>
   <div class='ocr_carea' id='block_1_91' title="bbox 1523 4548 2201 4606">
    <p class='ocr_par' dir='ltr' id='par_1_91' title="bbox 1523 4548 2201 4606">
     <span class='ocr_line' id='line_1_91' title="bbox 1523 4548 2201 4606; baseline 0.001 -3"><span class='ocrx_word' id='word_1_631' title='bbox 1523 4548 1759 4604; x_wconf 67' lang='grc' dir='ltr'>νΑΒΙίΕ</span> <span class='ocrx_word' id='word_1_632' title='bbox 1800 4548 2201 4606; x_wconf 85' lang='lat' dir='ltr'>LECTIONES.</span> 
     </span>
    </p>
   </div>
   <div class='ocr_carea' id='block_1_92' title="bbox 244 4647 3517 4733">
    <p class='ocr_par' dir='ltr' id='par_1_92' title="bbox 244 4647 3517 4733">
     <span class='ocr_line' id='line_1_92' title="bbox 244 4647 3517 4733; baseline 0.001 -27"><span class='ocrx_word' id='word_1_633' title='bbox 244 4660 322 4733; x_wconf 60' lang='grc' dir='ltr'>’ξι</span> <span class='ocrx_word' id='word_1_634' title='bbox 355 4649 672 4733; x_wconf 52' lang='grc' dir='ltr'>Ιξξᾱριιρξοε</span> <span class='ocrx_word' id='word_1_635' title='bbox 702 4652 806 4733; x_wconf 55' lang='lat' dir='ltr'>lc.</span> <span class='ocrx_word' id='word_1_636' title='bbox 839 4648 1123 4733; x_wconf 43' lang='lat' dir='ltr'>las-tribus</span> <span class='ocrx_word' id='word_1_637' title='bbox 1151 4650 1280 4733; x_wconf 41' lang='grc' dir='ltr'><strong>λα..</strong></span> <span class='ocrx_word' id='word_1_638' title='bbox 1309 4654 1381 4733; x_wconf 63' lang='grc' dir='ltr'>’ξι</span> <span class='ocrx_word' id='word_1_639' title='bbox 1416 4647 1530 4733; x_wconf 62' lang='lat' dir='ltr'>illi.</span> <span class='ocrx_word' id='word_1_640' title='bbox 1560 4664 1626 4733; x_wconf 45' lang='grc' dir='ltr'><strong>ιζ..</strong></span> <span class='ocrx_word' id='word_1_641' title='bbox 1648 4647 1846 4733; x_wconf 43' lang='grc' dir='ltr'>ΐτιαᾴιί.</span> <span class='ocrx_word' id='word_1_642' title='bbox 1875 4651 1895 4702; x_wconf 88' lang='grc'>1</span> <span class='ocrx_word' id='word_1_643' title='bbox 1924 4648 1985 4730; x_wconf 62' lang='grc' dir='ltr'><strong>ῥ.</strong></span> <span class='ocrx_word' id='word_1_644' title='bbox 2024 4648 2287 4733; x_wconf 58' lang='lat' dir='ltr'>iff_ipsi_l</span> <span class='ocrx_word' id='word_1_645' title='bbox 2327 4667 2389 4733; x_wconf 48' lang='grc' dir='ltr'>ι’.⁵</span> <span class='ocrx_word' id='word_1_646' title='bbox 2411 4656 2481 4730; x_wconf 61' lang='grc' dir='ltr'>αξτ</span> <span class='ocrx_word' id='word_1_647' title='bbox 2502 4651 2748 4733; x_wconf 71' lang='lat' dir='ltr'>primum</span> <span class='ocrx_word' id='word_1_648' title='bbox 2778 4665 2815 4704; x_wconf 91' lang='lat' dir='ltr'>u</span> <span class='ocrx_word' id='word_1_649' title='bbox 2843 4665 3059 4733; x_wconf 43' lang='lat' dir='ltr'>causam</span> <span class='ocrx_word' id='word_1_650' title='bbox 3118 4653 3517 4733; x_wconf 43' lang='lat' dir='ltr'>sequius.m</span> 
     </span>
    </p>
   </div>
   <div class='ocr_carea' id='block_1_93' title="bbox 160 4717 3514 4797">
    <p class='ocr_par' dir='ltr' id='par_1_93' title="bbox 160 4717 3514 4797">
     <span class='ocr_line' id='line_1_93' title="bbox 160 4717 3514 4797; baseline 0.001 -22"><span class='ocrx_word' id='word_1_651' title='bbox 160 4720 415 4777; x_wconf 86' lang='lat' dir='ltr'>fustrati</span> <span class='ocrx_word' id='word_1_652' title='bbox 442 4723 499 4797; x_wconf 39' lang='grc'><strong>1..</strong></span> <span class='ocrx_word' id='word_1_653' title='bbox 532 4729 603 4762; x_wconf 67' lang='grc' dir='ltr'>’³ο</span> <span class='ocrx_word' id='word_1_654' title='bbox 631 4719 692 4797; x_wconf 66' lang='grc' dir='ltr'><strong>γ.</strong></span> <span class='ocrx_word' id='word_1_655' title='bbox 735 4719 812 4772; x_wconf 93' lang='lat' dir='ltr'>id.</span> <span class='ocrx_word' id='word_1_656' title='bbox 848 4719 1065 4797; x_wconf 79' lang='lat' dir='ltr'>octobr.</span> <span class='ocrx_word' id='word_1_657' title='bbox 1096 4717 1224 4797; x_wconf 67' lang='lat' dir='ltr'>add.</span> <span class='ocrx_word' id='word_1_658' title='bbox 1263 4720 1281 4771; x_wconf 90' lang='grc'>1</span> <span class='ocrx_word' id='word_1_659' title='bbox 1328 4717 1383 4775; x_wconf 84' lang='lat' dir='ltr'>b.</span> <span class='ocrx_word' id='word_1_660' title='bbox 1406 4726 1496 4797; x_wconf 42' lang='lat' dir='ltr'>eff)</span> <span class='ocrx_word' id='word_1_661' title='bbox 1517 4717 1719 4797; x_wconf 87' lang='lat' dir='ltr'>_re_liqit</span> <span class='ocrx_word' id='word_1_662' title='bbox 1747 4722 1770 4797; x_wconf 80' lang='lat' dir='ltr'>_l</span> <span class='ocrx_word' id='word_1_663' title='bbox 1802 4721 2016 4797; x_wconf 66' lang='lat' dir='ltr'>saepius.</span> <span class='ocrx_word' id='word_1_664' title='bbox 2050 4726 2119 4760; x_wconf 71' lang='grc' dir='ltr'>ιιι</span> <span class='ocrx_word' id='word_1_665' title='bbox 2147 4717 2556 4797; x_wconf 67' lang='lat' dir='ltr'>i_n_siandicium</span> <span class='ocrx_word' id='word_1_666' title='bbox 2591 4724 2639 4774; x_wconf 86' lang='lat' dir='ltr'>l.</span> <span class='ocrx_word' id='word_1_667' title='bbox 2674 4729 2745 4763; x_wconf 76' lang='grc' dir='ltr'>ω</span> <span class='ocrx_word' id='word_1_668' title='bbox 2772 4719 3006 4797; x_wconf 22' lang='lat' dir='ltr'>omib‘us</span> <span class='ocrx_word' id='word_1_669' title='bbox 3033 4724 3083 4776; x_wconf 95' lang='grc'>1.</span> <span class='ocrx_word' id='word_1_670' title='bbox 3119 4729 3189 4797; x_wconf 59' lang='grc' dir='ltr'>Ψ</span> <span class='ocrx_word' id='word_1_671' title='bbox 3220 4717 3426 4797; x_wconf 68' lang='lat' dir='ltr'>histqt</span> <span class='ocrx_word' id='word_1_672' title='bbox 3460 4742 3514 4777; x_wconf 92' lang='lat' dir='ltr'>a.</span> 
     </span>
    </p>
   </div>
   <div class='ocr_carea' id='block_1_94' title="bbox 158 4788 3516 4867">
    <p class='ocr_par' dir='ltr' id='par_1_94' title="bbox 158 4788 3516 4867">
     <span class='ocr_line' id='line_1_94' title="bbox 158 4788 3516 4867; baseline 0.001 -21"><span class='ocrx_word' id='word_1_673' title='bbox 158 4802 243 4834; x_wconf 69' lang='grc' dir='ltr'>ἰι</span> <span class='ocrx_word' id='word_1_674' title='bbox 285 4790 596 4867; x_wconf 72' lang='lat' dir='ltr'>capellana</span> <span class='ocrx_word' id='word_1_675' title='bbox 628 4794 676 4844; x_wconf 88' lang='grc'>1.</span> <span class='ocrx_word' id='word_1_676' title='bbox 713 4798 784 4831; x_wconf 69' lang='grc' dir='ltr'>ἰδ</span> <span class='ocrx_word' id='word_1_677' title='bbox 823 4789 1163 4867; x_wconf 88' lang='lat' dir='ltr'>permissam</span> <span class='ocrx_word' id='word_1_678' title='bbox 1200 4791 1219 4842; x_wconf 91' lang='grc'>1</span> <span class='ocrx_word' id='word_1_679' title='bbox 1258 4805 1313 4844; x_wconf 89' lang='lat' dir='ltr'>a.</span> <span class='ocrx_word' id='word_1_680' title='bbox 1345 4795 1419 4831; x_wconf 73' lang='grc' dir='ltr'>ω</span> <span class='ocrx_word' id='word_1_681' title='bbox 1450 4788 1760 4845; x_wconf 70' lang='lat' dir='ltr'>thiastniari</span> <span class='ocrx_word' id='word_1_682' title='bbox 1794 4793 1814 4845; x_wconf 93' lang='grc'>1</span> <span class='ocrx_word' id='word_1_683' title='bbox 1851 4788 1903 4846; x_wconf 82' lang='grc' dir='ltr'><strong>ἁ.</strong></span> <span class='ocrx_word' id='word_1_684' title='bbox 1951 4797 2025 4832; x_wconf 71' lang='grc' dir='ltr'>ἰτ</span> <span class='ocrx_word' id='word_1_685' title='bbox 2075 4789 2217 4845; x_wconf 91' lang='lat' dir='ltr'>nulli</span> <span class='ocrx_word' id='word_1_686' title='bbox 2271 4795 2290 4845; x_wconf 95' lang='grc'>1</span> <span class='ocrx_word' id='word_1_687' title='bbox 2352 4808 2401 4845; x_wconf 92' lang='lat' dir='ltr'>c.</span> <span class='ocrx_word' id='word_1_688' title='bbox 2435 4798 2506 4834; x_wconf 74' lang='grc' dir='ltr'>ω</span> <span class='ocrx_word' id='word_1_689' title='bbox 2537 4792 2893 4863; x_wconf 87' lang='lat' dir='ltr'>lmperatore</span> <span class='ocrx_word' id='word_1_690' title='bbox 2926 4794 2974 4847; x_wconf 90' lang='grc'>1.</span> <span class='ocrx_word' id='word_1_691' title='bbox 3018 4800 3090 4834; x_wconf 68' lang='grc' dir='ltr'>ἰο</span> <span class='ocrx_word' id='word_1_692' title='bbox 3120 4788 3380 4867; x_wconf 79' lang='lat' dir='ltr'>Cumque</span> <span class='ocrx_word' id='word_1_693' title='bbox 3412 4797 3432 4850; x_wconf 96' lang='grc'>1</span> <span class='ocrx_word' id='word_1_694' title='bbox 3462 4813 3516 4852; x_wconf 91' lang='lat' dir='ltr'>a.</span> 
     </span>
    </p>
   </div>
   <div class='ocr_carea' id='block_1_95' title="bbox 157 4862 1036 4919">
    <p class='ocr_par' dir='ltr' id='par_1_95' title="bbox 157 4862 1036 4919">
     <span class='ocr_line' id='line_1_95' title="bbox 157 4862 1036 4919; baseline 0.014 -16"><span class='ocrx_word' id='word_1_695' title='bbox 157 4871 245 4905; x_wconf 75' lang='lat' dir='ltr'>uo</span> <span class='ocrx_word' id='word_1_696' title='bbox 286 4862 397 4919; x_wconf 63' lang='lat' dir='ltr'>Ida</span> <span class='ocrx_word' id='word_1_697' title='bbox 420 4878 566 4919; x_wconf 88' lang='lat' dir='ltr'>corr.</span> <span class='ocrx_word' id='word_1_698' title='bbox 615 4877 779 4916; x_wconf 82' lang='lat' dir='ltr'>manu</span> <span class='ocrx_word' id='word_1_699' title='bbox 811 4864 1036 4915; x_wconf 77' lang='lat' dir='ltr'>ince&#39;ta.</span> 
     </span>
    </p>
   </div>
   <div class='ocr_carea' id='block_1_96' title="bbox 1803 4989 2029 5049">
    <p class='ocr_par' dir='ltr' id='par_1_96' title="bbox 1803 4989 2029 5049">
     <span class='ocr_line' id='line_1_96' title="bbox 1803 4989 2029 5049; baseline 0.018 -4"><span class='ocrx_word' id='word_1_700' title='bbox 1803 4989 2029 5049; x_wconf 66' lang='lat' dir='ltr'>NOTIE.</span> 
     </span>
    </p>
   </div>
   <div class='ocr_carea' id='block_1_97' title="bbox 265 5093 1796 5187">
    <p class='ocr_par' dir='ltr' id='par_1_97' title="bbox 265 5093 1796 5187">
     <span class='ocr_line' id='line_1_97' title="bbox 265 5093 1796 5187; baseline -0.005 -30"><span class='ocrx_word' id='word_1_701' title='bbox 520 5099 677 5187; x_wconf 38' lang='lat' dir='ltr'>Ann.</span> <span class='ocrx_word' id='word_1_702' title='bbox 718 5098 959 5153; x_wconf 43' lang='lat' dir='ltr'>li‘uldens</span> <span class='ocrx_word' id='word_1_703' title='bbox 989 5140 1003 5164; x_wconf 93' lang='lat'>,</span> <span class='ocrx_word' id='word_1_704' title='bbox 1037 5093 1392 5166; x_wconf 65' lang='lat' dir='ltr'>Corbeiens,</span> <span class='ocrx_word' id='word_1_705' title='bbox 1422 5112 1476 5152; x_wconf 90' lang='lat' dir='ltr'>a.</span> <span class='ocrx_word' id='word_1_706' title='bbox 1503 5095 1625 5152; x_wconf 87' lang='lat'>880.</span> <span class='ocrx_word' id='word_1_707' title='bbox 1685 5094 1796 5150; x_wconf 86' lang='lat' dir='ltr'>Wi-</span> 
     </span>
    </p>
   </div>
   <div class='ocr_carea' id='block_1_98' title="bbox 154 5171 1797 5320">
    <p class='ocr_par' dir='ltr' id='par_1_98' title="bbox 154 5171 1797 5320">
     <span class='ocr_line' id='line_1_98' title="bbox 154 5171 599 5236; baseline -0.013 -6"><span class='ocrx_word' id='word_1_708' title='bbox 154 5171 408 5229; x_wconf 78' lang='lat' dir='ltr'>dukind</span> <span class='ocrx_word' id='word_1_709' title='bbox 435 5171 475 5236; x_wconf 91' lang='lat' dir='ltr'>l,</span> <span class='ocrx_word' id='word_1_710' title='bbox 516 5173 599 5225; x_wconf 82' lang='lat' dir='ltr'>l5.</span> 
     </span>
     <span class='ocr_line' id='line_1_99' title="bbox 239 5238 1797 5320; baseline -0.003 -20"><span class='ocrx_word' id='word_1_711' title='bbox 239 5246 405 5320; x_wconf 84' lang='lat'><strong>(286)</strong></span> <span class='ocrx_word' id='word_1_712' title='bbox 437 5241 494 5295; x_wconf 87' lang='lat' dir='ltr'>V.</span> <span class='ocrx_word' id='word_1_713' title='bbox 526 5256 703 5320; x_wconf 64' lang='lat' dir='ltr'>supra</span> <span class='ocrx_word' id='word_1_714' title='bbox 719 5257 845 5320; x_wconf 86' lang='lat' dir='ltr'>cap.</span> <span class='ocrx_word' id='word_1_715' title='bbox 880 5242 934 5307; x_wconf 88' lang='lat'>3,</span> <span class='ocrx_word' id='word_1_716' title='bbox 960 5241 1087 5295; x_wconf 86' lang='lat' dir='ltr'>not.</span> <span class='ocrx_word' id='word_1_717' title='bbox 1128 5241 1249 5295; x_wconf 87' lang='lat'><strong>227.</strong></span> <span class='ocrx_word' id='word_1_718' title='bbox 1285 5238 1445 5295; x_wconf 86' lang='lat' dir='ltr'>Cuno</span> <span class='ocrx_word' id='word_1_719' title='bbox 1475 5238 1593 5296; x_wconf 90' lang='lat' dir='ltr'>sive</span> <span class='ocrx_word' id='word_1_720' title='bbox 1646 5240 1797 5297; x_wconf 87' lang='lat' dir='ltr'>Con-</span> 
     </span>
    </p>
   </div>
   <div class='ocr_carea' id='block_1_99' title="bbox 153 5312 857 5384">
    <p class='ocr_par' dir='ltr' id='par_1_99' title="bbox 153 5312 857 5384">
     <span class='ocr_line' id='line_1_100' title="bbox 153 5312 857 5384; baseline -0.01 -14"><span class='ocrx_word' id='word_1_721' title='bbox 153 5312 389 5381; x_wconf 84' lang='lat' dir='ltr'>radus,</span> <span class='ocrx_word' id='word_1_722' title='bbox 409 5328 592 5384; x_wconf 85' lang='lat' dir='ltr'>gener</span> <span class='ocrx_word' id='word_1_723' title='bbox 619 5312 857 5367; x_wconf 85' lang='lat' dir='ltr'>Otlonis.</span> 
     </span>
    </p>
   </div>
   <div class='ocr_carea' id='block_1_100' title="bbox 236 5380 1797 5458">
    <p class='ocr_par' dir='ltr' id='par_1_100' title="bbox 236 5380 1797 5458">
     <span class='ocr_line' id='line_1_101' title="bbox 236 5380 1797 5458; baseline -0.003 -15"><span class='ocrx_word' id='word_1_724' title='bbox 236 5380 595 5458; x_wconf 55' lang='lat' dir='ltr'>(287)&#39;Errat</span> <span class='ocrx_word' id='word_1_725' title='bbox 624 5388 842 5458; x_wconf 79' lang='lat' dir='ltr'>auctor.</span> <span class='ocrx_word' id='word_1_726' title='bbox 874 5380 1155 5437; x_wconf 89' lang='lat' dir='ltr'>Volcmeri</span> <span class='ocrx_word' id='word_1_727' title='bbox 1196 5380 1559 5438; x_wconf 90' lang='lat' dir='ltr'>mentionem</span> <span class='ocrx_word' id='word_1_728' title='bbox 1607 5381 1668 5439; x_wconf 91' lang='lat' dir='ltr'>in</span> <span class='ocrx_word' id='word_1_729' title='bbox 1709 5382 1797 5439; x_wconf 88' lang='lat' dir='ltr'>his</span> 
     </span>
    </p>
   </div>
   <div class='ocr_carea' id='block_1_101' title="bbox 154 5453 856 5514">
    <p class='ocr_par' dir='ltr' id='par_1_101' title="bbox 154 5453 856 5514">
     <span class='ocr_line' id='line_1_102' title="bbox 154 5453 856 5514; baseline -0.003 -3"><span class='ocrx_word' id='word_1_730' title='bbox 154 5453 340 5514; x_wconf 77' lang='lat' dir='ltr'>libris</span> <span class='ocrx_word' id='word_1_731' title='bbox 359 5459 535 5512; x_wconf 88' lang='lat' dir='ltr'>antea</span> <span class='ocrx_word' id='word_1_732' title='bbox 558 5470 673 5509; x_wconf 87' lang='lat' dir='ltr'>non</span> <span class='ocrx_word' id='word_1_733' title='bbox 701 5453 856 5509; x_wconf 84' lang='lat' dir='ltr'>fecit.</span> 
     </span>
    </p>
   </div>
   <div class='ocr_carea' id='block_1_102' title="bbox 236 5519 1788 5598">
    <p class='ocr_par' dir='ltr' id='par_1_102' title="bbox 236 5519 1788 5598">
     <span class='ocr_line' id='line_1_103' title="bbox 236 5519 1788 5598; baseline 0.001 -18"><span class='ocrx_word' id='word_1_734' title='bbox 236 5530 402 5598; x_wconf 84' lang='lat'><strong>(288)</strong></span> <span class='ocrx_word' id='word_1_735' title='bbox 431 5526 493 5579; x_wconf 88' lang='lat' dir='ltr'>V.</span> <span class='ocrx_word' id='word_1_736' title='bbox 538 5526 777 5598; x_wconf 83' lang='lat' dir='ltr'>Kalend.</span> <span class='ocrx_word' id='word_1_737' title='bbox 821 5525 1169 5597; x_wconf 73' lang='lat' dir='ltr'>Merseburg.</span> <span class='ocrx_word' id='word_1_738' title='bbox 1195 5524 1255 5579; x_wconf 79' lang='lat' dir='ltr'>li.</span> <span class='ocrx_word' id='word_1_739' title='bbox 1301 5523 1358 5579; x_wconf 93' lang='lat' dir='ltr'>d.</span> <span class='ocrx_word' id='word_1_740' title='bbox 1401 5522 1556 5579; x_wconf 89' lang='lat' dir='ltr'>Obiit</span> <span class='ocrx_word' id='word_1_741' title='bbox 1583 5519 1788 5595; x_wconf 61' lang='lat'>13.965,</span> 
     </span>
    </p>
   </div>
   <div class='ocr_carea' id='block_1_103' title="bbox 152 5596 659 5670">
    <p class='ocr_par' dir='ltr' id='par_1_103' title="bbox 152 5596 659 5670">
     <span class='ocr_line' id='line_1_104' title="bbox 152 5596 659 5670; baseline -0.006 -17"><span class='ocrx_word' id='word_1_742' title='bbox 152 5615 215 5658; x_wconf 70' lang='grc' dir='ltr'>ν.</span> <span class='ocrx_word' id='word_1_743' title='bbox 246 5596 424 5657; x_wconf 82' lang='lat' dir='ltr'>cont.</span> <span class='ocrx_word' id='word_1_744' title='bbox 456 5596 659 5670; x_wconf 83' lang='lat' dir='ltr'>Regin.</span> 
     </span>
    </p>
   </div>
   <div class='ocr_carea' id='block_1_104' title="bbox 232 5666 1473 5745">
    <p class='ocr_par' dir='ltr' id='par_1_104' title="bbox 232 5666 1473 5745">
     <span class='ocr_line' id='line_1_105' title="bbox 232 5666 1473 5745; baseline -0.004 -16"><span class='ocrx_word' id='word_1_745' title='bbox 232 5670 399 5745; x_wconf 84' lang='lat'><strong>(289)</strong></span> <span class='ocrx_word' id='word_1_746' title='bbox 430 5671 472 5726; x_wconf 90' lang='grc' dir='ltr'><strong>Ι.</strong></span> <span class='ocrx_word' id='word_1_747' title='bbox 505 5666 566 5724; x_wconf 77' lang='grc' dir='ltr'>οἷ</span> <span class='ocrx_word' id='word_1_748' title='bbox 592 5667 989 5741; x_wconf 84' lang='lat' dir='ltr'>conjuratione</span> <span class='ocrx_word' id='word_1_749' title='bbox 1011 5666 1187 5723; x_wconf 91' lang='lat' dir='ltr'>modo</span> <span class='ocrx_word' id='word_1_750' title='bbox 1219 5669 1473 5724; x_wconf 82' lang='lat' dir='ltr'>narrata.</span> 
     </span>
    </p>
   </div>
   <div class='ocr_carea' id='block_1_105' title="bbox 1996 5097 3047 5167">
    <p class='ocr_par' dir='ltr' id='par_1_105' title="bbox 1996 5097 3047 5167">
     <span class='ocr_line' id='line_1_106' title="bbox 1996 5097 3047 5167; baseline 0.003 -15"><span class='ocrx_word' id='word_1_751' title='bbox 1996 5097 2124 5167; x_wconf 87' lang='lat'><strong>290)</strong></span> <span class='ocrx_word' id='word_1_752' title='bbox 2162 5097 2251 5153; x_wconf 91' lang='lat' dir='ltr'>Sc.</span> <span class='ocrx_word' id='word_1_753' title='bbox 2282 5097 2558 5167; x_wconf 84' lang='lat' dir='ltr'>Ruotgeri</span> <span class='ocrx_word' id='word_1_754' title='bbox 2584 5097 2713 5153; x_wconf 89' lang='lat' dir='ltr'>Vita</span> <span class='ocrx_word' id='word_1_755' title='bbox 2742 5098 3047 5155; x_wconf 87' lang='lat' dir='ltr'>Brunonis.</span> 
     </span>
    </p>
   </div>
   <div class='ocr_carea' id='block_1_106' title="bbox 1998 5169 3511 5242">
    <p class='ocr_par' dir='ltr' id='par_1_106' title="bbox 1998 5169 3511 5242">
     <span class='ocr_line' id='line_1_107' title="bbox 1998 5169 3511 5242; baseline 0.001 -17"><span class='ocrx_word' id='word_1_756' title='bbox 1998 5173 2117 5242; x_wconf 75' lang='grc'><strong>291)</strong></span> <span class='ocrx_word' id='word_1_757' title='bbox 2146 5169 2485 5242; x_wconf 42' lang='grc' dir='ltr'>νηΚειθηᾶ.</span> <span class='ocrx_word' id='word_1_758' title='bbox 2518 5170 2868 5242; x_wconf 79' lang='lat' dir='ltr'>Merseburg.</span> <span class='ocrx_word' id='word_1_759' title='bbox 2897 5171 2955 5225; x_wconf 89' lang='lat' dir='ltr'>h.</span> <span class='ocrx_word' id='word_1_760' title='bbox 3002 5171 3061 5228; x_wconf 93' lang='lat' dir='ltr'>d.</span> <span class='ocrx_word' id='word_1_761' title='bbox 3114 5169 3266 5227; x_wconf 92' lang='lat' dir='ltr'>Obiit</span> <span class='ocrx_word' id='word_1_762' title='bbox 3285 5184 3362 5242; x_wconf 2' lang='lat' dir='ltr'>ag.)</span> <span class='ocrx_word' id='word_1_763' title='bbox 3386 5170 3511 5242; x_wconf 75' lang='lat'><strong>967.</strong></span> 
     </span>
    </p>
   </div>
   <div class='ocr_carea' id='block_1_107' title="bbox 1900 5239 3508 5312">
    <p class='ocr_par' dir='ltr' id='par_1_107' title="bbox 1900 5239 3508 5312">
     <span class='ocr_line' id='line_1_108' title="bbox 1900 5239 3508 5312; baseline -0.002 -16"><span class='ocrx_word' id='word_1_764' title='bbox 1900 5239 2065 5296; x_wconf 87' lang='lat' dir='ltr'>Conf.</span> <span class='ocrx_word' id='word_1_765' title='bbox 2099 5240 2302 5312; x_wconf 78' lang='lat' dir='ltr'>Regin.</span> <span class='ocrx_word' id='word_1_766' title='bbox 2365 5243 2518 5297; x_wconf 90' lang='lat' dir='ltr'>cont.</span> <span class='ocrx_word' id='word_1_767' title='bbox 2564 5239 2857 5297; x_wconf 76' lang='lat' dir='ltr'>Lamberti</span> <span class='ocrx_word' id='word_1_768' title='bbox 2890 5242 3140 5312; x_wconf 82' lang='lat' dir='ltr'>Annales</span> <span class='ocrx_word' id='word_1_769' title='bbox 3177 5257 3231 5294; x_wconf 90' lang='lat' dir='ltr'>a.</span> <span class='ocrx_word' id='word_1_770' title='bbox 3266 5239 3389 5292; x_wconf 81' lang='grc'><strong>965.</strong></span> <span class='ocrx_word' id='word_1_771' title='bbox 3421 5239 3508 5294; x_wconf 89' lang='lat' dir='ltr'>In.</span> 
     </span>
    </p>
   </div>
   <div class='ocr_carea' id='block_1_108' title="bbox 1897 5310 3254 5384">
    <p class='ocr_par' dir='ltr' id='par_1_108' title="bbox 1897 5310 3254 5384">
     <span class='ocr_line' id='line_1_109' title="bbox 1897 5310 3254 5384; baseline 0 -18"><span class='ocrx_word' id='word_1_772' title='bbox 1897 5314 2050 5366; x_wconf 85' lang='lat' dir='ltr'>Ann.</span> <span class='ocrx_word' id='word_1_773' title='bbox 2088 5310 2288 5384; x_wconf 81' lang='lat' dir='ltr'>Colon.</span> <span class='ocrx_word' id='word_1_774' title='bbox 2314 5311 2607 5384; x_wconf 84' lang='lat' dir='ltr'>Papponis</span> <span class='ocrx_word' id='word_1_775' title='bbox 2638 5329 2855 5369; x_wconf 90' lang='lat' dir='ltr'>nomen</span> <span class='ocrx_word' id='word_1_776' title='bbox 2882 5312 2934 5368; x_wconf 89' lang='lat' dir='ltr'>ei</span> <span class='ocrx_word' id='word_1_777' title='bbox 2963 5310 3254 5367; x_wconf 87' lang='lat' dir='ltr'>tribuitur.</span> 
     </span>
    </p>
   </div>
   <div class='ocr_carea' id='block_1_109' title="bbox 1967 5330 2813 5451">
    <p class='ocr_par' dir='ltr' id='par_1_109' title="bbox 1967 5330 2813 5451">
     <span class='ocr_line' id='line_1_110' title="bbox 1967 5330 2813 5384; baseline 0.001 -18"><span class='ocrx_word' id='word_1_778' title='bbox 1967 5330 2050 5366; x_wconf 80' lang='lat' dir='ltr'>in.</span> <span class='ocrx_word' id='word_1_779' title='bbox 2088 5330 2288 5369; x_wconf 61' lang='lat' dir='ltr'>nomn.</span> <span class='ocrx_word' id='word_1_780' title='bbox 2314 5330 2392 5367; x_wconf 76' lang='lat' dir='ltr'>ro</span> <span class='ocrx_word' id='word_1_781' title='bbox 2441 5330 2607 5384; x_wconf 78' lang='lat' dir='ltr'>ponis</span> <span class='ocrx_word' id='word_1_782' title='bbox 2638 5330 2813 5369; x_wconf 90' lang='lat' dir='ltr'>nome</span> 
     </span>
     <span class='ocr_line' id='line_1_111' title="bbox 1967 5330 2813 5451; baseline 0.001 -13"><span class='ocrx_word' id='word_1_783' title='bbox 1967 5385 2111 5451; x_wconf 78' lang='lat'><strong>(292:</strong></span> <span class='ocrx_word' id='word_1_784' title='bbox 2144 5383 2290 5438; x_wconf 87' lang='lat' dir='ltr'>Gero</span> <span class='ocrx_word' id='word_1_785' title='bbox 2314 5330 2462 5439; x_wconf 70' lang='lat' dir='ltr'>sedit</span> <span class='ocrx_word' id='word_1_786' title='bbox 2482 5400 2662 5451; x_wconf 88' lang='lat' dir='ltr'>usque</span> <span class='ocrx_word' id='word_1_787' title='bbox 2690 5387 2813 5442; x_wconf 80' lang='lat'><strong>975.</strong></span> 
     </span>
    </p>
   </div>
   <div class='ocr_carea' id='block_1_110' title="bbox 1968 5455 2545 5520">
    <p class='ocr_par' dir='ltr' id='par_1_110' title="bbox 1968 5455 2545 5520">
     <span class='ocr_line' id='line_1_112' title="bbox 1968 5455 2545 5520; baseline -0.007 -9"><span class='ocrx_word' id='word_1_788' title='bbox 1968 5455 2116 5520; x_wconf 67' lang='grc' dir='ltr'>(293Δ</span> <span class='ocrx_word' id='word_1_789' title='bbox 2146 5455 2225 5509; x_wconf 90' lang='lat' dir='ltr'>De</span> <span class='ocrx_word' id='word_1_790' title='bbox 2255 5455 2364 5511; x_wconf 90' lang='lat' dir='ltr'>hac</span> <span class='ocrx_word' id='word_1_791' title='bbox 2392 5455 2545 5510; x_wconf 82' lang='lat' dir='ltr'>ldas.</span> 
     </span>
    </p>
   </div>
   <div class='ocr_carea' id='block_1_111' title="bbox 1892 5520 3508 5581">
    <p class='ocr_par' dir='ltr' id='par_1_111' title="bbox 1892 5520 3508 5581">
     <span class='ocr_line' id='line_1_113' title="bbox 1892 5520 3508 5581; baseline -0.002 -1"><span class='ocrx_word' id='word_1_792' title='bbox 1892 5526 2022 5580; x_wconf 85' lang='lat' dir='ltr'>reni</span> <span class='ocrx_word' id='word_1_793' title='bbox 2049 5542 2100 5580; x_wconf 92' lang='lat' dir='ltr'>a.</span> <span class='ocrx_word' id='word_1_794' title='bbox 2130 5529 2286 5581; x_wconf 88' lang='grc'><strong>1171.</strong></span> <span class='ocrx_word' id='word_1_795' title='bbox 2329 5526 2469 5581; x_wconf 90' lang='lat' dir='ltr'>Inde</span> <span class='ocrx_word' id='word_1_796' title='bbox 2518 5526 2790 5581; x_wconf 86' lang='lat' dir='ltr'>discimus</span> <span class='ocrx_word' id='word_1_797' title='bbox 2826 5538 2958 5577; x_wconf 89' lang='lat' dir='ltr'>eam</span> <span class='ocrx_word' id='word_1_798' title='bbox 3015 5520 3188 5576; x_wconf 83' lang='lat' dir='ltr'>fuisse</span> <span class='ocrx_word' id='word_1_799' title='bbox 3247 5535 3508 5579; x_wconf 86' lang='lat' dir='ltr'>sororem</span> 
     </span>
    </p>
   </div>
   <div class='ocr_carea' id='block_1_112' title="bbox 1891 5592 3505 5671">
    <p class='ocr_par' dir='ltr' id='par_1_112' title="bbox 1891 5592 3505 5671">
     <span class='ocr_line' id='line_1_114' title="bbox 1891 5592 3505 5671; baseline -0.002 -19"><span class='ocrx_word' id='word_1_800' title='bbox 1891 5596 2129 5671; x_wconf 67' lang='lat' dir='ltr'>Geronis</span> <span class='ocrx_word' id='word_1_801' title='bbox 2142 5596 2492 5671; x_wconf 81' lang='lat' dir='ltr'>marchionis</span> <span class='ocrx_word' id='word_1_802' title='bbox 2510 5601 2570 5655; x_wconf 90' lang='lat' dir='ltr'>et</span> <span class='ocrx_word' id='word_1_803' title='bbox 2584 5596 2781 5656; x_wconf 86' lang='lat' dir='ltr'>Sifridi</span> <span class='ocrx_word' id='word_1_804' title='bbox 2802 5592 3051 5663; x_wconf 84' lang='lat' dir='ltr'>comitis,</span> <span class='ocrx_word' id='word_1_805' title='bbox 3064 5596 3241 5671; x_wconf 85' lang='lat' dir='ltr'>atque</span> <span class='ocrx_word' id='word_1_806' title='bbox 3262 5593 3505 5667; x_wconf 78' lang='lat' dir='ltr'>nuptam</span> 
     </span>
    </p>
   </div>
   <div class='ocr_carea' id='block_1_113' title="bbox 1893 5667 2464 5727">
    <p class='ocr_par' dir='ltr' id='par_1_113' title="bbox 1893 5667 2464 5727">
     <span class='ocr_line' id='line_1_115' title="bbox 1893 5667 2464 5727; baseline 0.002 -3"><span class='ocrx_word' id='word_1_807' title='bbox 1893 5667 2215 5727; x_wconf 81' lang='lat' dir='ltr'>Christiano</span> <span class='ocrx_word' id='word_1_808' title='bbox 2242 5668 2464 5726; x_wconf 84' lang='lat' dir='ltr'>comiti.</span> 
     </span>
    </p>
   </div>
   <div class='ocr_carea' id='block_1_114' title="bbox 2624 5447 3508 5520">
    <p class='ocr_par' dir='ltr' id='par_1_114' title="bbox 2624 5447 3508 5520">
     <span class='ocr_line' id='line_1_116' title="bbox 2624 5447 3508 5520; baseline -0.005 -11"><span class='ocrx_word' id='word_1_809' title='bbox 2624 5455 2761 5511; x_wconf 91' lang='lat' dir='ltr'>idda</span> <span class='ocrx_word' id='word_1_810' title='bbox 2788 5470 2845 5520; x_wconf 80' lang='grc' dir='ltr'>ν,</span> <span class='ocrx_word' id='word_1_811' title='bbox 2878 5449 3145 5507; x_wconf 88' lang='lat' dir='ltr'>Chronic.</span> <span class='ocrx_word' id='word_1_812' title='bbox 3172 5447 3377 5507; x_wconf 74' lang='lat' dir='ltr'>Montis</span> <span class='ocrx_word' id='word_1_813' title='bbox 3406 5449 3508 5505; x_wconf 87' lang='lat' dir='ltr'>Se-</span> 
     </span>
    </p>
   </div>
  </div>
