3960 6182
430 368 567 426 1215

1385 368 1764 426 THIETMARI
1798 367 2416 427 MERSEBURGENSIS
2459 370 2775 428 EPISCOPI

3600 374 3738 430 1216

427 490 680 560 dignatus
697 494 772 544 est
788 486 1015 555 Deus,et
1059 487 1230 542 altare
1280 488 1420 543 milii
1457 490 1514 542 in
1556 488 1786 544 aecclesia
1840 496 2039 544 sanctas
2061 497 2116 557 Α
2140 489 2523 561 quamdiuhic
2545 490 2946 562 peregrinatus
2963 489 3233 561 est.juxta
3249 490 3348 545 Dei
3387 489 3749 548 voluntatem

428 580 720 634 constituat
748 576 979 632 Ceciliae.
1003 576 1229 632 Talibus
1259 576 1543 649 preceptis
1564 578 1783 633 devota:
1811 578 2036 633 obtem-

428 667 1259 739 perantesfamule,dominam
1288 684 1449 721 suam
1480 672 1607 739 post
1634 668 1756 723 haec
1798 668 2040 723 feliciter

426 756 812 826 exspirantem
838 756 1209 828 sepelierunt,
1243 758 1301 810 et
1324 756 1517 810 statim
1544 757 1898 823 recedentes,
1930 757 2039 811 mi-

427 844 639 899 seriam
670 852 739 886 πί
770 844 962 899 inscia:
1021 844 1371 915 effugieruut
1411 845 1843 899 subsecuturam
1894 846 2037 900 Nam

429 930 702 987 Saraceni
729 931 1131 987 Jerusolimam
1182 936 1318 987 tunc
1372 932 1704 987 invadentes
1762 936 1908 1003 (294)
1960 934 2039 988 nil

430 1021 716 1092 reliquere
749 1020 926 1088 victis,
953 1020 1108 1092 quod
1134 1023 1331 1075 sancta
1357 1029 1428 1063 m
1456 1021 1538 1076 eis
1558 1023 1707 1077 clam
1738 1026 1871 1076 tunc
1910 1039 2038 1094 pre-

432 1110 653 1179 dixit(f.
688 1109 776 1180 26)
811 1113 1100 1176 matrona,
1138 1126 1270 1165 cum
1298 1128 1357 1165 se
1398 1114 1693 1166 mortuam
1712 1111 1880 1183 jussit
1906 1128 2041 1182 pro-

429 1214 567 1269 pere
594 1197 868 1253 tumulari
899 1200 956 1253 et
984 1215 1113 1253 suas
1142 1199 1635 1255 abire.Veuieutes
1690 1205 1883 1255 autem
1936 1202 2039 1255 hec

431 1286 752 1353 Coloniam,
784 1290 990 1341 cuncta
1047 1287 1474 1359 archiepiscopo
1522 1290 1785 1359 pandunt
1813 1289 2035 1344 ordine.

431 1375 580 1439 Quas
610 1376 765 1430 idem
793 1375 1043 1446 benigne
1074 1376 1408 1447 suscipiens,
1443 1379 1557 1432 Deo
1589 1378 1803 1449 gratias
1831 1378 1949 1449 egit
1984 1382 2042 1432 et

426 1464 596 1535 justm
626 1464 885 1534 ejusdem
927 1464 1199 1535 peticioni
1247 1465 1537 1519 satisfecit.
1590 1467 1654 1519 Et
1698 1467 1832 1538 quia
1861 1482 2043 1538 pauca

436 1554 662 1607 locutus
689 1568 815 1606 sum
850 1552 920 1606 de
951 1553 1121 1608 laude
1152 1552 1351 1624 ignota
1373 1554 1515 1608 tanti
1580 1555 1855 1624 praesulis,
1903 1557 2043 1611 libet

438 1640 496 1695 in
529 1641 902 1713 sequentibus
932 1644 1125 1697 cetera
1169 1642 1466 1709 disserere,
1529 1646 1589 1696 ut
1635 1644 1696 1698 in
1736 1645 1822 1697 his
1869 1646 2043 1699 virtus

435 1730 693 1800 ejusdem
727 1731 912 1785 valeat
930 1731 1288 1785 enucleacius
1315 1748 1611 1803 apparere.

2141 578 2263 632 ﬁeri
2299 579 2453 633 idem
2479 594 2708 651 semper
2729 578 2966 650 Optavit.
2990 577 3100 632 Has
3129 579 3202 633 de
3224 578 3447 633 duobus
3468 580 3754 653 episcopis

2139 667 2453 722 sententias
2483 667 2612 722 ideo
2652 667 2887 738 protuli,
2920 670 2979 721 ut
3004 666 3164 732 scias,
3193 667 3394 732 lector,
3455 670 3621 739 quod
3664 687 3754 724 ce-

2140 758 2294 811 lestis
2339 756 2526 826 gratia
2564 756 2898 828 imperatori
2937 772 3069 828 sepe
3096 757 3367 828 aperiret,
3393 758 3535 827 quid
3557 759 3669 813 sibi
3700 760 3756 814 in

2140 844 2409 899 humanis
2434 844 2559 899 ﬁeri
2581 846 2854 917 placeret.
2874 845 2970 899 Hic
2992 845 3187 899 audito
3203 845 3364 900 obitu
3377 847 3525 901 tanti
3556 849 3757 918 patris,

2138 933 2469 987 Michaelem
2497 934 2628 987 huic
2643 942 2710 975 καί
2741 933 3045 988 succedere
3064 932 3220 989 fecit.
3254 934 3311 1001 (f.
3343 935 3602 1004 27‘.}Qui
3629 952 3759 990 cum

2142 1022 2447 1076 commissa
2476 1022 2581 1076 sibi
2607 1022 2827 1094 Optime
2857 1022 2954 1076 diu
2986 1032 3055 1064 ω
3076 1026 3324 1093 regeret,
3379 1040 3762 1079 commoven-

2139 1112 2290 1165 tibus
2310 1111 2523 1165 iterum
2551 1111 2859 1166 orientales
2882 1110 3108 1182 Ungris,
3141 1127 3272 1165 cum
3306 1112 3533 1166 caeteris
3569 1113 3761 1167 Bawa-

2140 1199 2357 1253 riorum
2379 1198 2735 1269 principibus
2757 1198 2843 1252 his
2872 1199 2946 1252 ad
2973 1199 3420 1254 succurrendum
3459 1200 3763 1255 venit.Sed

2140 1290 2338 1342 exorto
2368 1296 2437 1328 263
2463 1304 2594 1341 mox
2618 1287 2769 1341 inter
2793 1303 2890 1341 eos
2908 1287 3096 1342 duello
3120 1296 3321 1358 m,pro
3343 1288 3517 1343 dolor
3542 1292 3554 1341 !
3584 1290 3766 1344 nostri

2142 1375 2272 1430 victi
2305 1377 2377 1431 ab
2405 1376 2662 1430 hostibus
2695 1380 2865 1447 atque
2899 1376 3169 1446 prostrati
3221 1380 3373 1430 sunt.
3436 1378 3757 1449 Episcopus

2146 1468 2363 1526 autem,
2397 1465 2615 1518 abscisa
2647 1464 2859 1517 suimet
2905 1463 3159 1517 auricula
3188 1469 3247 1518 et
3291 1465 3519 1519 ueteris
3541 1468 3767 1521 saucia-

2144 1557 2234 1607 tus
2268 1552 2567 1614 membris,
2600 1570 2730 1606 cum
2764 1552 3079 1607 interfectis
3100 1553 3259 1623 quasi
3284 1558 3553 1608 mortuus
3579 1555 3764 1609 latuit.

2144 1643 2308 1696 Juxta
2338 1658 2511 1713 quem
2536 1642 2802 1695 inimicus
2830 1641 3007 1695 homo
3037 1640 3229 1709 iacens
3259 1645 3316 1695 et
3362 1642 3519 1696 hunc
3577 1644 3765 1698 vivere

2146 1730 2332 1785 solum
2348 1730 2418 1783 ab
2442 1728 2837 1783 insidiantium
2859 1729 3077 1799 laqueis
3094 1733 3228 1783 tunc
3245 1745 3479 1784 securus
3493 1748 3763 1798 cernens,

512 1822 595 1873 17.
625 1820 1170 1888 lmperator,audita
1192 1821 1623 1876 Ratishonensis
1646 1823 1897 1878 ecclesiae
1913 1841 2042 1895 pre-
2073 1818 2126 1877 B
2148 1820 2373 1874 hastam
2392 1819 2635 1889 sumpsit
2665 1822 2721 1872 et
2744 1834 2948 1872 necare
2963 1819 3213 1873 eundem
3241 1822 3484 1874 conatus
3496 1822 3767 1875 est.Tunc

438 1905 573 1961 sulis
594 1908 737 1974 (295)
759 1910 969 1974 morte,
1002 1924 1070 1963 eo
1103 1909 1355 1979 perrexit
1387 1910 1495 1977 (an.
1527 1912 1673 1979 942),
1729 1916 1786 1965 et
1835 1916 1896 1965 ut
1921 1914 2047 1983 epi-

435 1999 734 2067 scopatum
763 2014 878 2051 non
906 1996 1017 2051 alio
1036 2006 1106 2039 ³⁸³
1138 1997 1322 2062 daret,
1350 1998 1455 2051 nisi
1486 2015 1554 2053 eo
1573 2007 1665 2061 ιιι,
1698 2001 1796 2071 qui
1828 2001 2048 2071 primus

436 2084 543 2140 sibi
572 2086 905 2154 occurrerit,
929 2087 989 2141 iu
1020 2087 1241 2143 somnis
1269 2088 1623 2143 ammouitus
1659 2093 1761 2145 est.
1788 2090 2048 2146 Crastina

441 2177 637 2229 autem
664 2175 758 2229 die
787 2175 1053 2245 primitus
1084 2176 1489 2243 inlucescente,
1521 2194 1680 2232 cesar
1715 2178 1787 2233 ad
1843 2196 2045 2234 mona-

439 2262 678 2317 sterium
736 2263 945 2318 Christi
986 2264 1239 2318 martiris
1272 2265 1715 2333 Emmerammi,
1750 2268 2050 2322 monachis

439 2350 548 2406 hoc
578 2350 984 2414 nescientibus,
1028 2368 1159 2406 cum
1200 2353 1393 2423 paucis
1445 2354 1619 2419 venit,
1654 2357 1712 2408 et
1771 2356 2047 2427 paulatim

440 2438 650 2492 ostium
676 2440 928 2508 pulsans,
964 2457 998 2493 a
1022 2441 1278 2511 quodam
1303 2441 1616 2496 Guntherio
1642 2451 1734 2510 9“,
1779 2444 2049 2498 secclesiae

444 2525 704 2597 pervigili
760 2527 993 2581 custode
1030 2531 1088 2581 et
1114 2545 1217 2599 per
1246 2528 1447 2584 omnia
1482 2531 1796 2585 venerabili
1862 2535 2046 2603 patre,

444 2614 807 2671 intromissus
835 2615 1130 2679 est.Quem
1146 2616 1475 2673 intueusad
1493 2619 1841 2674 adorantum
1859 2621 2048 2691 primo

440 2704 677 2776 supplex
704 2704 1000 2775 processit,
1052 2704 1377 2776 deindeque
1418 2706 1627 2761 talibus
1670 2708 2046 2779 aggreditur:

443 2791 587 2859 Quid
616 2794 968 2859 mihi,fratcr,
988 2811 1089 2863 pro
1112 2794 1449 2864 adipiscendo
1485 2798 1812 2866 episcopatus
1856 2798 2053 2851 honore

438 2883 518 2936 vis
546 2882 673 2936 dare
703 2884 732 2935 ?
756 2881 961 2937 Senior
998 2882 1071 2937 ad
1104 2882 1225 2937 haec
1263 2882 1601 2938 subridens:
1633 2883 1873 2951 Calceos,
1904 2886 2050 2953 infit,

438 2972 763 3025 meos.Hunc
792 2974 986 3026 autem
1000 2988 1131 3025 cum
1150 2970 1773 3027 caeterisconfratribus
1802 2974 1874 3028 ad
1904 2975 2050 3028 elec-

445 3059 676 3116 cionem
709 3060 980 3115 antistitis
1019 3061 1093 3115 ad
1123 3063 1385 3114 sanctum
1420 3062 1652 3115 Petrum
1703 3063 2050 3128 venientem,

2149 1908 2254 1962 iste
2286 1908 2642 1962 confortatus
2683 1908 2741 1961 in
2797 1907 3062 1974 Domino,
3091 1912 3221 1978 post
3264 1908 3511 1980 longum
3572 1911 3760 1965 mutui

2148 1997 2352 2068 agonis
2385 1998 2674 2051 luctamen
2708 1996 2885 2051 victor
2915 1997 3142 2050 hostem
3170 1999 3497 2066 prostravit,
3531 2002 3593 2052 et
3614 2000 3769 2053 inter

2150 2086 2357 2139 multas
2387 2084 2609 2138 itineris
2640 2086 2975 2155 asperitates
3000 2084 3322 2151 incolomis,
3352 2089 3525 2140 notos
3557 2103 3765 2157 perve-

2149 2174 2233 2228 nit
2262 2174 2335 2228 ad
2364 2174 2528 2227 fines.
2559 2174 2696 2228 lude
2727 2173 3001 2243 gaudium
3028 2173 3190 2245 gregi
3225 2190 3326 2229 suo
3371 2176 3652 2242 exoritur,
3714 2180 3776 2230 et

2150 2263 2309 2317 omni
2343 2262 2630 2317 Christum
2662 2263 3053 2333 cognoscenti.
3087 2263 3373 2334 Excipitur
3394 2265 3469 2318 ab
3495 2266 3777 2320 omnibus

2150 2353 2314 2406 miles
2343 2352 2530 2405 bonus
2561 2351 2619 2405 in
2648 2353 2823 2416 clero,
2858 2354 2915 2403 ct
2945 2356 3204 2405 servatur
3261 2354 3515 2423 optimus
3569 2359 3777 2425 pastor

2150 2440 2206 2493 in
2234 2442 2468 2511 populo,
2499 2444 2558 2494 et
2585 2440 2691 2494 fuit
2717 2440 2977 2509 ejusdem
3013 2440 3297 2495 mutilatio
3332 2458 3450 2496 non
3484 2443 3559 2496 ad
3591 2443 3778 2497 dede-

2151 2545 2270 2591 cus,
2290 2529 2390 2583 sed
2418 2528 2493 2583 ad
2523 2529 2805 2584 honorem
2832 2528 3033 2599 magis.
3099 2530 3165 2583 Ει
3191 2546 3344 2584 nunc
3374 2535 3637 2584 revertar
3699 2532 3777 2586 ad

2152 2618 2574 2688 explanandam
2608 2617 2961 2673 narracionis
2987 2618 3217 2673 seriem.

2226 2709 2310 2760 l8.
2350 2707 2744 2760 Romanorum
2779 2709 3092 2777 prepotens
3132 2706 3453 2777 imperator
3491 2713 3785 2778 angustus

2151 2794 2530 2849 valentiorem
2548 2794 2653 2848 sibi
2673 2802 2740 2835 ²⁶ι
2758 2794 2814 2847 in
2845 2794 3065 2849 Christo
3085 2795 3367 2849 domuum
3383 2798 3783 2866 apostolicum

2153 2883 2392 2938 nomine
2418 2883 2813 2947 Benedictum,
2846 2898 3022 2954 quem
3044 2892 3110 2924 ὀι
3146 2884 3335 2938 nullus
3390 2884 3613 2956 absque
3656 2888 3784 2942 Deo

2148 2972 2409 3043 judicare
2432 2972 2637 3043 potuit,
2662 2971 2737 3042 inj
2749 2975 2961 3039 uste,ut
2976 2988 3165 3043 spero,
3180 2978 3529 3041 accusatum,
3557 2974 3787 3046 deponi

2155 3062 2446 3116 consensit
2471 3064 2561 3130 (an
2615 3062 2759 3128 964),
2792 3063 2869 3127 et,
2905 3061 3061 3132 quod
3093 3060 3315 3115 utinam
3353 3078 3469 3115 non
3517 3062 3784 3131 fecisset,

444 3148 500 3215 (f.
518 3149 608 3220 27)
640 3165 799 3204 cesar
828 3149 1106 3219 explicato
1137 3149 1353 3203 cunctis
1383 3157 1453 3191 2⁸⁸
1484 3150 1711 3204 somnio
1744 3156 2050 3222 ceteroque
2078 3161 2124 3224 ρ,
2154 3149 2322 3204 exilio
2354 3150 2428 3204 ad
2460 3150 2889 3220 Hammabureg
2939 3148 3176 3221 religari
3217 3158 3285 3191 εει
3314 3152 3785 3223 precepitf297),

441 3236 527 3291 rei
548 3240 777 3303 eventu,
801 3254 932 3292 cum
957 3246 1027 3280 1"
1058 3238 1296 3292 consilio
1342 3237 1478 3291 cleri
1508 3238 1801 3310 tociusque
1856 3240 2051 3310 populi

445 3326 518 3381 ad
540 3326 897 3381 sacerdotem
927 3326 1240 3380 constituit.
1269 3327 1319 3379 ls
1349 3342 1482 3380 vero
1511 3329 1746 3396 accepta
1783 3327 2057 3382 benedic-

444 3414 613 3468 cione
638 3414 1111 3468 sedebattantum
1134 3416 1164 3468 6
1194 3430 1420 3467 menses
1433 3415 1598 3484 (296),
1614 3415 2055 3487 egritudiueque

446 3517 809 3571 compressus
865 3501 1075 3568 valida,
1109 3502 1181 3556 ad
1224 3501 1519 3556 modicum
1553 3502 1763 3557 evaluit
1783 3512 1873 3569 =58,
1896 3522 2053 3559 sum-

443 3591 659 3660 ptoque
689 3589 750 3643 in
781 3605 989 3645 manus
1022 3597 1092 3631 πο
1122 3589 1337 3656 cinere,
1396 3591 1609 3658 locum,
1659 3608 1773 3662 quo
1829 3592 1899 3647 de
1945 3594 2054 3648 hoc

445 3679 636 3733 seculo
652 3677 905 3750 migrare
934 3678 1129 3745 voluit,
1149 3678 1314 3750 signo
1343 3682 1553 3735 sanctas
1570 3680 1753 3736 crucis
1773 3679 1893 3753 ipse
1916 3698 2053 3737 con-

441 3767 737 3839 surgendo
762 3767 1029 3839 signavit,
1061 3768 1470 3839 solotenusque
1493 3768 1875 3839 positus,illud
1904 3760 2057 3827 beati

439 3857 547 3914 Job
576 3872 811 3911 carmen
842 3856 1044 3911 beatus
1080 3858 1138 3909 et
1188 3855 1307 3927 ipse
1352 3855 1558 3910 cecinit
1590 3872 1606 3910 :
1645 3856 1859 3912 Audita
1905 3861 2056 3913 auris

441 3944 629 4000 audivi
659 3951 729 4011 te,
753 3944 1005 4012 Domine,
1060 3960 1202 3999 nunc
1248 3950 1428 3998 autem
1488 3944 1672 3999 oculus
1723 3961 1871 4001 meus
1920 3948 2057 4000 videt

439 4043 490 4090 te
505 4064 522 4103 ,-
550 4034 746 4091 idcirco
768 4037 876 4105 ipse
907 4051 991 4089 me
1019 4033 1365 4105 reprehendo,
1419 4039 1471 4090 ει
1490 4049 1591 4104 ago
1627 4037 1979 4105 penitentiam
2001 4037 2056 4087 in

439 4124 635 4195 favilla
650 4130 700 4178 et
720 4126 897 4180 cinere
917 4123 1065 4194 (Job.
1083 4126 1293 4193 x1.u,5).
1318 4124 1385 4177 Et
1400 4123 1676 4179 continuo
1697 4124 2055 4179 coufessione

440 4230 573 4269 cum
600 4212 852 4269 lacrimis
871 4215 1107 4283 peracta
1123 4211 1316 4268 emisit
1330 4211 1599 4283 spiritum
1620 4212 2054 4285 ;inpletumque

440 4303 498 4358 in
528 4302 736 4359 eodem
762 4303 868 4369 est,
898 4300 1055 4372 quod
1074 4300 1565 4356 autecessorillius
1583 4299 1785 4356 similis
1826 4301 2056 4356 habitus

438 4391 573 4447 huic
598 4389 884 4461 predixit:
916 4389 1002 4444 Tu
1032 4389 1205 4459 debes,
1239 4390 1436 4458 frater,
1491 4390 1748 4445 secundus
1792 4398 1918 4460 post
1974 4407 2056 4444 me

441 4481 579 4536 hanc
625 4479 915 4533 ecclesiam
965 4496 1182 4549 regere,-
1241 4479 1329 4532 sed
1382 4496 1556 4549 parvo
1611 4486 1840 4551 tempore
1893 4483 2050 4547 vives,

438 4568 554 4624 Deo
585 4574 796 4621 tantum
820 4575 892 4609 ’σο
953 4575 1003 4620 te
1056 4567 1467 4623 misericorditer
1525 4575 1831 4624 coronante.
1888 4569 2054 4633 Quod

2154 3240 2217 3291 ut
2244 3241 2374 3310 post
2398 3238 2635 3293 lucidius
2654 3239 2710 3304 (f.
2726 3239 3366 3308 28)indicabo.lnterim
3396 3241 3786 3298 Hirimaunus

2156 3326 2266 3381 dux
2298 3327 2607 3381 Saxoniam
2631 3328 2895 3398 regebat;
2921 3327 3221 3400 positaque
3243 3328 3317 3383 ad
3345 3330 3787 3404 Magalhaburg

2154 3423 2225 3457 ηδ
2252 3415 2554 3481 concione,
2590 3420 2889 3486 susceptus
2906 3420 2991 3470 est
3009 3416 3080 3471 ab
3098 3417 3555 3488 archiepiscopo,
3575 3436 3788 3475 manu-

2156 3521 2266 3574 que
2296 3504 2572 3559 deduclus
2609 3505 2681 3559 ad
2711 3505 3034 3571 ecclesiam,
3068 3506 3320 3559 accensis
3370 3507 3777 3563 luminaribus

2157 3593 2487 3664 cunctisque
2512 3594 2851 3649 sonantibus
2871 3594 3183 3666 campanis.
3221 3594 3305 3650 lbi
3323 3611 3493 3650 avum
3528 3597 3783 3653 meimet

2156 3681 2487 3737 Heinricum
2511 3685 2674 3749 (298),
2707 3685 2885 3737 tantae
2913 3683 3277 3738 resistentem
3297 3684 3610 3754 superbiae,
3642 3687 3783 3741 dolo

2156 3787 2361 3843 capere
2388 3771 2500 3825 dux
2531 3771 2687 3824 uisus
2708 3788 2825 3825 non
2853 3772 3058 3841 potuit,
3090 3772 3225 3843 quia
3250 3773 3401 3827 hunc
3417 3782 3488 3816 εει
3520 3775 3779 3830 militum

2158 3875 2375 3931 magna
2403 3861 2631 3913 caterva
2659 3860 2915 3913 vallavit.
2950 3860 3213 3932 Precepit
3245 3866 3442 3916 tamen
3458 3860 3535 3927 ei,
3570 3867 3633 3916 ut
3662 3864 3776 3919 Bo-

2157 3965 2315 4003 mam
2347 3947 2881 4020 postiuperatorem
2898 3952 3188 4021 pergeret.
3215 3949 3779 4006 Huodlibentissime

2156 4036 2829 4107 complens,transcensis
2851 4036 3089 4108 Alpibus
3123 4040 3184 4092 ut
3210 4038 3470 4109 primum
3497 4038 3575 4094 ad
3594 4040 3780 4113 impe-

2154 4128 2412 4180 ratorem
2445 4124 2621 4191 venit,
2653 4124 2854 4179 videns
2882 4142 3016 4180 eum
3066 4143 3101 4180 a
3149 4127 3346 4198 longe,
3378 4128 3682 4182 solotenus
3718 4145 3779 4184 se

2156 4212 2502 4285 prostravit;
2537 4212 3060 4284 interrogatusque,
3094 4214 3234 4285 quid
3260 4231 3443 4271 causa:
3464 4215 3577 4270 hoc
3605 4222 3775 4282 esset,

2157 4302 2313 4374 quod
2347 4304 2643 4357 accusatus
2694 4302 2847 4374 apud
2878 4319 3035 4368 eum,
3069 4303 3323 4373 gratiam
3379 4320 3544 4359 suam
3590 4305 3774 4377 pieta-

2156 4394 2393 4463 temque
2426 4390 2657 4446 solitam
2689 4390 3002 4463 perdidisse
3034 4391 3289 4459 timeret,
3340 4393 3777 4448 lacrimabiliter

2160 4480 2477 4553 respondit.
2488 4478 2669 4543 Quem
2694 4478 2958 4550 protinus
2973 4480 3255 4534 elevatum
3280 4480 3602 4552 imperator
3618 4499 3775 4536 oscu-

2159 4569 2329 4635 latur,
2360 4568 2699 4640 singulaque
2729 4567 3011 4638 sagaciter
3040 4569 3403 4640 perquirens,
3430 4573 3487 4623 et
3529 4570 3600 4624 de
3649 4587 3769 4624 sus-

1768 4657 2003 4712 VARUE
2056 4656 2455 4713 LECTIONES.

510 4753 579 4787 εει
614 4760 731 4800 non
758 4744 895 4802 add.
938 4749 957 4799 l
995 4759 1041 4802 ο.
1078 4749 1131 4801 2.
1166 4753 1236 4787 ²δ³
1263 4744 1449 4800 Hidda
1486 4744 1615 4800 add.
1651 4749 1705 4799 2.
1738 4754 1813 4789 m
1844 4746 1939 4801 alii
1978 4750 1994 4800 1
2030 4762 2078 4803 c.
2124 4755 2192 4788 ιιι
2224 4746 2321 4801 eil
2354 4764 2400 4800 c.
2443 4754 2514 4788 ³³⁸
2565 4744 2583 4799 i
2628 4761 2833 4801 erasum
2896 4751 2991 4810 est,
3030 4753 3102 4787 πθ
3131 4744 3318 4801 cuntis
3361 4749 3410 4801 l.
3450 4753 3518 4787 ³⁵⁷
3559 4745 3689 4800 cuni
3722 4750 3770 4799 l.

441 4815 807 4890 (communi?
835 4814 1086 4890 AtAun.
1115 4814 1261 4890 Sara
1294 4833 1347 4872 a.
1378 4820 1505 4890 952.
1539 4816 1697 4890 habet
1725 4833 1884 4890 cum.
1912 4825 1986 4890 ω
2014 4818 2304 4890 convaluit
2331 4821 2348 4870 1
2386 4833 2435 4874 c.
2468 4816 2625 4890 Amr.
2646 4815 2784 4871 Sate.
2820 4823 2900 4890 ’ξομ
2925 4816 3113 4870 manis
3137 4820 3197 4890 l.
3236 4825 3308 4857 πο
3346 4820 3424 4871 ita
3449 4832 3495 4873 c.
3543 4825 3611 4858 ιιι
3638 4817 3769 4890 add.

444 4886 463 4941 1
494 4905 548 4941 a.
581 4894 653 4928 ’σε
684 4886 821 4944 00d.
858 4889 877 4940 1
902 4889 1084 4958 primo
1109 4888 1297 4941 habuit
1325 4906 1341 4941 :
1379 4887 1485 4951 Qui
1525 4886 1777 4942 cumissa
1817 4887 1911 4942 sib‘

443 4957 692 5030 cumissa
719 4957 824 5030 sibi
863 4958 1082 5030 optime
1113 4958 1229 5013 diu.
1253 4958 1377 5014 Hoc
1413 4963 1430 5013 1
1456 4974 1514 5030 ο.Δ
1556 4961 1640 5016 ita
1670 4961 1911 5015 correxit

902 4889 1084 4959 primo
1109 4888 1341 4959 habuit:
1379 4887 1485 4951 Qui
1525 4886 1777 4942 cumissa
1817 4887 1923 4942 sibi
1958 4888 2245 4959 optinere,
2308 4890 2452 4959 quod
2486 4887 2661 4959 scriba
2697 4956 2706 4959 Α
2718 4893 2782 4959 ut
2809 4886 3022 4959 videtur
3047 4890 3155 4959 ipse
3169 4889 3289 4958 jam
3316 4890 3543 4941 mutavit
3572 4886 3769 4959 ianni

1958 4906 1989 4942 0
2041 4904 2245 4953 unere,
2308 4904 2450 4959 quoa
2486 4904 2661 4941 scrwa
2722 4904 2781 4939 ut
2809 4904 3022 4940 videtur
3047 4904 3155 4957 ipse
3169 4905 3289 4958 1am
3316 4904 3543 4941 mutavi:
3572 4905 3621 4939 ιη
3660 4904 3767 4949 um

1942 4976 1955 5013 ε
1988 4904 2093 5023 δαί
2126 4976 2256 5013 cum
2289 4958 2599 5030 commissa
2666 4956 2771 5011 sibi
2812 4958 3033 5027 optime
3085 4957 3215 5028 diu;
3255 4960 3402 5030 quod
3429 4962 3584 5013 etiam
3614 4958 3767 5011 Ann.

442 5030 611 5085 Saxo.
644 5028 819 5083 habet.
850 5028 922 5071 ὀἱ
952 5033 1154 5085 exorta
1180 5061 1246 5070 -—
1272 5030 1466 5086 duella
1499 5028 1524 5084 l
1553 5046 1607 5086 α.
1642 5039 1714 5073 ’σι
1748 5030 1971 5103 religiri
1999 5034 2018 5083 l
2060 5048 2112 5083 a.
2139 5038 2209 5071 ηδ
2244 5028 2647 5101 magadaburg
2679 5031 2699 5082 1
2732 5044 2779 5084 c.

1995 5118 2221 5175 NOTIE.

514 5206 856 5290 (29k).0uod
885 5207 1188 5290 ﬂebatsub
1214 5210 1280 5263 Al
1311 5209 1465 5290 Mpaz
1495 5206 1726 5288 ,chalifa
1780 5224 1846 5262 ex
1894 5210 2070 5290 gente

446 5279 861 5336 Fatimidarum
887 5298 930 5335 s.
956 5279 1256 5335 Alidarum
1277 5279 1492 5349 primo,
1512 5279 1663 5333 circa
1690 5294 1911 5333 annum
1942 5282 2066 5333 970.

520 5354 660 5421 (295)
709 5352 799 5417 Sc.
845 5351 1149 5421 lsaugrini,
1185 5350 1283 5420 qui
1306 5350 1450 5421 obiit
1478 5365 1530 5403 a.
1566 5352 1691 5416 942,
1726 5350 1786 5403 V.
1821 5351 2071 5404 Annales

449 5423 507 5478 S.
538 5420 959 5478 Emmerammi
986 5420 1309 5491 ’Ratispou.
1330 5420 1389 5473 h.
1425 5437 1476 5475 a.

519 5495 674 5571 (296)_
694 5492 1044 5571 Cantharius
1080 5490 1564 5571 gohebdomadas
1591 5491 2070 5571 post‘ordinatio-

457 5579 595 5629 nam
620 5563 784 5620 obiit.
818 5564 880 5619 ν.
903 5564 1062 5621 Ann.
1094 5562 1152 5618 S.
1186 5562 1605 5621 Emmerammi
1642 5579 1696 5619 a.
1731 5564 1856 5619 942.

524 5636 676 5708 (297)
704 5632 1073 5691 Thietmarus
1100 5632 1413 5690 secundam
1456 5633 1680 5690 Ottonis
1704 5634 1730 5689 ι
1755 5633 2069 5708 expeditio~

2175 5223 2309 5262 nem
2355 5206 2416 5261 in
2452 5205 2671 5278 italiam
2709 5205 2997 5278 (961-965)
3027 5222 3159 5260 cum
3190 5206 3364 5278 tertia
3391 5208 3648 5277 (966-972)
3672 5205 3771 5258 hic

2176 5278 2498 5333 confudisse
2523 5277 2767 5332 videtur.
2811 5279 2871 5331 lu
2906 5277 3000 5331 illa
3044 5277 3417 5333 Benedictum
3463 5278 3770 5347 imperator

2173 5349 2443 5421 deposuit
2466 5366 2480 5416 ;
2507 5349 2619 5421 hac
2638 5349 2889 5421 durante
2920 5348 3305 5402 .Ethelbertus
3326 5349 3765 5419 archiepiscopa-

2174 5420 3182 5495 tumrobtinuitMagdebuArgeusem,
3234 5490 3303 5495 __‘
3408 5492 3447 5495 __
3489 5490 3499 5495 _
3574 5487 3629 5495 __

2194 5498 2214 5513 '
2242 5494 2388 5562 (298)
2419 5492 2509 5546 Sc.
2542 5508 2609 5562 ex
2640 5488 2828 5546 matre
2860 5488 3203 5561 Cuuigunde
3226 5490 3376 5546 ﬁlius
3407 5488 3632 5546 lleinrici
3658 5502 3759 5540 cu-

2174 5562 2329 5617 mitis
2348 5561 2659 5618 Stadeusis.
