3954 6180
206 371 316 428 1225

1417 356 1834 417 CHRONICON.
1877 388 1950 400 —
1976 358 2106 417 LIB.
2138 359 2210 413 III

3353 357 3489 412 1226

204 495 250 546 et
282 483 534 543 memoria
587 478 981 546 convenirent,
1043 476 1102 531 in
1161 479 1505 552 explicanda
1553 482 1765 536 cesaris
1795 485 2084 547 Awreum,
2108 486 2333 551 postque
2378 481 2616 550 ferreum
2658 479 2918 549 sequitur.
2943 477 3150 534 Audiat
3181 480 3490 552 unusquis-

202 577 340 634 laude
373 571 693 628 deﬁcerent.
724 567 883 622 Sicut
915 565 1213 633 dominus,
1244 569 1321 621 sic
1348 573 1405 623 et
1444 577 1513 610 3‘5
1554 570 1770 641 princi-

203 685 282 739 pes
320 666 427 735 ejus
467 661 714 715 fuerunt.
767 658 891 710 Non
942 672 1040 709 eos
1074 656 1337 711 ciborum
1379 675 1477 713 seu
1526 659 1771 714 aliarum

198 770 361 810 rerum
390 749 666 820 superﬂua
694 744 1065 810 varietas,sed
1097 744 1156 797 in
1186 747 1408 800 cunctis
1452 747 1773 801 delectabat

199 859 343 897 aurea
371 836 743 893 mediocritas.
781 834 996 888 Omnes
1019 850 1145 904 quae
1187 835 1460 904 leguntur
1512 835 1771 900 virtutes,

194 930 266 985 his
293 925 610 998 degentibus
654 924 952 988 ﬂorentes,
1000 920 1109 974 hiis
1135 922 1480 978 obeuntibus
1529 940 1774 978 marces-

194 1020 376 1074 serunt.
406 1014 484 1068 Hii
512 1012 614 1067 etsi
641 1010 1027 1082 corporaliter
1059 1026 1177 1063 non
1220 1010 1435 1078 vivunt,
1467 1014 1776 1082 supersunt

190 1106 370 1161 animae
419 1101 797 1167 immortales,
854 1100 1151 1154 bonorum
1201 1105 1475 1170 provectu
1528 1117 1773 1170 operum

192 1196 332 1250 beata
359 1192 670 1247 aeternitate
703 1189 1048 1260 gaudentes.
1079 1188 1190 1242 Sed
1237 1192 1297 1242 ut
1329 1189 1672 1244 concludam
1705 1198 1775 1230 διδ

190 1296 500 1346 sermonem,
524 1282 653 1350 post
681 1279 953 1332 Carolum
987 1277 1262 1347 Magnum
1297 1278 1556 1349 regalem
1587 1279 1779 1333 cathe-

188 1372 324 1424 dram
354 1385 665 1439 numquam
693 1371 888 1421 tantus
916 1367 1123 1436 patrias
1147 1370 1320 1438 atque
1354 1367 1624 1421 defensor
1645 1383 1776 1437 pos-

190 1457 327 1512 sedit.
359 1455 796 1522 Precedentibus
813 1457 1068 1508 mortem
1093 1455 1236 1524 ejus,
1270 1459 1334 1508 ut
1374 1455 1618 1526 predixi,
1653 1457 1778 1525 plu-

188 1545 330 1599 rimis
351 1544 738 1616 optimatibus,
771 1559 978 1596 omnes
1004 1542 1102 1613 qui
1135 1544 1570 1613 superfuerunt,
1599 1547 1779 1598 tantae

187 1633 528 1703 jucunditatis
553 1632 706 1686 haud
729 1639 799 1673 347
830 1631 1213 1699 inmemores,
1245 1649 1456 1686 novam
1511 1633 1661 1687 hanc
1710 1641 1782 1675 διδ

1872 586 1982 640 que
2009 568 2270 622 fidelium
2301 568 2562 622 veredica
2610 575 2682 609 Μ
2713 565 2869 620 beati
2897 567 3158 636 Gregorii
3220 569 3446 624 monita
3475 587 3487 623 :

1874 655 2012 710 Cum
2041 662 2306 723 augentur
2349 657 2511 721 (Iona,
2544 658 2780 710 racz’ones
2804 662 3043 711 crescunt
3102 655 3383 726 donorum,
3436 662 3495 712 et

1872 748 1933 801 in
1966 746 2290 801 commissis
2321 755 2392 788 350
2424 764 2481 800 se
2522 745 2698 800 nimis
2753 762 3014 816 peccasse
3066 747 3490 818 perhorrescat,

1873 840 1932 890 et
1963 851 2068 905 pro
2124 835 2322 888 anima
2367 835 2718 906 inperatoris
2768 837 2953 890 Deum
3004 835 3244 907 supplici
3292 839 3493 891 mente

1876 926 2240 994 deposcat,ut
2267 923 2494 994 ilagicia
2524 923 2670 977 servi
2707 926 3024 995 peccatoris
3045 924 3355 979 innumera
3396 932 3489 991 ³⁵1,

1877 1029 2007 1084 quae
2059 1012 2117 1065 in
2171 1015 2255 1067 tot
2283 1012 2389 1066 sibi
2444 1011 2684 1066 subditis
2736 1013 2905 1067 rebus
2953 1013 3243 1085 precaveri
3296 1011 3496 1083 nequi-

1877 1103 2107 1162 verant,
2141 1103 2459 1155 clementer
2499 1100 2783 1171 ignoscat,
2817 1118 3251 1174 regnorumque
3303 1100 3492 1156 domi-

1878 1193 2052 1245 nator
2083 1190 2348 1244 omnium
2396 1189 2623 1260 populis
2649 1191 3011 1261 presentibus
3062 1195 3234 1263 atque
3289 1188 3495 1245 futuris

1880 1278 2120 1350 pervigil
2174 1278 2414 1349 piusque
2447 1281 2636 1332 custos
2681 1278 2933 1333 assistat!
2966 1280 3034 1332 Et
3096 1282 3180 1346 tu,
3233 1278 3494 1350 quicum-

1882 1385 1993 1439 que
2021 1366 2163 1421 mihi
2195 1367 2485 1430 succedas,
2523 1367 2668 1421 tanti
2701 1384 2931 1422 memor
2976 1367 3252 1434 benificii,
3285 1367 3497 1422 animus

1880 1457 2006 1526 ejus
2022 1455 2498 1510 recordationem
2545 1455 2702 1510 fideli
2732 1456 2942 1510 mentis
2971 1455 3232 1510 custodia
3287 1470 3497 1519 serves,

1883 1543 2256 1614 maximeque
2284 1545 2342 1597 ln
2369 1543 2677 1598 festivitate
2711 1544 2922 1599 Christi
2953 1545 3157 1599 adletze
3185 1539 3498 1608 Laurentii,

1883 1633 2046 1703 cujus
2075 1631 2554 1686 intercessionem
2588 1633 2798 1687 obnixe
2834 1634 3110 1704 postules,
3142 1635 3204 1687 ut
3239 1631 3384 1686 sicut
3433 1645 3502 1683 eo

188 1738 446 1785 normam,
479 1738 605 1792 quae
655 1719 1019 1790 sequebatur,
1049 1736 1157 1774 nec
1212 1722 1537 1788 voluerunt,
1593 1737 1783 1792 neque
1818 1780 1863 1792 ἢ
1886 1720 1978 1774 die
2012 1720 2238 1775 meritis
2269 1719 2446 1789 ipsius
2477 1720 2732 1775 hostium
2760 1721 2892 1776 huic
2909 1722 3278 1776 concessaest
3303 1717 3505 1772 divini-

190 1810 566 1881 sequebantur,
600 1810 700 1863 sed
723 1809 795 1862 ad
819 1808 1032 1862 exitum
1063 1808 1194 1864 vitze
1242 1810 1454 1864 suimet
1503 1811 1574 1864 ab
1627 1813 1786 1864 recta
1818 1780 1866 1837 B
1888 1812 1976 1863 tus
1997 1808 2241 1862 victoria
2271 1807 2606 1876 visibilium,
2640 1808 2720 1863 ita
2745 1809 2852 1864 sibi
2875 1826 2909 1864 a
2939 1811 3057 1864 Deo
3081 1809 3504 1877 donata,quam

183 1899 404 1970 antiquae
451 1899 703 1953 veritatis
734 1901 791 1951 et
825 1898 1073 1967 justicite
1131 1899 1344 1953 semita
1432 1915 1536 1953 sua
1572 1900 1784 1968 sponte

186 2002 284 2040 non
312 1987 632 2042 deviabant.
668 1986 874 2056 lnpleri
895 1989 1029 2040 tunc
1049 2003 1305 2060 namque
1319 1987 1611 2052 videbant,
1631 1986 1787 2057 quod

184 2076 472 2144 aquodam
519 2075 777 2147 sapiente
834 2091 1077 2146 presago
1117 2075 1451 2131 futurorum
1500 2075 1781 2146 scriptum

180 2165 250 2214 est
270 2179 281 2217 :
301 2162 550 2218 Primum
582 2163 642 2234 (ἰ.
670 2163 759 2234 33)
789 2170 863 2216 est
891 2179 1117 2219 aureum
1148 2165 1404 2233 secutum,
1453 2165 1606 2219 (ἰδίης
1636 2161 1780 2236 (341)

1888 1913 2121 1968 semper
2153 1894 2394 1968 optavit,
2443 1897 2806 1964 remissione,
2840 1899 3076 1969 laqueos
3131 1894 3505 1951 inimicorum

1888 1989 2184 2040 mereatur
2210 1983 2579 2039 invisibilium
2602 1987 2842 2040 evadere
2866 2002 2901 2041 a
2931 1984 3289 2056 sinistrisque
3317 1996 3509 2053 segre-

1889 2077 2077 2146 gatus,
2106 2074 2166 2128 in
2189 2073 2284 2128 die
2307 2073 2507 2144 judicii
2539 2075 2848 2131 collocetur
2874 2092 2908 2131 a
2937 2083 3008 2118 858
3036 2073 3248 2131 dextris
3281 2070 3382 2127 Dei
3410 2071 3513 2126 Pa-

1890 2163 2013 2217 tris.

1191 2295 1630 2397 LIBER
1700 2291 2322 2397 TERTIUS
2353 2290 2459 2397 ³⁵³.

173 2456 366 2513 Tertius
394 2459 451 2513 in
485 2475 740 2514 numero
783 2473 1012 2529 regum,
1044 2458 1144 2513 sed
1168 2459 1464 2530 proximus
1498 2457 1633 2511 Otto

172 2547 412 2616 Nomine,
447 2548 763 2614 scribatur,
797 2551 854 2601 et
873 2547 1049 2617 digna
1077 2548 1244 2602 laude
1275 2549 1497 2602 locetur

170 2633 295 2690 Sede
319 2637 494 2708 patris
529 2636 757 2708 magni,
786 2636 975 2689 vivens
1000 2652 1104 2706 per
1134 2637 1282 2690 secla
1304 2635 1558 2690 secundo
1579 2643 1654 2676 35‘

171 2724 221 2789 ll',
251 2726 348 2796 33’)
379 2728 688 2791 Successu,
715 2724 939 2778 miseris
964 2724 1059 2794 qui
1080 2725 1293 2795 profuit
1313 2725 1585 2780 omnibus
1622 2720 1788 2777 horis

178 2811 331 2882 llujus
357 2815 553 2884 prima
587 2813 754 2868 bonis
779 2815 1068 2880 laetantur,
1090 2813 1251 2868 triste
1275 2812 1566 2886 supremis
1655 2840 1667 2849 -

169 2901 412 2966 Advenit,
448 2902 673 2958 nostris
703 2901 1037 2956 criminibus
1073 2903 1326 2974 undique
1350 2901 1598 2972 magnis.

168 2987 303 3043 Tunc
328 2991 433 3045 luit
465 2992 562 3046 hic
589 2991 864 3056 mundus,
891 2991 1045 3060 quod
1061 2992 1274 3062 sprevit
1291 2996 1449 3046 recta
1472 2989 1784 3061 malignus.

171 3077 346 3133 Ultrici
377 3081 580 3151 gladio
617 3080 915 3151 perierunt
943 3080 1194 3150 plurima
1219 3097 1428 3152 regno.

173 3165 320 3221 Nulla
342 3173 506 3240 patet
539 3169 713 3224 nobis
743 3167 1058 3222 certissima
1088 3186 1279 3238 causa,
1313 3169 1514 3241 peritis

170 3255 384 3311 Cunctis
421 3263 511 3314 est
545 3259 758 3324 visum,
788 3257 1102 3328 Mersburgi
1134 3259 1324 3313 ﬂebile
1359 3259 1644 3312 damnum

163 3342 229 3396 Ex
257 3362 365 3417 quo
399 3346 701 3414 sustinuit,
727 3345 882 3417 quod
912 3362 1018 3417 pax
1049 3347 1145 3416 pia
1167 3348 1339 3418 longe
1360 3347 1591 3401 recessit

159 3431 374 3490 Finibus
401 3452 432 3490 e
470 3434 715 3502 nostris,
748 3435 861 3488 late
896 3435 1180 3505 regnabat
1221 3439 1279 3490 et
1302 3436 1503 3490 hostis.

161 3519 282 3583 Quis
301 3525 455 3579 valet
483 3524 658 3578 eﬂ‘ari
683 3522 890 3577 seviret
916 3526 977 3576 ut
1011 3523 1114 3576 iste
1136 3523 1353 3578 crudeli

159 3607 388 3680 Funere,
423 3630 568 3667 cum
605 3611 817 3667 Christi
847 3611 1077 3681 templis
1107 3628 1213 3665 nec
1234 3613 1498 3682 parceret
1521 3611 1660 3665 almi
1685 3611 1712 3665 ?

157 3696 454 3769 Congressi
479 3705 696 3756 mutuo
721 3699 1049 3754 ceciderunt
1081 3703 1252 3771 atque
1279 3700 1496 3755 duello.

156 3784 222 3840 Ex
249 3791 459 3844 nostris
494 3789 697 3855 multi,
754 3787 1056 3842 Saracenis
1082 3789 1402 3859 exuperati.

152 3874 281 3932 Vere
301 3880 531 3942 felices,
569 3895 674 3950 qui
707 3877 996 3932 Christum
1029 3893 1263 3948 semper
1301 3879 1568 3931 amantes

151 3961 494 4039 Tranquillee
529 3966 695 4039 pacis
723 3965 978 4019 retinent
1009 3969 1229 4035 optata,
1258 3965 1484 4020 timoris

152 4051 417 4111 Funditus
451 4055 659 4127 ignari
681 4053 962 4125 pulsantis
992 4054 1170 4108 corda
1196 4053 1462 4124 maligni,

153 4139 270 4196 Plus
302 4162 490 4216 quam
524 4144 788 4199 tricenos
815 4141 912 4213 qui
930 4157 1081 4196 nunc
1108 4143 1444 4196 turbaverat
1474 4158 1658 4196 annos

147 4229 567 4289 Antecessores
599 4234 850 4297 nostros,
885 4233 962 4296 et,
986 4245 1091 4300 pro
1119 4228 1318 4284 dolor!
1352 4230 1545 4284 hostes

147 4317 424 4390 Armavit,
480 4323 724 4377 nostras
753 4335 980 4391 quoque
1009 4335 1161 4373 nunc
1207 4317 1529 4388 infringere
1577 4320 1784 4373 terras.

146 4404 244 4469 Qui
265 4412 444 4466 coelos
471 4409 660 4465 terris
688 4407 987 4478 conjunxit
1016 4415 1108 4474 εδδ,
1142 4408 1323 4479 ponat
1360 4409 1423 4460 ut
1451 4406 1570 4460 istis

144 4495 337 4554 Finem
364 4497 706 4572 suppliciis,
734 4499 897 4566 optet
917 4495 1092 4550 modo
1115 4495 1358 4567 quisque
1389 4494 1597 4551 ﬁdelis.

212 4589 257 4644 1.
285 4587 350 4648 (f.
387 4591 485 4654 34)
530 4584 772 4642 Tercius
803 4584 969 4655 regni
1016 4585 1358 4654 procurator
1403 4582 1612 4652 nostri,
1647 4583 1779 4638 Otto

143 4677 447 4745 secundus,
490 4676 573 4731 sit
605 4672 867 4730 codicelli
903 4671 1179 4727 materies
1231 4671 1382 4742 mei;
1410 4671 1510 4744 qui
1554 4671 1780 4744 juvenis

1808 2457 1855 2516 C
1887 2453 2100 2510 viribus
2129 2455 2391 2527 corporis
2425 2458 2622 2513 cluens
2673 2459 2918 2530 eximiis,
2969 2477 3162 2534 primo
3208 2475 3336 2533 quae
3385 2458 3520 2512 sunt

1888 2553 2158 2614 proterva
2214 2548 2484 2614 sectatur,
2539 2547 2899 2622 largitusque
2973 2549 3232 2622 plurima
3287 2541 3521 2619 pietatis

1889 2646 2063 2702 Opere
2097 2633 2275 2701 (342),
2308 2634 2527 2706 absque
2557 2637 3058 2709 temperamento,
3116 2639 3348 2691 matura
3397 2631 3522 2703 fugi

1889 2718 2128 2774 consilia
2155 2737 2170 2787 ;
2201 2720 2531 2794 deindeque
2564 2725 2877 2796 castigatus
2914 2744 2948 2782 a
2978 2725 3200 2790 multis,
3249 2720 3526 2792 imposite

1887 2806 1995 2861 sibi
2024 2807 2334 2863 laudandae
2370 2810 2598 2865 virtutis
2645 2813 2835 2882 freno,
2901 2812 3179 2869 nobiliter
3227 2809 3289 2863 in
3323 2808 3528 2864 diebus

1889 2895 2004 2950 suis
2030 2901 2402 2951 conversatus
2434 2903 2560 2967 est;
2625 2901 2771 2955 sicut
2794 2903 2857 2956 in
2917 2898 3296 2972 sequentibus
3333 2898 3527 2968 expla-

1888 2985 2063 3037 nabo.
2099 2981 2212 3036 Piae
2243 2986 2540 3056 genitricis
2579 3005 2695 3043 sua:
2727 2989 3032 3056 instinctu,
3058 2987 3217 3060 cujus
3239 2985 3527 3060 guberna-

1889 3073 2016 3126 cula
2044 3070 2298 3143 vigebat,
2340 3076 2667 3132 Miminlevo
2700 3086 2794 3147 35°,
2828 3077 2933 3132 ubi
2963 3081 3132 3152 pater
3182 3094 3314 3134 suus
3359 3078 3525 3149 obiit,

1879 3161 2038 3231 justo
2083 3161 2386 3232 acquisxvit
2443 3166 2790 3234 concanbio,
2841 3166 3223 3243 decimasque
3274 3187 3402 3245 quae
3454 3168 3530 3226 ad

1891 3249 2256 3304 Herevesfeld
2303 3260 2374 3294 δεῖ
2423 3253 2837 3326 pertinebant;
2868 3258 2929 3308 et
3007 3262 3381 3336 congregatis
3449 3260 3530 3318 ibi

1890 3339 2212 3406 monachis,
2236 3340 2483 3397 liberam
2516 3343 2654 3400 fecit
2703 3343 3042 3420 abbaciam,
3102 3353 3368 3426 datisque
3418 3352 3528 3410 sibi

1888 3429 2061 3482 rebus
2093 3431 2447 3500 necessariis,
2495 3434 2807 3505 apostolico
2860 3437 3243 3498 confirmavit
3293 3444 3528 3517 privile-

1887 3516 2072 3588 gioal‘3
2098 3516 2518 3591 (343).]nsuper
2552 3521 2850 3577 licentiam
2881 3516 3391 3604 archiepiscopum
3409 3534 3525 3590 eli-

1887 3605 2063 3677 gendi
2085 3607 2473 3696 confratribus
2485 3611 2603 3665 Deo
2623 3611 3043 3670 famulantibus
3058 3618 3421 3696 Magdaburg
3449 3632 3522 3668 ³⁸9

1886 3695 2159 3764 precepto
2216 3694 2486 3767 inperiali
2524 3701 2793 3769 prasente
2857 3701 3294 3778 archiepiscopo
3360 3694 3522 3766 dedit

1804 3791 1855 3848 D
1886 3781 2245 3837 [Ethelberto
2295 3792 2387 3851 360,
2423 3789 2481 3838 et
2523 3787 2666 3857 (344)
2717 3803 2848 3841 cum
2904 3806 3022 3845 uno
3071 3793 3244 3862 libro,
3299 3799 3399 3867 qui
3446 3807 3515 3841 σοι

1884 3869 2059 3924 hodie
2091 3869 2310 3925 ibidem
2331 3873 2503 3939 est,in
2535 3891 2648 3945 quo
2677 3891 2779 3929 sua
2803 3875 3291 3954 inperatricisque
3323 3885 3513 3940 Theu-

1883 3959 2080 4030 phanu
2098 3956 2292 4030 imago
2309 3977 2448 4015 auro
2462 3963 2724 4032 splendet
2745 3963 3238 4035 formata,munus
3257 3969 3514 4027 afﬁrma-

1883 4048 1982 4105 vit.
2011 4047 2176 4111 Quod
2202 4049 2389 4118 gratia
2419 4051 2626 4105 cesaris
2652 4055 2710 4106 et
2741 4052 2800 4107 in
2831 4055 3125 4124 presentia
3155 4058 3278 4129 ejus
3304 4058 3501 4116 archi-

1887 4137 2207 4209 episcopus,
2247 4143 2588 4210 preparatus
2641 4141 2714 4196 ad
2744 4141 3007 4212 missam,
3063 4161 3196 4200 cum
3243 4147 3503 4220 perlecto

1885 4225 2185 4296 evangelio
2219 4243 2384 4282 more
2411 4229 2578 4283 solito
2610 4230 2828 4299 optime
2857 4233 3231 4304 predicasset,
3261 4237 3504 4293 recitato

1884 4330 2082 4368 coram
2112 4319 2386 4386 precepto
2413 4317 2726 4388 imperiali,
2758 4319 2824 4390 (Γ.
2847 4321 2953 4392 34’)
2988 4339 3101 4395 quo
3129 4324 3339 4381 eleccio
3367 4341 3506 4381 con-

1883 4402 2197 4470 tinebatur,
2231 4404 2504 4473 ostendit,
2525 4407 2934 4481 eumdemque,
2949 4411 3298 4486 quicumque
3315 4416 3502 4471 teme-

1880 4492 2064 4547 rarius
2092 4493 2202 4547 hoc
2260 4510 2542 4565 umquam
2595 4496 2838 4552 auderet
2865 4497 3212 4573 infringere,
3241 4503 3496 4560 terribili

1882 4581 2486 4638 excommunicatione
2517 4583 2841 4657 damnavit,
2874 4589 3091 4646 cunctis
3136 4607 3502 4665 prosequen-

1881 4670 2032 4726 tibus
2060 4669 2283 4726 Amen!
2325 4669 2461 4742 ﬁat!
2505 4671 2644 4745 ﬂat!
2700 4676 3099 4734 consolidavit.
3175 4681 3500 4755 Pauperem

1498 4789 1728 4844 VARItE
1767 4789 2166 4844 LECTlONES.

204 4904 272 4937 ³η
297 4898 378 4950 et.
406 4897 471 4950 et
509 4899 607 4948 1α.
689 4900 760 4934 διο
793 4890 1170 4946 conclaudam
1207 4893 1291 4943 ia.
1367 4896 1438 4930 θιτ
1485 4888 1602 4942 Vox
1633 4888 1787 4942 haud
1811 4903 1964 4961 erasa
1993 4889 2049 4941 in
2075 4887 2192 4946 eod.
2224 4889 2274 4942 1.
2303 4895 2472 4944 exstat
2501 4890 2648 4961 apud
2668 4890 2745 4947 Α.
2786 4892 2850 4948 S.
2928 4901 2999 4937 διε
3029 4895 3138 4950 hac
3172 4900 3221 4952 1.
3299 4907 3370 4943 διο
3399 4916 3499 4959 ve-

135 4965 430 5043 ridica-49
518 4963 1180 5043 aso-conrur-ljlssjs.1.H.335“1
1209 4961 1450 5043 innuma
1481 4963 1529 5013 1.
1571 4961 1710 5043 linea
1738 4959 2158 5043 suderlueransa.
2235 4967 2306 5001 ³³2
2338 4961 2493 5042 adt.
2529 4959 2695 5043 (uoces
2742 4964 2861 5043 Dei_
2891 4965 3090 5043 Patris_
3125 4985 3292 5024 erasa
3320 4975 3491 5043 sunt).

135 5046 201 5117 ψ
226 5039 444 5117 incipit
475 5037 770 5117 prologus
798 5035 930 5088 libri
961 5032 1206 5117 tertiiﬂde
1240 5034 1448 5086 Ottone
1479 5031 1729 5117 secundo
1761 5035 1818 5111 .2.
1846 5037 1919 5117 ἐς
1957 5032 2012 5083 in
2047 5031 2155 5117 fine
2194 5033 2449 5117 ctrina-{nis
2481 5044 2495 5088 :
2533 5031 2694 5117 Expl:
2738 5036 3034 5117 prologus.
3069 5039 3187 5117 Inc.
3217 5041 3317 5096 lib.
3350 5031 3489 5117 tere.

137 5116 201 5150 au
229 5102 387 5165 relic]
425 5102 616 5164 ίςεειι
643 5102 747 5177 ipse
774 5107 1019 5160 εοννεχίι,
1097 5112 1168 5146 ass
1192 5119 1240 5157 ο,
1273 5121 1506 5179 erasum.
1583 5110 1654 5144 ³⁵⁸
1695 5102 2031 5179 miminlcue
2071 5106 2147 5179 1ο.
2225 5110 2295 5143 337
2338 5103 2587 5179 liereues
2614 5102 2712 5160 fel.
2742 5102 2950 5179 scripsit
2985 5113 3048 5178 1;
3099 5111 3187 5166 sed
3223 5128 3370 5169 corr.
3407 5114 3489 5170 1ο.

132 5179 452 5240 heresfeld.

541 5186 625 5223 338
651 5173 950 5249 praecepto
985 5180 1070 5231 la.
1147 5183 1218 5217 εδο
1250 5173 1378 5235 add.
1413 5175 1496 5230 ib.
1574 5181 1642 5217 369
1676 5173 2016 5229 adhelberto
2062 5176 2140 5228 lc.
2219 5181 2287 5216 εει
2325 5175 2478 5246 quod
2517 5179 2606 5234 1a.

1725 5291 1949 5352 ΝΟΤΑΞ.

204 5402 355 5471 (341)
391 5403 438 5456 Ι.
465 5417 528 5471 θ.
547 5395 795 5471 dehinc.

190 5463 357 5599 ($342}
384 5472 468 5530 cf.
509 5469 584 5536 V,
625 5472 709 5523 26.
741 5466 995 5538 Largitus
1047 5482 1217 5521 sensu
1262 5463 1506 5539 passivo.
1562 5463 1781 5545 Sensus

167 5541 184 5597 i
229 5547 363 5599 etur
391 5557 533 5599 esse
569 5556 586 5596 :
632 5539 883 5599 plurima
906 5538 961 5595 ei
1005 5538 1223 5595 donata.
1258 5540 1392 5596 sunt
1443 5552 1480 5595 θ.
1525 5539 1781 5599 parenti—

133 5535 363 5671 Eidetui'
391 5557 533 5602 esse
569 5535 586 5596 ξ
629 5535 883 5612 plurima
906 5538 961 5595 ei
1005 5538 1223 5595 donata
1258 5535 1392 5596 sunt
1443 5552 1480 5595 a
1524 5535 1782 5610 parenti-

177 5632 265 5671 us.

177 5632 265 5677 IIS.

599 5703 842 5765 Panos.
871 5700 1129 5761 CXXXIX.

1883 5391 2207 5519 sufﬂaslﬁ
2230 5392 2338 5448 hac
2366 5392 2566 5449 charta
2591 5409 2645 5450 ει.
2681 5397 2804 5463 979,
2835 5394 2896 5452 V.
2923 5394 3196 5453 Bohmeri
3246 5397 3494 5474 Regesta

1953 5535 2104 5608 (344)
2132 5535 2342 5593 Charta
2364 5535 2502 5595 data
2550 5535 2842 5596 Walbecki
2890 5553 2943 5597 ει.
2992 5540 3118 5612 979,
3172 5540 3351 5603 Decb.
3428 5549 3494 5604 19

3174 5707 3248 5765 39
