3954 6180
484 384 621 449 {239

1455 384 1829 442 THIETMARI
1865 374 2481 440 MERSEBURGENSIS
2517 379 2831 439 EPISCOPI

3611 388 3723 448 mo

479 500 847 579 Becelinum,
863 495 1284 576 Gevehardum,
1305 506 1643 564 Gunterium
1666 515 1756 569 ιη,
1781 506 2097 579 Ecelinum,
2124 510 2179 568 Α
2201 505 2438 578 quidam
2470 522 2537 560 ex
2563 504 3061 562 circumstantibus
3072 504 3262 561 Grecis
3273 505 3727 577 apprehensaveste

486 606 721 678 ejusque
748 578 994 656 fratrem
1011 598 1343 655 Becelinum
1355 638 1369 664 ,
1389 613 1518 652 cum
1535 598 1861 653 Burcbardo
1886 601 1943 652 et
1955 578 2098 651 Dedi

480 708 544 749 ac
574 690 837 747 Corando
864 688 1186 760 ceterisque
1206 687 1264 750 (t‘.
1296 689 1385 749 45)
1410 686 1812 753 ineﬂ‘abilibus,
1847 701 2093 758 quorum

481 780 726 837 nomina
739 780 889 834 Deus
909 777 1054 831 sciat
1085 778 1247 848 (402).
1276 778 1579 848 lnperator
1608 779 1803 830 autem
1831 790 1962 829 cum
1996 773 2091 827 Ot-

476 872 617 924 tone
647 866 875 940 prefato
908 865 1246 937 ceeterisque
1279 865 1582 936 effugiens,
1612 864 1685 919 ad
1714 880 1878 918 mare
1916 862 2090 931 venit,

478 956 792 1029 vidensque
817 956 1036 1027 alonge
1059 955 1276 1015 navim,
1292 955 1641 1009 salandriam
1659 954 1918 1021 nomine,
1936 954 2095 1009 Calo-

479 1045 626 1102 nimi
663 1061 812 1117 equo
829 1044 992 1100 Judei
1009 1044 1083 1099 ad
1109 1061 1239 1100 eam
1272 1044 1622 1117 properavit.
1648 1043 1759 1099 Sed
1782 1060 1848 1099 ea
1872 1047 2091 1117 preter-

478 1133 622 1202 iens,
657 1133 943 1205 suscipere
967 1134 1125 1188 hunc
1162 1132 1465 1188 recusavit.
1498 1134 1597 1188 llle
1644 1136 1839 1187 autem
1888 1132 2097 1187 littoris

479 1222 733 1297 presidia
752 1225 978 1295 petens,
993 1220 1215 1277 invenit
1232 1222 1419 1277 adhuc
1440 1221 1686 1277 Judeum
1704 1224 1978 1289 stantem,
2015 1238 2098 1276 se-

481 1311 776 1386 niorisque
793 1310 987 1367 dilecti
1010 1313 1281 1366 eventum
1303 1319 1374 1353 ιδο
1386 1311 1626 1365 sollicite
1642 1313 2097 1381 exspectantem.

482 1402 742 1473 Cumque
760 1401 952 1455 hostes
975 1399 1286 1455 adventare
1311 1399 1689 1471 conspiceret,
1715 1398 1853 1471 quid
1881 1407 1951 1441 ⁴σθ
1977 1416 2099 1454 um-

483 1505 662 1561 quam
690 1489 859 1545 ﬁeret
888 1488 960 1544 de
985 1504 1044 1543 se
1078 1496 1170 1555 4M,
1204 1487 1384 1543 tristis
1430 1488 1583 1543 hunc
1612 1487 2001 1558 interrogans,
2043 1492 2100 1542 et

482 1578 699 1635 habere
727 1594 787 1634 se
814 1577 1069 1633 amicum
1100 1577 1257 1649 apud
1284 1594 1401 1644 eos,
1432 1577 1593 1649 cujus
1616 1576 1885 1631 auxilium
1902 1592 2098 1648 spera-

482 1670 593 1736 ret,
626 1666 1115 1734 animadvertens,
1152 1665 1365 1721 iterum
1398 1683 1549 1739 equo
1582 1666 1794 1721 comite
1835 1666 1894 1720 in
1934 1682 2099 1720 mare

483 1755 810 1828 prosiliens,
844 1755 919 1810 ad
947 1756 1215 1822 alteram,
1252 1772 1363 1827 que
1411 1755 1762 1827 sequebatur
1788 1764 1878 1822 ωε,
1914 1754 2101 1809 tendit

2200 594 2462 649 detinere
2513 599 2889 665 presumeret,
2917 595 3212 666 perfossus
3240 593 3425 665 gladio
3452 594 3730 668 Liupponis,

2197 683 2420 755 egregii
2446 683 2664 749 militis,
2700 686 3015 737 retrorsum
3050 682 3276 737 cecidit.
3305 682 3730 754 Fugieruntmhii

2195 773 2256 828 in
2280 774 2527 828 alteram
2558 774 2787 846 partem
2812 772 2990 836 navis,
3021 772 3205 827 nostri
3235 776 3424 827 autem
3449 772 3626 844 quibus
3649 775 3734 828 huc

2193 862 2503 917 veniebant
2537 861 2821 933 puppibus
2851 860 3173 915 incolumes
3200 877 3450 915 cesarem
3472 861 3741 934 sequeban-

2197 956 2313 1019 tur,
2343 952 2403 1023 (f.
2437 953 2528 1023 46)
2562 968 2661 1006 eos
2681 950 2889 1006 littoris
2902 950 3207 1006 securitate
3220 951 3742 1023 prestolantem,pre-

2196 1041 2429 1112 miaque
2449 1039 2972 1111 promissamagnis
2984 1037 3329 1093 muneribus
3344 1038 3744 1109 Danaisimplere

2198 1129 2531 1203 cupientem
2556 1128 2727 1202 (404).
2781 1128 2877 1183 Hii
2901 1144 3041 1183 vero
3088 1129 3339 1182 multum
3363 1128 3629 1200 perterriti
3647 1145 3747 1201 pro-

2197 1220 2685 1291 missionibusque
2712 1219 3061 1284 diffidentes,
3074 1217 3360 1282 abierunt,
3397 1217 3596 1289 patrios
3618 1235 3748 1290 repe-

2200 1312 2393 1367 tentes
2426 1310 2571 1363 fines
2599 1325 2612 1362 :
2644 1307 2856 1380 quique
2884 1307 3020 1363 dolo
3063 1323 3269 1362 omnes
3298 1322 3520 1379 semper
3544 1307 3752 1361 vicerant

2198 1398 2497 1464 naciones,
2531 1396 2704 1452 simili
2733 1413 2790 1450 se
2842 1398 2979 1450 tunc
3020 1395 3245 1451 delusos
3291 1400 3419 1451 artu
3460 1395 3752 1451 sentiebant.

2207 1487 2441 1551 Quanta
2473 1488 2669 1540 autem
2702 1484 2907 1540 lasticia
2932 1501 2967 1538 a
2990 1485 3355 1557 presentibus
3382 1487 3668 1556 posteaque
3680 1499 3754 1539 ve-

2200 1574 2496 1630 nientibus
2528 1574 2846 1647 imperator
2893 1576 3188 1646 susceptus
3230 1573 3325 1639 sit,
3359 1573 3622 1643 explicare
3664 1589 3753 1627 non

2198 1664 2381 1719 valeo.

2277 1757 2364 1810 13.
2413 1753 2528 1807 Sed
2558 1755 2621 1806 ut
2653 1752 2709 1806 in
2742 1752 3032 1818 omnibus,
3072 1753 3252 1806 lector
3278 1750 3582 1817 carissime,
3609 1754 3757 1804 certus

486 1826 861 1910 salandriam,
893 1845 952 1898 et
980 1844 1052 1899 ab
1081 1826 1345 1898 Heinrico
1379 1826 1563 1897 solum
1604 1841 1788 1897 milite
1822 1842 1962 1913 ejus,
2001 1842 2098 1914 qui
2128 1826 2181 1886 Β
2203 1840 2494 1908 efficiaris,
2532 1840 2822 1895 salandria
2866 1840 3021 1911 (405)
3057 1840 3193 1912 quid
3238 1840 3309 1894 sit
3359 1849 3449 1905 “7,
3484 1841 3562 1894 vel
3590 1850 3675 1893 c‘ur
3704 1837 3756 1890 ad

481 1932 801 1989 szlavonice
822 1933 1062 1988 Zolunta
1082 1932 1580 2004 vocatur,agnitus
1604 1931 2099 1999 intromittitur,et

484 2022 543 2078 in
576 2022 723 2078 lecto
753 2021 997 2077 senioris
1026 2022 1286 2094 ejusdem
1313 2021 1471 2077 navis
1493 2021 1731 2093 positus,
1761 2021 2001 2075 tandem
2026 2020 2097 2075 ab

484 2111 608 2184 ipso
626 2110 805 2167 etiam
818 2111 1106 2183 cognitus,
1131 2110 1176 2166 si
1193 2111 1489 2182 inperator
1513 2112 1663 2165 esset
1684 2110 2095 2182 interrogatur.

487 2199 596 2264 Qui
626 2216 759 2255 cum
778 2200 888 2254 hoc
910 2198 1008 2253 diu
1034 2198 1395 2254 dissimulare
1425 2197 1837 2263 studuissetm,
1857 2198 2098 2253 tandem

484 2290 777 2365 professus
812 2303 825 2342 :
858 2284 978 2357 Ego
1017 2301 1154 2353 sum,
1209 2286 1417 2358 inquit,
1470 2289 1563 2359 qui
1587 2288 1823 2357 peccatis
1866 2288 1994 2340 meis
2045 2284 2100 2339 id

480 2375 902 2454 promerentibus
928 2374 997 2429 ad
1030 2375 1170 2431 hanc
1186 2377 1308 2430 veni
1331 2376 1620 2431 miseriam.
1642 2374 1751 2430 Sed
1791 2374 1920 2447 quid
1954 2375 2100 2430 nobis

429 2517 443 2526 .
485 2478 557 2531 sit
586 2474 741 2530 modo
780 2474 1129 2529 communiter
1173 2472 1483 2542 faciendum
1529 2472 1814 2545 diligenter
1859 2475 2096 2544 accipite.

489 2573 737 2647 Optimos
773 2588 836 2625 ex
862 2586 976 2625 meo
1015 2586 1158 2624 nunc
1190 2568 1411 2640 perdidi
1437 2571 1595 2625 miser
1622 2572 1861 2642 imperio,
1897 2577 1947 2625 et
1966 2586 2099 2642 pro-

477 2676 603 2743 pter
637 2670 777 2724 hunc
799 2666 993 2722 doloris
1023 2666 1300 2721 stimulum
1344 2682 1511 2739 neque
1550 2674 1717 2721 terras
1753 2667 1848 2720 llas
1875 2669 2098 2735 intrare,

485 2786 580 2825 nec
608 2768 801 2823 horum
829 2767 1026 2821 amicos
1052 2765 1115 2834 (f.
1148 2764 1257 2838 45⁸)
1302 2781 1540 2838 unquam
1568 2782 1791 2837 possum
1831 2764 1915 2819 vel
1949 2766 2101 2837 cupio

482 2865 679 2921 videre.
700 2863 909 2919 Eamus
946 2868 1159 2918 tantum
1204 2860 1275 2916 ad
1313 2861 1499 2918 urbem
1534 2861 1743 2916 Rossan
1789 2861 1960 2933 (403),
2013 2862 2106 2917 ubi

485 2978 604 3021 mea
632 2961 872 3034 conjuna'
893 2959 1408 3031 mcumprestolatur
1445 2958 1753 3027 adventum,
1790 2975 2104 3032 omnemque

2198 1932 2305 1986 has
2331 1929 2663 2001 pervenerit
2688 1930 2879 1993 horas,
2910 1928 3161 1983 breviter
3192 1928 3501 1984 intimabo.
3532 1928 3656 1983 Haec
3679 1929 3759 1989 est,

2203 2023 2269 2075 ut
2294 2019 2553 2092 prefatus
2579 2034 2728 2083 sum,
2761 2018 2919 2073 navis
2941 2016 3504 2089 mirmlongitudinis
3529 2021 3584 2071 et
3600 2016 3761 2071 alacri-

2200 2108 2337 2164 tatis
2365 2116 2457 2175 ‘68,
2491 2110 2550 2161 et
2580 2110 2821 2178 utroque
2868 2108 3047 2161 latere
3075 2107 3220 2160 duos
3264 2110 3475 2160 tenens
3511 2120 3763 2160 remorum

2202 2195 2455 2265 ordines,
2489 2212 2553 2249 ac
2586 2199 2820 2249 centum
2867 2194 3289 2267 quinquaginta
3331 2197 3550 2249 nautas.
3582 2193 3765 2248 Duabus

2200 2286 2311 2340 hoc
2336 2301 2518 2340 unum
2543 2288 2679 2364 erat.
2708 2300 2925 2339 nomen
2970 2284 3232 2351 navibus,
3266 2301 3398 2356 qum
3421 2284 3577 2355 jussu
3609 2279 3766 2337 basilei

2201 2373 2541 2447 Nicaphoris
2580 2373 2905 2428 Calabriam
2949 2373 3243 2445 petierunt
3271 2372 3579 2445 colligendi
3618 2370 3769 2442 gratia

2203 2463 2403 2518 tributi
2432 2480 2446 2530 ;
2483 2479 2611 2534 quin
2644 2462 2777 2516 licet
2806 2463 3069 2517 Romano
3124 2462 3458 2534 specialiter
3485 2461 3673 2516 serviat
3699 2459 3770 2513 in-

2204 2552 2388 2624 perio,
2420 2555 2618 2606 tamen
2646 2568 2720 2605 ne
2746 2551 2999 2623 aliquam
3034 2567 3069 2605 a
3099 2551 3293 2607 Grecis
3306 2552 3568 2624 paciatur
3592 2558 3653 2592 ιω
3671 2563 3773 2603 mo-

2202 2640 2455 2708 lestiam,
2505 2639 2629 2694 auri
2683 2639 2943 2695 debitum
2984 2639 3298 2711 quotannis
3330 2638 3637 2695 voluntarie
3670 2652 3774 2709 per-

2203 2728 2377 2784 solvit
2412 2727 3087 2798 Constantinopolitanis.
3135 2730 3447 2800 Inperator
3498 2732 3676 2782 autem
3697 2726 3776 2779 bas

2202 2815 2522 2884 venientes,
2551 2817 3170 2889 inextinguibilemque
3217 2817 3290 2871 ab
3323 2816 3489 2871 omni
3517 2831 3575 2870 re
3620 2818 3776 2887 preter

2203 2909 2433 2961 acetum
2462 2906 2717 2961 ferentes
2747 2906 2966 2976 ignem,
2994 2904 3100 2960 sibi
3126 2906 3455 2976 conjunxit,
3489 2909 3545 2961 et
3569 2905 3621 2958 in
3650 2918 3778 2957 mare

2205 2994 2279 3050 ad
2308 2995 2732 3050 comburendas
2763 2996 3190 3050 Saracenorum
3224 2995 3291 3066 (f.
3332 2995 3447 3056 46’)
3477 3010 3637 3049 naves
3670 3008 3780 3047 con-

475 3061 787 3167 peeunium,
823 3074 997 3167 .quam
1033 3064 1177 3167 teneo
1231 3055 1583 3128 ineffabilem,
1623 3073 1765 3167 cum-
1791 3056 1970 3113 eadem
2013 3075 2102 3167 sii-
2131 3106 2179 3167 α
2206 3084 2405 3139 ductas
2436 3083 2663 3139 direxit.
2698 3083 2952 3148 Quarum
3001 3099 3143 3153 una,
3187 3055 3335 3138 sicut
3369 3080 3608 3154 predixi,
3640 3077 3783 3133 susci-

487 3166 707 3228 mentes,
731 3159 1004 3215 visitemus
1033 3157 1406 3227 imperatorem
1438 3163 1695 3223 vestrum,
1728 3156 1957 3226 fratrem
2003 3157 2110 3211 sci-

491 3256 609 3313 licet
651 3270 847 3321 meum,
901 3258 1121 3320 eertum,
1170 3259 1233 3306 ut
1272 3268 1443 3325 spero,
1514 3255 1646 3307 meis
1707 3253 2107 3312 necessitatibus

492 3356 744 3411 amicum.
760 3352 873 3407 His
892 3350 1152 3407 dulcibus
1172 3349 1471 3421 colloquiis
1491 3349 1752 3422 provisor
1771 3350 1928 3405 navis
1957 3351 2109 3407 dele-

495 3446 681 3499 ctatus
694 3438 1006 3504 consentit,
1021 3437 1324 3509 etperdius
1345 3454 1411 3492 ac
1428 3454 1647 3509 pernox
1671 3439 1744 3494 ad
1774 3438 2106 3495 condictum

495 3526 831 3601 pertingere
854 3525 1048 3579 locum
1066 3525 1416 3596 properavit.
1436 3524 1560 3589 Quo
1583 3540 1714 3580 cum
1745 3525 2103 3598 propiarent,

495 3614 793 3674 binomius
809 3612 904 3668 ille
922 3613 1083 3685 jussu
1108 3611 1455 3683 inperatoris
1469 3613 2109 3686 premissus,inperatri-

500 3720 628 3761 cem
640 3706 698 3759 et
718 3703 965 3776 quicum
984 3717 1051 3757 ea
1067 3704 1193 3756 erat
1211 3700 1581 3756 Thiedricum
1598 3710 1666 3744 λοι
1687 3704 1974 3774 presulem
2006 3722 2109 3760 su-

502 3792 1004 3863 pramemoratum
1023 3805 1155 3845 cum
1170 3790 1714 3863 somariisplurimis
1726 3792 1886 3865 quasi
1902 3794 2110 3865 pecuni

502 3878 801 3934 sarcinatis
822 3878 1063 3934 vocavit.
1082 3878 1244 3934 Greci
1269 3883 1465 3934 autem
1488 3879 1677 3953 primo
1714 3883 1776 3935 ut
1804 3880 2112 3954 inperatri-

503 3984 633 4025 cem
663 3984 797 4024 cum
826 3967 1007 4024 tantis
1059 3967 1131 4023 de
1181 3969 1325 4024 urbe
1385 3969 1610 4040 prefata
1659 3972 1914 4026 muneris
1962 3973 2115 4028 exire

504 4056 795 4124 viderunt,
818 4055 1133 4112 anchoram
1153 4060 1439 4129 ponentes
1452 4066 1541 4126 ωδ,
1563 4058 1929 4115 Thiedricum
1961 4061 2117 4116 anti-

507 4147 703 4203 stitem
723 4161 854 4202 cum
872 4146 1067 4220 paucis
1088 4146 1499 4203 intromittunt.
1527 4148 1639 4204 Sed
1663 4147 2002 4219 imperator,
2021 4165 2118 4205 ro-

508 4239 648 4309 gatu
672 4235 936 4309 presulis,
960 4235 1403 4309 viliadeponens
1427 4235 1768 4292 vestimenta
1789 4241 1846 4292 et
1874 4238 2120 4294 induens

2204 3190 2345 3245 pere
2385 3172 2670 3228 devictum
2701 3172 2952 3228 eundem
2975 3173 3279 3241 recusavit,
3313 3190 3419 3228 seu
3450 3174 3526 3228 ob
3549 3172 3782 3242 ignoran-

2207 3262 2352 3317 tiam
2394 3261 2503 3328 sui,
2535 3278 2635 3317 seu
2666 3262 2739 3317 ob
2773 3264 2995 3316 metum
3024 3262 3438 3335 subsequentis
3466 3256 3695 3324 inimici;
3720 3255 3783 3310 al-

2207 3353 2334 3406 tera
2363 3354 2581 3417 autem,
2617 3367 2745 3422 quas
2770 3350 3228 3405 hunc'instinctu
3262 3349 3531 3406 Heinrici
3576 3344 3782 3416 suscepit

2210 3447 2305 3507 ‘70,
2334 3439 2487 3494 velut
2524 3440 2781 3512 profatus
2814 3456 2963 3503 sum,
2991 3440 3172 3495 invita
3202 3440 3485 3495 reddidit.

2283 3530 2370 3585 14.
2405 3528 2709 3584 Paululum
2750 3528 2891 3582 mihi
2925 3544 3076 3582 nunc
3129 3529 3394 3583 devianti
3431 3544 3596 3583 mens
3621 3529 3695 3579 est
3718 3524 3785 3577 in-

2209 3620 2377 3688 cepta
2398 3619 2697 3689 perﬁcere.
2728 3618 2944 3673 Omnes
2974 3618 3155 3672 nostri
3180 3618 3504 3690 principes,
3532 3615 3786 3685 comperta

2205 3709 2329 3760 tam
2362 3706 2675 3762 miserabili
2705 3706 2885 3773 fama,
2932 3707 3285 3761 conveniunt
3338 3704 3622 3770 dolentes,
3653 3705 3702 3756 et
3742 3702 3785 3752 ut

2211 3796 2486 3865 eumsibi
2513 3795 2711 3850 liceret
2748 3796 2963 3861 videre,
3011 3812 3117 3866 per
3163 3796 3433 3868 epistolae
3482 3793 3783 3867 portitorem

2214 3884 2477 3941 unanimi
2496 3884 2909 3957 supplicatione
2930 3885 3265 3957 poscebant.
3297 3886 3566 3951 Quorum
3588 3882 3788 3955 legatio-

2217 3991 2354 4030 nem
2385 3990 2545 4029 cesar
2570 3977 2631 4028 ut
2653 3972 2886 4038 audivit,
2910 3973 3264 4029 desideranti
3293 3974 3500 4029 animo
3523 3968 3783 4028 consensit.

2216 4063 2459 4119 Ponitur
2488 4070 2555 4104 ‘71
2588 4062 2645 4117 in
2688 4063 2878 4117 Berna
2930 4062 3157 4118 civitate
3205 4067 3530 4118 conventus
3563 4062 3715 4135 (400),
3745 4058 3790 4110 et

2218 4151 2408 4206 omnis
2428 4153 2537 4206 huc
2563 4154 2915 4206 convocatur
2934 4151 3290 4224 principatus
3315 4161 3413 4220 ‘72,-
3434 4149 3727 4207 necessaria
3741 4148 3788 4199 ut

2218 4241 2310 4295 hic
2330 4242 2719 4295 tractarentur
2752 4247 2819 4281 *τε
2842 4242 3027 4296 multa
3053 4242 3168 4309 (an.
3202 4242 3363 4311 983).
3408 4241 3574 4298 Solus
3606 4248 3664 4283 4'“
3703 4237 3789 4291 dux

510 4324 775 4393 meliora,
807 4323 1021 4380 viribus
1048 4324 1162 4381 suis
1194 4328 1253 4380 et
1303 4327 1425 4380 arte
1472 4325 1711 4381 natandi
1758 4328 2025 4395 conﬁsus,
2058 4330 2188 4402 ut“
2221 4328 2656 4385 Bernhardusin
2670 4327 3312 4397 mediarevertiturvia;
3344 4346 3601 4402 namque
3621 4343 3719 4382 una
3738 4340 3787 4377 ex

511 4412 669 4469 stetit
696 4412 759 4468 in
789 4429 985 4485 prora,
1020 4429 1181 4470 mare
1208 4413 1482 4470 velociter
1508 4412 1743 4472 insiluit.
1769 4415 1953 4479 Quem
1984 4387 2117 4473 cum
2139 4387 2193 4447 D

2222 4417 2460 4473 urbibus
2493 4416 2607 4472 suis
2650 4459 2661 4473 .
2710 4458 2723 4472 .
2768 4454 2785 4471 .
2835 4457 2847 4470 .
2894 4457 2908 4471 .
2954 4459 2966 4471 .
2998 4424 3091 4487 ιη,
3121 4433 3300 4489 quam
3334 4419 3652 4489 imperator
3677 4428 3789 4469 con-

1846 4515 2075 4569 VARDE
2105 4514 2482 4570 LECTIONES

580 4614 651 4684 εδδ
676 4606 694 4661 i
718 4623 955 4684 erasum.
1032 4618 1100 4684 mf
1130 4614 1446 4684 euuentum
1490 4616 1573 4669 ta.
1654 4622 1722 4654 ισο
1754 4612 1834 4684 qd
1863 4617 1912 4669 1.
1992 4622 2057 4656 ιοί
2092 4616 2168 4669 ita
2208 4614 2305 4669 lc?
2327 4613 2502 4669 dente
2544 4616 2634 4668 la.

2720 4621 2789 4655 ιω
2820 4615 2893 4667 ita
2932 4616 3009 4667 lc.
3042 4612 3400 4685 sequabatur
3435 4618 3519 4669 la.
3596 4621 3659 4655 “'
3690 4612 3788 4685 Sin"

508 4676 932 4756 duissaeut_t.__
962 4687 1030 4756 φῇ
1061 4682 1385 4756 thredicum
1414 4688 1463 4738 1.
1540 4691 1607 4726 4“
1639 4686 1712 4738 ita
1744 4676 1820 4738 t'c.
1844 4702 2069 4756 ponens
2102 4689 2185 4740 la.
2266 4692 2334 4725 ωδ
2367 4688 2383 4738 i
2410 4701 2619 4739 erasum
2652 4688 2700 4739 1.
2767 4692 2835 4727 ιω
2865 4686 2941 4756 ita
2970 4687 3047 4737 lc.
3082 4676 3282 4756 quissit
3317 4689 3338 4739 1
3376 4704 3432 4741 α.
3470 4694 3539 4727 ισδ
3566 4681 3786 4756 aclarita-

506 4749 581 4804 tis
607 4767 745 4827 corr.
776 4749 1050 4827 claritatis
1080 4757 1127 4808 1.
1156 4763 1226 4797 ιω
1256 4754 1558 4827 paciantur
1586 4759 1669 4810 ta.
1749 4763 1818 4796 ‘70
1844 4749 1931 4811 ita
1966 4756 2050 4810 Η).
2084 4758 2410 4827 susceperat
2442 4758 2525 4810 la.
2553 4757 2817 4826 scripsisse
2845 4755 3074 4827 videtur.
3097 4749 3118 4755 ’
3154 4762 3221 4797 ιτί
3246 4755 3315 4810 lit
3343 4766 3432 4812 1a.
3512 4764 3581 4797 ιτ*
3610 4756 3661 4809 et
3688 4769 3716 4808 ο

508 4835 559 4875 c.
587 4839 644 4894 p.
677 4821 761 4879 lb.
793 4822 857 4876 in
881 4820 990 4876 loco
1020 4840 1156 4878 raso.
1235 4820 1305 4867 ⁴²¹³
1336 4828 1398 4879 ut
1424 4826 1483 4883 h.
1513 4828 1556 4881 t.
1591 4827 1675 4883 tb.
1707 4841 1735 4881 e
1768 4843 1908 4881 corr.
1987 4834 2057 4868 474
2087 4820 2351 4882 Solus—
2375 4826 2610 4881 incensa
2638 4820 2723 4880 est
2759 4826 3060 4881 T/iietmari
3081 4843 3246 4880 manu
3284 4828 3353 4884 P.
3438 4836 3508 4870 ηδ
3536 4826 3682 4880 Inter
3701 4820 3787 4876 suis

508 4897 558 4943 et
588 4908 765 4964 quam
788 4894 1021 4962 spatium
1049 4895 1253 4967 aliquot
1279 4896 1614 4964 syltabarum
1652 4897 1901 4952 relictum
1946 4898 1990 4955 l.

2052 4995 2278 5052 ΝΟΤᾹΞ.

578 5079 729 5154 (402)
756 5078 985 5154 Necrol.
1008 5080 1361 5154 Luneb.,iad
1388 5099 1423 5136 ιι
1447 5081 1509 5137 Id
1531 5081 1671 5150 Jul.,
1717 5081 1765 5138 0
1795 5082 2045 5139 Gunther
2072 5091 2122 5139 et

516 5150 634 5209 Udo
657 5149 718 5209 ρι’
732 5150 834 5207 alii
859 5149 1017 5204 multi
1053 5153 1230 5207 occisi.
1258 5152 1389 5207 ldus
1417 5154 1524 5207 Jul.
1558 5149 1779 5208 habent
1826 5155 2120 5209 Lamberti

507 5225 781 5291 Annales,
797 5220 894 5291 qui
923 5222 1194 5278 Ottonem
1216 5222 1443 5288 ducem,
1461 5224 1818 5290 Bertoldum,
1839 5224 2123 5281 Wernher

511 5293 1143 5369 abbatem‘Fuldensem
1164 5296 1223 5349 et
1236 5293 1564 5369 Heinricu_m
1580 5296 1911 5369 episcopum
1927 5297 2122 5369 Augu-

511 5313 783 5353 annatem
800 5313 829 5350 r
843 5313 1143 5350 uiuensem
1164 5313 1223 5349 et.
1236 5313 1332 5348 uel
1343 5313 1564 5349 uncum
1580 5313 1911 5420 episcopum
1927 5313 2119 5369 augu-

510 5368 762 5424 stensem
781 5365 936 5422 inter
965 5364 1181 5422 occisos
1202 5366 1581 5423 numerat.De
1658 5369 1815 5422 Itone
1833 5369 1942 5423 hoc
1963 5384 2119 5424 anno

511 5440 743 5494 mortuo
768 5454 825 5493 v.
857 5440 1009 5493 Ann.
1046 5435 1277 5492 Hildesh
1330 5441 1389 5490 et
1412 5438 1562 5491 Ann.
1595 5436 1889 5505 Einsield.,
1912 5455 1949 5493 a
1992 5440 2116 5495 982.

509 5506 815 5581 ljecrolog.
833 5508 1211 5581 Merseburg.,
1228 5505 1395 5581 _ad__rn
1412 5507 1475 5563 ld
1493 5554 1499 5561 .
1517 5508 1684 5581 _.lu_l.,_
1704 5524 1920 5581 nomen
1943 5509 2122 5566 habet

508 5575 1042 5661 Heinrici:episcOpi
1282 5577 1550 5661 .Yitam_§
1577 5577 1939 5661 .Udalricic.
1977 5580 2069 5648 28)
2102 5598 2117 5649 ;

510 5647 585 5734 id
612 5665 723 5706 xvu
897 5647 1062 5734 Aug...
1076 5647 1158 5707 ibi
1182 5649 1397 5734 legitur
1424 5665 1449 5734 ε.
1467 5650 1777 5734 Πειένιετις,
1791 5647 2120 5734 episcopisa

504 5716 797 5778 Summis
821 5734 943 5777 cum
962 5716 1083 5777 aliis
1108 5716 1291 5778 multis
1332 5722 1557 5780 occisus.
1597 5716 1847 5779 Comites
1885 5716 2119 5779 Irinirid

412 5900 853 6068 λῇ

2221 5086 2279 5138 et
2304 5082 2522 5138 Arnold
2554 5085 2767 5154 praeter
2791 5082 2931 5138 alios
2961 5076 3787 5154 memoranturiniNecrol.Ful:

2222 5154 2401 5225 densi.
2436 5146 2600 5209 Con'f.
2640 5156 2801 5225 Ann.
2858 5156 3150 5225 Augustae
3217 5154 3393 5209 Hanc
3436 5153 3590 5209 diem
3640 5146 3789 5222 pretii

2219 5224 2391 5298 fuisse
2420 5226 2599 5298 refert
2625 5224 3485 5298 Chronicsepischetensium
3570 5293 3581 5298 _
3670 5289 3681 5298 ,

2291 5295 2437 5370 (403)
2470 5297 2744 5370 Rossano,
2778 5293 3056 5370 oppidum
3107 5295 3165 5351 in
3215 5296 3484 5370 Calabria
3516 5293 3784 5370 citeriore.

2289 5360 2441 5439 (404)
2468 5360 2790 5439 Imperator
2817 5360 2973 5423 'julii
3025 5367 3079 5421 d.
3128 5371 3212 5424 13.
3265 5367 3456 5422 adhuc
3513 5364 3569 5419 in
3596 5360 3787 5418 civitate

2221 5437 2475 5495 Rossario
2507 5437 2685 5495 degit.

2290 5454 2475 5495 issano
2507 5454 2577 5493 ne
2646 5454 2685 5494 ι.

2290 5511 2438 5590 ﬁt)?
2470 5454 2817 5590 C_beﬁndria
2837 5509 2999 5564 audit
3015 5508 3167 5590 apud
3190 5505 3523 5590 Liudprand
3564 5504 3621 5570 ν,

2288 5580 2442 5651 (406)
2501 5582 2739 5637 Veronae
2792 5580 3208 5653 imperatorem
3259 5580 3583 5636 invenimus
3615 5582 3785 5629 mense

2217 5651 2369 5706 Junii
2397 5668 2450 5708 a.
2492 5653 2616 5708 983.

2248 5666 2369 5706 unn
2397 5668 2450 5709 8..
2492 5666 2616 5711 983.
