3954 6180
216 365 316 423 1245

1403 357 1825 418 CHRONICON.
1852 386 1928 402 --
1951 356 2092 428 LIB.
2142 357 2233 417 IV.

3362 364 3503 427 1240

208 488 280 543 nis
299 491 421 542 tunc
471 484 532 541 in
575 484 902 557 Merseburg
953 482 1374 540 commorantis
1422 481 1676 538 amicum
1715 482 1775 537 et
1792 480 1851 548 Α
1875 496 2079 552 regem
2113 496 2287 536 suum
2315 484 2375 538 et
2394 479 2988 552 dominumreddere,
3008 483 3208 559 nilque
3233 484 3309 544 de
3334 489 3511 547 rebus

206 575 496 642 satellitem,
518 574 589 629 ad
601 573 915 629 aecclesiam
936 576 1100 628 extra
1129 574 1333 628 urbem
1357 570 1600 643 positam
1623 570 1772 636 (442)

202 664 360 719 venire
392 680 457 717 ac
486 679 615 718 cum
640 677 707 715 eo
730 661 887 731 loqui
915 677 1023 732 per
1052 660 1475 715 internuntium
1496 659 1765 729 postulat.

198 752 280 806 Hic
294 756 341 806 ut
361 751 670 821 egreditur,
690 754 859 819 porta
876 751 1007 821 post
1025 766 1158 804 eum
1174 749 1475 813 clauditur,
1497 750 1555 801 et
1567 746 1770 801 Ricda-

193 858 297 912 gus,
323 839 575 909 ejusdem
607 837 843 891 civitatis
865 838 1219 905 custos(443)
1247 835 1549 891 etinclitus
1578 834 1766 899 miles,

190 930 323 997 juxta
344 927 600 994 fluvium,
634 925 729 996 qui
755 925 978 979 Tribisa
1024 925 1251 991 dicitur,
1295 925 1365 979 ab
1420 924 1529 978 hiis
1572 923 1767 977 dolose

188 1016 462 1071 occiditur.
498 1016 637 1071 Urbs
659 1016 854 1068 autem
888 1012 1170 1084 predicta,
1204 1012 1463 1068 Bolizlavi
1490 1028 1622 1067 mox
1635 1026 1767 1082 pre-

183 1105 311 1159 sidio
341 1104 588 1170 monita,
619 1102 867 1159 eundem
901 1103 1013 1157 cito
1049 1102 1358 1157 dominum
1396 1105 1455 1156 et
1479 1100 1767 1156 habitato-

179 1210 289 1248 rem
313 1191 579 1263 suscepit.

338 1282 385 1333 Α
434 1297 549 1351 quo
582 1276 900 1333 Wolcoldus
930 1287 1001 1321 ηε
1032 1278 1271 1334 antistes
1314 1278 1465 1349 vulgi
1495 1278 1769 1333 instinctu

173 1369 297 1424 varii
321 1368 646 1440 expellitur,
678 1370 733 1422 et
756 1368 831 1422 ad
884 1376 955 1410 ηδ
995 1367 1339 1439 Willigisum
1386 1367 1770 1422 archiantisti-

170 1463 276 1513 tem
297 1457 562 1523 veniens,
584 1456 830 1527 benigne
853 1456 925 1511 ab
947 1457 1157 1512 eodem
1178 1456 1589 1528 succipiturm.
1610 1457 1770 1511 Hunc

167 1547 311 1602 enim
340 1561 450 1618 pro
484 1545 602 1599 filio
632 1545 930 1616 episcopus
954 1546 1157 1609 nutrit,
1183 1549 1242 1600 et
1262 1563 1393 1601 cum
1421 1546 1494 1600 ad
1526 1562 1660 1600 eoas
1675 1561 1768 1599 or-

163 1636 461 1690 dinaretur
473 1632 1016 1703 regiones,secundo
1032 1633 1417 1695 Ottonim,cui
1437 1632 1768 1704 magisterio

159 1723 388 1797 prefuit,
424 1722 731 1793 diligenter
762 1721 880 1776 vice
906 1721 993 1776 sui
1019 1722 1358 1777 habendum
1389 1722 1773 1777 commenda-

1870 569 1985 624 suis
2014 572 2211 641 preter
2240 572 2591 646 Merseburg,
2620 571 3024 645 Walbiziﬂﬂ)
3067 580 3125 632 et
3152 576 3330 634 Frasu
3360 579 3507 652 (M8)

1870 658 1945 712 ad
1970 664 2547 729 supramemoratum
2579 662 2745 717 diem
2778 660 2886 716 sibi
2914 664 3179 721 detinere
3215 667 3505 738 voluisset,

1867 746 2041 818 idque
2072 750 2454 804 sacramentis
2500 748 2892 806 credibilibus
2936 754 3309 825 approbaret,
3350 758 3508 829 quod

1866 837 2004 888 tunc
2020 850 2151 889 cum
2166 836 2478 893 securitate
2502 854 2719 894 eorum
2741 855 2807 893 ex
2828 844 2992 910 parte
3006 841 3508 901 consolidatahuic

1867 921 2027 977 abire
2052 921 2279 992 liceret;
2298 923 2386 980 sin
2406 931 2628 994 autem,
2654 927 2816 998 quod
2836 930 3012 985 eundi
3024 931 3422 1005 redeundique
3434 942 3506 978 ⁸ου

1868 1011 2059 1066 nullus
2086 1011 2212 1067 vivo
2236 1018 2562 1085 patesceret
2596 1017 2788 1074 locus.
2825 1017 2974 1082 Quid
2999 1020 3204 1090 plura?
3232 1021 3507 1094 quicquid

1866 1103 2205 1172 exposcunt,
2238 1103 2496 1172 crastino
2527 1104 2885 1177 impetrant,
2918 1126 3169 1182 eumque
3199 1110 3274 1165 ad
3298 1111 3507 1168 Merse-

1866 1190 2039 1261 burg,
2073 1190 2169 1244 ubi
2210 1190 2441 1246 ductrix
2484 1193 2637 1248 Gisia
2664 1194 2821 1260 (ιω)
2875 1197 2941 1263 (f.
2984 1197 3091 1265 33’)
3120 1199 3297 1270 longo
3326 1200 3504 1256 tristis

1866 1278 2106 1333 sedebat
2135 1280 2398 1347 abcessu,
2424 1281 2507 1336 hii
2538 1281 2910 1340 discedentes
2947 1285 3030 1341 ire
3059 1287 3425 1359 permittunt.
3453 1291 3505 1345 Is

1865 1382 2003 1421 vero
2033 1383 2167 1422 cum
2193 1368 2465 1423 fidelibus
2494 1369 2612 1425 suis
2634 1370 2873 1443 singula
2896 1390 3141 1446 quaeque
3172 1375 3502 1442 discutiens,

1865 1471 2044 1526 seque
2075 1456 2148 1510 ob
2176 1456 2277 1511 Dei
2307 1456 2587 1513 timorem
2608 1460 2937 1532 patriaeque
2960 1465 3206 1518 salutem
3234 1481 3269 1520 a
3296 1480 3506 1536 propo-

1868 1543 1977 1599 sito
2004 1552 2077 1586 HO
2107 1561 2475 1599 recessurum
2521 1564 2625 1603 suo
2667 1548 2954 1604 veraciter
3000 1550 3281 1618 indicans,
3311 1556 3505 1623 grates

1868 1632 2064 1686 auxilii
2087 1632 2300 1687 suimet
2324 1650 2393 1687 ac
2418 1635 2587 1689 bona;
2619 1636 2940 1692 voluntatis
2962 1639 3282 1711 condignas
3301 1640 3499 1709 refert,

1869 1724 1928 1776 et
1952 1724 2017 1775 ut
2041 1737 2171 1775 cum
2198 1721 2297 1777 illo
2324 1721 2402 1775 ad
2428 1722 2738 1778 conditum
2765 1730 3079 1797 pergerent
3094 1727 3273 1795 diem,
3299 1745 3505 1785 omnes

159 1814 248 1867 vit.
274 1812 394 1867 Hoc
428 1826 659 1882 semper
684 1810 784 1863 iste
818 1809 876 1863 in
912 1810 1109 1865 animo
1160 1811 1368 1877 tenuit,
1407 1826 1472 1864 ac
1515 1810 1771 1867 maximo
1793 1817 1843 1875 Β
1870 1809 2164 1864 caritative
2196 1811 2472 1880 postulat.
2500 1810 2758 1866 Ventum
2775 1814 2949 1868 estad
2978 1814 3126 1870 Rara
3146 1816 3217 1871 ab
3247 1815 3498 1889 impera-

157 1902 378 1956 honore
410 1897 704 1969 cognovit,
730 1901 784 1951 et
830 1900 968 1952 tunc
1017 1897 1305 1969 adprime,
1347 1915 1480 1953 cum
1531 1898 1639 1952 sibi
1668 1899 1776 1955 fuit

155 2003 420 2053 necesse;
449 1989 510 2041 et
534 1985 594 2039 in
616 1985 947 2057 Erpesfordi
975 1994 1067 2053 ιω,
1100 2003 1213 2056 quo
1241 1986 1361 2057 ipse
1402 1986 1771 2055 desideravit,

150 2073 450 2148 procurari
480 2081 551 2115 500
581 2073 828 2127 eundem
847 2089 1156 2144 sumopere
1176 2074 1367 2144 jubet.
1404 2073 1485 2128 lbi
1514 2073 1617 2127 diu
1638 2090 1777 2129 con-

151 2166 429 2229 versatus,
479 2164 610 2233 post
658 2165 907 2216 mortem
967 2160 1205 2232 Ricdagi
1263 2160 1623 2216 marchionis
1688 2161 1776 2216 in~

148 2253 267 2308 cliti
293 2250 449 2322 (ut)
478 2249 806 2304 Ekkihardo
854 2250 1198 2305 succedente
1257 2252 1316 2304 et
1370 2250 1652 2304 Bolizlavo
1706 2250 1779 2305 ad

151 2340 388 2414 propria
400 2342 724 2404 remeante,
744 2339 941 2393 sedem
960 2338 1256 2410 propriam
1275 2337 1471 2392 revisit
1486 2338 1606 2408 (an.
1619 2323 1774 2406 1&5),

150 2433 477 2500 Posteaque
508 2426 766 2481 Bolizlavi
794 2426 1121 2482 amiciciam
1169 2426 1419 2480 ﬁrmiter
1452 2425 1776 2497 acquirens,

150 2536 282 2575 cum
313 2519 377 2573 in
392 2520 664 2589 Pragu‘oi
680 2533 879 2570 cenam
903 2516 1137 2572 Domini
1156 2516 1498 2579 celebraret,
1518 2518 1776 2586 postera-

149 2626 260 2681 que
288 2608 406 2673 die,
439 2621 572 2678 quae
602 2608 685 2659 est
713 2621 1035 2675 parasceve,
1063 2605 1124 2671 (f.
1156 2606 1244 2675 53)
1269 2620 1402 2658 cum
1428 2603 1777 2659 memoriam

153 2697 364 2752 divinae
389 2703 462 2736 ὕοι
492 2693 770 2766 passionis
786 2702 856 2735 ⁵0³
886 2693 994 2748 rite
1027 2696 1359 2766 perageret,
1391 2691 1624 2764 paralisi
1645 2709 1777 2763 per-

148 2787 338 2841 culsus
370 2785 719 2854 asportatur,
752 2785 808 2836 et
836 2782 894 2837 in
925 2783 1033 2837 hac
1083 2780 1427 2837 inﬁrmitate
1472 2797 1652 2851 usque
1702 2780 1776 2835 ad

147 2874 326 2928 ﬁnem
354 2870 530 2941 hujus
555 2869 703 2935 vitae,
734 2870 992 2941 quamvis
1022 2870 1096 2925 ad
1142 2873 1375 2939 tempus
1404 2868 1772 2935 evalesceret,

150 2960 500 3035 permansit.
537 2958 872 3013 Sedebatm
904 2962 971 3012 23
1004 2975 1210 3023 annos,
1248 2962 1314 3010 10
1344 2956 1468 3011 Kal.
1504 2956 1774 3027 Septem-

148 3050 270 3105 bris
299 3047 457 3119 (us)
491 3063 557 3102 ex
589 3045 754 3116 hujus
782 3046 968 3102 carnis
995 3046 1287 3119 ergastulo
1319 3045 1557 3099 eductus
1584 3052 1678 3098 δοδ.
1708 3045 1771 3098 In

1870 1896 2127 1960 tricibus,
2151 1897 2210 1951 in
2224 1897 2405 1971 Papia
2426 1898 2735 1954 humiliter
2763 1899 3019 1956 divinam
3044 1904 3504 1960 consolationem

1872 1986 1982 2040 huc
2012 2003 2189 2057 usque
2225 1987 2702 2057 prestolantibus,
2763 1992 2824 2043 et
2851 1990 2926 2044 ab
2967 1991 3244 2048 universis
3270 1993 3503 2065 imperii

1873 2089 1938 2128 ac
1965 2074 2134 2144 regni
2187 2074 2575 2146 principibus;
2621 2076 2930 2148 fidelisqne
2989 2079 3295 2150 promissio
3341 2080 3504 2137 ducis

1874 2162 2212 2233 completur,
2229 2163 2366 2217 data
2380 2162 2623 2230 cunctis,
2640 2163 2742 2235 qui
2755 2164 2830 2219 ad
2841 2181 3089 2237 regnum
3102 2168 3498 2239 pertinebant,

1875 2250 2063 2320 gratia
2083 2251 2168 2305 sui
2189 2250 2561 2322 abeundique
2594 2250 2854 2307 licentia.
2880 2254 3057 2310 Stella
3084 2272 3119 2310 a
3143 2257 3261 2311 Deo
3288 2257 3502 2327 prede-

1876 2337 2070 2392 stinati
2128 2338 2366 2394 rectoris
2426 2339 2623 2393 media
2666 2341 2763 2395 die
2807 2342 3176 2398 cernentibus
3214 2345 3498 2402 universis

1876 2426 2030 2481 clara
2052 2427 2273 2482 refulsit
2302 2428 2467 2495 (£50).
2498 2427 2583 2481 Fit
2635 2445 2787 2484 unus
2810 2430 3091 2487 laicorum
3119 2436 3295 2504 atque
3320 2434 3496 2490 cleri-

1875 2531 2075 2571 corum
2115 2516 2175 2571 in
2223 2515 2431 2571 Christi
2476 2515 2647 2571 laude
2677 2522 3012 2586 concentus,
3041 2535 3107 2575 ac
3136 2521 3294 2592 prius
3321 2538 3495 2593 repu-

1875 2604 2182 2674 gnantium
2212 2604 2451 2676 supplex
2477 2603 2738 2673 affectus,
2783 2608 3168 2681 convenitque
3221 2609 3279 2664 in
3308 2627 3491 2667 unum

1875 2691 2107 2747 dissona
2118 2693 2288 2747 turba
2302 2692 2647 2746 dominium.
2659 2694 2776 2749 Rex
2788 2704 2859 2738 ιιι
2873 2713 2907 2751 a
2918 2697 3128 2751 suimet
3143 2701 3328 2753 matre
3341 2698 3495 2754 avia-

1874 2796 1986 2852 que
2004 2780 2318 2852 diligenter
2330 2783 2651 2852 succeptus,
2671 2783 2943 2839 Hoiconis
2963 2785 3299 2856 magisterio
3311 2787 3491 2842 comi-

1871 2868 1944 2923 tis
1959 2870 2396 2924 conmissusest.
2423 2871 2585 2924 Inter
2610 2886 2813 2943 regem
2843 2874 2902 2927 et
2918 2871 3126 2927 ducem
3159 2890 3268 2945 pax
3289 2874 3493 2929 ﬁrma-

1872 2957 1986 3018 tur,
2047 2973 2225 3029 usque
2278 2957 2353 3012 ad
2404 2962 2910 3028 supramemorata
2960 2959 3247 3016 Bisinstidi
3296 2965 3486 3034 prata,

1872 3043 2129 3116 utrisque
2150 3062 2252 3100 sua
2268 3045 2615 3116 petentibus.
2639 3046 3127 3102 Convenientibus
3158 3052 3353 3104 autem
3374 3049 3485 3113 his,

148 3139 319 3209 hujus
348 3136 472 3191 vice
498 3134 602 3189 Eid
629 3143 699 3176 δοῑ
726 3140 935 3191 nostrae
963 3132 1434 3206 congregationis
1464 3132 1665 3198 frater,
1688 3132 1774 3187 vir
1805 3138 1853 3198 C
1873 3133 2163 3188 malorum
2207 3133 2481 3188 instinctu
2538 3132 2596 3187 in
2640 3134 2797 3188 malo
2847 3134 3250 3203 discesserunt,
3292 3136 3490 3210 sicque

143 3228 335 3298 justus
363 3228 425 3279 et
447 3240 660 3295 magne
683 3223 1085 3295 simplicitatis,
1103 3223 1408 3278 ordinatur
1427 3222 1621 3275 ortatu
1638 3220 1773 3275 Gisi-

150 3315 255 3369 leri
273 3313 633 3384 archipresul
643 3312 707 3378 is,
728 3313 797 3367 de
820 3313 981 3384 cujus
1005 3312 1206 3365 inclita
1223 3318 1293 3352 δοῦ
1326 3308 1772 3365 conversacione

150 3404 338 3459 multa
364 3403 440 3458 ad
470 3398 892 3457 ediﬁcatiOnem
942 3404 1205 3457 nostram
1241 3398 1425 3465 utilia,
1461 3413 1592 3451 cum
1622 3401 1775 3453 tem-

153 3508 259 3561 pus
284 3490 493 3555 fuerit,
526 3490 796 3556 narrabo,
824 3506 978 3545 nunc
1012 3488 1256 3559 inceptis
1286 3484 1616 3557 persistens.

221 3586 277 3635 6.
310 3579 559 3634 interim
590 3580 841 3633 fautores
868 3579 1025 3651 regis
1045 3576 1471 3631 Willehelmum
1496 3574 1772 3629 comitem

152 3678 245 3737 ‘07,
264 3667 591 3724 ducinimis
606 3666 1041 3733 familiarem,in
1061 3664 1290 3719 Wimeri
1304 3671 1375 3705 ⁵0⁸
1393 3661 1771 3732 possidentes,

146 3758 463 3829 comperto
495 3756 753 3829 ejusdem
785 3756 1055 3822 adventu,
1080 3754 1178 3809 illo
1205 3751 1507 3815 festinant,
1529 3766 1595 3804 ac
1611 3750 1777 3821 juxta

144 3846 346 3901 villam
380 3861 510 3916 quas
531 3844 666 3901 lteri
697 3845 904 3901 dicitur
937 3846 1083 3916 (446)
1114 3840 1546 3906 convenientes,
1590 3843 1778 3895 castra

142 3951 240 3989 me
250 3934 363 3989 tati
378 3934 536 3997 sunt,
547 3933 794 3988 crastino
815 3936 1019 3989 contra
1033 3948 1167 3986 eum
1199 3927 1462 3985 bellaturi
1486 3932 1601 3991 (an.
1626 3932 1774 3992 986).

140 4022 321 4086 Quod
343 4037 485 4075 cum
514 4021 717 4075 ducem
746 4021 1009 4093 protinus
1040 4037 1160 4075 non
1194 4020 1423 4083 lateret,
1475 4015 1777 4071 Gisilerum

140 4111 262 4165 huc
294 4109 468 4165 misit
494 4109 1010 4182 archiepiscopum,
1042 4108 1140 4182 qui
1170 4109 1528 4163 voluntatem
1574 4121 1778 4160 eorum

143 4198 561 4271 perquireret,
588 4214 928 4271 pacemque,
961 4199 1008 4253 si
1053 4196 1329 4271 potuisset
1385 4196 1501 4250 ulla
1529 4192 1655 4248 fieri
1686 4210 1777 4247 ra-

131 4287 349 4354 cione,
388 4286 665 4341 ﬁrmaret.
682 4286 782 4341 Hic
794 4303 925 4342 cum
940 4286 1263 4342 senioribus
1283 4281 1650 4355 congregatis
1661 4297 1776 4336 sua;

125 4373 470 4447 legationis
500 4374 748 4445 aperiret
767 4378 1077 4441 secretum,
1110 4373 1330 4429 dictum
1360 4375 1445 4427 est
1475 4372 1548 4427 ab
1574 4370 1688 4425 his:
1722 4368 1768 4425 si

1874 3221 2125 3276 multum
2148 3220 2426 3294 temporis
2455 3221 2614 3275 stetit
2639 3221 3005 3278 intervallum
3037 3231 3129 3278 ⁸η.
3165 3224 3357 3280 Oritur
3386 3242 3489 3281 au-

1871 3311 1993 3363 tem
2020 3310 2173 3366 inter
2199 3312 2352 3365 hunc
2382 3320 2442 3363 et
2470 3309 2760 3381 prefatum
2793 3312 3147 3377 Heiuricum,
3168 3313 3267 3385 qui
3288 3312 3484 3369 minor

1873 3396 2195 3463 dicebatur,
2227 3415 2445 3468 magna
2463 3398 2673 3453 sedicio
2699 3416 2828 3471 qua:
2846 3400 3184 3457 Herimanni
3208 3410 3280 3445 ιιι
3306 3401 3486 3457 comi-

1873 3484 1944 3538 tis
1956 3487 2197 3544 consilio
2215 3487 2587 3560 postmodum
2605 3488 2957 3561 ﬁnita,'regis
2967 3490 3219 3561 gratiam
3236 3491 3296 3545 in
3312 3491 3487 3545 Fran-

1872 3576 2174 3633 canafordi
2196 3586 2267 3619 διι
2292 3580 2351 3631 et
2380 3576 2652 3632 ducatum
2684 3578 2941 3634 dedicius
2968 3579 3484 3650 promer-uiuum.

1945 3667 1997 3719 7.
2034 3666 2335 3721 Celebrata
2366 3670 2453 3720 est
2494 3666 2757 3735 proxima
2793 3668 3077 3738 paschalis
3126 3668 3486 3724 sollemnitas

1872 3750 1933 3820 (ἲ.
1968 3759 2061 3820 ει)
2090 3756 2149 3810 in
2182 3754 2673 3827 Quidelingeburg
2696 3772 2731 3809 a
2758 3772 2917 3827 rege,
2960 3756 3059 3812 ubi
3108 3760 3383 3829 quattuor
3411 3765 3484 3800 m

1875 3840 2289 3898 ministrabant
2319 3842 2509 3909 duces,
2533 3841 2828 3897 Heinricus
2843 3842 2918 3897 ad
2942 3860 3231 3912 mensam,
3257 3843 3484 3900 Conrad
3516 3892 3521 3897 .

1876 3927 1951 3982 ad
1980 3945 2300 3996 cameram,
2328 3929 2483 3984 Hecil
2511 3930 2586 3985 ad
2601 3929 2918 3996 cellarium,
2939 3931 3304 3987 Bernbardus
3322 3932 3486 4004 equis

1876 4017 2113 4086 prefuit.
2144 4019 2261 4073 Huc
2289 4019 2465 4073 etiam
2497 4018 2804 4074 Bolizlavus
2851 4021 2910 4074 et
2952 4020 3152 4075 Miseco
3194 4036 3327 4075 cum
3368 4020 3486 4075 suis

1875 4108 2253 4170 conveniunt,
2284 4106 2665 4179 omnibusque
2702 4108 2812 4163 rite
2841 4108 3105 4180 peractis,
3147 4107 3485 4164 muneribus

1875 4193 2211 4267 locupletati
2235 4194 2634 4251 discesserunt.
2667 4198 2729 4251 In
2772 4195 2973 4251 diebus
3003 4195 3111 4251 illis
3154 4195 3354 4252 Miseco
3392 4212 3483 4251 se-

1875 4285 2001 4337 met
2024 4284 2212 4356 ipsum
2236 4283 2359 4354 regi
2384 4283 2563 4351 dedit,
2595 4287 2655 4339 et
2683 4300 2815 4339 cum
2860 4284 3200 4339 muneribus
3235 4282 3361 4339 aliis
3387 4300 3481 4339 ca-

1868 4373 2090 4428 melum
2120 4372 2174 4428 ei
2204 4371 2574 4444 presentavit,
2591 4376 2648 4427 et
2674 4373 2814 4429 duas
2828 4371 3229 4443 expediciones
3257 4388 3393 4428 cum
3411 4388 3480 4428 eo

1480 4467 1717 4523 VARIIE
1770 4466 2064 4524 LECTION
2071 4471 2173 4528 ES.

200 4569 286 4603 ηε
358 4561 659 4617 uolcoldus
719 4561 825 4617 lc?
939 4569 1005 4603 ιοο
1061 4564 1120 4615 et
1173 4559 1246 4615 ad
1303 4557 1425 4612 add.
1490 4557 1569 4613 lb.

115 4632 383 4687 currari
416 4636 501 4686 la.
577 4641 643 4675 εοι
673 4650 707 4704 ρ

110 4774 237 4829 sito
283 4779 396 4829 ia.
501 4783 569 4816 ⁸11
600 4775 976 4830 abzzzzsuimet
1006 4791 1073 4829 ex
1100 4776 1287 4827 matre
1313 4777 1401 4827 la.

96 4846 400 4914 primum
431 4847 452 4898 t
481 4862 705 4902 erasum.

719 4561 825 4617 lc?
939 4569 1005 4603 ιοο
1061 4564 1120 4615 et
1173 4561 1246 4615 ad
1303 4561 1425 4612 add.
1490 4561 1569 4613 lb.
1682 4563 1751 4597 ηπ
1780 4571 1924 4609 susc.
1959 4561 2037 4610 lc.
2153 4566 2223 4601 ιη
2254 4561 2453 4613 ottone
2487 4562 2569 4613 la.
2685 4567 2757 4602 m
2780 4561 3033 4614 erfordia
3056 4562 3136 4614 lc.
3246 4566 3318 4602 ιοο

713 4650 853 4703 raga
887 4633 967 4687 lb.
1001 4633 1111 4703 sive
1143 4635 1219 4703 lc.
1297 4627 1703 4703 ειη-(Ιολωίῃίοω
1732 4630 1784 4681 2.
1812 4627 1950 4703 [1.8
2026 4637 2120 4703 _503
2150 4629 2281 4703 add.
2302 4630 2408 4703 ΔΠ).
2486 4637 2556 4671 ³ο*
2604 4630 2793 4703 έιαθ1σ
2833 4629 3009 4685 Sebat
3040 4633 3122 4685 la.
3204 4638 3276 4672 ⁸0³
3307 4630 3323 4685 i

113 4712 195 4745 δοῦ
231 4720 472 4758 erasum
502 4708 575 4758 est
606 4709 652 4759 1.
674 4696 687 4704 ’
730 4696 809 4745 507
834 4704 905 4758 de
936 4701 1250 4773 Thuringia
1278 4700 1403 4754 add.
1437 4700 1511 4755 Α.
1550 4698 1612 4774 S.
1666 4705 1760 4774 Λιοε
1790 4696 2041 4774 uuimari
2073 4703 2149 4756 lc.
2177 4700 2254 4755 Α.
2286 4700 2350 4774 S.
2428 4708 2500 4743 509
2526 4701 2925 4774 reundiquegl.
3003 4704 3191 4774 91°th
3205 4704 3294 4774 Alc.

1504 4778 1574 4812 διε
1596 4769 2010 4824 interuuallum
2040 4774 2125 4826 la.
2202 4779 2273 4812 m
2305 4770 2554 4827 ierasum
2584 4775 2631 4827 1.

2685 4567 2757 4602 m
2780 4556 3033 4614 erfordia
3056 4562 3136 4614 lc.
3246 4566 3318 4602 ιοο
3347 4574 3486 4615 nro-

3392 4634 3480 4686 la.

2153 4566 2223 4601 ιη
2254 4561 2453 4613 ottone
2487 4562 2569 4613 la.

2738 4718 2848 4774 que
2876 4718 2925 4755 ι.
3003 4718 3075 4743 uo
3106 4718 3185 4755 ua
3215 4718 3294 4757 ιο.
3329 4718 3482 4827 ppo-

2738 4780 2808 4815 m
2837 4770 3218 4827 francinfordi
3255 4774 3315 4826 lc
3410 4781 3482 4816 ιιι

1709 4924 1936 4981 ΝΟΤΔΕ.

192 5030 375 5102 ξιη]
416 5033 661 5087 Ecclesia
691 5033 747 5088 S.
805 5031 1018 5087 Nicolai
1050 5031 1107 5087 in
1150 5030 1275 5086 foro
1316 5048 1465 5087 novo
1510 5024 1766 5086 suburbii
1794 5025 2073 5102 Dconite.

102 5099 448 5159 Misniénsi
473 5105 634 5173 juxta
668 5104 901 5158 fluvium
933 5105 973 5157 Τ
981 5103 1263 5158 rubische.

189 5175 389 5239 (563)
447 5169 535 5230 S'c.
596 5176 975 5245 Burggravius
1022 5173 1352 5230 Misniensis.
1409 5174 1667 5245 Fortasse
1723 5169 1769 5223 is

108 5257 325 5314 gnem
366 5246 619 5301 occisum
661 5243 780 5299 esse
805 5246 1007 5301 Octob.
1048 5251 1100 5300 U
1154 5243 1557 5314 Nccrologium
1584 5243 1771 5296 Lune-

105 5311 453 5387 burgense
477 5320 921 5372 rommcmorat.

198 5384 391 5455 (ἰιι)
420 5388 748 5458 Ricdargus,
792 5386 1047 5442 marchio
1078 5384 1411 5458 Misniensis.
1445 5385 1588 5441 obiit
1615 5402 1766 5440 anno

106 5461 259 5514 989.
302 5460 385 5512 V.
408 5462 559 5513 Ann.
595 5457 796 5523 Qum”.
828 5462 885 5513 et
914 5458 1213 5526 Necrolog.
1246 5457 1541 5526 Fuldense.

189 5533 380 5598 (λεῖα)
411 5531 572 5585 Hunc
604 5530 757 5584 diem
793 5525 1179 5584 emortualem
1208 5528 1387 5583 etiam
1412 5525 1629 5582 habent
1660 5527 1768 5582 Ne-

102 5604 288 5682 crol._
318 5601 682 5682 gerseburg.
710 5605 777 5682 et
805 5600 1127 5682 Luneburg:
1229 5670 1260 5682 Α
1425 5666 1435 5678 .

185 5673 379 5746 (διο)
412 5669 678 5733 Castrum
706 5673 884 5729 lttern
914 5671 971 5736 in
996 5669 1209 5731 finibus
1228 5669 1491 5726 Saxoniae
1512 5672 1571 5724 et
1589 5669 1767 5725 Fran—

1966 5101 2098 5169 tt'7)
2128 5100 2398 5155 Walbeck
2427 5098 2486 5154 in
2518 5100 2796 5157 comitatu
2822 5100 3244 5158 Mansfeldensi.

1963 5171 2094 5245 448)
2152 5172 2345 5239 Frosa,
2406 5172 2540 5227 urbs
2591 5172 2665 5227 ad
2718 5173 2905 5245 ripam
2956 5172 3112 5227 Albis
3160 5172 3268 5226 sita
3325 5171 3473 5224 ultra

1869 5240 2360 5314 Magdeburgum.
2412 5312 2423 5314 _
2510 5313 2517 5314 ί
2768 5240 2791 5314 ί
3088 5284 3137 5314 μ.

1939 5307 2085 5382 (ΠΩ)
2119 5307 2365 5368 Ηθῖητὶεἱ
2394 5312 2551 5368 ducis
2599 5311 2847 5369 Bavariaa
2887 5328 3046 5378 uxor,
3073 5309 3196 5382 filia
3221 5307 3470 5382 Conradi

1869 5379 2020 5451 regis
2049 5379 2415 5457 Burgundiae,
2468 5384 2567 5457 qui
2612 5388 2737 5440 erat
2782 5384 2960 5439 frater
3004 5379 3472 5438 Adelheidzeim—

1868 5454 2185 5527 peratricis'
2226 5455 2354 5511 Uns.

1941 5524 2089 5598 (ιδο)
2120 5526 2289 5582 Stella
2314 5556 2384 5569 -—
2409 5526 2621 5598 refulsit
2636 5544 2703 5582 ex
2731 5527 2881 5598 Ann.
2908 5522 3240 5598 Quedlinb.,
3261 5542 3313 5581 a.
3343 5525 3466 5583 οει.

1941 5595 2084 5670 (tot)
2115 5598 2396 5655 Ducatum
2423 5595 2637 5655 scilicet
2666 5595 2914 5653 Bavariae
2939 5595 3176 5670 recepit.
