3960 6182
511 427 639 481 {'25l

1460 421 1831 478 THlETMARl
1877 420 2487 479 MERSEBURGENSIS
2534 419 2848 480 EPISCOPI

3618 433 3725 486 l‘l‘é?

506 544 788 600 visitando
821 544 1168 611 consolatur,
1202 560 1267 598 ac
1298 543 1418 598 vice
1449 545 1649 598 matris
1681 561 1875 598 secum
1904 543 2107 598 tandiu
2130 548 2183 605 Α
2209 543 2304 614 qui
2324 559 2533 614 papam
2557 543 2929 598 Benedictum
2944 545 3170 599 exulem
3195 561 3228 598 a
3250 545 3422 615 patria
3437 546 3727 617 suimet,quze

507 633 709 687 habuit
733 632 924 703 quoad
971 631 1090 704 ipse
1131 636 1536 702 protervorum
1568 632 1804 687 consilio
1834 633 2108 703 iuvenum

507 722 850 792 depravatus
879 720 1100 774 tristem
1135 721 1290 775 illam
1321 721 1554 776 dimisit.

579 812 663 863 11.
697 808 834 863 Huic
864 810 1010 863 bene
1042 812 1178 864 nata
1201 810 1294 879 (cf.
1334 810 1450 864 Hoa
1507 827 1578 876 IV,
1599 812 1654 875 4,
1680 810 1770 881 36)
1803 809 2108 864 virtutibus

504 897 734 951 ornanti
763 902 927 968 pater
948 913 1111 951 meus
1131 913 1325 952 comes
1341 897 1644 968 Sigifridus
1668 897 1825 952 domi
1857 898 2108 952 miliciaa-

503 1001 615 1057 que
642 985 887 1040 fideliter
935 986 1184 1052 servivit,
1225 989 1284 1040 et
1329 987 1387 1040 in
1421 986 1792 1058 expedicione
1827 986 1898 1040 ad
1932 987 2105 1040 Bran-

503 1074 789 1146 danburg,
820 1092 935 1146 qua
991 1075 1192 1129 ultime
1248 1075 1532 1142 militavit,
1566 1075 1638 1129 ab
1671 1091 1818 1146 equo
1871 1075 2104 1141 cadens,

501 1162 688 1217 valido
713 1162 968 1234 corporis
989 1163 1186 1217 dolore
1209 1163 1439 1234 fatigari
1469 1163 1638 1234 cepit.
1673 1163 2109 1232 Sensitinsuper

504 1254 767 1305 octavum
801 1251 904 1304 sibi
935 1251 1133 1305 adesse
1161 1266 1402 1315 annum,
1422 1250 1499 1304 sic
1516 1251 1566 1304 ei
1596 1251 1652 1304 in
1687 1251 1904 1305 somnis
1930 1251 2110 1320 presi-

503 1339 1079 1410 gnatum.Dormiens
1094 1355 1345 1410 namque
1363 1340 1421 1392 in
1442 1339 1680 1393 Colonia
1701 1337 1789 1392 his
1809 1340 2111 1392 suscitatur

503 1428 692 1482 denuo
739 1427 925 1481 verbis
957 1445 973 1479 :
1018 1426 1306 1497 Sigi/ridc,
1336 1427 1522 1497 vigila.
1557 1435 1608 1482 et
1652 1427 1718 1480 ab
1763 1430 1858 1480 isto
1884 1427 1968 1480 die
1988 1434 2110 1496 post

501 1524 616 1570 octo
645 1531 906 1570 annorum
933 1515 1199 1571 curriCuIa
1248 1518 1418 1569 vitam
1453 1523 1500 1569 te
1546 1516 1682 1568 hanc
1711 1514 1868 1587 ﬁnire
1892 1534 2110 1586 presen-

505 1611 606 1658 tem
629 1621 730 1675 pro
756 1609 892 1659 certo
913 1607 1064 1657 scias.
1107 1604 1262 1657 Hunc
1291 1603 1624 1672 prefinitum
1660 1604 1812 1657 diem
1848 1604 2108 1674 vigilanti

502 1709 735 1764 semper
755 1693 950 1746 animo
984 1692 1250 1762 previdit,
1281 1709 1345 1745 ac
1376 1692 1811 1763 quibuscumque
1835 1693 2109 1746 virtutum

499 1779 777 1834 fructibus
807 1780 1000 1847 valuit,
1035 1795 1423 1851 preoccupare
1470 1797 1586 1834 non
1623 1780 1862 1835 desistit.
1891 1782 1975 1834 Me
2007 1798 2111 1834 au-

2207 632 2314 686 sita
2330 631 2491 685 estin
2523 631 2774 685 confinio
2799 632 3027 702 Alpium
3059 636 3116 687 et
3142 634 3464 698 Suevorum,
3485 634 3577 686 huc
3607 651 3732 688 secu-

2208 723 2318 780 tus,
2333 736 2472 789 erga
2488 721 2672 772 Deum
2689 723 2745 773 et
2766 736 2965 791 regem
2997 721 3069 774 ad
3093 722 3244 774 hunc
3261 723 3521 774 honorem
3548 737 3732 792 prome-

2206 808 2321 861 ruit
2349 807 2565 861 venire.
2599 806 2778 862 Sclavi
2811 809 3021 862 iterum
3047 810 3284 880 appetiti
3316 809 3603 862 subdantur
3624 811 3735 879 regi,

2206 895 2493 950 renovatis
2515 896 2680 965 juxta
2709 896 2900 949 Albim
2934 898 3198 962 castellis,
3233 902 3287 950 et
3341 899 3394 950 in
3425 896 3592 950 hieme
3626 914 3738 968 aqua

2208 985 2497 1038 inundans
2539 988 2596 1037 et
2649 988 2850 1038 ventus
2883 985 3088 1055 ingens
3127 986 3371 1039 multum
3420 985 3590 1038 nocuit
3613 984 3739 1052 (U3).

2209 1073 2390 1126 xEstas
2417 1073 2595 1126 nimia
2615 1073 2894 1143 frugibus,
2913 1078 2969 1127 et
2990 1091 3118 1126 seva
3142 1073 3452 1127 mortalitas
3470 1072 3738 1126 hominibus

2210 1162 2382 1216 nimis
2401 1163 2598 1216 nocuit
2616 1161 2785 1234 (875‘.
2803 1165 2968 1215 Anno
2985 1162 3298 1216 Dominiczp.
3329 1163 3380 1230 gf.
3401 1163 3502 1231 598')
3519 1162 3731 1215 lncarna-

2211 1250 2380 1303 tionis
2428 1255 2524 1305 991
2569 1259 2658 1300 561.
2695 1251 3071 1316 Hilliwardus,
3100 1255 3311 1304 sanctas
3345 1249 3744 1303 Halverstidensis

2209 1339 2475 1392 mcclesiw
2505 1338 2844 1392 venerabilis
2871 1339 3128 1405 antistes,
3152 1339 3251 1409 qui
3287 1355 3376 1391 me
3407 1337 3673 1408 baptizavit
3696 1346 3745 1377 διε

2211 1430 2381 1497 atque
2395 1427 2762 1481 confirmavit
2782 1431 2898 1498 (an.
2923 1431 3064 1492 992),
3086 1428 3369 1497 templum
3394 1427 3745 1496 Domini,quod

2210 1514 2330 1584 ipse
2347 1533 2380 1568 a
2407 1515 2790 1570 fundamento
2814 1516 3082 1570 edificans
3109 1519 3248 1569 tunc
3267 1516 3339 1568 ad
3363 1530 3592 1585 unguem
3615 1530 3748 1584 usque

2209 1602 2493 1673 perduxit,
2535 1607 2593 1655 I2
2647 1604 2933 1657 Kalendas
2965 1604 3303 1657 Novembris
3335 1602 3596 1656 dedicavit
3619 1604 3748 1670 (475).

2209 1691 2405 1744 Adfuit
2436 1692 2662 1745 ibitunc
2676 1709 2772 1745 rex
2787 1709 2916 1746 cum
2946 1693 3294 1763 inperatrice
3312 1691 3589 1762 Ethelgida
3603 1689 3752 1744 etavia

2211 1795 2352 1850 ejus,
2412 1780 2698 1834 abbatissa
2739 1781 3042 1846 Mahtildis,
3076 1785 3133 1834 et
3187 1779 3610 1834 archiantistites
3652 1779 3747 1831 hii:

500 1872 621 1923 tem
642 1867 1537 1939 (A7l),inQuidilingeburgapud
1556 1886 1718 1922 suam
1734 1873 2108 1923 materteram
2139 1853 2189 1911 Β
2212 1867 2533 1938 Willigisus,
2564 1869 2831 1922 Gisilerus
2859 1872 2917 1922 et
2960 1869 3229 1936 Liewizo,
3262 1885 3389 1922 cum
3426 1869 3532 1921 suis
3581 1866 3751 1919 confra-

501 1957 740 2012 nomine
758 1957 1106 2023 Emnildam,
1135 1973 1262 2027 quae
1287 1957 1514 2026 paralisi
1541 1959 1715 2026 longo
1745 1961 2007 2028 tempore
2028 1958 2107 2010 la-

499 2045 743 2112 boravit,
762 2046 950 2116 primo
973 2045 1176 2099 litteris
1197 2045 1345 2100 bene
1364 2046 1550 2100 adhuc
1577 2046 2106 2106 instructum,sum-

499 2134 682 2206 psitet
701 2134 951 2205 Ricdago
983 2134 1174 2188 abbati
1197 2134 1446 2188 secundo
1463 2143 1532 2175 55°
1555 2133 1621 2188 de
1633 2139 1830 2188 sancto
1848 2135 2109 2187 Iohanne

497 2221 559 2276 in
589 2223 981 2293 Magadaburg
1027 2222 1477 2278 commendavit.
1514 2223 1596 2277 lbi
1627 2226 1741 2276 tres
1790 2239 1972 2276 annos
2002 2238 2110 2292 ego

497 2313 884 2376 conversatus,
921 2310 976 2364 in
1009 2310 1273 2364 omnium
1307 2309 1613 2364 festivitate
1670 2314 2003 2364 sanctorum
2035 2309 2108 2364 ad

498 2402 762 2454 sanctum
790 2399 1142 2465 Mauricium,
1174 2399 1306 2469 quia
1335 2399 1407 2451 ad
1441 2400 1623 2453 altare
1651 2399 1708 2463 (f.
1739 2399 1853 2465 57’)
1873 2399 1980 2452 hoc
2011 2415 2106 2451 me

391 2552 407 2564 .
501 2487 640 2541 dare
663 2503 780 2540 non
795 2485 1393 2556 potuit,fraternitatis
1405 2486 1692 2540 consortio
1707 2487 1778 2540 ab
1799 2487 2110 2557 eojunctus

499 2591 650 2642 sum,
670 2573 1050 2644 proximaque
1076 2573 1256 2627 sancti
1287 2573 1531 2628 Andreas
1552 2575 1726 2628 natali
1749 2591 2029 2644 magnum
2055 2578 2112 2628 et

497 2662 663 2718 valde
695 2662 912 2716 cunctis
942 2661 1290 2732 acceptabile
1319 2662 1643 2716 convivium
1667 2662 1809 2717 duos
1832 2663 1952 2716 dies
1978 2679 2110 2734 per-

500 2755 692 2807 actum
709 2750 957 2806 est.lnde
971 2766 1229 2820 egressus
1241 2753 1298 2805 et
1310 2750 1655 2805 imminente
1671 2750 2112 2823 quadragesima

498 2840 560 2896 in
591 2841 816 2895 civitate
868 2838 1147 2894 Wallibizi
1205 2838 1357 2894 dicta
1408 2839 1755 2906 infirmatus,
1794 2839 1875 2898 Id.
1917 2839 2108 2894 Marcii

501 2929 770 2985 defensor
785 2929 985 2999 patriae
1015 2944 1081 2982 ac
1102 2929 1279 2982 homo
1309 2944 1497 2995 verus,
1528 2928 1823 3000 utriusque
1848 2928 2107 2982 debitum

498 3017 771 3091 persolvit
799 3019 1040 3071 natura).
1059 3016 1241 3080 Quem
1271 3019 1458 3070 mater
1477 3033 1596 3084 sua,
1621 3017 1963 3071 venerabilis
1982 3033 2109 3071 om-

502 3108 560 3162 ni
590 3105 876 3179 probitate
905 3105 1209 3194 Mabtildis,
1241 3106 1504 3194 celeriter
1531 3105 1686 3159 hunc
1713 3109 2104 3174 prosecutura,
2131 3135 2178 3194 Ο

502 3211 633 3250 cum
647 3195 772 3266 conj
784 3192 1239 3266 ugeCunigunda
1252 3193 1712 3264 deﬂet.Namque
1727 3197 1889 3247 tanto
1907 3194 2110 3248 orbata

504 3285 730 3355 solatio,
751 3299 883 3336 cum
916 3282 1205 3336 immenso
1236 3297 1463 3336 merore
1485 3281 1638 3335 diem
1670 3282 1984 3351 expectavit
2014 3299 2110 3336 ex-

501 3377 782 3438 tremum,
806 3388 871 3425 ac
896 3371 954 3424 in
975 3370 1181 3424 eodem
1211 3385 1364 3423 anno
1385 3369 1561 3423 tercia
1579 3369 1765 3423 Nonas
1777 3370 2110 3424 Decembris

501 3461 749 3515 fideliter
777 3458 1048 3529 migravit
1076 3458 1149 3510 ad
1181 3457 1494 3510 Christum.
1533 3459 1635 3510 996
1666 3457 1981 3511 Dominicaa
2014 3461 2108 3512 ln-

500 3547 857 3603 carnacionis
885 3561 1037 3600 anno
1062 3553 1131 3586 553
1162 3549 1399 3617 patruus
1430 3549 1624 3599 autem
1659 3561 1838 3612 meus,
1869 3546 2107 3600 nomine

501 3635 846 3702 Liutbarius,
879 3634 969 3689 cui
1015 3633 1292 3705 equalitcr
1318 3633 1616 3688 nobiscum
1648 3633 1770 3688 haec
1817 3634 2108 3690 hereditas

501 3725 765 3797 c'ontigit,
797 3723 970 3780 matri
1002 3739 1150 3777 mea;
1181 3722 1484 3795 antiquum
1532 3739 1817 3777 renovans
1844 3724 2106 3778 dolorem

499 3815 582 3890 (cf
621 3799 802 3876 VIRG:,
825 3811 977 3868 (En.
998 3827 1058 3879 ιι,
1084 3810 1139 3882 3)
1169 3812 1351 3865 multa
1379 3811 1574 3866 intulit
1605 3813 1778 3880 mala,
1811 3815 1868 3866 et
1899 3829 2102 3883 quam-

498 3905 580 3959 vis
604 3905 727 3958 haec
752 3901 920 3956 firme
950 3908 1020 3942 ⁸⁵³
1051 3900 1261 3955 suimet
1286 3899 1417 3955 fidei
1452 3908 1521 3942 ⁸⁵⁸1
1555 3917 1588 3954 a
1618 3904 1804 3955 matre
1847 3918 1949 3956 sua
1999 3901 2103 3956 sibi

496 3992 672 4048 fuerit
702 3990 1026 4058 commissa,
1059 3993 1256 4044 tamen
1302 3989 1575 4045 omnibus
1629 3989 1888 4060 ejusdem
1936 3990 2103 4044 bonis

497 4098 628 4138 eam
655 4080 881 4152 privare
912 4078 1231 4134 contendit.
1250 4077 1397 4141 Quid
1425 4077 1619 4132 multis
1645 4078 1885 4132 moror?
1911 4079 2103 4150 lmpe-

497 4169 709 4226 ratoris
729 4167 937 4223 auxilio
966 4170 1171 4221 cuncta
1202 4175 1272 4208 ⁸³³
1304 4166 1356 4220 ei
1386 4167 1765 4221 restituuntur
1794 4174 1885 4222 55°.

575 4266 659 4315 19.
691 4259 925 4313 Interea
955 4263 1025 4297 ιθο
1056 4255 1429 4326 Atheldagus,
1462 4254 1927 4328 archiepiscopus
1965 4257 2102 4312 Bre-

497 4347 736 4416 mensis,
769 4345 910 4402 obiit
942 4345 1090 4418 (£72)
1119 4343 1213 4404 [an
1256 4345 1403 4415 988].
1437 4347 1495 4398 et
1545 4343 1778 4400 Limviso
1811 4346 2118 4410 successit.

2212 1956 2394 2009 tribus
2421 1961 2478 2008 l6
2510 1959 2654 2026 (476)
2696 1957 2988 2010 Festivitas
3013 1961 3208 2010 autem
3234 1960 3359 2010 erat
3379 1956 3572 2010 eadem
3597 1955 3754 2008 Christi

2210 2045 2554 2098 confessoris
2573 2045 2732 2109 Galli,
2758 2045 2815 2097 in
2837 2045 2996 2114 cujus
3016 2046 3372 2099 monasterio
3393 2043 3650 2116 predictus
3668 2058 3755 2111 pre-

2213 2131 2294 2184 sul
2318 2132 2552 2186 edoctus
2573 2136 2676 2198 est,
2710 2137 2767 2186 et
2793 2133 2922 2187 ideo
2954 2149 3186 2205 semper
3214 2132 3433 2187 studuit
3456 2135 3509 2187 in
3538 2133 3626 2184 hac
3652 2131 3755 2183 cele-

2209 2219 2417 2273 britate
2449 2237 2615 2274 suum
2660 2221 2934 2291 perﬁcere
2965 2221 3340 2288 desiderium,
3373 2225 3430 2273 et
3458 2226 3582 2274 tunc
3615 2220 3759 2272 inerat

2212 2311 2276 2361 24
2293 2312 2380 2361 tus
2399 2308 2781 2363 ordinationis
2795 2327 2909 2363 sure
2931 2327 3136 2363 annus.
3155 2310 3318 2363 Hunc
3335 2307 3606 2379 adjuvitin
3621 2306 3762 2360 omni-

2212 2395 2315 2449 bus
2329 2396 2512 2450 fidelis
2532 2397 2743 2451 suimet
2755 2400 3010 2470 capellan
3022 2416 3083 2452 us
3099 2399 3287 2465 Hildo,
3306 2402 3361 2452 et
3378 2396 3760 2468 prudentissime

2211 2487 2416 2538 cuncta
2434 2484 2730 2556 diSposuit.
2754 2485 2966 2540 Omnes
2989 2485 3253 2540 Saxonim
3278 2487 3548 2557 primates
3572 2482 3653 2537 hic
3665 2487 3764 2536 tunc

2211 2573 2619 2627 convenientes
2677 2574 2971 2628 caritative
3030 2575 3448 2646 succipiuntur.
3495 2574 3763 2642 Numquam

2210 2659 2404 2714 fuitm
2431 2665 2565 2715 ante
2586 2679 2690 2716 nec
2731 2667 2878 2733 post,
2902 2665 2963 2716 ut
2985 2679 3214 2717 veraces
3240 2664 3554 2729 affirmant,
3583 2660 3634 2714 in
3661 2657 3766 2714 divi-

2213 2748 2300 2802 nis
2320 2751 2580 2804 laudibus
2601 2751 2732 2805 etin
2750 2750 2997 2822 negotiis
3018 2751 3373 2804 secularibus
3389 2749 3576 2804 omnia
3590 2745 3764 2819 plenius

2211 2840 2540 2910 cunctisque
2562 2840 2847 2910 acceptius
2871 2843 3103 2911 peracta
3141 2841 3201 2892 lu
3223 2839 3486 2910 sequenti
3508 2852 3644 2892 anno
3659 2834 3769 2898 (993‘,

2210 2926 2268 2980 in
2295 2927 2431 2998 galli
2466 2932 2637 2982 cantu
2671 2929 2860 2999 primo
2897 2929 2991 2982 lux
3018 2933 3080 2982 ut
3111 2928 3232 2981 dies
3264 2946 3331 2980 ex
3365 2927 3618 2998 aquilone
3645 2922 3768 2977 ell'ul-

2209 3015 2300 3082 sit,
2335 3019 2391 3069 et
2422 3032 2597 3069 unam
2624 3016 2700 3070 sic
2729 3032 2972 3070 manens
2990 3016 3222 3076 horam,
3246 3015 3498 3086 undique
3519 3013 3628 3068 celo
3656 3012 3765 3064 inte-

2209 3104 2322 3156 rim
2352 3104 2615 3170 rubente,
2649 3104 2879 3158 evanuit
2905 3109 3067 3172 (577).
3091 3105 3270 3158 Fuere
3301 3103 3560 3158 nonnulli
3588 3100 3670 3172 qui
3709 3097 3770 3150 di-

2210 3197 2408 3246 cerent
2435 3193 2640 3248 eodem
2669 3210 2822 3246 anno
2872 3193 3078 3248 vidisse
3119 3202 3188 3234 56‘
3239 3198 3359 3247 tres
3399 3182 3540 3247 soles
3564 3193 3615 3245 et
3641 3190 3767 3243 lunas

2209 3285 2326 3335 tres
2355 3298 2419 3336 ac
2447 3283 2638 3336 stellas
2677 3283 2921 3336 invicem
2954 3300 3262 3354 pugnasse.
3302 3285 3369 3336 Et
3403 3287 3526 3353 post
3551 3282 3656 3334 haec
3680 3278 3766 3338 (an.

2212 3374 2333 3440 991)
2391 3371 2672 3425 Ekbertus
2726 3372 3086 3426 Treverensis
3139 3371 3622 3442 archiepiscopus,
3648 3367 3770 3436 cujus

2213 3475 2504 3514 successor
2528 3459 2848 3514 Liutdulfus
2877 3459 2982 3514 fuit
3014 3459 3179 3526 (478),
3215 3465 3273 3515 et
3299 3460 3464 3515 Dodo
3491 3456 3766 3527 Mirmigen-

2211 3548 2423 3615 densis,
2465 3553 2595 3619 post
2627 3565 2800 3618 quem
2831 3548 3135 3618 Suitgerus
3183 3549 3487 3603 ordinatus
3527 3551 3604 3600 est
3639 3545 3768 3614 (579}.

2211 3637 2361 3709 ΕΡρο
2384 3655 2612 3710 quoque
2652 3638 3450 3705 Ferdensis,cuiBerubarius
3473 3639 3532 3708 (f.
3562 3636 3653 3703 ὅδ’)
3670 3638 3770 3686 tunc

2207 3725 2282 3780 ibi
2320 3727 2643 3798 prepositus
2659 3727 3001 3798 subponitur
3022 3727 3194 3798 (£80),
3217 3727 3438 3781 obiere.
3460 3727 3763 3791 Famesquo-

2205 3829 2317 3886 que
2350 3815 2543 3869 valida
2575 3819 2798 3870 nostras
2826 3817 3107 3888 Oppressit
3138 3824 3208 3856 563
3241 3816 3514 3885 regiones
3540 3815 3694 3884 (880-
3722 3809 3763 3860 ιη

2203 3903 2380 3958 tercio
2413 3912 2482 3946 εδδ
2513 3905 2784 3976 prodicta:
2807 3904 3181 3960 dedicationis
3211 3922 3368 3958 anno
3405 3899 3650 3958 avunculi
3679 3895 3762 3950 mei

2203 4009 2236 4048 a
2266 3993 2466 4063 piratis
2496 3995 2645 4065 capti
2677 3998 2809 4048 sunt
2838 3994 2987 4066 (L82)
3022 3995 3128 4065 [an.
3163 3994 3312 4065 995],
3348 3997 3410 4047 ut
3438 3994 3497 4046 in
3528 3983 3766 4061 sequenti-

2202 4081 2306 4135 bus
2338 4085 2515 4154 patet.
2550 4085 2611 4136 In
2671 4088 2878 4154 quarto
2911 4083 3246 4155 pestilencia
3301 4091 3374 4123 δεῖ
3409 4097 3539 4135 cum
3571 4080 3700 4133 fame
3725 4075 3767 4123 οι

2201 4169 2352 4224 bello
2387 4171 2762 4226 orientalibus
2790 4172 3026 4244 ingruit,
3049 4176 3106 4227 et
3128 4189 3228 4226 rex
3249 4170 3566 4243 Apodritos
3593 4163 3711 4239 petit
3727 4165 3768 4213 et

2200 4257 2418 4312 Wiltios
2451 4260 2687 4313 vastavit
2714 4260 2884 4333 (483).

2277 4351 2362 4400 13.
2398 4348 2530 4401 Post
2560 4349 2682 4402 hac
2713 4366 2811 4404 rex
2841 4349 2901 4404 in
2930 4349 3324 4422 Magadaburg
3347 4367 3480 4405 cum
3512 4344 3616 4403 suis
3642 4338 3765 4414 prin-

1819 4467 2048 4522 VARIE
2094 4467 2287 4524 LECTl
2295 4469 2383 4524 ON
2390 4466 2493 4523 ES.

569 4600 640 4634 ne
670 4593 774 4647 996
826 4621 868 4630 —
899 4606 1052 4644 anno
1083 4587 1209 4648 add.
1249 4589 1330 4644 ib.
1429 4595 1498 4630 ⁵⁵7
1527 4589 1603 4641 ita
1640 4591 1717 4643 lc.
1752 4605 1779 4642 ε
1806 4604 1945 4643 corr.

2052 4597 2122 4631 sxa
2152 4606 2260 4644 cuu
2291 4595 2349 4645 ta
2384 4593 2433 4646 1,
2511 4599 2582 4634 559
2609 4598 2687 4647 ita
2729 4595 2806 4645 lc.
2853 4590 3198 4644 resistuntur
3228 4593 3314 4646 la.

495 4664 729 4736 Alpium
748 4661 944 4736 in_l_o_cq
973 4677 1097 4716 raso
1134 4665 1210 4736 1.Δ
1257 4668 1325 4736 ⁸1³1
1354 4659 1485 4716 Post
1512 4658 1561 4712 Ι.
1584 4659 2054 4736 [ονιαεςςανὶἰᾳυὰί
2081 4660 2246 4736 litera
2271 4678 2499 4718 erasum.
2529 4663 2674 4719 Puto
2703 4661 2755 4728 Ι,
2779 4669 2839 4715 ut
2867 4664 3135 4736 annus‘sit
3163 4664 3290 4736 992,

3423 4597 3493 4631 δεο
3522 4589 3766 4661 interea-.—

3340 4677 3432 4732 φη
3479 4673 3699 4732 numerus
3726 4670 3763 4703 ιη

494 4726 650 4793 Αφὶη.
684 4733 1157 4802 Quedlinburgens.
1189 4731 1403 4800 legitur.
1481 4739 1551 4772 ⁸6³
1584 4726 1844 4801 bapzavit
1868 4726 1946 4785 1.“
1996 4740 2066 4774 ⁵⁸³
2096 4732 2332 4788 fuerunt
2355 4737 2435 4792 1ο.
2511 4743 2582 4777 5“
2621 4750 2680 4789 se
2715 4726 2801 4790 la.
2832 4732 2976 4788 vidis
3000 4732 3146 4790 addi.
3185 4726 3282 4800 lb}
3324 4726 3554 4802 fortasse
3599 4726 3762 4784 vidisse

491 4822 550 4866 δε
583 4807 766 4864 voluit.
843 4813 912 4846 ⁵⁸⁵
943 4803 1225 4878 oppressit
1258 4807 1306 4858 l.
1387 4810 1460 4844 δσο
1486 4802 1660 4858 tertia
1701 4806 1748 4858 1.
1826 4810 1896 4844 ⁸³7
1924 4803 2107 4875 ρθεῐίιι

2210 4809 2304 4860 il.

2055 4921 2278 4979 NOTAE.

566 5018 706 5084 (471)
740 5017 824 5072 Cf.
855 5015 1146 5089 praefatio,
1180 5033 1236 5089 p.
1272 5015 1402 5089 724.

562 5091 717 5160 (472)
745 5087 1009 5143 1119οὺἱὶῑ
1041 5087 1354 5160 911ηρ988.

566 5155 706 5228 (473ῇ
739 5160 814 5214 Ex
848 5161 1002 5213 Ann.
1040 5157 1378 5225 Quodlinb.,
1414 5173 1467 5212 a.
1501 5155 1633 5212 987.

570 5232 713 5302 (171)
745 5230 958 5297 lndid.,
988 5247 1039 5284 a.
1066 5231 1189 5284 988.

567 5295 712 5367 (475)
743 5304 826 5357 lta
880 5295 1030 5356 male
1063 5317 1166 5372 pro
1199 5315 1329 5372 xvn.
1365 5298 1486 5352 Kal.
1520 5295 1825 5372 Novembr.
1870 5299 2019 5372 scrip
2035 5300 2107 5356 sit

488 5375 873 5438 Thtetmarus,
931 5367 1168 5427 fortasse
1215 5370 1349 5440 quia
1385 5367 2001 5440 nonﬁanimadvertiti
2043 5372 2104 5426 in

489 5449 638 5519 Ann.
661 5442 966 5519 Quedlinb.
989 5443 1064 5519 ad
1097 5459 1149 5519 a_,
1180 5439 1391 5519 997,_ex
1424 5439 1630 5519 quibus
1659 5439 1779 5492 hanc
1811 5440 1881 5519 de
1907 5444 2102 5519 eccle-

488 5516 614 5571 ssiw
673 5513 1162 5568 Halberstadensis
1215 5510 1576 5584 dedicatione
1610 5512 1881 5584 sumpsit,
1915 5515 2104 5584 plane

487 5587 601 5643 alia
631 5585 898 5666 quaedam
925 5584 994 5639 de
1021 5597 1396 5655 pramomeuo
1428 5597 1502 5634 χιι
1524 5581 1647 5636 Kal.
1674 5580 1999 5641 Novemb.v
2018 5585 2100 5640 iso

487 5673 996 5801 ωξῗῗέἶοιιοτιιω
1015 5723 1258 5783 nomina
1282 5722 1411 5781 vide
1439 5723 1501 5782 in
1518 5722 1970 5791 Anu.Quedlinb
2000 5767 2016 5786 .
2044 5729 2106 5784 et

2127 5015 2180 5074 D
2204 5013 2418 5070 Chron.
2445 5013 2631 5079 Halb,
2666 5033 2717 5069 a.
2752 5017 2875 5069 994.

2281 5087 2423 5152 (577)
2457 5086 2531 5140 Ex
2559 5089 2687 5140 Ann
2747 5083 3077 5152 Quedlinb.,
3111 5102 3160 5139 a.
3200 5087 3329 5144 993.

2281 5159 2420 5224 (478)
2453 5156 2612 5210 lndid
2647 5199 2660 5223 ,
2694 5174 2748 5210 a.
2783 5161 2886 5210 993
2917 5159 2975 5210 et
3007 5160 3135 5210 99L

2275 5229 2424 5298 (479)
2447 5227 2657 5295 lndid.,
2686 5244 2738 5282 a.
2773 5232 2901 5283 990.

2278 5302 2427 5368 (680)
2455 5299 2667 5368 Indid.,
2701 5316 2754 5357 a.
2789 5302 2919 5354 995.

2278 5371 2424 5440 uisi)
2453 5370 2595 5424 Ibid.

2277 5445 2422 5506 (iss)
2456 5441 2604 5495 Ibid.
3651 5499 3664 5506 ,
3718 5495 3725 5502 .

2275 5499 2418 5583 (483$
2449 5511 2616 5583 Ibid,
2641 5528 2692 5566 a.
2727 5516 2847 5566 995.
2869 5512 3091 5583 Regem
3115 5512 3173 5565 in
3200 5525 3399 5583 mense
3430 5499 3750 5583 δερῐβωδΐῖῗ

2201 5586 2258 5710 ἓι
2281 5577 2564 5710 Ὀοὶηὶπὶδ
2588 5583 2647 5640 in
2696 5584 2804 5640 hac
2833 5577 3198 5657 expéditione
3225 5581 3398 5638 fuisse
3428 5577 3618 5634 chartae
3650 5579 3747 5638 elus

2244 5669 2385 5710 ocen
2420 5693 2435 5710 .
3311 5670 3326 5682 ‘

2244 5669 2435 5712 οοθιιι.
3311 5670 3326 5682 ‘
