3954 6180
480 373 616 429 1259

1432 363 1804 425 marum
1837 364 2455 426 MERSEBURGENSIS
2495 349 2808 426 EPISCOPI

3598 379 3712 438 i200

469 481 686 568 frustra
740 487 1064 560 temptavit.
1098 488 1356 560 Namque
1386 486 1688 560 inperator
1713 487 2076 543 Dominicam
2100 494 2155 551 Α
2187 489 2525 544 devotarum
2553 489 3075 545 sanctimonialium
3100 492 3582 559 matrem,assensu
3595 514 3717 568 pon-

473 561 955 637 resiirrectionem
986 577 1185 633 Romae
1215 578 1531 646 celebrans,
1560 581 1689 650 post
1710 578 1940 633 festivos
1962 579 2082 634 dies

467 671 857 726 instrumenta
886 666 1092 722 bellica
1126 683 1463 739 preparans,
1498 671 1627 738 post
1653 668 1810 722 albas
1840 669 2081 722 domum

463 756 781 814 Thiederici
816 758 988 828 (5l9),
1027 755 1124 811 ubi
1155 756 1250 810 ille
1283 772 1582 826 perversus
1612 756 1870 822 sedebat,
1902 758 2078 811 Ekki-

466 846 714 902 bardum
743 845 1146 900 marchionem
1178 845 1521 918 impugnare
1547 845 1738 916 jussit.
1798 845 1905 909 Qui
1939 863 2078 900 ean-

469 935 604 990 dem
635 935 866 1007 perdius
915 938 972 988 et
1016 948 1236 1005 pernox
1286 934 1568 989 lacescere
1628 950 1746 988 non
1780 934 2078 1001 desistens,

468 1023 710 1080 tandem
740 1040 846 1096 per
871 1023 1348 1078 machinamenta
1375 1024 1487 1076 alte
1518 1026 1849 1077 constructa
1880 1039 2078 1078 ascen-

470 1114 574 1183 dit,
607 1118 666 1169 et
695 1113 946 1169 eundem
989 1113 1332 1167 decollatum
1379 1128 1515 1166 voce
1547 1113 1925 1183 imperatoria
1977 1129 2082 1184 per

468 1204 647 1278 pedes
663 1205 868 1276 laqueo
888 1202 1406 1274 suspendit(520)et
1420 1202 1692 1257 timorem
1716 1202 1934 1256 cunctis
1950 1219 2081 1274 pre-

471 1295 729 1349 sentibus
750 1291 1104 1347 ineffabilem
1131 1291 1342 1345 intulit.
1376 1291 1682 1362 Gregorius
1703 1296 1898 1346 autem
1930 1308 2082 1363 papa

470 1399 603 1437 cum
629 1397 846 1454 magno
874 1381 1098 1435 honore
1128 1380 1510 1435 intronizatur
1529 1380 1700 1451 (521),
1733 1384 1791 1434 et
1819 1397 1977 1436 cesar
2006 1381 2080 1435 si-

470 1487 544 1524 ne
571 1470 732 1525 omni
753 1469 1120 1524 infestatione
1139 1468 1412 1540 deinceps
1443 1469 1851 1524 dominabatur

544 1563 632 1614 22.
665 1558 901 1612 Videtur
957 1556 1099 1611 mihi
1135 1557 1446 1628 optimum,
1499 1558 1766 1628 quaedam
1819 1559 2078 1629 ejusdem

469 1647 752 1720 temporis
773 1648 924 1701 facta
945 1663 1429 1718 memorare,qua3
1446 1647 1741 1701 nonnullis
1762 1648 2006 1718 puerilia
2023 1654 2080 1704 et

469 1738 718 1794 multum
749 1734 1039 1790 mirabilia
1069 1751 1188 1789 esse
1214 1735 1582 1796 videbantur,
1609 1737 1710 1791 sed
1742 1737 1864 1791 [HEC
1901 1755 1934 1792 a
1960 1740 2077 1794 Deo

2182 577 2348 632 tiﬁcis
2377 577 2691 644 constituit,
2717 581 3025 651 sanctoque
3050 579 3354 653 Lantperto
3381 599 3475 653 pro
3504 587 3718 643 remedio

2183 666 2398 721 animae
2425 684 2540 721 sua:
2575 685 2640 721 ex
2669 667 2895 739 integro
2928 668 3182 725 tradidit.

2253 758 2341 811 23.
2375 756 2558 826 Hujus
2607 773 2739 810 vero
2794 756 3209 828 omnipotentis
3258 758 3355 812 Dei
3383 759 3589 815 famula!
3613 762 3724 834 quia

2185 844 2545 899 mentionem
2575 845 2836 912 fecimus,
2869 846 3020 917 quod
3055 846 3264 900 nostris
3289 851 3612 920 temporibus
3645 867 3726 921 per

2183 949 2314 986 eam
2348 932 2627 987 Dominus
2652 937 2919 1003 operatus
2945 937 3049 1000 est,
3083 935 3309 989 silentio
3342 953 3450 991 non
3480 940 3728 1009 preteribi-

2185 1036 2333 1078 mus.
2377 1021 2787 1092 Hospitalitatis
2816 1038 2932 1076 non
2985 1023 3183 1090 oblita,
3217 1027 3389 1078 tanta:
3441 1025 3729 1094 dapsilitatis

2184 1109 2334 1163 circa
2350 1126 2566 1180 egenos
2580 1114 2638 1165 et
2655 1111 2989 1181 peregrinos
3006 1111 3210 1178 extitit,
3243 1115 3306 1166 ut
3319 1113 3552 1184 quadam
3573 1114 3649 1168 die
3675 1115 3729 1170 de

2184 1196 2314 1251 vino
2348 1198 2427 1251 nil
2450 1198 2555 1252 sibi
2579 1199 2665 1252 vel
2685 1199 3734 1257 sororibusbeneﬁcentizemcommuni-

2184 1285 2536 1358 cationisque
2567 1303 2737 1340 causa
2764 1288 3137 1357 pretermisit.
3177 1288 3289 1342 Hoc
3313 1288 3447 1343 dum
3487 1291 3736 1346 celleraria

2183 1374 2286 1428 sibi
2307 1376 2644 1441 nuntiasset,
2671 1376 2750 1430 ait
2776 1393 2787 1430 :
2819 1377 2974 1448 Equo
3005 1379 3186 1432 animo
3217 1386 3345 1441 esto,
3388 1397 3526 1447 cara,
3569 1387 3612 1433 et
3638 1398 3735 1434 con-

2179 1464 2399 1534 fortare.
2435 1465 2540 1518 Dei
2560 1467 2702 1518 enim
2725 1468 2907 1534 gratia
2935 1468 3070 1520 satis
3099 1466 3246 1520 nobis
3265 1470 3465 1537 poterit
3483 1468 3738 1524 dare.Sta-

2181 1552 2404 1624 timque
2430 1554 2595 1608 solito
2628 1570 2788 1608 more
2819 1557 2953 1609 ante
2986 1571 3218 1609 crucem
3251 1560 3532 1625 prostrata
3556 1557 3606 1611 in
3643 1575 3741 1612 ora-

2180 1641 2330 1696 torio
2356 1645 2566 1696 sanctae
2598 1643 2787 1698 Maria:
2819 1644 2969 1715 cepit
3002 1659 3190 1711 orare,
3228 1645 3534 1716 vinumque
3563 1647 3615 1700 in
3636 1663 3738 1701 vase

2179 1729 2438 1785 funditus
2463 1732 2647 1803 pridie
2679 1733 3018 1786 exhaustum
3051 1748 3306 1787 crescere
3327 1738 3497 1806 cepit,
3524 1735 3743 1806 quoadu-

467 1826 864 1900 predestinata
892 1825 953 1880 in
973 1824 1085 1880 suis
1113 1825 2079 1897 virtutibusagnoscuntur.Virfeli-
2105 1808 2156 1868 Β
2181 1836 2319 1891 sque
2346 1821 2699 1891 superﬂuxit.
2725 1821 2804 1874 De
2821 1838 2933 1892 quo
2961 1838 3077 1876 non
3113 1825 3341 1876 tantum
3368 1824 3736 1877 sanctimonia-

467 1916 548 1970 cis
590 1914 890 1971 memoria:
921 1930 1116 1969 comes
1142 1915 1402 1984 profecto
1443 1915 1764 1981 Ansfridus,
1798 1916 1884 1970 vir
1917 1917 2079 1970 omni

464 2004 706 2078 inquam
746 2003 1005 2058 bonitate
1075 2003 1434 2074 conspicuus,
1485 2005 1602 2057 alta
1637 2004 2078 2076 progenitorum

464 2095 732 2167 germine
751 2092 1069 2163 (522),dum
1101 2092 1287 2146 adhuc
1320 2096 1466 2148 esset
1496 2095 1766 2165 puerulus
1815 2103 1906 2160 δίο,
1946 2111 2075 2148 cum

463 2182 628 2238 omni
685 2183 812 2253 lege
858 2181 1158 2235 mundana
1189 2198 1222 2235 a
1272 2184 1478 2253 patruo
1523 2198 1623 2235 suo
1659 2181 1950 2237 Rodherto
1983 2191 2074 2250 σει,

459 2270 776 2326 Treverica:
812 2268 1376 2340 civitatisepiscopo,
1428 2272 1552 2323 tum
1586 2270 1780 2324 divina
1810 2271 2075 2342 adprime

462 2362 552 2415 est
569 2359 884 2425 institutus;
899 2357 1033 2411 inde
1051 2373 1084 2411 a
1103 2360 1308 2427 patruo
1329 2373 1453 2424 suo,
1475 2357 1691 2412 scilicet
1714 2375 1814 2413 suo
1835 2359 2072 2430 cquivo-

462 2463 554 2515 co,
589 2452 652 2502 15
680 2446 1067 2501 comitatuum
1093 2445 1331 2513 comite,
1364 2450 1640 2501 strennuo
1670 2447 1909 2502 domino
1943 2449 2077 2502 Bru-

461 2533 1066 2606 noni,arcliiepiscopo
1083 2533 1775 2606 Agrippinensi,traditur
1797 2545 1866 2578 ου
1881 2540 1953 2590 ad
1985 2553 2076 2590 res

460 2622 760 2679 militares.
796 2622 886 2678 Sic
907 2623 1077 2677 bonae
1109 2621 1317 2677 indolis
1339 2623 1670 2678 adolescens
1691 2640 1869 2695 penes
1887 2624 2075 2696 ipsum

458 2713 696 2769 cottidie
711 2711 1260 2784 proficiebat,donec
1275 2713 1680 2785 primiOttonis
1694 2715 1893 2786 magni
1915 2715 2074 2786 impe

457 2802 943 2868 ratoris,Romam
965 2817 1097 2856 cum
1120 2801 1368 2856 exercitu
1381 2802 1505 2872 jam
1529 2802 1882 2873 acquisituri,
1905 2821 2074 2858 man-

459 2891 681 2964 cipatus
704 2904 790 2945 est
820 2889 1070 2945 servitio.
1105 2889 1206 2943 Cui
1250 2890 1308 2943 in
1336 2889 1509 2944 inicio
1556 2891 1774 2946 militias
1812 2891 1934 2962 ejus
1984 2892 2075 2946 in-

452 2980 667 3051 junxit,
702 2983 765 3034 ut
804 2979 1120 3034 tentorium
1175 2994 1363 3046 suum,
1398 2980 1554 3051 quod
1586 2979 1730 3034 adeo
1764 2981 2072 3052 pulchrum

2179 1908 2281 1974 les,
2309 1909 2408 1962 sed
2439 1913 2496 1962 et
2523 1926 2694 1980 quam
2726 1911 2918 1980 plures
2939 1909 3035 1964 diu
3069 1910 3141 1964 ad
3167 1911 3403 1965 laudem
3433 1911 3643 1966 Domini
3671 1911 3741 1965 bi-

2180 1997 2392 2051 berunt
2440 1998 2963 2054 circummanentes
3003 2000 3092 2053 vel
3123 1999 3521 2057 adventantes.
3559 2003 3744 2056 Interea

2179 2087 2423 2158 contigit
2454 2093 2516 2141 ut
2546 2088 2786 2142 domina
2818 2089 3100 2143 I-Iereswit
3149 2097 3219 2131 697
3271 2091 3578 2150 comitissa.
3606 2090 3747 2161 ipsius

2179 2175 2395 2230 scilicet
2425 2178 2634 2247 conjux
2668 2179 3009 2244 reverenda,
3040 2179 3099 2232 in
3128 2183 3288 2233 curte
3321 2197 3443 2246 sua,
3461 2180 3550 2252 qui
3581 2181 3752 2235 dicitur

2178 2264 2368 2331 Gilisa,
2403 2281 2466 2319 ce
2491 2266 2577 2338 pit
2600 2271 2890 2336 egrotare,
2914 2284 3041 2338 qua:
3057 2268 3247 2322 statim
3273 2269 3427 2323 velut
3445 2269 3634 2323 mortis
3649 2285 3751 2340 pre-

2179 2369 2318 2423 saga
2347 2352 2557 2409 futurze
2599 2354 2891 2408 festinavit
2919 2355 3002 2409 ire
3029 2356 3100 2409 ad
3126 2356 3341 2411 Torna.
3377 2357 3497 2420 Quo
3528 2358 3650 2412 dum
3675 2371 3754 2428 pre

2180 2440 2365 2496 nimio
2395 2441 2602 2498 dolore
2639 2443 2905 2515 nequiret
2935 2445 3258 2515 pervenire,
3312 2447 3371 2500 in
3401 2446 3569 2501 domo
3604 2446 3756 2515 cujus-

2180 2529 2316 2584 dam
2344 2531 2584 2601 majoris
2636 2533 2915 2587 remansit
2945 2533 3003 2586 in
3030 2533 3257 2588 itinere.
3295 2534 3426 2602 Qui,
3466 2535 3602 2589 sicut
3635 2533 3758 2606 ipse-

2178 2619 2348 2673 nobis
2372 2621 2597 2687 retulit,
2629 2620 2826 2675 nimia:
2858 2621 3172 2676 ferocitatis
3196 2639 3375 2678 canes
3403 2623 3615 2690 habuit,
3643 2638 3757 2693 quo-

2178 2723 2310 2761 rum
2337 2709 2612 2762 latratum
2651 2708 2774 2780 ipsa
2804 2709 3037 2764 infirma
3065 2713 3321 2782 graviter
3364 2711 3638 2766 sustinuit.
3667 2711 3758 2766 llo-

2177 2812 2307 2867 spes
2335 2801 2398 2851 ut
2426 2796 2659 2862 audivit,
2689 2798 2893 2853 festiue
2920 2803 3183 2870 precatus
3209 2802 3282 2855 ab
3317 2801 3464 2872 ipsa,
3485 2802 3585 2855 hos
3607 2801 3760 2854 liben-

2181 2885 2402 2940 tissime
2435 2887 2614 2942 voluit
2643 2904 2873 2959 capere,
2911 2890 2998 2942 vel
3029 2891 3102 2944 ad
3135 2890 3437 2958 ultimum,
3484 2891 3524 2946 si
3573 2890 3760 2963 potuis-

2175 2980 2285 3045 set,
2322 2977 2503 3032 eciam
2534 2978 2816 3035 occidere.
2843 2981 3058 3033 Horum
3087 2980 3226 3034 dum
3257 2987 3532 3035 neutrum
3577 2980 3761 3052 potuis-

457 3069 785 3137 videbatur,
825 3068 1062 3123 cottidie
1092 3067 1639 3138 ponereteregione
1662 3073 1864 3123 contra
1883 3069 2073 3142 impe-
2101 3088 2148 3148 ρ
2179 3070 2285 3134 set,
2312 3066 2658 3120 mirabiliter
2687 3066 2892 3121 accidit
2915 3069 2977 3120 ut
3003 3069 3193 3122 nullus
3221 3085 3432 3123 eorum
3465 3067 3761 3140 posteaqui-

454 3157 597 3214 rialc
628 3161 686 3212 et
706 3161 1110 3230 spatamsuam
1139 3156 1395 3223 duceret,
1426 3159 1488 3210 ut
1518 3155 1576 3210 in
1599 3158 1707 3211 hoc
1721 3158 2070 3229 probaret,si

455 3247 723 3320 palatinis
745 3264 805 3302 se
817 3244 1600 3318 agiliterinitiaret.Hocideo
1627 3249 1745 3299 tam
1769 3249 2071 3317 gratanter

458 3335 724 3407 suscepit,
771 3335 907 3407 quia
953 3335 1206 3406 psalmos
1264 3334 1378 3388 oris
1437 3333 1559 3403 ejus
1589 3333 1949 3389 dulcissimos
1977 3344 2068 3401 693,

457 3426 613 3480 hunc
631 3440 733 3496 per
746 3422 910 3478 devia
927 3437 1173 3493 sequens
1191 3429 1260 3462 6“
1280 3421 1442 3492 quasi
1464 3421 1861 3476 delectationis
1901 3439 2074 3479 causa

461 3511 690 3567 aviculis
713 3510 1067 3575 insidiando,
1088 3508 1210 3563 sine
1230 3509 1590 3564 detractione
1614 3519 1684 3553 62³
1700 3511 2071 3583 frequentare

462 3599 736 3655 occultius
762 3597 969 3670 potuit.
1004 3598 1252 3654 Romam
1283 3614 1420 3652 sane
1464 3598 1723 3668 predicto
1756 3616 1950 3655 cesare
1981 3600 2071 3655 in-

462 3686 788 3759 grediente,
829 3702 947 3741 non
982 3685 1293 3740 minimum
1321 3686 1568 3742 conﬁsus
1591 3687 1649 3742 in
1670 3688 1907 3759 juvene,
1938 3689 2075 3744 fecit

464 3792 597 3832 eum
616 3775 992 3850 spataferium
1031 3792 1220 3842 suum,
1255 3775 1449 3831 dicens
1478 3793 1490 3831 :
1524 3775 1672 3831 Dum
1702 3794 1796 3847 ego
1822 3778 1977 3833 hodie
2003 3777 2075 3834 ad

461 3881 618 3923 sacra
638 3865 830 3920 limina
855 3863 1214 3936 apostolorum
1225 3865 1518 3936 perorabo,
1547 3873 1604 3919 tu
1640 3866 1893 3935 gladium
1945 3883 2070 3923 con-

465 3956 613 4010 tinue
630 3971 787 4026 super
815 3960 975 4026 caput
1005 3969 1179 4008 meum
1197 3959 1384 4010 teneto.
1416 3953 1567 4009 Nam
1584 3954 1743 4025 ﬁdem
1769 3954 2077 4012 Romanam

464 4044 882 4101 antecessoribus
932 4045 1129 4097 nostris
1161 4045 1332 4113 sepius
1378 4050 1675 4114 suspectam
1719 4061 1825 4098 non
1870 4047 2073 4116 ignoro.

463 4133 737 4208 Sapientis
761 4136 907 4190 enim
926 4139 1023 4197 est,
1043 4133 1266 4188 adversa
1287 4150 1509 4205 quc-eque
1535 4132 1687 4202 longe
1707 4133 1883 4190 adhuc
1899 4138 2077 4206 posita

466 4225 752 4294 cogitando
780 4240 1111 4296 prenoscere,
1148 4240 1211 4276 ne
1229 4223 1376 4292 forte
1420 4225 1715 4293 improvisa
1743 4223 1959 4279 valeant
1985 4241 2075 4296 su-

459 4330 673 4388 perare.
714 4313 919 4368 Deinde
939 4312 1200 4368 redeundo
1223 4312 1294 4366 ad
1317 4318 1546 4366 montem
1573 4311 1797 4379 Gaudii,
1819 4318 2079 4383 quantum

467 4404 710 4471 volueris,
737 4411 906 4458 orato.
965 4401 1105 4456 lnde
1131 4417 1265 4456 vero
1298 4417 1582 4468 reversus,
1621 4401 1917 4456 abbatiam
1952 4419 2080 4474 quae

468 4491 676 4546 dicitur
687 4492 878 4545 Torna
903 4491 1047 4559 (523)
1068 4489 1138 4544 de
1152 4489 1473 4544 hereditate
1491 4490 1728 4561 propria
1744 4491 2080 4559 construxit,

466 4580 528 4636 in
560 4597 675 4652 qua
713 4578 889 4634 filiam
948 4595 1110 4633 suam
1149 4578 1517 4645 abbatissam,
1544 4579 1927 4651 plurimarum
1962 4582 2076 4635 Deo

2174 3154 2259 3208 vit
2293 3155 2528 3220 latrare,
2562 3154 2747 3209 donec
2772 3159 2968 3210 sancta
2996 3156 3098 3210 Dei
3127 3157 3340 3212 ancilla
3373 3157 3759 3212 obdormivitin

2173 3259 2344 3315 pace.
2380 3244 2564 3307 Quam
2595 3260 2759 3298 secus
2789 3245 3213 3300 monasterium
3239 3247 3570 3301 communis
3596 3253 3659 3287 ωε
3697 3245 3759 3298 Ιει-

2173 3333 2329 3387 boris
2343 3349 2536 3387 comes
2555 3336 2772 3388 sancta:
2787 3332 2891 3387 sim
2902 3333 3169 3404 plicitatis
3188 3333 3245 3388 in
3261 3334 3574 3390 secretario
3586 3333 3762 3405 sepeli-

2172 3420 2455 3492 vit.Hujus
2473 3421 2796 3477 cameraria
2809 3422 3020 3476 multis
3048 3423 3215 3477 annis
3227 3421 3760 3497 fuitydrOpica.Huic

2175 3509 2358 3564 visum
2377 3513 2464 3565 est
2492 3510 2552 3564 in
2577 3509 2774 3582 vigilia
2801 3510 3008 3565 natalis
3039 3511 3298 3580 Domini,
3337 3513 3494 3584 quod
3523 3512 3762 3583 adsepul-

2173 3599 2379 3655 chrum
2403 3599 2655 3656 domina:
2677 3617 2793 3655 suae
2814 3600 3082 3656 candelas
3096 3600 3344 3658 deberet
3366 3603 3570 3658 afferre
3594 3620 3608 3670 ;
3635 3600 3761 3674 quod

2175 3691 2232 3742 et
2244 3687 2529 3743 fecit.Mox
2544 3689 2680 3743 dum
2703 3688 3001 3743 matutinae
3019 3689 3217 3744 laudes
3228 3689 3765 3757 celebrarentur,exi-

2173 3776 2994 3845 vit,solutionemhabuit,sana
3006 3794 3204 3833 coram
3220 3781 3388 3835 omni
3404 3782 3610 3854 populo
3623 3778 3760 3833 redit.

2255 3869 2345 3923 24.
2380 3867 2513 3922 Post
2553 3868 2862 3923 discessum
2915 3871 3111 3923 autem
3157 3869 3423 3925 domina:
3464 3871 3632 3942 ipsius
3656 3867 3764 3924 felix

2178 3973 2398 4024 comes,
2435 3972 2553 4012 non
2587 3957 2657 4011 de
2678 3956 2894 4012 terreni
2925 3958 3114 4028 operis
3145 3974 3281 4013 casu
3305 3960 3657 4032 desperatus,
3685 3955 3763 4010 sed

2181 4044 2239 4100 in
2266 4045 2490 4101 virtutis
2528 4047 2715 4101 volatu
2739 4063 2805 4101 eo
2848 4047 2968 4119 ipso
2997 4047 3352 4115 sublevatus,
3386 4053 3583 4104 mente
3602 4048 3763 4118 dispo-

2181 4135 2313 4203 suit,
2339 4135 2876 4190 utmonasterialem
2893 4135 3066 4190 vitam
3087 4137 3333 4206 subiret,
3368 4139 3549 4193 sicubi
3565 4137 3763 4208 majoris

2184 4223 2537 4279 obedienciaa
2556 4225 2818 4294 regulam
2837 4224 3316 4289 inveniret.Quod
3332 4229 3477 4284 dum
3495 4229 3548 4283 iu
3565 4225 3764 4283 exordio

2184 4330 2288 4385 per
2313 4312 2697 4367 intentionem
2727 4313 2936 4384 agitur,
2957 4315 3184 4370 atercio
3211 4315 3432 4372 Ottone
3452 4319 3764 4389 imperatore

2186 4401 2258 4455 ad
2279 4401 2674 4473 episcopatum
2685 4402 3109 4472 Trajectensem
3128 4420 3234 4476 per
3247 4406 3295 4459 Ν
3303 4403 3766 4478 otgerum,Leodii

2186 4491 3765 4567 pontiﬁcem,summanecessitatevocatuﬁan.995l.lllud

2188 4580 2445 4654 profecto
2473 4578 2614 4634 dum
2639 4579 2873 4647 audivit,
2894 4582 3174 4651 capellam
3191 4585 3535 4655 Aquensem
3559 4582 3766 4644 introiit,

1784 4678 2018 4733 VARl/E
2070 4679 2364 4735 LECTION
2374 4677 2476 4734 ES.

539 4777 608 4848 σεξ
632 4768 770 4825 dum
799 4768 985 4823 adhuc
1014 4769 1234 4848 esseta.
1260 4783 1317 4848 p.
1347 4782 1404 4836 g.
1438 4767 1708 4848 puerulus
1737 4771 1790 4848 ΞΔ.
1867 4777 1938 4848 in
1985 4771 2246 4848 rutperto
2295 4767 2356 4848 2A.

2441 4776 2511 4860 αξξ
2555 4768 2815 4860 tradetur
2847 4772 2929 4860 2.“
3002 4777 3074 4860 03.3
3102 4778 3353 4860 caneret
3370 4772 3768 4860 supplereAvolm't

474 4838 702 4896 Ursinus
773 4849 1111 4911 “(sequens
1141 4837 1373 4911 Ursinus
1400 4840 1628 4911 restituit
1653 4856 1716 4893 ea:
1739 4838 1817 4896 A.
1853 4838 1916 4911 δ’.
1995 4837 2180 4897 tiu—sic
2208 4840 2286 4896 A.
2318 4838 2381 4894 S.
2417 4839 2452 4897 l.
2487 4839 2530 4897 ι.
2560 4839 2867 4894 deti-itione
2898 4845 2951 4900 2.
3028 4850 3100 4884 m
3155 4837 3568 4902 beneﬁciéntie
3601 4851 3647 4901 2.
3712 4850 3764 4886 “7

468 4911 695 4967 Hersuit
721 4911 798 4966 A.
831 4909 894 4970 S.
927 4908 1223 4964 Heresuint
1250 4908 1305 4964 2.
1383 4915 1455 4950 ωδ
1473 4909 1558 4964 sui
1589 4910 1915 4966 communis
1942 4911 2014 4968 A.
2057 4911 2118 4967 S.
2156 4929 2190 4967 a
2244 4915 2378 4967 995.

2035 5000 2258 5058 ΝΟΤιΕ.

533 5093 687 5166 (519)
705 5087 1077 5166 _Validissima
1095 5089 1266 5166 turris
1288 5087 1540 5166 _A_dr_iani
1565 5088 1916 5166 imperatoris,
1943 5106 2064 5166 quae

457 5172 512 5224 τε
537 5159 853 5220 Theudorici
882 5162 1102 5231 tyranni
1131 5159 1242 5230 fuit
1268 5160 1507 5230 fabrica,
1551 5177 1670 5230 quae
1692 5162 1808 5215 sine
1837 5159 2064 5216 allatae-

456 5241 620 5295 sionis
650 5235 857 5307 injuria
885 5240 1070 5290 contra
1109 5249 1316 5307 omnem
1371 5231 1702 5307 impulsionis
1724 5233 2062 5307 _mac/i_innm

454 5311 654 5367 durare
681 5302 891 5363 uidetur
920 5307 976 5358 in
995 5304 1204 5360 saeculo.
1236 5303 1447 5356 Chron.
1473 5318 1594 5372 reg.
1629 5302 1686 5356 S.
1721 5303 2059 5358 Pantaleon.

453 5399 507 5436 a.
545 5382 702 5437 l00l.
759 5377 1055 5435 Castellum
1109 5374 1409 5429 Crescentii
1465 5372 1605 5443 quod
1661 5373 1818 5442 vulgo
1875 5375 2063 5428 domus

455 5452 770 5508 Tlicodorici
795 5449 1116 5520 appellatur.
1151 5443 1528 5520 Ekkeliardus
1549 5443 1782 5520 Uraugi,
1815 5463 1867 5498 a.
1895 5449 2061 5520 108ῑξς

451 5525 523 5579 cf.
553 5515 1128 5591 Florent.'Wigorn.,
1179 5533 1231 5571 ει.
1281 5516 1437 5570 1081.
1484 5515 1663 5568 Hodie
1723 5517 1967 5571 Castello
2006 5517 2062 5572 di

456 5595 872 5796 :ncgéilgletlltlinf.
905 5662 1168 5719 chartam
1191 5657 1584 5735 imPemtoris'
1628 5673 1681 5714 δ”
1723 5659 1848 5728 998’
1879 5658 2060 5734 April'

2185 5162 2196 5172 .
2232 5088 2378 5172 (€521)
2405 5089 2681 5172 Jonannes
2727 5117 2794 5132 —-
2841 5090 3239 5147 inthronimtur
3292 5111 3364 5149 ex
3408 5097 3562 5150 Ann.
3588 5093 3754 5158 Qued-

2162 5161 2833 5304 llrigg'zibgifiitnsfridi
2861 5249 3076 5288 nomen
3109 5240 3234 5291 erat
3260 5237 3684 5296 Lambertus,ut
3704 5239 3763 5288 Α.

2161 5305 2382 5358 Miraeus
2411 5305 2469 5358 in
2501 5305 2735 5376 Chron,
2763 5305 2984 5376 Belgico
3035 5321 3102 5360 ex
3139 5307 3342 5362 codice
3401 5309 3760 5363 donationum

2162 5379 2398 5500 propter
2429 5375 2842 5429 monasterium
2870 5375 3288 5432 liemblacense
3333 5381 3616 5435 factarum
3636 5393 3758 5449 pro-

2206 5451 2334 5500 avit.
2371 5447 2452 5500 Cf.
2480 5447 2687 5500 rEgidii
2713 5447 3060 5500 Leodiensis.
3083 5452 3355 5500 monachi
3375 5456 3569 5500 Aurem
3593 5448 3756 5500 vallis.

2206 5451 2337 5525 avit.
2371 5447 2452 5500 Cf.
2480 5447 2687 5525 rligidii
2713 5447 3060 5525 Leodiensis,
3083 5452 3355 5525 monachi
3375 5456 3569 5525 Aureae
3593 5447 3756 5525 vallis,

2163 5517 2536 5591 addition.ad
2563 5517 2820 5591 'Anselmi
2855 5534 3061 5575 canon.
3099 5520 3402 5575 Leodiens.
3439 5523 3597 5575 Gesta
3644 5517 3762 5591 epi-

2163 5589 2732 5715 agapplr.Tungrens.
2762 5589 3110 5661 'l‘rajectens.
3163 5595 3221 5646 et
3275 5589 3747 5648 Leodiensium'c.

2247 5701 2259 5715 .
2350 5677 2436 5715 as.

2233 5701 2604 5810 (ὅεῖέῖῶαωθ
2633 5729 2694 5792 in
2718 5729 3052 5806 episcopatu
3072 5731 3440 5800 Leodioeusi.
