3960 6182
277 427 426 511 4261“

1521 459 1938 520 CHRONICON.
1966 494 2038 507 —-
2066 466 2195 523 LIB.
2227 467 2313 526 ιν.

3459 488 3481 543 1
3492 487 3596 544 202

273 583 335 635 et
350 579 550 635 mundi
572 551 1151 681 domthqegljfjﬁravit
1171 587 1254 652 ut,
1277 583 1321 639 si
1343 589 1536 642 esseta
1553 590 1689 655 Deo,
1705 605 1879 645 cano-
1900 594 1956 654 Α
1979 589 2116 647 tissa
2138 609 2197 648 se
2223 593 2282 648 in
2307 595 2500 651 medio
2523 613 2728 654 eorum
2755 602 3086 672 prostravit,
3120 606 3180 660 et
3207 607 3354 664 adeo
3384 625 3592 681 pacem

275 667 403 722 nice
434 645 1070 744 perficeretu'i‘,‘{m3°'m,
1090 672 1538 729 misericorditer
1551 678 1878 733 aunullare-

271 761 387 814 tur.
425 757 537 812 Sed
589 775 865 829 posquam
915 747 1250 830 EVErgerus,
1302 762 1656 818 Coloniensis
1695 765 1877 820 archi-

271 845 1094 918 episcopus,suffraganeorum
1111 855 1386 906 consentu
1401 852 1737 923 imperatori
1751 854 1880 910 sibi-

271 952 388 1007 que
405 936 464 990 in
484 945 555 977 σεο
581 937 837 991 medium
861 939 1168 1006 consuluit,
1193 941 1363 994 vellet
1376 942 1554 996 nollet
1569 942 1641 997 ad
1664 943 1878 1016 episco-

273 1041 414 1096 pum
472 1025 823 1080 acclamatur
865 1025 1037 1098 (‘52-t).
1070 1028 1194 1083 Non
1249 1031 1432 1084 multo
1465 1035 1594 1102 post
1621 1031 1875 1104 quinque

267 1118 462 1167 curtes
487 1113 557 1167 de
588 1131 690 1168 sua
738 1115 1090 1187 proprietate
1123 1117 1291 1172 beato
1339 1119 1581 1173 Martino
1616 1120 1874 1187 tradidit,

270 1201 428 1256 fideli
442 1201 679 1274 inquam
698 1203 828 1273 fidej
840 1205 1016 1258 ussori
1036 1204 1264 1260 talionis
1278 1210 1568 1262 earum.ln
1583 1211 1878 1266 senectute

269 1306 416 1361 ergo
449 1307 569 1357 sua,
602 1291 979 1362 caligantibus
1007 1293 1131 1363 jam
1160 1295 1336 1350 oculis
1361 1295 1769 1366 ipsius,4‘actus
1795 1300 1880 1353 est

269 1380 610 1434 monachus.
621 1379 998 1452 Septuaginta
1009 1382 1152 1437 duos
1163 1400 1442 1456 pauperes
1456 1386 1687 1458 propria
1701 1403 1878 1442 manu

267 1467 505 1522 cottidie
523 1468 935 1539 pavit.lllorum
953 1469 1165 1542 quippe
1185 1471 1882 1536 infirmioribus,camera-

266 1557 358 1611 rio
381 1556 752 1628 precedente,
775 1574 938 1613 cecus
957 1559 1078 1629 ipse
1110 1560 1181 1614 ab
1213 1559 1331 1615 imo
1358 1561 1522 1616 vallis
1553 1563 1628 1617 ad
1651 1580 1880 1620 summa

266 1645 484 1699 montis
517 1645 791 1700 balneum
837 1649 1076 1717 portans
1133 1649 1462 1720 preparavit
1509 1651 1568 1705 in
1601 1655 1792 1721 nocte,
1823 1656 1880 1708 et

268 1734 588 1788 mutatoria
635 1739 940 1806 ceteraque
996 1737 1313 1791 necessaria
1344 1739 1598 1811 corporis
1629 1741 1876 1812 prebuit,

257 1821 477 1892 jubens
495 1838 592 1877 eos
621 1823 678 1876 in
707 1839 845 1894 pace
877 1825 1168 1893 recedere,
1189 1830 1251 1880 ut
1275 1827 1353 1881 sic
1373 1845 1474 1882 sua
1501 1844 1679 1899 opera
1702 1829 1881 1885 obnu-

1983 679 2134 735 inter
2158 681 2281 737 illos
2311 685 2396 739 vel
2428 685 2499 740 ad
2532 691 2899 745 momentum
2928 679 3405 763 rogavitJnterea
3434 700 3595 757 vide-

1981 769 2152 824 batur
2196 772 2493 840 militibus,
2528 779 2684 847 quod
2733 795 2800 832 ex
2850 779 2948 835 illa
2977 786 3164 852 parte,
3199 802 3313 856 qua
3341 787 3592 846 fratrum

1982 857 2212 915 fuerant
2241 861 2506 930 ofﬁcinas,
2529 865 2599 919 ab
2631 882 2782 937 aqua
2811 868 2955 924 Ema
2984 872 3288 929 nominata
3315 875 3390 930 ad
3420 893 3593 934 mon-

1981 945 2052 1000 tis
2063 949 2430 1018 supercilium
2448 951 2624 1023 ipsius
2637 955 2934 1012 traherent
2947 965 3014 1000 ου
3035 961 3592 1033 sarcofagum.0uod

1980 1034 2120 1090 dum
2172 1037 2516 1108 niterentur,
2543 1057 2749 1113 corpus
2791 1061 2825 1098 a
2853 1045 3308 1116 Trajectensibus
3337 1053 3592 1109 sustolli-

1980 1127 2092 1192 tur,
2138 1129 2196 1180 et
2245 1127 2552 1195 levissime,
2580 1129 2724 1185 sicut
2771 1131 2878 1204 ipsi
2923 1133 3128 1204 jurant
3186 1138 3394 1208 adhuc,
3439 1143 3591 1199 ultra

1980 1229 2191 1284 aquam
2223 1215 2466 1272 ducitur.
2514 1217 2604 1272 Sic
2637 1223 2781 1274 nutu
2812 1222 3042 1278 Domini
3076 1225 3283 1282 fortior
3325 1245 3460 1301 pars
3488 1231 3588 1287 de-

1980 1303 2102 1356 lusa
2123 1307 2207 1356 est
2237 1303 2510 1362 militum.
2539 1308 2675 1362 Post
2697 1311 3137 1369 translationem
3159 1318 3417 1388 corporis
3443 1319 3588 1377 sacri

1979 1389 2308 1462 fragrancia
2333 1393 2466 1449 miri
2498 1395 2693 1452 odoris
2713 1403 2990 1471 percepta
3014 1402 3178 1458 estin
3211 1405 3321 1472 via,
3349 1423 3476 1480 qua:
3509 1411 3590 1464 ul-

1980 1481 2071 1533 tra
2101 1478 2210 1534 tria
2262 1479 2510 1536 miliaria
2539 1484 3044 1543 veracissimorum
3082 1478 3411 1561 hominum,
3446 1494 3590 1551 sicut

1981 1565 2085 1637 ipsi
2113 1571 2416 1636 testantur,
2451 1588 2619 1626 nares
2649 1574 2903 1644 perfudit
2932 1579 2990 1632 et
3018 1581 3275 1649 pectora.

2051 1659 2140 1711 23.
2158 1656 2508 1714 Revocemus
2525 1660 2598 1715 ad
2617 1664 2987 1732 memoriam,
3009 1668 3166 1738 quod
3180 1669 3590 1728 miserabiliter

1981 1743 2215 1832 Qisilero
2249 1746 2642 1820 archipresuli]
2675 1750 2739 1820 (f.
2764 1751 2849 1822 63)
2883 1751 3104 1809 incuria
3133 1764 3204 1798 σει
3225 1757 3310 1812 sui
3346 1760 3589 1832 contigit

1981 1831 2284 1888 damnum.
2313 1836 2636 1908 Imperator
2648 1838 2720 1894 ob
2746 1839 3141 1899 defensionem
3156 1845 3357 1917 patrias
3377 1831 3590 1904 Barna-

266 1912 451 1966 hilare
464 1913 764 1967 valeret.ln
783 1913 988 1968 eodem
1002 1919 1199 1969 monte
1213 1918 1630 1972 monachorum
1643 1914 1950 1991 congre-B
1979 1919 2129 1991 burg
2156 1919 2444 1977 civitatem
2491 1940 2666 1995 opere
2698 1928 2966 1983 muniens
3019 1912 3361 2002 necessario,
3390 1951 3521 1992 eam
3551 1939 3588 1993 4

262 2001 567 2071 gationem
588 2003 875 2056 ordin‘avit
889 2003 942 2074 (5
952 2006 1036 2070 25)
1048 2045 1062 2071 ,
1077 2020 1110 2058 a
1123 2020 1370 2076 quorum
1392 2006 1680 2078 prioribus
1692 2008 1874 2081 scopis

263 2093 356 2143 est
381 2090 570 2161 sepius
594 2091 922 2162 castigatus,
946 2092 1085 2146 dum
1113 2093 1353 2148 auderet
1377 2095 1639 2151 resistere
1670 2113 1873 2152 eorum

254 2178 631 2248 jussionibus.
653 2180 936 2251 Quicquid
960 2181 1033 2235 ad
1057 2181 1324 2236 ultimum
1347 2183 1643 2255 acquirere
1665 2185 1870 2256 potuit,

260 2283 588 2340 pauperum
616 2269 884 2324 manibus
905 2270 1120 2326 tribuit.
1145 2272 1388 2326 Aviculis
1413 2272 1588 2328 etiam
1605 2274 1663 2327 in
1679 2274 1872 2329 hieme

263 2356 594 2428 manipulos
617 2375 788 2429 super
813 2359 1049 2414 arbores
1073 2359 1146 2414 ad
1166 2361 1637 2416 manducandum
1661 2362 1874 2417 intuitu

262 2444 568 2517 pietatisin
596 2449 796 2501 monte
815 2463 915 2502 suo
939 2463 1162 2518 ponere
1183 2457 1255 2490 σεο
1276 2449 1431 2504 fecit.
1468 2448 1583 2505 Sub
1611 2451 1874 2506 clamidis

263 2533 544 2588 absconso
575 2534 849 2588 continue
879 2535 1226 2591 vestiebatur
1253 2537 1456 2592 cilicio.
1490 2541 1539 2592 A
1568 2539 1746 2593 natali
1770 2542 1874 2594 Do-

261 2622 410 2676 mini
438 2639 615 2695 usque
646 2623 720 2677 ad
746 2628 956 2678 sanctas
983 2625 1162 2680 crucis
1184 2625 1580 2682 inventionem
1610 2628 1872 2683 infirma-

264 2710 460 2777 batur,
509 2728 621 2783 quo
653 2712 933 2783 temporis
961 2714 1147 2785 spatio
1182 2715 1333 2769 ultra
1371 2719 1489 2770 tres
1533 2731 1714 2786 panes
1754 2733 1871 2772 non

263 2799 637 2854 manducavit
655 2801 1174 2872 Appropinquante
1196 2802 1322 2873 jam
1346 2803 1530 2858 carnis
1557 2805 1680 2874 ejus
1703 2805 1876 2861 disso-

257 2889 505 2951 lutione,
528 2905 758 2944 crucem
786 2891 845 2944 in
869 2891 1144 2956 fenestra,
1165 2908 1292 2962 quae
1317 2891 1397 2946 ibi
1423 2896 1552 2964 post
1577 2895 1871 2965 caligatio-

257 2992 402 3030 nem
425 2979 724 3031 oculorum
746 2978 792 3048 ej
806 2995 868 3032 us
893 2979 1043 3032 facta
1062 2979 1188 3045 fuit,
1216 2978 1355 3032 vidit
1379 2983 1437 3032 et
1458 2979 1876 3035 circumstanti-

252 3066 365 3120 bus
380 3081 438 3118 se
459 3065 648 3120 videre
674 3066 1086 3133 manifestavit,
1109 3066 1348 3122 laudans
1371 3069 1553 3122 Deum
1572 3068 1867 3124 etdicens:

1979 2006 2416 2066 ebdomadasad
2449 2014 2728 2070 tuendum
2760 2016 2891 2072 huic
2911 2021 3221 2076 commisit.
3249 2022 3356 2088 Qui
3381 2024 3585 2082 fraude

1978 2094 2178 2186 ignota
2207 2098 2276 2186 ad
2319 2100 2594 2170 placitum
2647 2121 2680 2158 a
2712 2105 2923 2162 Sclavis
2959 2113 3212 2178 vocatus,
3243 2127 3377 2168 cum
3410 2130 3586 2186 parva

1977 2183 2346 2242 multitudine
2393 2189 2551 2246 exiit.
2585 2191 2702 2246 Alii
2758 2210 3012 2267 namque
3064 2183 3485 2271 precesserunt,
3527 2208 3586 2260 et

1976 2274 2258 2344 quosdam
2280 2276 2338 2330 in
2356 2277 2495 2332 urbe
2517 2279 2767 2352 reliquit.
2788 2283 2927 2338 Ecce
2948 2287 3142 2356 autem
3168 2304 3316 2343 unus
3332 2305 3364 2344 e
3379 2306 3584 2347 conso-

1976 2359 2076 2414 ciis
2096 2362 2355 2432 ejusdem
2384 2381 2416 2418 a
2436 2365 2573 2420 silva
2600 2383 2907 2440 erumpere
2935 2371 3130 2428 hostes
3155 2375 3586 2446 prodidit.Con-

1976 2446 2373 2538 gredientibus
2391 2467 2526 2506 vero
2558 2457 2697 2508 tunc
2727 2471 2794 2509 ex
2811 2460 3057 2530 utraque
3085 2465 3250 2533 parte
3281 2465 3584 2538 militibus,

1977 2535 2398 2625 archiantistes,
2432 2540 2530 2611 qui
2590 2557 2761 2598 curru
2813 2545 2990 2614 venit,
3031 2565 3180 2621 equo
3234 2551 3384 2625 fugit
3435 2535 3587 2614 alato

1975 2622 2364 2696 (Ovm.,Fast.
2395 2644 2483 2696 ιιι,
2516 2630 2668 2702 416),
2700 2647 2766 2686 ex
2793 2633 2908 2689 suis
2938 2641 3185 2692 mortem
3216 2622 3590 2702 evadentibus

1976 2710 2189 2782 paucis.
2217 2713 2397 2770 Sclavi
2427 2715 2672 2772 victores
2697 2721 2880 2789 preda
2897 2721 3383 2785 interfectorumti
3402 2731 3591 2788 Nonas

1972 2799 2104 2853 Julii
2135 2809 2206 2843 σεδ
2237 2801 2369 2892 sine
2390 2803 2646 2892 periculo
2675 2808 2984 2877 pociuntur
3014 2812 3186 2883 (526),
3217 2821 3277 2872 et
3306 2820 3589 2892 archiepi-

1975 2902 2214 2960 scopum
2231 2889 2308 2944 sic
2324 2891 2564 2947 elabisse
2577 2889 3586 2978 conqueruntur.Custodivittamen,

1975 2977 2236 3046 quamvis
2257 2978 2334 3033 sic
2364 2980 2688 3051 lugubriter
2707 2984 3025 3055 mutilatus,
3046 2990 3251 3046 urbem
3264 2992 3338 3048 ad
3365 2977 3583 3053 dictum

1975 3064 2132 3119 diem
2170 3066 2460 3135 Gisilerus,
2486 3069 2775 3142 tristisque
2805 3089 3084 3144 reversus,
3118 3078 3346 3135 obviam
3384 3081 3588 3140 habuit

249 3153 329 3208 In
353 3156 581 3210 circuitu
629 3162 740 3221 tuo,
791 3157 1042 3222 Domine,
1073 3155 1255 3211 lumen
1299 3163 1394 3222 est,
1425 3157 1564 3228 quod
1598 3175 1871 3230 nunquam
1900 3234 1938 3244 Α
1974 3155 2246 3222 patruum
2298 3156 2541 3211 meimet
2582 3160 2981 3218 marchionem
3013 3164 3395 3239 Liutbarium,
3426 3172 3586 3244 cujus

248 3243 479 3311 deﬁciet.
531 3244 790 3298 Tandem
846 3245 1190 3299 sacrosancti
1249 3245 1436 3299 viatici
1497 3247 1870 3318 perceptione
1893 3234 1939 3294 C
1973 3258 2173 3297 curam
2193 3243 2390 3298 civitas
2410 3245 2669 3316 predicta
2687 3251 2822 3304 tunc
2843 3234 3589 3334 respiciebatzﬁrmi'terque

253 3333 536 3400 munitus,
551 3332 751 3386 doctus
772 3335 894 3387 tota
919 3333 1317 3404 expectatione
1325 3333 1587 3405 judicem
1605 3335 1867 3406 diligere,

251 3423 452 3491 atque,
474 3425 534 3474 ut
562 3421 642 3475 ita
669 3421 939 3488 dixerim,
976 3421 1237 3476 timendo
1272 3424 1710 3494 presencialiter
1733 3439 1869 3478 ren-

251 3510 384 3563 nuit
436 3509 639 3582 timere
671 3510 1103 3583 perpetualiter.
1136 3511 1376 3566 Multum
1409 3512 1470 3566 in
1517 3517 1730 3567 sanctae
1767 3513 1869 3569 Dei

249 3597 551 3668 genitricis
573 3597 1012 3668 intercessione,
1031 3598 1120 3653 cui
1140 3615 1198 3654 se
1211 3616 1426 3671 suaque
1455 3601 1716 3668 dederat,
1738 3618 1870 3656 con-

249 3687 649 3753 lisus,tamdiu
675 3688 966 3759 signaculo
1000 3692 1211 3742 sanctte
1246 3689 1426 3742 crucis
1447 3705 1569 3743 sese
1599 3689 1867 3761 signavit,

247 3775 630 3847 quoadusque
681 3777 1055 3831 obdormiens
1088 3777 1148 3830 in
1207 3793 1345 3843 pace
1379 3793 1559 3832 manu
1612 3778 1782 3832 simul
1813 3783 1872 3833 et

247 3866 452 3917 mente
473 3864 849 3935 quievit.Post
863 3866 1024 3936 cujus
1043 3864 1268 3918 obitum
1290 3865 1685 3936 Trajectenses
1699 3866 1868 3922 nudis

247 3951 498 4023 pedibus
509 3957 565 4007 et
576 3953 812 4007 armatis
826 3954 1866 4024 manibusvenerunt,llentes,orantes

246 4044 310 4094 et
341 4040 670 4096 domesticis
706 4043 963 4098 dicentes
996 4060 1009 4097 :
1043 4044 1153 4100 Pro
1182 4043 1290 4098 Dei
1312 4046 1530 4099 nomine
1565 4045 1688 4100 date
1718 4046 1865 4100 nobis

229 4136 507 4200 pastorem
528 4139 903 4202 nostrmn,quo
923 4138 1167 4203 portetur
1186 4133 1374 4203 adsuae
1385 4133 1543 4189 sedits
1568 4134 1860 4190 tumulum.

245 4217 375 4283 Quo
397 4223 600 4274 contra
628 4222 960 4276 reverenda:
990 4223 1117 4276 vitae
1154 4222 1464 4290 abbatissa,
1497 4223 1546 4293 ej
1559 4240 1621 4277 us
1651 4224 1864 4279 scilicet

242 4307 367 4362 tilia
386 4309 909 4377 sanctissima,cum
927 4312 1236 4383 capellanis
1258 4315 1315 4365 et
1330 4311 1611 4368 militibus
1623 4329 1860 4385 respon-

1972 3330 2024 3386 ei
2051 3347 2180 3386 eam
2205 3333 2578 3388 committens
2603 3335 3032 3395 abiit.Accessit
3056 3346 3252 3399 autem
3282 3330 3514 3417 comes;
3528 3353 3589 3406 et

1972 3423 2036 3474 ut
2056 3420 2261 3476 urbem
2282 3421 2424 3476 vidit
2449 3423 2718 3480 incendio
2752 3425 3162 3499 fumigantem,
3195 3433 3585 3507 archiepisco-

1972 3527 2112 3582 pum
2136 3527 2401 3566 remeare
2430 3528 2535 3584 per
2557 3513 2984 3573 internuntium
3014 3519 3227 3577 frustra
3253 3525 3438 3594 petiit.
3462 3529 3586 3602 Ipse

1972 3602 2168 3654 autem
2192 3599 2389 3672 ignem
2408 3600 2468 3654 in
2487 3601 2712 3659 duobus
2728 3605 2867 3661 locis
2881 3606 3009 3677 jam
3035 3611 3150 3666 alte
3175 3599 3587 3674 ascendentem

1972 3687 2308 3760 extinguere
2333 3694 2648 3762 temptans,
2699 3709 2830 3748 cum
2861 3695 2944 3750 nil
2974 3699 3217 3755 omnino
3249 3704 3581 3777 proficeret,

1971 3780 2202 3847 portam
2232 3778 2494 3834 hostibus
2523 3783 2822 3851 patentem
2867 3783 3298 3860 derelinquens,
3339 3792 3582 3853 domum

1971 3871 2188 3922 mestus
2216 3867 2443 3936 revisit;
2475 3871 2534 3922 et
2560 3874 2854 3926 accusatus
2884 3877 3014 3944 post
3066 3877 3221 3947 apud
3264 3878 3581 3954 imperato-

1968 3973 2116 4024 rem,
2137 3956 2486 4028 imputatam
2501 3970 2865 4016 sacramento
2891 3964 3160 4035 purgavit
3183 3967 3576 4038 culpam.Post

1969 4048 2000 4099 9
2032 4045 2152 4100 dies
2178 4044 2451 4117 predictte
2483 4046 2638 4102 cedis
2665 4051 2853 4103 mater
2875 4066 3028 4119 mea,
3047 4051 3353 4126 Cunigund
3383 4066 3454 4103 ου
3475 4076 3581 4116 no-

1967 4133 2148 4200 mine,
2171 4132 2349 4188 tercia
2369 4134 2500 4190 Idus
2522 4135 2655 4191 Julii
2681 4135 2742 4190 in
2768 4137 2994 4195 civitate
3022 4139 3450 4202 Germeresleva
3479 4164 3577 4204 ex-

1967 4222 2175 4293 piravit
2198 4225 2368 4288 6527).

2039 4313 2126 4368 26.
2151 4310 2209 4384 (f.
2224 4310 2334 4383 63’)
2356 4311 2717 4368 Ekkihardus
2737 4321 2809 4356 m
2834 4331 2902 4371 ex
2925 4317 3301 4377 nobilissimis
3329 4322 3579 4383 Thurin-

243 4397 333 4452 dit
359 4415 372 4452 :
406 4397 479 4453 In
529 4398 708 4452 eodem
734 4399 844 4454 loco
872 4400 1020 4455 debet
1053 4400 1289 4471 sepeliri,
1316 4401 1457 4454 ubie
1489 4403 1603 4456 vita
1624 4403 1866 4472 presenti
1964 4400 2075 4473 giae
2089 4400 2349 4456 australis
2365 4401 2651 4456 natalibus
2663 4403 2833 4474 hujus
2851 4404 2994 4478 (528)
3007 4409 3366 4484 genealogite
3379 4411 3577 4474 crtum

239 4506 273 4542 a
303 4487 421 4541 Deo
450 4494 523 4541 est
537 4491 826 4559 permissus
854 4492 996 4543 erui.
1027 4493 1374 4544 Perventum
1406 4494 1492 4544 est
1528 4490 1601 4544 ad
1633 4492 1767 4555 hoc,
1801 4495 1862 4546 ut
1881 4517 1937 4578 D
1965 4489 2200 4558 ducens,
2231 4505 2364 4544 cum
2385 4489 2676 4561 gradatim
2696 4491 2770 4546 ad
2795 4493 3020 4550 virilem
3049 4496 3410 4571 pertingeret
3433 4507 3574 4562 teta-

236 4579 460 4634 armati
475 4595 540 4633 ex
555 4583 794 4651 utraque
807 4582 968 4650 parte
985 4579 1464 4652 periculosissime
1483 4580 1792 4636 convenire
1804 4584 1862 4636 et
1963 4583 2105 4646 tem,
2123 4579 2485 4651 parentelam
2499 4579 2710 4634 suimet
2737 4596 2978 4638 omnem
3002 4586 3120 4641 tam
3145 4602 3380 4646 morum
3397 4608 3574 4665 quam

238 4670 443 4743 plures
460 4667 576 4723 vita
591 4667 872 4723 deberent
894 4683 1112 4735 carere,
1134 4667 1242 4723 nisi
1265 4668 1422 4739 quod
1442 4668 1662 4724 domna
1677 4669 1857 4725 abba-

1963 4671 2197 4725 actuum
2226 4667 2508 4740 gravitate
2537 4675 2608 4711 οδο
2640 4668 2972 4728 inclitarum
3003 4681 3074 4717 σιτ
3101 4674 3382 4750 honorat;
3415 4683 3572 4756 quia,

1559 4822 1789 4880 VARUE
1829 4821 2226 4880 LECTIONES.

315 4935 389 4970 ω
421 4944 464 4982 s.
496 4943 514 4981 ι
544 4924 687 5007 in}.
765 4932 837 4967 σεο
863 4921 1000 5005 poni
1036 4920 1119 5007 Αἒ
1302 4928 1379 5007 Ἦ
1403 4920 1480 4975 ita
1508 4921 1582 5007 Αἒ
1615 4920 1687 5002 _S.
1730 4939 1782 5003 εξ.
1816 4924 1972 5005 ποίᾳ.
2024 4921 2282 5007 traheret
2421 5006 2428 5007 ί
2463 4927 2534 4962 m
2557 4918 2671 5007 ῌις
2688 4924 2868 5007 pergit
2892 4923 3012 5007 cod.
3050 4928 3132 5007 1....
3177 4935 3250 4972 ⁸³⁸
3271 4928 3354 5007 _VI
3381 4947 3566 5007 nonas

234 4999 536 5072 JPliiraddt
566 4997 595 5052 1
604 4998 665 5072 b1—
729 5004 802 5039 ωι
823 4992 1236 5072 είιίῃεηηάῃία,
1311 5000 1382 5036 σεδ
1409 4992 1666 5049 marchio
1684 4993 1990 5051 misnensis
2005 4993 2132 5050 add.
2159 4996 2239 5050 1c.
2314 4999 2385 5034 σεο
2407 4992 2631 5064 grauite
2653 4992 2706 5050 ιζ
2779 4992 2850 5038 ⁸⁸⁷
2873 5001 2967 5051 aut
2981 4996 3240 5058 inclitam
3261 5001 3560 5072 legendum.

237 5070 412 5142 Conf.
442 5071 594 5141 infra
624 5069 688 5138 V,
723 5072 808 5123 16.
834 5067 1101 5122 inclitum
1126 5068 1176 5121 1.

1769 5219 1992 5277 ΝΟΤΑΕ.

312 5330 454 5401 (524)
487 5324 787 5401 Ansfridus
824 5322 1133 5401 episcopus
1173 5319 1671 5401 ordinatusesta.
1705 5321 1830 5401 99f).

233 5478 567 5545 temporum
599 5467 1012 5545 div_ersitate,_l,
1045 5465 1226 5545 “~18.
1296 5533 1331 5545 ν
1377 5532 1411 5545 μ

309 5532 459 5612 (525)
494 5543 670 5597 Locus
686 5540 802 5602 ille,
822 5553 935 5612 quo
959 5540 1105 5612 hanc
1124 5532 1634 5612 Benedictinoruin
1645 5532 1834 5612 .abba-

233 5604 380 5674 tiam
436 5604 716 5678 condidit,
774 5604 1186 5665 nominabatur
1243 5605 1508 5672 Hohorst,
1567 5604 1835 5678 adiacens

232 5685 651 5761 Amersfordio.
679 5677 842 5761 illam
871 5680 990 5761 ipse
1019 5695 1109 5760 xxv
1137 5679 1260 5759 Kal.
1309 5679 1442 5734 Dec.
1476 5691 1632 5761 anno
1674 5677 1830 5757 ιοθδ,

231 5761 520 5834 regnante
536 5754 778 5813 Henrico
798 5755 868 5823 ιι,
885 5751 1117 5824 imperii
1136 5751 1187 5824 ej
1196 5765 1260 5805 us
1280 5763 1435 5804 anno
1455 5751 1656 5822 quinto
1674 5751 1836 5804 inau-

1935 5316 2181 5390 guravit,
2209 5315 2376 5390 eique
2438 5333 2651 5390 novum
2712 5334 2930 5375 nomen
2985 5319 3177 5376 Sancti
3229 5318 3547 5390 (Heiligen-

238 5388 393 5458 Obiit
443 5388 597 5456 anno
632 5399 787 5453 1010.
820 5388 898 5449 De
929 5410 998 5449 eo
1022 5388 1172 5448 'vide
1211 5392 1388 5447 etiam
1428 5392 1730 5462 Alpertum
1762 5391 1834 5446 de
1936 5388 2102 5478 berg)
2134 5388 2425 5514 imUposuit.
2467 5389 2528 5444 V.
2554 5393 2697 5445 Acta
2721 5391 2984 5447 Sanctor.
3022 5395 3063 5446 t.
3089 5392 3132 5459 ι,
3162 5388 3361 5448 mense

238 5478 565 5515 Ipmnnrnm
599 5467 946 5515 diversitate.
969 5468 1011 5515 l.
1045 5465 1226 5515 11-18.
1934 5478 1992 5515 D.
2025 5462 2152 5515 430.
2234 5477 2315 5513 RS.

1934 5478 1992 5534 p.
2025 5478 2152 5534 seu,

3438 5411 3540 5456 au.

2005 5477 2464 5603 νιξῖῦτὶιηί
2520 5532 2735 5588 mortui
2790 5533 3142 5589 adnotantur
3194 5532 3256 5590 in
3310 5535 3535 5598 Necrol.

1930 5602 2276 5660 Merseburg.
2307 5603 2416 5658 Jul.
2449 5607 2502 5658 2.

2005 5677 2132 5742 (527

2005 5677 2132 5742 (527
2188 5672 2254 5732 V.
2285 5674 2450 5729 Necr.
2481 5674 2745 5745 Merseb.,
2777 5672 2888 5732 Jul.
2925 5677 2992 5734 l2
3015 5679 3074 5735 et
3105 5677 3197 5741 13.

2002 5678 2159 5824 (528;
2188 5745 2380 5820 Hujus
2408 5759 2517 5820 pro
2544 5762 2681 5805 suae.

2188 5745 2380 5820 Hujus
2408 5759 2517 5820 pro
2544 5762 2681 5805 suae.
