3960 6182
485 408 620 468 1263

484 622 624 688 ιν,4,
645 620 752 690 36).
772 619 827 673 Is
850 621 978 689 post
1007 618 1217 672 multas
1244 617 1532 672 bellorum
1565 616 1922 688 asperitates,
1943 632 2088 689 quas

481 724 612 764 cum
641 709 806 780 patre
861 723 962 762 suo
1016 705 1330 762 Guntherio
1357 714 1450 773 διο,
1484 705 1556 760 ab
1588 706 1810 760 honore
1842 721 1943 758 suo
1991 704 2087 758 diu

481 813 776 868 suspenso,
799 812 1102 868 perpessus
1121 797 1225 862 est,
1250 795 1322 850 ad
1345 794 1593 866 gratiam
1614 792 1982 866 imperatoris
2006 808 2089 846 se-

479 883 654 940 cundi
676 884 922 956 [Ottonis
942 889 1036 951 M1]
1064 887 1123 940 et
1143 884 1217 939 ad
1239 884 1488 955 patriam
1508 882 1828 937 honoriﬁce
1852 897 1984 935 cum
2000 897 2088 936 re-

481 975 725 1042 mearet,
751 972 1066 1028 Thietmari
1124 972 1352 1028 comitis
1380 972 1613 1026 viduam
1658 975 1715 1024 et
1769 970 2088 1025 Bernhardi

481 1062 639 1118 ducis
668 1070 739 1104 δη
769 1078 1052 1128 sororem,
1089 1061 1327 1117 nomine
1383 1060 1800 1115 Suonehildam
1837 1060 2000 1128 (5’29),
2028 1059 2088 1113 in

480 1151 921 1207 matrimonium
937 1151 1040 1206 sibi
1054 1150 1431 1222 copulavit,ex
1443 1165 1624 1220 eaque
1639 1147 2089 1220 primogenitam

481 1240 719 1296 nomine
753 1240 1138 1311 Liudgerdam
1180 1238 1476 1311 acquisivit
1531 1237 1730 1291 filiam.
1767 1236 2090 1290 Liutharius

480 1333 678 1385 autem
710 1346 776 1384 ex
805 1329 959 1383 clara
976 1328 1306 1399 Thuringiae
1335 1325 1803 1398 septentrionalis
1819 1325 2090 1396 prosapia

481 1417 687 1485 editus,
715 1433 848 1472 cum
874 1417 960 1471 vir
1009 1416 1193 1471 factus
1231 1419 1466 1470 aetatem
1518 1413 1824 1469 virtutibus
1853 1429 2088 1485 supera-

480 1508 570 1558 ret
587 1513 678 1573 m;
707 1521 954 1577 cumque
966 1504 1217 1559 secundo
1241 1505 1490 1558 multum
1509 1502 1684 1556 karus
1703 1505 1850 1556 esset
1869 1501 2086 1570 Ottoni,

481 1593 606 1663 ejus
621 1594 826 1649 auxilio
847 1593 1138 1665 quandam
1155 1592 1595 1646 matrimonium
1609 1589 1968 1657 6“,Godilam
1991 1605 2089 1644 no-

481 1683 662 1750 mine,
685 1699 753 1736 ex
773 1681 1111 1736 occidentali
1139 1682 1377 1752 regione
1401 1681 1673 1735 nobiliter
1695 1685 1893 1735 natam
1909 1679 2086 1752 (530),

479 1788 612 1827 cum
641 1771 872 1827 licentia
896 1770 1290 1826 Wirduncnsis
1320 1770 1581 1842 Wigfridi
1615 1771 1855 1842 presulis
1883 1787 2087 1825 conso-

1437 398 1823 459 THIETMARI
1860 397 2471 458 MERSEBURGENSIS
2510 399 2824 458 EPISCOPI

481 534 545 588 ut
563 529 808 604 legimus
836 544 848 584 :
881 528 1195 583 dedecorant
1218 527 1344 584 bene
1366 534 1498 582 nata
1531 536 1601 570 ωε
1631 526 1800 597 culpae
1831 535 1901 569 σεο
1929 526 2084 595 (Hon.
2111 527 2166 588 A
2192 524 2335 580 meis
2357 523 2641 591 Heinrico,
2668 525 2984 624 Frithedy»
3003 570 3065 610 ,Χ

3587 389 3678 474 δεῖ.

3095 509 3121 590 3
3146 497 3678 590 matrem’e‘ﬁ'ibusonti-

2198 532 2335 580 meis
2357 532 2641 591 Heinrico,
2669 532 2857 582 Frithe
2877 548 2984 624 ὑφ’
3003 532 3679 636 ‘xi‘uuv‘mufﬁ‘ﬁhusopli.

2198 613 2307 668 mis
2324 615 2528 668 urbem
2551 614 2836 686 prefatam
2860 589 3494 726 ὶοοξῑῗᾶἰὲῗίρὲἵίηίιυθ
3509 627 3684 679 suamet

2198 704 2571 726 ..-Ι--,.ι-..ι-....
2609 707 2657 726 ,ι
2688 705 3017 726 -1-...---ι-..,
3162 706 3370 726 __“-,_-,,,
3425 725 3428 726 ν
3587 712 3594 721 ⁶
3668 714 3680 726 ι

2198 704 2578 758 reluctantem
2605 707 2662 758 et
2682 705 3024 759 clamantem
3048 704 3058 746 ἶ
3075 704 3392 774 Εὶῖϋῑεπεῐις,
3414 725 3521 764 cum
3534 712 3619 765 suis
3632 714 3683 769 ad

2198 791 2482 847 Wallibiki
2513 795 2659 848 letus
2712 797 2770 848 et
2821 793 3122 850 incolomis
3158 797 3413 866 pervenit,
3443 798 3575 862 Quod
3593 818 3689 856 cum

2195 882 2482 936 abbatissa
2503 883 2572 937 ab
2595 887 2750 939 certo
2767 900 2892 938 com
2902 885 3114 956 periret
3131 886 3333 957 legato,
3350 888 3557 958 graviter
3572 906 3692 944 com-

2195 974 2353 1025 mota
2373 971 2597 1025 cunctis
2619 971 2678 1030 (f.
2701 972 2810 1038 Μ’)
2837 973 2944 1028 hoc
2965 973 3538 1047 principibuslacrimis
3555 978 3696 1050 queri-

2193 1061 2285 1112 tur
2309 1060 2544 1125 obortis,
2573 1077 2784 1131 rogans
2811 1078 2876 1116 ac
2903 1062 3243 1134 precipiens,
3274 1066 3524 1119 utarmati
3547 1083 3696 1122 omnes

2192 1147 2452 1216 publicos
2496 1149 2689 1203 hostes
2745 1151 3009 1204 celeriter
3044 1151 3478 1223 insequerentur,
3505 1171 3557 1208 ac
3579 1163 3632 1197 “1
3656 1160 3700 1210 ut

2192 1236 2373 1308 captis
2398 1253 2498 1291 seu
2527 1237 2723 1292 occisis
2753 1238 3033 1310 virginem
3067 1240 3175 1295 sibi
3208 1241 3458 1296 reducere
3485 1259 3699 1298 conaren-

2191 1327 2304 1378 tur.
2331 1326 2443 1379 Nec
2465 1343 2649 1393 mora,
2673 1328 2833 1397 jussa
2854 1329 2975 1384 haec
2997 1329 3162 1383 miles
3182 1335 3423 1384 armatus
3451 1334 3701 1388 accelerare

2191 1414 2510 1481 contendit,
2543 1418 2602 1470 et
2626 1415 2960 1488 priusquam
2988 1417 3192 1473 urbem
3220 1419 3482 1474 munitam
3508 1419 3704 1492 adtinge-

2189 1507 2340 1570 rent,
2369 1505 2603 1558 eosdem
2627 1522 2730 1577 per
2745 1508 3158 1579 compendiosa
3177 1508 3391 1563 itineris
3404 1509 3705 1582 interruptos,

2189 1592 2241 1644 vi
2273 1608 2475 1663 capere
2501 1595 2586 1648 vel
2615 1594 2878 1650 occidere
2907 1612 3005 1650 seu
3029 1595 3281 1667 eﬁ‘ugare
3307 1599 3706 1656 anhelaviLCom-

2190 1685 2419 1753 pertum
2447 1686 2530 1736 est
2551 1686 2746 1738 autem
2774 1701 2807 1738 a
2836 1685 3168 1754 viatoribus,
3194 1687 3345 1759 quod
3369 1688 3575 1759 hi,quos
3599 1687 3706 1740 inse-

2191 1771 2535 1841 quebantur,
2550 1773 2740 1827 valida
2761 1789 2937 1828 manu
2955 1775 3272 1847 clausisque
3291 1777 3476 1847 portis,
3495 1777 3710 1847 notisjam

480 1860 634 1918 brini
660 1861 803 1932 ejus,
825 1860 933 1916 sibi
951 1861 1010 1915 in
1037 1861 1348 1933 conjugem
1370 1859 1740 1933 desponsavit
1761 1863 1818 1914 et
1843 1859 2086 1930 acquisi-
2117 1842 2170 1904 Β
2191 1860 2513 1931 gauderent
2543 1862 2834 1932 presidiis;
2868 1864 3008 1918 nulli
3057 1868 3256 1937 patere
3311 1866 3618 1938 ingressum;
3643 1870 3713 1920 aut

477 1949 580 2018 vit,
598 1967 726 2023 quae
752 1950 978 2022 peperit
1000 1954 1057 2004 et
1073 1951 1132 2004 in
1159 1950 1330 2005 tertio
1353 1949 1577 2005 decimo
1598 1949 1784 2004 aetatis
1800 1965 1919 2004 suae
1933 1965 2086 2003 anno

477 2039 958 2113 primogenitum,
997 2041 1175 2111 patris
1203 2040 1290 2095 sui
1323 2039 1563 2095 nomine
1590 2040 1888 2110 appellans
1915 2037 2089 2094 Wiri-

480 2129 750 2184 nharium
777 2137 869 2184 διδ.
904 2129 1018 2185 Sed
1059 2145 1191 2184 cum
1220 2130 1346 2185 duae
1376 2129 1726 2201 propagines
1771 2128 1913 2195 istac,
1947 2145 2090 2201 puer

479 2217 720 2290 inquam
761 2221 820 2272 et
849 2219 1058 2290 puella,
1093 2235 1159 2272 ex
1199 2221 1321 2272 tam
1353 2217 1706 2272 nobilissime
1733 2217 1860 2271 vitis
1896 2217 2090 2272 radice

478 2305 867 2373 emersissent,
877 2305 1125 2376 jamjam
1157 2305 1434 2378 paulatim
1459 2306 1532 2360 ad
1552 2306 1947 2360 maturitatem
1974 2306 2091 2360 fru-

479 2396 602 2449 ctus
631 2395 964 2466 pertingere
994 2394 1203 2448 inclitis
1232 2394 1506 2448 virtutum
1537 2394 1697 2448 scalis
1731 2394 2083 2450 nitebantur.

479 2481 593 2537 Sed
624 2481 946 2537 Liutliarius
972 2499 1187 2551 comes,
1220 2486 1282 2537 ut
1310 2483 1514 2554 puellae
1552 2482 1701 2537 illius
1746 2483 2000 2537 formam
2031 2485 2089 2538 et

477 2571 1943 2642 conversationembonamprimopersensit,qualiter
1954 2586 2087 2626 eam

474 2659 653 2730 (1⁸.64)
676 2660 1036 2716 consociaret
1063 2660 1181 2715 ﬁlio
1212 2677 1335 2728 suo,
1358 2659 1570 2714 mentis
1599 2663 1822 2714 secreto
1854 2675 2090 2730 semper.

474 2749 666 2803 volvit.
697 2750 766 2804 Et
789 2749 864 2804 ad
895 2749 1163 2804 ultimum
1189 2765 1528 2822 erumpens,
1547 2765 1652 2820 per
1674 2748 1874 2802 ﬁdeles
1902 2747 2082 2802 inter-

468 2838 708 2893 nuntios
737 2837 1066 2893 Ekkihardo
1087 2841 1226 2893 tunc
1250 2838 1574 2893 marchioni
1607 2837 1956 2893 desiderium
1983 2837 2081 2893 diu

471 2927 655 2983 latens
671 2935 742 2970 σω
757 2927 984 2998 aperuit
1000 2943 1065 2982 ac
1083 2927 1348 2982 celeriter
1366 2927 1445 2982 im
1452 2925 2081 2998 petravit.Convenien-

469 3016 623 3072 tibus
651 3019 786 3072 tunc
812 3016 875 3071 in
895 3031 1078 3072 unum
1099 3016 1482 3071 familiaribus
1505 3015 1848 3082 eorundem,
1866 3030 1970 3086 pro
1980 3013 2083 3069 mi-

468 3104 542 3159 sit
572 3104 829 3177 legitime
860 3104 1230 3160 Ekkihardus
1256 3105 1572 3174 Liuthario,
1601 3105 1850 3159 eandem
1881 3120 1938 3158 se
1961 3102 2077 3157 ﬁlio

2195 1949 2334 2002 velle
2366 1951 2536 2018 mori,
2567 1954 2666 2005 aut
2695 1968 2753 2005 se
2794 1951 2871 2006 ibi
2902 1961 2971 1994 ⁸⁵1
3007 1952 3342 2022 defendere,
3382 1959 3435 2009 et
3461 1969 3714 2026 numquam

2193 2037 2290 2090 ulli
2312 2046 2381 2079 δεῖ
2403 2054 2673 2108 sponsam
2696 2039 3092 2104 reddere.Quo
3115 2043 3312 2098 audito
3333 2041 3610 2097 admodum

2192 2124 2262 2180 tis
2293 2125 2549 2194 etfectus,
2582 2127 2904 2182 revertitur.
2942 2128 3268 2185 Liutharius
3318 2136 3517 2198 autem,
3546 2135 3594 2185 et
3624 2147 3716 2184 cum

2192 2231 2260 2269 eo
2309 2215 2558 2270 Alfricus
2609 2217 2820 2282 senior,
2864 2216 3144 2290 milesque
3203 2219 3423 2275 comitis
3473 2217 3716 2275 Ekkihardi

2188 2303 2548 2359 Thietmarus
2579 2305 3024 2375 proﬁciscentes,
3039 2309 3396 2363 voluntatem
3414 2325 3608 2380 sponsae
3627 2323 3719 2378 per-

2191 2393 2446 2464 quirunt,
2481 2411 2652 2465 seque
2684 2395 2902 2449 ibidem
2935 2399 3071 2449 tunc
3113 2413 3353 2452 manere
3390 2398 3543 2451 malle
3589 2410 3718 2467 quam

2189 2482 2419 2550 reverti,
2452 2483 2585 2536 satis
2609 2483 2750 2537 certi
2782 2484 2854 2538 ab
2885 2485 3088 2538 eadem
3121 2485 3336 2551 etl'ecti,
3357 2485 3566 2540 domnae
3592 2484 3720 2538 abba-

2189 2571 2337 2626 tissae
2359 2580 2430 2613 653
2451 2573 2784 2643 caaterisque
2802 2574 2925 2627 haec
2953 2590 3232 2646 responsa
3252 2576 3590 2630 intimabant.
3613 2573 3721 2627 Con~

2188 2660 2396 2714 sulenti
2423 2663 2559 2714 tunc
2587 2661 2658 2715 de
2687 2661 2891 2716 talibus
2920 2663 3203 2735 primates
3233 2662 3724 2730 abbatissm,dictum

2189 2752 2273 2804 est
2300 2749 2372 2803 ab
2397 2749 2504 2815 his,
2534 2749 2689 2821 quod
2718 2749 2823 2804 sibi
2855 2749 3146 2806 videretur
3176 2753 3478 2824 optimum,
3506 2752 3557 2806 in
3582 2751 3723 2819 Maga-

2187 2836 2411 2908 daburg
2439 2837 2565 2891 ﬁeri
2595 2841 2969 2906 conventum,
2995 2839 3104 2893 huc
3122 2857 3402 2911 sponsum
3429 2856 3548 2895 cum
3575 2841 3724 2894 conte-

2185 2926 2316 2981 ctali
2335 2926 2552 2992 venire,
2574 2925 2939 2981 auxiliatores
2965 2943 3198 3000 quoque
3225 2946 3427 2985 omnes
3455 2933 3544 2984 aut
3567 2944 3616 2982 se
3633 2940 3727 2980 reos

2183 3015 2259 3068 ibi
2287 3017 2640 3083 presentare,
2663 3018 2763 3068 aut
2779 3014 3086 3070 damnatos
3112 3017 3539 3090 fugere.Sicque
3560 3016 3730 3071 factum

2183 3107 2266 3157 est
2287 3105 2394 3176 (an.
2414 3103 2909 3176 999).Conﬂuente
2939 3104 3202 3160 maxima
3233 3107 3368 3162 illuc
3397 3103 3728 3164 multitudine,

467 3209 570 3249 suo
594 3193 866 3249 daturum
890 3193 950 3247 in
973 3210 1234 3260 uxorem,
1261 3211 1426 3248 more
1448 3209 1549 3248 suo
1578 3196 1636 3248 et
1644 3194 1776 3264 jure
1798 3191 2079 3265 presenti—
2107 3193 2156 3255 G
2182 3191 2554 3247 Wirinharius
2583 3207 2716 3247 cum
2739 3191 2852 3247 suis
2883 3194 3361 3265 cooperatoribus
3385 3194 3540 3251 nudis
3551 3189 3733 3266 provol-

467 3283 573 3337 bus
593 3283 812 3338 cunctis
832 3282 1208 3354 optimatibus
1229 3282 1545 3337 afﬁrmans.
1574 3282 1680 3346 Qui
1706 3290 1778 3324 6‘7
1805 3298 1938 3336 cum
1961 3285 2078 3335 ter-

465 3373 555 3426 cio
576 3370 773 3426 Ottoni
799 3372 1048 3425 multum
1068 3372 1341 3442 placeret,
1373 3375 1430 3425 et
1461 3371 1614 3441 apud
1641 3371 1893 3424 eundem
1925 3369 2077 3425 inter

467 3459 610 3514 alios
627 3459 906 3529 primates
936 3458 1254 3531 plurimum
1283 3460 1518 3526 valeret,
1543 3459 1736 3514 nescio
1765 3476 1878 3531 qua
1908 3475 2077 3514 causa

467 3548 831 3618 depravatus,
843 3549 1079 3619 pactum
1090 3547 1419 3602 ﬁrmissime
1434 3547 1750 3602 stabilitum
1766 3547 2076 3602 interrum-

467 3653 605 3710 pere
627 3653 804 3710 quam
825 3635 1078 3692 maxime
1098 3641 1360 3694 conatur.
1385 3637 1550 3702 Quod
1564 3653 1700 3692 mox
1717 3636 2075 3691 Liutharium

468 3742 587 3782 non
612 3725 800 3796 latuit,
832 3730 891 3782 et
912 3729 976 3780 ut
1003 3726 1112 3781 hoc
1137 3743 1212 3781 ne
1242 3727 1430 3795 ﬁeret,
1459 3726 1630 3781 anxia
1658 3730 1856 3782 mente
1886 3725 2076 3780 volve-

469 3817 539 3873 ba
548 3818 948 3889 t.Imperatore
963 3819 1024 3871 ct
1043 3816 1374 3872 Ekkihardo
1390 3816 1607 3888 pariter
1627 3819 1765 3871 tunc
1786 3815 1858 3870 in.
1869 3816 2076 3870 Roma-

467 3906 568 3961 nia
601 3909 1003 3962 commorante
1053 3906 1164 3976 (an.
1199 3908 1343 3975 998),
1377 3905 1686 3960 commissa
1743 3908 1868 3960 erat
1904 3903 2075 3976 regni

467 3995 629 4051 istius
658 4011 796 4050 cura
819 3994 1133 4051 venerabili
1159 3994 1460 4049 abbatissa:
1475 3994 1752 4060 Mathildi,
1769 3994 1840 4048 de
1867 4009 1982 4065 qua
2003 4000 2073 4034 σω

466 4085 726 4156 superius
757 4084 1102 4152 memoravi,
1152 4083 1212 4139 in
1253 4083 1414 4154 cujus
1447 4082 1675 4138 civitate
1711 4081 2076 4154 Quidilinga-

467 4175 617 4246 burg
636 4183 706 4217 διν
735 4177 1066 4246 nuncupata
1096 4174 1289 4244 puella
1313 4174 1436 4227 haec
1466 4172 1837 4228 educabatur.
1854 4172 1940 4226 Fit
1967 4188 2075 4244 pu-

466 4263 648 4318 blicus
664 4262 723 4318 in
741 4263 1071 4335 Darniburg
1095 4262 1244 4335 (531)
1271 4261 1573 4317 abbatissae
1593 4262 1879 4334 totiusque
1907 4278 2076 4316 sena-

464 4355 558 4407 tus
586 4355 647 4408 in
699 4369 880 4408 unum
935 4355 1267 4408 conventus.
1295 4351 1535 4406 Interim
1579 4351 1971 4419 Wirinharius,
2013 4355 2076 4406 ut

466 4443 735 4510 arbitror,
763 4460 881 4499 non
910 4442 1149 4498 consilio
1181 4441 1381 4513 patris,
1402 4441 1502 4496 sed
1528 4456 1728 4496 amore
1756 4441 2001 4512 virginis
2016 4445 2075 4496 et

465 4531 539 4587 ob
554 4534 776 4587 metum
807 4531 1098 4586 manifesti
1113 4539 1184 4573 οδο
1203 4530 1670 4603 ἀεᾶθοοιεὶεέοιιηι
1683 4530 2070 4586 confratribus

2177 3279 2327 3334 vitur
2337 3279 2598 3350 pedibus,
2614 3297 2854 3336 uxorem
2869 3282 3080 3337 reddit.
3101 3283 3347 3340 Veniam
3365 3284 3433 3339 de
3446 3278 3733 3339 commissis-

2177 3369 2284 3425 sibi
2303 3370 2530 3442 suisque
2561 3370 2767 3426 auxilio
2799 3371 3127 3444 principum
3173 3383 3246 3416 συ
3279 3373 3552 3446 promissa
3575 3384 3732 3426 emen-

2178 3459 2410 3514 datione
2465 3460 2806 3531 promeruit.
2859 3460 2971 3516 Sed
3027 3464 3375 3519 venerabilis
3405 3463 3462 3518 in
3513 3459 3734 3518 omnibus

2175 3547 2456 3603 Malitildis
2467 3548 2630 3605 finito
2647 3549 2932 3622 colloquio
2952 3549 3301 3607 Liuderdam
3317 3561 3388 3594 658
3402 3566 3583 3607 secum
3595 3546 3733 3612 duxit,

2177 3653 2295 3692 non
2326 3654 2432 3708 pro
2458 3638 2805 3708 retentione,
2829 3639 2930 3694 sed
2955 3657 3059 3712 pro
3081 3641 3314 3698 timoris
3340 3650 3412 3684 “6
3432 3639 3615 3712 magni
3631 3651 3735 3691 con-

2177 3725 2530 3781 ﬁrmatione.

2247 3821 2299 3872 2.
2333 3816 2396 3889 (f.
2417 3817 2508 3888 65)
2539 3817 2711 3872 Bonae
2741 3820 2938 3873 autem
2970 3827 3040 3861 δεῖ
3071 3819 3291 3876 suimet
3319 3818 3613 3876 voluntatis
3635 3829 3739 3887 pro-

2175 3905 2428 3977 positum
2456 3908 2737 3976 preventu
2778 3906 3092 3964 subitaneus
3137 3909 3351 3965 mortis
3403 3907 3736 3977 interruptum

2176 3995 2555 4066 est.Namque
2577 3998 2707 4068 post
2725 4012 2940 4068 paucos
2967 3997 3110 4066 dies,
3132 4015 3270 4054 cum
3293 4001 3422 4055 haec
3445 3997 3516 4054 ad
3542 3999 3700 4052 locum
3717 4007 3741 4044 ει

2176 4084 2294 4138 Deo
2315 4083 2420 4138 sibi
2442 4087 2712 4154 paratum
2738 4084 2978 4152 veniret,
3001 4086 3285 4142 continuo
3314 4087 3616 4150 inﬁrmata,
3637 4083 3740 4135 Ber-

2177 4171 2476 4227 nwardum
2507 4180 2598 4240 058,
2632 4175 2846 4228 sancta:
2873 4173 3403 4231 Hillinessemensis
3426 4183 3496 4217 σεο
3519 4170 3741 4229 ecclesiae

2174 4264 2312 4316 tunc
2360 4265 2675 4333 pastorem,
2706 4261 2946 4329 vocavit,
2977 4266 3036 4317 et
3090 4267 3334 4336 accepta
3380 4264 3450 4318 ab
3496 4279 3558 4317 eo
3603 4269 3739 4330 quam

2174 4351 2479 4422 postulavit
2508 4350 2891 4422 indulgentia,
2920 4354 2950 4406 8
2982 4350 3114 4405 ldus
3156 4352 3460 4408 Februarii
3486 4349 3741 4406 hominem

2174 4440 2330 4496 exuit
2354 4439 2692 4495 interiorem
2718 4448 2809 4507 660,
2837 4441 3174 4513 sepultaque
3208 4445 3302 4496 est
3346 4442 3408 4496 in
3435 4437 3663 4495 aecclesia
3687 4430 3740 4486 ad

2173 4532 2346 4602 caput
2375 4527 2463 4583 avi
2503 4528 2714 4584 suimet
2755 4528 2907 4600 regis
2936 4527 3186 4584 Heinrici
3220 4530 3401 4604 (532).
3430 4529 3543 4585 Hoc
3579 4525 3742 4582 funere

1771 4655 2000 4710 vanus
2058 4633 2458 4711 LECTIONES.

531 4753 602 4788 οδε
661 4746 736 4799 ita
792 4747 870 4800 lc.
929 4743 1142 4799 benata
1198 4746 1282 4800 ia.

1393 4752 1463 4817 σξιο
1520 4742 1792 4817 legimus:
1845 4745 2021 4817 valde
2077 4745 2216 4800 mali
2270 4761 2464 4800 mores
2508 4745 2832 4817 ideturpant
2869 4743 3194 4817 nobiliores
3249 4749 3306 4802 2.
3387 4752 3459 4786 διο
3508 4743 3526 4798 i
3573 4751 3740 4817 era:in

463 4819 514 4871 1.
588 4825 658 4858 σιί
701 4814 925 4872 Ottonis
953 4814 1080 4871 add.
1119 4817 1196 4890 lc.
1251 4823 1344 4890 _w
1395 4815 1466 4870 de
1516 4805 1805 4890 vaiburg
1847 4816 1978 4873 add.
2034 4820 2114 4872 lc.
2191 4825 2262 4859 σω
2294 4818 2370 4870 ita
2402 4816 2650 4890 ridetur
2690 4805 2997 4890 legendum.
3057 4820 3482 4890 superare‘la.
3536 4830 3580 4890 ς.
3631 4805 3738 4890 v._f-

458 4891 624 4957 esset,
659 4904 712 4943 a.
746 4905 796 4943 v.
823 4902 1095 4959 superare
1129 4886 1417 4941 nitebatur
1450 4891 1526 4942 lc.
1561 4904 1611 4943 c.
1645 4904 1696 4944 ν.
1730 4883 1954 4942 Ϊ.’θεεθι
1981 4905 2035 4943 a.
2066 4905 2117 4944 v.
2152 4887 2564 4959 superavitgA.
2604 4886 2669 4942 S.
2746 4883 2818 4928 3“
2851 4883 3182 4944 matrOnain
3213 4891 3290 4944 Α.
3341 4884 3406 4943 S.
3453 4887 3490 4942 ι.
3512 4883 3578 4959 λι.
3615 4885 3738 4959 τρίζε-

457 4967 528 5001 σιδ
553 4948 995 5014 uuurinharium
1023 4964 1084 5012 ut
1113 4959 1321 5030 videtur
1353 4962 1438 5013 la.
1469 4959 1904 5014 uuerinharium
1935 4965 2012 5014 lc.
2090 4968 2162 5003 δια
2192 4948 2279 5014 Ιῖα
2317 4960 2395 5014 Α.
2439 4958 2503 5014 S.
2539 4959 2575 5012 ἰ.
2625 4959 2660 5013 ι.
2693 4959 2887 5030 lateris
2920 4959 2970 5016 1.
3048 4967 3117 5001 δεῖ
3148 4959 3224 5013 ie
3254 4956 3609 5030 (kkihardus)
3639 4948 3738 5030 add.

459 5033 538 5086 lc.
616 5039 686 5073 οη
702 5046 830 5104 quo
865 5033 1061 5104 LEM
1088 5029 1517 5104 quidi_li_ngabur
1550 5035 1600 5085 1.
1676 5038 1747 5072 οδο
1775 5031 2068 5104 manifesti
2098 5035 2153 5104 l.
2225 5038 2293 5104 “fi
2320 5030 2447 5084 add.
2486 5031 2568 5085 ib.
2646 5037 2717 5071 σθ’
2735 5029 2815 5083 illi
2834 5045 2970 5085 corr.
2996 5031 3093 5085 ulli
3130 5034 3179 5089 1.

3297 5039 3372 5072 σεδ
3403 5026 3643 5084 abbatise
3673 5025 3738 5076 la.

453 5109 525 5145 σει
554 5104 630 5158 ita
659 5099 754 5160 ib:
819 5108 891 5144 ⁸⁸⁵
919 5099 1016 5157 Sic
1042 5099 1209 5172 me
1238 5099 1608 5156 Liukerdam.
1685 5109 1758 5143 σεο
1788 5102 2007 5157 amoris
2033 5105 2084 5158 2.
2117 5102 2194 5156 A.
2224 5101 2287 5157 S.
2327 5119 2379 5156 a.
2417 5104 2540 5156 999.
2619 5108 2688 5142 657
2717 5105 2911 5155 autem
2940 5116 3152 5156 erasum
3176 5103 3232 5155 in
3264 5101 3390 5158 cod.
3421 5106 3476 5170 i;
3508 5104 3738 5163 exstalap.

521 5174 600 5233 A.
628 5174 694 5232 S.
771 5181 842 5217 "8
863 5189 923 5228 n.
957 5188 1166 5229 erasum
1200 5177 1249 5228 1.
1327 5181 1398 5215 οιο
1424 5172 1935 5229 billinessemensis
1969 5177 2054 5229 la.
2094 5174 2304 5245 saepius.
2381 5181 2452 5214 σθο
2490 5172 2657 5242 Lege:
2701 5173 3066 5232 exteriorem.

1980 5299 2209 5358 ΝΟΤᾹΞ.

515 5405 664 5479 (529)
691 5405 830 5479 Ijilia
859 5405 967 5479 fuit
993 5405 1332 5479 Hierimanni
1360 5406 1586 5479 Billung
1614 5406 1792 5463 ducis.

485 5475 830 5554 .(530)_Fi_l_ia
857 5478 966 5532 fuit
1011 5477 1370 5538 Werinharii.
1400 5475 1832 5535 ConKMeibom
1861 5479 2041 5536 Chro-

439 5547 612 5600 nicon
645 5547 921 5603 Walbecc.

505 5617 656 5694 $531)
683 5620 1042 5694 ﬁerenburg,
1083 5620 1427 5694 oppidulum
1474 5621 1638 5694 adtl.
1663 5621 2028 5694 ,Holtemme,

436 5687 606 5744 urbes
615 5687 1075 5750 Hatberstadium
1089 5687 1149 5749 et
1161 5687 1638 5768 Wernigerodam
1655 5687 2024 5767 interiacens,

2143 5407 2365 5484 duobus
2388 5406 2560 5484 leucis
2582 5424 2628 5484 a_
2647 5406 3050 5484 Quedlinburg
3067 5406 3308 5484 distans.
3342 5406 3477 5484 Uss.
3526 5473 3560 5484 υ

2211 5482 2359 5551 (5.32)
2391 5479 2554 5535 Conf.
2602 5471 2754 5534 Ann.
2785 5471 3117 5547 Quedlirib.,
3149 5496 3180 5532 a
3209 5481 3342 5551 999,
3378 5477 3471 5533 ubi
3509 5471 3716 5551 dies-ta-

2140 5540 2276 5606 men
2303 5540 2636 5606 emortualis
2663 5540 2944 5605 Matlfildis
2976 5540 3182 5606 dicitur
3209 5540 3388 5605 fuisse
3419 5563 3488 5601 vn
3517 5545 3592 5598 ld.
3626 5540 3711 5594 Fe-

2133 5621 2370 5695 bruarii.
2406 5624 2492 5695 Ita
2519 5625 2576 5695 e_t
2605 5622 2827 5695 Necrol.
2861 5622 3213 5695 Luneburg;
3248 5637 3305 5679 v1
3324 5620 3406 5678 Id.
3439 5617 3594 5676 Febr.
3621 5611 3710 5666 ha-

2137 5693 2238 5751 bet
2261 5693 2492 5754 Necrol.
2526 5693 2689 5752 Fuld.
