3954 6180
243 435 359 502 1265

1476 415 1899 477 CHRONICON.
1932 445 2001 457 —
2029 415 2158 472 LIB.
2189 412 2289 474 ιν.

3434 430 3572 490 1266

245 554 542 635 inperatrix
564 534 944 611 Ethelheidis
959 555 1028 592 σοι
1049 548 1236 604 mater
1255 542 1513 615 ejusdem
1526 553 1832 635 supramo-
1850 529 1906 602 Α
1928 536 2109 635 pitur.
2151 537 2422 594 Decursis
2446 541 2588 596 tunc
2617 536 2834 595 Milcini
2861 541 3159 615 terminis,
3187 546 3322 605 huic
3348 549 3422 606 ad
3451 549 3579 609 Die-

245 628 363 709 dum
380 645 628 710 turbata,
647 643 716 696 ad
741 641 1160 711 imperatorem
1186 633 1452 689 nuntium
1473 628 1750 701 misit,qui
1771 630 1829 682 et

245 740 437 798 obitum
482 734 604 804 ejus
663 729 790 785 huic
845 727 1238 782 innotesceret
1267 731 1359 789 οδε,
1394 725 1450 775 et
1489 719 1824 790 equivocam

242 845 384 885 suam
410 839 670 880 sororem
702 820 824 891 ejus
854 816 987 871 huic
1017 813 1322 870 succedere
1351 810 1686 883 postularet.
1723 806 1824 860 Ce-

243 935 325 974 sar
353 914 451 990 piis
472 925 763 967 assensum
785 907 1039 978 prebens
1061 901 1379 967 desideriis,
1402 899 1592 954 amitae
1615 896 1827 951 suimet

247 988 431 1063 necem
452 1001 713 1066 deﬂet,et
728 995 1036 1052 abbaciam
1051 994 1270 1048 dilectas
1295 988 1504 1044 suimet
1530 1000 1824 1059 germanae

241 1111 330 1170 per
354 1091 682 1148 Becelinum
710 1083 1056 1158 portitorem
1089 1089 1160 1170 οδε
1199 1081 1344 1147 (533)
1387 1078 1617 1170 γίνῃ-5
1653 1075 1825 1143 longe

172 1207 176 1212 -
238 1163 510 1240 commisit
541 1193 734 1242 aurea,
765 1176 820 1228 et
854 1175 917 1226 ut
947 1172 1021 1226 ab
1073 1168 1340 1240 episcopo
1388 1163 1829 1220 benediceretur

239 1270 481 1331 Arnulfo,
505 1265 784 1340 precepit.
804 1259 1182 1317 [Ethelheidis
1206 1265 1277 1299 θαι
1297 1258 1493 1310 autem
1513 1249 1829 1340 inperatrix

237 1362 443 1425 urbem,
481 1339 612 1429 quae
645 1354 803 1409 Celsa
828 1349 972 1421 (534)
1001 1351 1259 1412 vocatur,
1282 1344 1519 1400 interim
1553 1350 1624 1384 665
1668 1339 1830 1396 ediﬁ-

237 1466 377 1515 cans,
407 1444 665 1502 collectis
694 1441 907 1496 ibidem
935 1436 1258 1502 monachis,
1292 1433 1679 1502 omnibusque
1708 1444 1833 1501 per-

235 1537 400 1601 fectis,
430 1536 495 1590 in
539 1532 748 1587 eodem
789 1543 942 1583 anno
993 1527 1058 1581 16
1105 1525 1226 1578 Kal.
1273 1520 1529 1576 Januarii
1574 1518 1834 1590 gaudens

237 1624 490 1700 appeciit,
523 1621 596 1676 de
621 1618 824 1691 quibus
845 1618 972 1670 orta
997 1613 1106 1668 fuit
1125 1613 1278 1685 (535)
1301 1628 1316 1678 ;
1350 1610 1511 1680 cujus
1536 1606 1835 1700 fideli‘ser-

234 1695 353 1772 vitio
368 1715 528 1786 justa
555 1723 1007 1779 recompensans
1033 1702 1255 1775 premia
1285 1703 1453 1766 Deus,
1470 1698 1544 1753 ad
1569 1695 1834 1750 tumbam

235 1806 342 1877 ejus
367 1803 624 1876 plurima
644 1797 817 1855 hodie
839 1797 1112 1866 operatur
1125 1789 1589 1877 miracula.l’apa
1607 1798 1837 1877 quoque

235 1873 711 1965 Gregorius,bene
733 1883 1018 1958 dispositis
1041 1883 1241 1936 Roma
1271 1876 1563 1941 omnibus,
1588 1877 1625 1928 2
1649 1873 1837 1928 Nonas

239 1963 523 2038 Februarii
549 1973 1011 2042 obiit,Gerberto
1045 1969 1151 2025 sibi
1189 1984 1325 2023 mox
1357 1963 1703 2020 succedente
1743 1968 1833 2015 σεο.

295 2073 377 2126 28.
413 2071 552 2124 Post
581 2068 708 2121 hac
737 2063 1058 2135 imperator
1104 2056 1409 2114 Gisilerum
1455 2049 1837 2122 archiepisco-

232 2175 380 2232 pum,
413 2175 481 2214 eo
518 2153 680 2229 quod
711 2153 852 2208 duas
890 2151 1117 2204 teneret
1157 2141 1484 2218 parochias,
1536 2139 1596 2194 in
1633 2139 1837 2194 sinodo

235 2227 496 2302 accusans
517 2227 1079 2312 Domana,judiciali
1103 2236 1160 2306 (1⁵.
1197 2233 1301 2303 65’)
1314 2248 1448 2287 eum
1462 2227 1751 2284 sententia
1767 2227 1838 2282 ab

232 2335 400 2392 ofﬁtio
430 2331 713 2405 suspendi
739 2345 804 2384 ac
834 2344 937 2400 per
961 2322 1354 2380 internuntios
1409 2319 1480 2374 ab
1523 2315 1839 2405 apostolico

234 2425 471 2481 eundem
504 2403 605 2478 illo
630 2418 822 2476 vocari
844 2415 1102 2490 precepit
1123 2413 1290 2482 (536).
1321 2407 1430 2474 Qui
1454 2411 1588 2462 tunc
1611 2403 1843 2478 paralisi

236 2531 546 2587 percussus,
584 2526 719 2566 cum
753 2510 862 2563 huc
892 2506 1085 2561 venire
1119 2501 1408 2574 nequiret,
1443 2498 1843 2552 Rotmannum

233 2585 377 2658 misit
408 2601 709 2664 clericum,
739 2597 835 2670 qui
859 2597 1221 2667 juramento,
1253 2589 1301 2643 si
1330 2587 1498 2643 aliter
1513 2602 1630 2640 non
1646 2585 1842 2639 crede-

240 2694 408 2758 retur,
438 2707 498 2746 se
531 2689 850 2744 excusaret.
884 2683 1042 2738 Datis
1093 2686 1220 2736 tum
1263 2675 1506 2732 induciis
1557 2673 1842 2739 diﬂ'ertur,

230 2798 398 2854 usque
441 2780 586 2835 dum
614 2778 914 2849 inperator
943 2787 1075 2826 cum
1105 2763 1686 2839 comprovincialibus
1725 2761 1845 2832 epi-

231 2849 405 2941 scopis
430 2869 546 2924 hoc
578 2867 865 2922 discutere
893 2860 1176 2916 valuisset.
1203 2857 1412 2915 Postea
1433 2869 1611 2919 cesar,
1637 2849 1849 2905 auditis

232 2958 622 3023 mirabilibus,
647 2970 775 3026 qum
802 2968 906 3026 per
923 2950 1195 3005 dilectum
1220 2945 1327 3001 sibi
1350 2945 1672 3014 martyrem
1697 2943 1848 2997 Deus

229 3047 356 3104 fecit
379 3045 811 3103 .Ethelbertum
822 3083 838 3104 ,
857 3037 1138 3096 orationis
1151 3034 1339 3108 gratia
1352 3048 1420 3087 eo
1442 3047 1685 3104 pergere
1698 3031 1850 3088 festi-

1931 625 2101 680 desisi
2130 643 2351 697 pagum
2373 631 2519 699 (538)
2539 628 2738 702 primo
2763 629 3021 688 venienti
3041 636 3353 694 Bolizlavus
3375 670 3448 681 —
3476 640 3575 713 qui

1930 715 2124 786 major
2148 715 2277 770 laus
2303 735 2424 772 non
2448 718 2689 785 merito,
2711 717 2816 771 sed
2841 735 3008 778 more
3036 726 3571 801 antiquointerpre-

1927 807 2394 874 tatur—parato
2441 808 2501 862 in
2544 809 2702 877 loco,
2735 807 2833 878 qui
2865 809 2987 866 Ilua
3031 815 3174 885 (539)
3197 815 3426 885 dicitur,
3458 817 3573 872 sui-

1928 895 2053 947 met
2081 893 2373 966 hospicio,
2394 896 2454 957 (f.
2495 897 2588 963 66)
2617 897 2877 951 multum
2901 899 3098 957 hilaris
3129 905 3396 960 occurrit.
3420 905 3570 969 Qua-

1926 982 2063 1036 liter
2103 985 2308 1036 autem
2344 1001 2507 1039 cesar
2540 985 2611 1040 ab
2646 983 2861 1039 eodem
2902 990 3039 1044 tunc
3088 991 3488 1064 susciperetur,
3515 996 3575 1049 et

1928 1087 2038 1142 per
2067 1087 2175 1125 sua
2206 1089 2395 1144 usque
2445 1073 2517 1128 ad
2563 1073 2781 1128 Gnesin
2831 1082 2902 1118 δατ
2959 1078 3358 1148 deduceretur,
3417 1081 3571 1136 dictu

1929 1157 2290 1213 incredibile
2323 1176 2387 1214 ac
2421 1160 2724 1216 ineffabile
2757 1167 2842 1216 est
2875 1165 3042 1238 (540).
3073 1167 3282 1223 Videns
3321 1187 3354 1224 a
3395 1169 3570 1242 longe

1933 1247 2142 1302 urbem
2166 1248 2564 1304 desideratam
2577 1293 2589 1316 ,
2605 1267 2639 1304 n
2651 1249 2781 1304 udis
2793 1253 3036 1322 pedibus
3056 1274 3116 1310 su
3127 1257 3389 1329 ppliciter
3400 1259 3570 1313 adve-

1932 1338 2044 1404 nit,
2063 1339 2121 1391 et
2147 1337 2224 1392 ab
2249 1337 2521 1410 episcopo
2545 1340 2811 1410 ejusdem
2826 1349 2896 1384 ⁸⁸⁸
2915 1343 3143 1415 Ungero
3163 1344 3570 1401 venerabiliter

1935 1429 2262 1498 susceptus,
2297 1429 2617 1483 ascclesiam
2655 1429 3068 1501 introducitur,
3122 1437 3180 1488 et
3229 1435 3303 1488 ad
3359 1433 3568 1489 Christi

1935 1515 2196 1589 gratiam
2220 1515 2333 1571 sibi
2349 1516 2404 1570 in
2414 1519 2760 1590 petrandam
2777 1521 3046 1593 martyris
3063 1521 3272 1576 Christi
3291 1521 3566 1578 interces-

1935 1604 2019 1660 sio
2051 1603 2311 1676 profusis
2339 1605 2590 1659 lacrimis
2621 1606 2917 1665 invitatur.
2950 1609 3061 1664 Nec
3100 1611 3275 1676 Mora,
3308 1610 3445 1665 fecit
3487 1608 3568 1664 ibi

1937 1691 2529 1764 archiepiscopatum,
2557 1697 2619 1748 ut
2641 1711 2808 1766 spero
2837 1697 3121 1768 legitime,
3144 1698 3268 1753 sine
3285 1715 3568 1755 consensu

1936 1785 2138 1838 tamen
2170 1781 2386 1852 prefati
2436 1782 2704 1856 presulis,
2751 1785 2912 1855 cujus
2954 1786 3165 1841 diocesi
3206 1786 3398 1842 omnis
3442 1787 3568 1842 haec

1939 1871 2103 1944 regio
2136 1871 2404 1942 subjecta
2435 1875 2521 1926 est
2547 1889 2560 1940 ;
2585 1873 2960 1928 committens
3010 1875 3264 1929 eundem
3318 1874 3567 1947 predicti

1940 1960 2218 2031 martyris
2248 1959 2417 2014 fratri
2467 1960 2714 2014 Radimo
2759 1969 2854 2030 σεο,
2902 1960 3211 2034 eidemque
3255 1962 3568 2033 subjiciens

1942 2050 2372 2116 Reinbernum,
2402 2049 2576 2105 Salsa;
2607 2050 2752 2121 (541)
2781 2050 3243 2123 Cholbergiensis
3291 2051 3566 2108 cecclesiae

1943 2139 2309 2212 episcopum,
2324 2140 2663 2211 POpponem
2691 2139 3113 2194 Cracuaensem
3127 2147 3218 2210 ατο,
3232 2140 3564 2198 Iohannem

1940 2225 2790 2300 Wrotizlaensemmﬂungero
2809 2227 3189 2283 Posnaniensi
3211 2236 3281 2272 67!
3303 2232 3567 2302 excepto;

1941 2314 2307 2387 factoqueibi
2332 2315 2520 2382 altari,
2537 2319 2763 2370 sanctas
2786 2315 2848 2371 in
2871 2332 2938 2371 eo
2960 2315 3279 2372 honoriﬁce
3301 2316 3566 2372 condidit

1943 2405 2242 2477 reliquias.
2271 2405 2546 2460 Perfectis
2568 2407 2704 2460 tunc
2725 2405 3016 2474 omnibus,
3042 2404 3364 2477 imperator
3385 2421 3421 2459 a
3442 2420 3569 2475 pre-

1941 2495 2064 2550 fato
2099 2495 2245 2549 duce
2273 2493 2505 2564 magnis
2547 2493 2889 2549 muneribus
2936 2494 3264 2560 decoratur,
3313 2501 3370 2546 et
3409 2492 3570 2564 quod

1947 2583 2202 2638 maxime
2220 2582 2327 2636 sibi
2344 2581 2859 2652 placuit,trecentis
2874 2578 3569 2651 militibusloricatis(542)

1948 2674 2108 2727 Hunc
2124 2672 2438 2726 abeuntem
2456 2671 2764 2725 Bolizlavus
2778 2673 3060 2727 comitatu
3073 2686 3252 2741 usque
3283 2668 3358 2722 ad
3376 2668 3569 2740 Maga-

1950 2762 2176 2830 daburg
2208 2759 2441 2813 deducit
2470 2759 2689 2832 egrejo,
2723 2759 2818 2814 ubi
2876 2762 3209 2832 palmarum
3263 2757 3572 2811 sollemnia

1950 2849 2182 2904 celebre
2212 2849 2448 2919 peracta
2474 2851 2623 2901 sunt.
2653 2847 2919 2903 Secunda
2937 2845 3084 2903 feria
3108 2841 3571 2915 archiepiscopus

1952 2935 2216 3007 ejusdem
2242 2933 2352 2988 loci
2383 2935 2750 3007 imperatoris
2782 2934 2980 2992 edictu
3001 2933 3259 3006 priorem
3280 2931 3568 3004 suscipere

1951 3025 2148 3080 sedem
2183 3024 2441 3094 rogatus,
2475 3023 2609 3078 data
2643 3024 3026 3080 internuntiis
3055 3035 3272 3091 magna
3301 3021 3570 3090 pecunia,

226 3137 398 3192 navit.
427 3135 548 3191 Sed
571 3149 708 3188 cum
734 3129 1112 3185 Ratisbonam
1138 3123 1384 3187 veniret,
1412 3137 1446 3174 a
1486 3120 1845 3190 Gebehardo,
1875 3140 1922 3199 ο
1951 3111 2211 3169 inducias
2230 3127 2406 3182 usque
2424 3111 2497 3166 ad
2511 3111 3004 3185 Quidilingeburg
3018 3110 3109 3165 vix
3129 3109 3577 3199 ilnpetravit.Fit

229 3225 486 3296 ejusdem
519 3220 798 3278 aecclesiae
831 3215 1108 3283 antistite,
1129 3210 1444 3283 magnifico
1473 3210 1694 3265 honore
1727 3228 1848 3265 sus-

225 3319 420 3386 ceptus
446 3317 539 3369 est
569 3319 684 3377 (an.
722 3311 902 3377 1000),
937 3303 1346 3361 comitantibus
1384 3315 1577 3353 secum
1608 3299 1848 3355 Ziazone

223 3407 351 3458 tunc
372 3402 625 3476 patricio
673 3402 814 3465 (537)
845 3400 902 3452 et
933 3395 1226 3450 Robberto
1279 3388 1670 3445 oblacionario
1715 3405 1847 3442 cum

223 3493 638 3548 cardinalibus.
662 3488 857 3543 Nullus
879 3485 1200 3557 imperator
1222 3477 1432 3549 majori
1452 3494 1708 3549 unquam
1731 3479 1851 3548 glo-

223 3581 304 3635 ria
333 3597 367 3636 a
401 3582 600 3635 Roma
629 3575 926 3648 egreditur
948 3588 1136 3643 neque
1159 3567 1484 3624 revertitur.
1507 3567 1643 3620 Huic
1661 3565 1850 3620 Gisile-

217 3684 311 3724 rus
336 3670 584 3726 obviam
609 3681 879 3738 pergens,
900 3663 1152 3734 gratiam
1175 3659 1297 3729 ejus
1320 3656 1580 3728 quamvis
1601 3672 1716 3709 non
1748 3655 1846 3708 fir-

222 3775 378 3815 mam
399 3755 762 3833 promeruit,
782 3757 840 3809 et
863 3751 1193 3808 comitatur.
1219 3747 1392 3802 Cesar
1413 3748 1602 3800 autem
1628 3744 1700 3798 ad
1719 3743 1849 3798 Citio

225 3863 461 3904 censem
528 3843 876 3919 perveniens
930 3841 1160 3900 urbem,
1199 3854 1232 3891 a
1286 3834 1537 3890 secundo
1584 3833 1846 3904 Hugone,

221 3939 489 4007 ejusdem
505 3934 663 3990 sedis
681 3930 966 4005 provisori
980 3927 1182 3993 tercio,
1201 3929 1264 3981 ut
1282 3923 1470 3981 decuit
1488 3922 1847 3994 imperatori,

222 4027 559 4099 suscipitur.
591 4021 933 4092 Deindeque
952 4020 1110 4072 recto
1132 4017 1343 4071 itinere
1363 4014 1703 4069 Misnensem
1722 4014 1848 4065 ten-

221 4115 360 4170 dens
383 4115 461 4171 ad
493 4113 818 4178 civitatem,
837 4125 870 4162 a
893 4104 1206 4163 venerabili
1231 4104 1444 4176 Egedo,
1472 4102 1567 4173 buj
1579 4118 1640 4155 us
1653 4101 1849 4155 accele-

220 4205 314 4259 siw
337 4204 648 4276 episcopo,
675 4203 733 4255 et
759 4216 792 4253 a
816 4196 1151 4252 marchione
1188 4193 1540 4259 Ekkihardo,
1573 4189 1670 4263 qui
1700 4188 1854 4262 apud

218 4307 352 4348 eum
379 4291 549 4347 inter
578 4287 888 4362 precipuos
908 4285 1256 4350 habebatur,
1279 4279 1700 4336 honorabiliter
1717 4276 1856 4332 acci-

1951 3203 2084 3258 illuc
2110 3217 2358 3272 magnus
2370 3203 2708 3256 senatorum
2726 3217 3067 3268 concursus;
3086 3198 3373 3271 paschalia
3390 3201 3573 3258 eciam

1950 3291 2030 3347 ibi
2061 3291 2422 3362 peraguntur
2440 3290 2652 3362 gaudia
2675 3319 2691 3357 ,-
2715 3292 2772 3345 et
2793 3290 3003 3346 habito
3027 3290 3084 3345 in
3113 3293 3145 3346 2
3172 3290 3320 3347 feria
3345 3291 3572 3362 sinodo,

1950 3381 2163 3435 iterum
2218 3379 2277 3449 (f.
2323 3379 2434 3450 66’)
2479 3379 2745 3433 Gisilerus
2784 3384 3050 3436 vocatur.
3100 3379 3193 3437 Hic
3233 3381 3573 3440 infirmitate

1952 3484 2256 3542 oppressus
2277 3467 2484 3532 valida,
2509 3486 2542 3522 a
2559 3468 2817 3539 predicto
2833 3477 3143 3526 excusatur
3156 3472 3575 3540 Botmanno,et

1951 3559 2012 3612 in
2047 3557 2243 3612 multis
2272 3575 2305 3611 a
2335 3555 2644 3614 Wathcrdo
2697 3561 2831 3612 tunc
2869 3561 3169 3634 preposito
3216 3563 3570 3621 defenditur.

1947 3647 2231 3704 Indicitur
2251 3647 2384 3701 huic
2399 3647 2703 3702 concilium
2732 3647 2789 3702 in
2813 3650 3273 3723 Aquisgranim,
3308 3671 3421 3727 quo
3452 3657 3572 3728 ipse

1949 3755 2082 3794 cum
2099 3736 2212 3791 suis
2235 3737 2492 3802 veniens,
2509 3737 2720 3791 iterum
2743 3737 2816 3791 ab
2845 3740 3259 3799 archidiacono
3290 3746 3571 3801 Romana:

1951 3827 2101 3882 sedis
2149 3824 2481 3896 alloquitur.
2521 3825 2626 3889 Qui
2658 3815 2908 3897 sapienti
2940 3829 3178 3884 consilio
3206 3848 3359 3900 usus,
3391 3850 3572 3906 gene-

1950 3919 2070 3972 rale
2093 3915 2199 3969 sibi
2217 3917 2470 3985 postulat
2511 3915 2634 3970 dari
2656 3915 2971 3972 concilium
2996 3935 3009 3985 ;
3037 3918 3232 3991 sicque
3255 3921 3571 3981 indiscussa

1953 4005 2129 4062 dilata
2145 4007 2279 4058 sunt
2296 4004 2421 4060 haec
2452 4005 2672 4071 omnia,
2697 4021 2876 4077 usque
2895 4005 3036 4061 dum
3057 4007 3180 4063 haec
3223 4011 3375 4066 Deus
3403 4011 3570 4068 finire

1955 4097 2225 4169 dignatus
2257 4096 2342 4149 est
2371 4094 2585 4149 nostris
2614 4092 2903 4168 propicius
2930 4097 3315 4168 temporibus.

2025 4189 2116 4242 29.
2147 4188 2474 4256 Imperator
2504 4185 2802 4256 antiquam
2839 4186 3237 4240 Romanorum
3261 4189 3568 4244 consuetu-

1959 4275 2156 4331 dinem
2171 4274 2298 4345 jam
2321 4289 2390 4328 ex
2413 4276 2576 4347 parte
2594 4289 2812 4345 magna
2831 4280 2902 4315 οτι
2919 4272 3170 4328 deletam
3198 4274 3314 4331 suis
3336 4275 3573 4348 cupiens

1572 4397 1802 4452 VARLE
1848 4395 2018 4452 LECT
2023 4394 2138 4452 1οΝ
2145 4392 2246 4449 ES.

290 4523 363 4558 σοι
392 4507 764 4569 aehelheidis
799 4508 883 4559 1a.
918 4499 1275 4558 adhelheidis
1309 4503 1386 4555 1c.

1499 4504 1570 4540 ϐω
1598 4499 1674 4550 ita
1706 4499 1782 4550 1c.
1815 4495 2115 4550 innoceret
2153 4496 2239 4548 1a.
2273 4500 2344 4534 ⁸⁸³

2395 4509 2455 4564 p.
2508 4492 2568 4547 Β.
2598 4508 2656 4564 p.
2691 4491 2821 4547 add.
2856 4492 2941 4550 1b.
3053 4500 3124 4536 σει
3153 4495 3435 4552 aetheldis
3487 4500 3574 4554 1a.

222 4564 638 4640 adhelheidis
652 4579 724 4633 τὸ.
754 4573 1110 4631 adhelheidis
1136 4576 1214 4626 1c.
1291 4579 1361 4612 σεδ
1378 4569 1499 4623 add.
1527 4569 1612 4640 1b.
1661 4575 1738 4640 666_
1762 4565 2324 4640 papa—succedente
2344 4565 2568 4640 scrzpsz't
2582 4567 2600 4617 1
2614 4564 2665 4640 ῥ.
2692 4565 2930 4640 ιἠ-ερίιίίο
2955 4579 3122 4640 vocuo
3135 4566 3315 4640 νρέὶειο
3329 4586 3362 4621 α
3379 4569 3574 4625 scriba,

221 4665 292 4698 εστ
351 4653 604 4728 genesin
639 4664 791 4704 eraso
813 4649 995 4728 priore
1033 4662 1062 4697 θ
1139 4685 1150 4697 ι

1271 4648 1341 4682 008
1369 4637 1743 4696 Posnaniensi
1775 4637 1900 4690 add.
1939 4640 1990 4690 2.

2099 4644 2166 4676 609
2198 4633 2361 4688 fratri
2392 4633 2487 4705 qui
2520 4637 2578 4688 et
2607 4633 2954 4688 Gaudentius
2982 4635 3135 4690 Ann.
3171 4635 3306 4692 Sax.
3341 4657 3394 4694 (ι.
3439 4640 3578 4693 1000

222 4735 293 4769 ατο
332 4705 566 4782 ειῖᾶἑᾶὶή
599 4730 675 4778 est
704 4727 752 4776 1.
813 4705 900 4759 ’στι
936 4715 1414 4770 uuratizlaensem
1448 4717 1522 4766 1c.
1602 4718 1672 4751 ατί
1705 4724 1842 4780 posn

1958 4723 2149 4762 ensem
2184 4709 2268 4764 1a.
2346 4712 2417 4746 673
2447 4705 2739 4778 aqisgrani
2776 4709 2823 4760 1.
2901 4713 2970 4747 οτι
3002 4713 3094 4748 ⁸⁷⁵·
3120 4707 3244 4762 add.
3281 4708 3364 4764 1b.

1827 4805 2052 4862 NOTAE.

298 4924 458 4999 (ὅθεν)
497 4921 717 4999 Comes
745 4916 1056 4999 βθροιίηιιε.
1082 4913 1352 4999 tiaras?
1401 4903 1885 4999 Phntizizeﬁcarit
1905 4907 1956 4966 D
1985 4904 2240 4999 οθέδρθὲξιξτ

226 4976 568 5052 ἱιιἚίλξδίτιξὶ
588 4990 814 5046 Ottonis
844 4989 989 5058 imp.
1025 4976 1096 5040 de
1129 4976 1255 5054 991,
1282 4976 1442 5055 Sept.
1476 4982 1562 5047 18,
1593 4977 1746 5052 apud
1773 4976 1886 5032 Ho-

227 5070 321 5124 fer
354 5069 394 5122 l.
436 5069 479 5121 l.
524 5069 572 5119 t.
605 5065 647 5121 Ι.
683 5078 814 5187 pag.
839 5063 962 5140 531.

315 5141 481 5187 (534)
515 5135 649 5187 Selz
681 5151 735 5187 in
803 5134 962 5186 lsatia

315 5141 481 5207 (534)
515 5135 649 5189 Selz
681 5134 735 5207 in
759 5134 815 5187 El

229 5210 385 5283 imp.
429 5205 547 5283 9'68
583 5205 762 5283 Νυνὶ).
804 5206 908 5283 10..

317 5270 479 5358 (535)
511 5281 671 5358 δέρῃ.
709 5272 1040 5358 ῼιιρᾲῑίιψ..
1072 5287 1125 5325 a.
1151 5270 1284 5358 i999;

321 5307 479 5358 (οῡυ)
511 5307 671 5333 nun.
709 5307 1040 5352 uucuniuu.,
1072 5307 1125 5325 α.
1165 5307 1301 5349 νυνι.
1333 5338 1362 5350 η
1665 5307 1671 5312 .

321 5353 479 5420 (536)
516 5348 675 5420 Vide;
692 5349 910 5420 statuta
941 5339 1366 5420 hujusconcilu
1401 5337 1700 5420 annon998
1740 5335 1890 5390 cele-

233 5410 399 5479 brati
438 5410 611 5494 apud
647 5418 928 5494 d’Ac_hery
959 5410 1227 5486 Spicilcg.
1258 5415 1298 5494 t_.
1335 5411 1458 5490 l,p.
1492 5410 1616 5494 603.

824 5131 968 5186 satia
999 5128 1136 5184 data
1163 5123 1482 5179 Adelhcida
1510 5122 1582 5178 ab
1609 5120 1819 5177 Ottone
1838 5120 1880 5174 Ι.

2061 4974 2204 5048 (538)
2237 4975 2423 5047 Pagus
2451 4973 2605 5031 inter
2649 4973 2849 5030 ﬂuvios
2901 4972 3173 5044 Oderam,
3217 4974 3501 5033 Bobcram
3531 4978 3590 5032 et

1983 5048 2446 5260 Kaibzdgcllialbau
2478 5117 2594 5172 sive
2624 5117 2782 5172 Eilau
2800 5118 2964 5189 juxta
2992 5118 3298 5174 Bobcram.

2082 5190 2210 5260 540)
2240 5191 2323 5245 Cf.
2353 5193 2503 5248 Ann.
2539 5188 2872 5257 Quedlinb.,
2905 5191 3142 5245 a.1000.
3182 5189 3298 5243 Vita

2082 5187 2210 5272 540)
2240 5191 2503 5272 Ann.
2539 5187 2872 5257 Quedlinb.,
2905 5205 2959 5245 a.
2985 5191 3142 5244 1000.
3182 5189 3369 5243 Vitam
3413 5187 3591 5245 Mein-

1990 5265 2156 5319 werci
2193 5278 2242 5316 c.
2283 5265 2367 5315 11.

2061 5333 2211 5402 (541)
2241 5333 2335 5388 Αη
2367 5331 2515 5388 mari
2545 5331 2746 5387 vicinas
2767 5332 2795 5388 ?
2821 5334 2882 5388 P.

2089 5401 2213 5476 542)
2247 5405 2525 5459 Videntur
2550 5404 2721 5458 fuisse
2752 5403 2833 5459 illi
2865 5419 3008 5476 quos
3033 5401 3279 5476 infrag(l.
3311 5417 3388 5476 vi,
3421 5417 3478 5476 c.
3506 5405 3598 5469 55,

313 5472 735 5562 (έὲέῖἶεῑῑο,
764 5472 1807 5562 Romanorum“patrici-[13,.laudatur
1833 5476 1893 5532 in
1994 5472 2092 5562 vi],
2143 5472 2209 5558 ρ.
2238 5477 2336 5544 41;
2391 5477 2600 5562 DIVI-11,
2647 5491 2695 5532 c.
2750 5478 2835 5562 16).
2860 5472 3023 5562 v'ocat
3048 5474 3302 5562 hospites
3331 5472 3598 5562 Slavice:

245 5545 586 5634 charta'qu
598 5545 764 5634 adarn
807 5557 1038 5630 capituli
1073 5545 1555 5634 ille‘rseburgensis
1583 5550 1654 5605 ab
1687 5549 1895 5634 Ottone
1996 5547 2216 5630 Goscie,
2242 5565 2344 5603 vox
2365 5547 2583 5634 ‘usitata
2613 5563 2730 5634 non
2756 5547 2941 5634 solum
2969 5545 3039 5599 de
3057 5545 3481 5634 mercatoribus
3507 5556 3604 5612 pe-

249 5709 294 5764 ti
300 5725 335 5764 ο

245 5615 602 5703 imp—.Wda‘ta
621 5615 972 5703 Radesponaz
993 5645 1046 5703 ειΣ
1072 5629 1229 5692 1000,
1246 5641 1286 5679 ιι
1311 5615 1432 5703 Kal.
1454 5621 1727 5703 Februar.
1745 5621 1897 5692 apud
1998 5619 2384 5703 regrinis,sed
2414 5619 2594 5703 etiarn
2617 5615 3453 5703 de.militibus,‘sine.stipendio
3483 5629 3604 5670 ser-

389 5680 401 5691 .
448 5655 602 5690 cata
621 5655 972 5703 nauespuuw
993 5655 1044 5682 ει.
1072 5655 1229 5692 1υυυ,
1248 5655 1286 5679 ιι
1311 5655 1432 5678 nul.
1456 5655 1592 5677 rny
1608 5655 1698 5675 ua;
1716 5664 1727 5676 .
1745 5655 1897 5692 upuu

339 5655 440 5763 ger
471 5709 521 5759 t.
558 5704 603 5770 l,
640 5721 694 5778 p.
736 5705 856 5759 157.
898 5699 1063 5757 Conf.
1094 5713 1267 5771 supra
1297 5713 1346 5754 c.
1378 5699 1432 5760 2,
1479 5694 1572 5750 ubi
1608 5693 1771 5749 Ciazo
1803 5710 1897 5748 vo-

2003 5685 2308 5758 viéntibus,
2342 5690 2552 5765 praadae
2581 5690 2806 5744 tantum
2845 5701 2946 5759 spe
2975 5685 3211 5742 allectis.
