3960 6182
442 401 581 466 i261
1358 351 1362 359 |
1390 398 1763 474 THIE’I‘MARI
1797 397 2416 458 MERSEBURGENSIS
2453 398 2768 458 EPISCOPI
3550 407 3652 466 {268

442 541 727 585 renovare
755 518 1140 595 temporibus,
1171 518 1355 576 multa
1393 519 1659 587 faciebat,
1688 538 1816 593 quae
1845 519 2049 577 diversi
2074 523 2129 583 Α
2157 538 2372 577 venere
2401 522 2739 596 importuna
2769 529 2859 576 ατο.
2881 521 3139 594 Namque
3167 521 3334 578 nostri
3357 523 3501 581 duces
3523 530 3658 584 eteo.

443 617 663 674 diverse
690 612 1039 668 sentiebant.
1074 609 1237 666 Solus
1267 609 1341 664 ad
1393 625 1658 664 mensam
1685 609 1842 682 quasi
1875 610 2048 665 semi-
2149 611 2338 677 mites,
2372 627 2491 666 non
2522 613 2644 667 sine
2665 610 3018 668 conscientia
3038 620 3108 654 68°
3134 611 3664 682 episcoporum,multa

443 703 911 762 circulusfactam
928 701 1053 755 loco
1068 697 1288 754 cmteris
1304 706 1374 741 ⁸⁷⁵
1390 698 1769 754 eminenciori
1787 699 2043 754 sedebat.
2155 703 2356 755 contra
2387 717 2518 755 eum
2550 700 2878 773 conspirare
2902 701 3165 754 nituntur
3179 709 3265 766 θοι,
3293 701 3504 757 Heinrici
3526 704 3662 773 ducis,

443 793 642 852 Karoli
664 789 872 847 cesaris
901 805 1047 856 ossa,
1070 788 1167 842 ubi
1199 787 1645 860 requiescerent,
1669 803 1799 841 cum
1823 787 2049 842 dubita-
2149 793 2350 860 postea
2378 789 2713 844 successoris
2738 790 2843 857 sui,
2877 790 2952 845 ad
2993 791 3101 844 hoc
3137 789 3394 844 auxilium
3433 795 3666 862 postulan-

443 885 554 952 ret,
596 885 766 954 rupto
815 880 965 935 clam
1013 875 1366 950 pavimento,
1400 876 1496 931 ubi
1549 893 1617 931 ea
1656 892 1776 931 esse
1807 875 2048 948 putavit,
2149 881 2253 932 tes.
2291 878 2387 933 Hic
2413 879 2618 933 ultima
2643 878 2822 950 patris
2851 878 3062 933 suimet
3089 881 3147 933 et
3174 878 3416 950 equivoci
3440 888 3499 921 σει
3523 882 3669 936 ιιιοηί-

441 973 643 1030 fodere
683 985 980 1044 quousque
1010 969 1134 1023 haec
1163 967 1222 1022 in
1255 967 1396 1022 solio
1426 965 1660 1021 inventa
1705 969 1837 1021 sunt
1865 967 2049 1038 regio,
2150 969 2230 1033 ta,
2264 965 2360 1037 qui
2406 966 2465 1020 in
2491 967 2856 1022 Gonneshem
2887 976 2958 1010 σεε
2987 967 3131 1023 obiit
3169 983 3234 1021 ac
3273 967 3556 1039 requiescit,
3580 987 3670 1025 me-

433 1061 626 1133 jussit.
651 1060 891 1116 Crucem
909 1074 1171 1124 auream,
1197 1073 1324 1129 quae
1347 1055 1406 1110 in
1434 1055 1577 1110 collo
1600 1055 1723 1126 ejus
1753 1055 2048 1127 pependit,
2152 1055 2302 1110 mori
2329 1073 2560 1111 servans
2581 1056 2638 1110 in
2663 1061 2916 1130 pectore,
2937 1060 2994 1112 et
3015 1056 3118 1111 sibi
3152 1058 3413 1111 hactenus
3434 1057 3484 1112 in
3506 1060 3674 1114 cunctis

446 1166 578 1206 cum
598 1149 1075 1204 vestimentorum
1095 1149 1259 1217 parte
1282 1144 1470 1198 adhuc
1490 1143 1940 1215 imputribilium
1958 1161 2050 1199 su-
2153 1142 2354 1210 fidelis,
2380 1145 2600 1200 nullum
2626 1145 2715 1200 his
2733 1145 3288 1218 prebuitassensum.
3309 1146 3571 1216 lnperator
3594 1147 3676 1202 hoc

447 1231 2050 1305 mens,cwteracumvenerationemagnareposuit(543).
2153 1232 2348 1286 statim
2396 1233 2762 1304 comperiens
2805 1237 2864 1288 et
2910 1233 3151 1304 patienti
3200 1234 3384 1288 ferens
3426 1235 3609 1301 animo,
3631 1237 3677 1290 in

446 1325 559 1382 Sed
585 1325 724 1398 quid
749 1339 1076 1380 memorem
1103 1321 1359 1393 singulos
1403 1320 1663 1392 ejusdem
1704 1336 1959 1374 accessus
1997 1322 2055 1374 et
2153 1321 2402 1375 Paterna
2434 1329 2505 1363 εει
2539 1322 2680 1376 urbe
2707 1322 2962 1394 pustellis
2983 1322 3262 1376 interiora
3276 1323 3619 1392 prementibus
3637 1328 3680 1378 et

445 1432 705 1471 recessus
741 1430 847 1486 per
879 1429 1085 1468 omnes
1103 1411 1314 1466 suimet
1340 1409 1700 1482 episcopatus
1730 1413 1788 1464 et
1811 1408 2052 1464 comita-
2153 1407 2446 1464 interdum
2461 1410 2738 1481 paulatim
2760 1410 3197 1482 erumpentibus
3225 1410 3526 1465 inﬁrmatur
3549 1411 3680 1481 (545).

446 1509 537 1561 tus
558 1505 586 1560 ?
611 1507 803 1574 (Pnun.
842 1504 900 1557 in
921 1501 1136 1572 Symm.
1163 1517 1225 1566 ιι,
1253 1499 1400 1569 766.)
1424 1499 1652 1554 Cunctis
1672 1498 1824 1570 apud
1854 1499 2054 1553 Trans-
2156 1496 2262 1560 Qui
2288 1498 2433 1553 facie
2463 1499 2649 1553 clarus
2678 1515 2743 1553 ac
2786 1499 2899 1554 ﬁde
2929 1498 3255 1570 precipuus,
3284 1501 3313 1552 9
3344 1499 3455 1553 Kal.
3487 1499 3680 1554 Februa-

449 1592 677 1666 alpinos
701 1592 852 1647 bene
885 1589 1194 1661 dispositis,
1228 1588 1554 1643 Romanum
1586 1586 1848 1642 visitabat
1875 1586 2056 1658 impe-
2154 1585 2222 1640 rii
2251 1586 2394 1657 (546)
2426 1587 2673 1643 Romani
2705 1587 3169 1660 coronaimperii
3204 1586 3368 1641 exivit
3407 1588 3472 1642 ab
3501 1588 3588 1642 hoc
3620 1606 3683 1642 se-

447 1680 624 1748 rium,
651 1681 1072 1751 Romuleasque
1106 1677 1366 1749 pervenit
1396 1677 1470 1731 ad
1505 1693 1698 1745 arces;
1733 1675 1827 1730 ubi
1855 1677 1926 1730 ab
1956 1677 2052 1717 οτι*
2155 1675 2282 1730 culo
2317 1677 2424 1746 (an.
2470 1678 2649 1746 1002),
2677 1676 2789 1731 suis
2813 1676 3260 1748 insuperabilem
3280 1675 3576 1746 relinquens
3600 1693 3686 1730 me-

447 1769 762 1841 apostolico
803 1768 1142 1839 ceterisque
1168 1764 1523 1837 coepiscopis
1538 1764 1768 1837 magnis
1792 1764 2054 1820 laudibus
2154 1780 2370 1832 rorem,
2405 1765 2540 1836 quia
2571 1769 2835 1836 tempore
2866 1782 2934 1820 eo
2967 1782 3084 1820 non
3125 1765 3239 1820 fuit
3269 1766 3409 1820 ullus
3434 1765 3620 1836 largior
3639 1781 3686 1819 ac

444 1857 772 1930 suscipitur.
2079 1851 2132 1911 B
2152 1867 2256 1917 per
2281 1853 2481 1908 omnia
2509 1854 2851 1909 clementior
2873 1854 2991 1908 illo.
3042 1854 3172 1908 Alfa
3219 1857 3278 1908 et
3324 1854 3364 1908 Ο
3395 1851 3566 1925 (Apoc.
3593 1854 3687 1924 1,8)

518 1950 607 2003 30.
641 1949 776 2003 Post
811 1947 934 2001 haec
981 1944 1095 2017 (an.
1166 1946 1319 2014 lOOl)
1373 1943 1700 2015 Gregorius,
1734 1941 1833 2015 qui
1873 1939 2052 1996 cesari
2152 1941 2494 1996 misereatur
2523 1958 2590 1997 eo
2621 1951 2712 2010 685,
2737 1943 2997 1997 tribuens
3022 1958 3126 2013 pro
3158 1941 3346 2013 parvis
3377 1959 3587 2013 magna,
3612 1957 3688 2014 pro

444 2036 610 2091 valde
661 2051 825 2090 carus
855 2037 1002 2098 erat,
1029 2034 1162 2089 dolo
1194 2049 1328 2088 eum
1361 2048 1566 2104 capere
1598 2032 1772 2098 nisus,
1802 2031 2052 2086 occultas
2150 2032 2568 2104 temporalibus
2598 2031 2971 2103 sempiterna.

445 2123 725 2180 tendebat
752 2122 1008 2178 insidias.
1037 2121 1253 2186 Quibus
1282 2121 1534 2176 collectis
1567 2123 1624 2175 et
1655 2138 1721 2175 ex
1762 2119 2050 2191 inproviso
2225 2123 2310 2175 31.
2345 2121 2430 2175 Hii
2455 2125 2672 2187 autem,
2693 2122 2789 2194 qui
2820 2121 3095 2176 extremis
3121 2123 3246 2193 ejus
3275 2123 3587 2188 intererant,
3603 2121 3693 2176 haec

444 2201 714 2268 adversus
734 2229 866 2267 eum
873 2212 998 2283 jam
1020 2209 1776 2282 insurgentibus,inperator
1790 2209 1861 2263 de
1884 2211 2053 2280 porta
2153 2214 2274 2264 tam
2307 2210 2405 2264 diu
2459 2211 2745 2274 celebant,
2782 2213 2975 2283 quoad
3017 2213 3300 2268 exercitus
3337 2212 3567 2283 undique
3602 2214 3693 2264 tum

443 2318 574 2356 cum
599 2300 793 2374 paucis
822 2299 1020 2367 evasit,
1045 2299 1301 2354 maxima
1321 2298 1559 2354 suorum
1598 2302 1827 2352 caterva
1867 2296 2050 2352 socio-
2155 2298 2444 2371 dispersus
2465 2317 2568 2371 per
2588 2300 2978 2356 internuntios
2999 2301 3389 2373 colligeretur.
3408 2303 3547 2356 Tunc
3564 2299 3696 2355 tristis

442 2407 577 2445 rum
610 2390 860 2457 inclusa;
905 2391 963 2443 et
990 2388 1192 2460 vulgus
1223 2403 1547 2459 numquam
1573 2386 1690 2441 suis
1713 2389 2053 2440 contentum
2155 2389 2325 2443 turba
2365 2389 2554 2444 dilecti
2610 2389 2854 2445 senioris
2907 2407 3113 2462 corpus
3163 2393 3456 2453 comitata,
3507 2406 3698 2460 magnas

445 2477 696 2534 dominis
725 2479 948 2532 malum
975 2476 1108 2532 huic
1150 2493 1254 2548 pro
1308 2474 1582 2530 ineffabili
1637 2475 1847 2546 pietate
1888 2473 2056 2528 resti-
2154 2478 2447 2533 bellorum
2478 2481 2814 2550 asperitates
2843 2485 2874 2534 7
2911 2481 3030 2536 dies
3051 2481 3329 2537 continue
3357 2497 3598 2553 perpessa
3619 2484 3696 2546 est;

443 2565 559 2621 tuit
576 2566 749 2636 (544).
777 2565 957 2620 Deinc
974 2565 1179 2619 nuntio
1202 2563 1412 2619 suimet
1433 2580 1637 2618 omnes
1663 2561 1945 2617 cesarsibi
1975 2561 2056 2616 fa-
2157 2568 2426 2638 nullaque
2457 2568 2776 2623 securitatis
2806 2569 3086 2624 certitudo
3109 2571 3184 2625 ab
3211 2571 3464 2626 hostibus
3486 2584 3700 2624 concessa

444 2652 702 2708 miliares
729 2652 1039 2708 convenire
1070 2652 1203 2708 illuc
1226 2655 1396 2725 rogat
1419 2654 1477 2707 et
1504 2651 1784 2724 precepit,
1818 2651 2054 2705 deman-
2155 2657 2261 2718 est,
2284 2655 2391 2718 nisi
2414 2658 2539 2710 tum
2565 2655 2883 2724 dumtaxat,
2908 2658 3140 2728 quando
3165 2659 3241 2713 ad
3288 2658 3519 2713 Bernam
3546 2672 3700 2728 perve-

446 2740 592 2798 daus
619 2741 859 2813 singulis
883 2741 1225 2814 quibusque,
1245 2741 1292 2796 si
1313 2757 1594 2813 umquam
1625 2740 1695 2796 de
1725 2741 1948 2795 honore
1969 2739 2055 2795 sui
2155 2741 2320 2797 niunt
2333 2742 2644 2798 civitatem.
2667 2744 2804 2799 Exin
2825 2761 2959 2799 cum
2982 2747 3054 2800 ad
3074 2747 3130 2816 (1'.
3147 2749 3244 2812 68)
3267 2743 3700 2818 Pollingun(547),

443 2831 532 2886 vel
570 2830 973 2886 incolumitate
1003 2833 1295 2897 curarent,
1321 2829 1397 2884 ad
1421 2828 1813 2884 ulciscendum
1832 2845 1967 2883 eum
1990 2845 2053 2884 ac
2154 2834 2375 2886 curtem
2417 2832 2672 2903 Sigifridi
2712 2834 2953 2906 presulis
2989 2837 3346 2906 Augustanae
3375 2835 3624 2900 venirent,
3649 2831 3702 2886 ab

445 2919 692 2992 amplius
721 2919 1005 2974 tuendum
1022 2922 1246 2974 armato
1267 2919 1340 2973 ad
1366 2935 1424 2973 se
1444 2917 1626 2973 milite
1649 2921 2050 2990 properarent.
2156 2919 2420 2977 Heinrico
2446 2922 2588 2976 duce
2615 2922 2881 2993 suscepti,
2906 2924 3158 2978 lacrimis
3176 2925 3434 2996 ejusdem
3455 2924 3704 2977 vehemen-

445 3007 694 3064 Romani
725 3010 943 3075 autem,
978 3007 1331 3063 manifestati
1362 3011 1502 3062 tunc
1530 3006 1759 3062 sceleris
1788 3007 1955 3078 culpa
1983 3014 2052 3049 στα
2153 3012 2243 3063 ter
2267 3009 2474 3064 iterum
2492 3012 2771 3065 commoti
2796 3015 2950 3069 sunt.
2975 3012 3128 3076 Quos
3143 3013 3494 3084 singulatim,
3516 3015 3568 3064 ut
3589 3025 3636 3064 se
3659 3007 3704 3062 in

443 3097 868 3164 erubescentes,
903 3112 1078 3168 seque
1107 3095 1352 3150 invicem
1381 3111 1553 3168 supra
1579 3095 1819 3150 modum
1851 3094 2052 3150 redar-
2154 3097 2459 3152 dominum
2489 3098 2594 3154 sibi
2625 3103 2683 3154 et
2706 3116 2906 3171 regem
2949 3101 3165 3173 eligere
3206 3102 3525 3167 voluissent,
3554 3096 3706 3153 multis

446 3189 708 3258 guentes,
733 3201 930 3240 omnes
959 3184 1207 3239 inclusos
1238 3184 1483 3239 emisere
1510 3200 1762 3250 securos,
1802 3183 2051 3255 gratiam
2074 3197 2121 3260 ρ
2153 3185 2636 3258 promissionibus
2655 3188 2938 3256 hortatur;
2956 3187 3706 3262 etcorpusimperatoriscum

444 3273 812 3346 imperatoris
841 3276 898 3328 et
927 3289 1132 3345 pacem
1164 3274 1353 3329 modis
1403 3273 1673 3328 omnibus
1721 3272 2054 3344 suppliciter
2155 3275 2972 3348 apparatuimperiali,lancea
2990 3278 3304 3334 dumtaxat
3323 3282 3707 3349 excepta,quam

447 3365 802 3436 expetentes.
862 3362 1016 3427 Quos
1054 3361 1403 3435 ubicumque
1444 3363 1532 3416 vel
1575 3361 1634 3416 in
1683 3361 1819 3433 ipsis
1854 3363 1937 3416 vel
1994 3361 2053 3416 in
2157 3361 2852 3437 Heribertusarchipresul
2875 3368 3024 3420 clam
3053 3367 3708 3437 premittens,suamsum-

448 3451 620 3506 rebus
651 3451 766 3506 suis
794 3466 955 3506 cesar
984 3451 1179 3506 ledere
1239 3450 1446 3522 potuit,
1495 3450 1682 3505 verbis
1732 3450 2054 3506 eorundem
2153 3453 2268 3522 psit
2286 3460 2356 3494 σεδ
2378 3452 2436 3506 in
2465 3454 3324 3528 potestatem.Archiepiscopus
3353 3459 3536 3510 autem
3562 3455 3709 3508 custo-

445 3539 822 3594 mendacibus
848 3538 1135 3606 diffidens,
1162 3555 1372 3593 nocere
1404 3555 1522 3593 non
1555 3538 1818 3593 tardavit.
1843 3538 2057 3594 Omnes
2158 3543 2253 3598 dia
2283 3558 2597 3614 parumper
2629 3543 2914 3609 detentus,
2946 3543 3148 3598 relicto
3182 3543 3263 3599 ibi
3295 3561 3399 3615 pro
3429 3539 3708 3597 vadimonio

447 3626 720 3699 regiones
745 3643 874 3700 quae
914 3628 1207 3682 Romanos
1231 3630 1288 3682 et
1334 3627 1747 3699 Langobardos
1787 3627 2054 3699 respicie-
2156 3632 2366 3686 suimet
2395 3632 2596 3694 fratre,
2629 3643 2694 3684 cu
2713 3648 2771 3686 m
2803 3631 3036 3686 licentia
3065 3632 3230 3699 abiit,
3260 3649 3327 3687 ac
3374 3648 3580 3687 sacram
3609 3644 3710 3682 mox

449 3715 613 3784 bant,
644 3733 759 3771 sua:
789 3716 1184 3772 dominacioni
1214 3724 1284 3758 αττ
1303 3715 1553 3772 fideliter
1571 3716 1848 3784 subditas,
1873 3717 2059 3774 Roma
2157 3721 2418 3775 lanceam
2445 3720 2685 3774 remisit.
2715 3721 2766 3774 1s
2797 3737 2927 3775 cum
2960 3720 3254 3788 omnibus,
3280 3721 3376 3794 qui
3394 3721 3500 3775 huc
3527 3719 3710 3790 inpera-

446 3805 656 3872 solum,
687 3821 863 3878 quam
903 3821 1005 3876 pre
1035 3805 1258 3860 caeteris
1292 3805 1570 3877 diligebat
1595 3822 1660 3860 ac
1698 3822 1930 3878 semper
1960 3823 2058 3862 ex-
2157 3807 2297 3863 toris
2316 3810 2487 3863 funus
2514 3809 3166 3881 sequebantur,excepto
3191 3809 3446 3864 antistite
3471 3804 3713 3878 Sigifrido,

445 3893 692 3963 colebat,
724 3896 982 3966 excepta,
1013 3893 1284 3949 habebat.
1320 3893 1714 3950 Conveniente
1746 3899 1872 3950 tum
1924 3912 2056 3951 cum
2159 3895 2286 3951 duci
2313 3899 2447 3952 tunc
2481 3913 2600 3951 non
2631 3896 3056 3964 consenciebat,
3080 3914 3274 3970 neque
3304 3897 3538 3953 omnino
3555 3904 3614 3938 δεῖ
3639 3895 3714 3948 de-

444 3981 996 4052 Heriberto,sancta3
1017 3990 1090 4026 678
1114 3982 1410 4056 Agripinaa
1439 3983 1896 4057 archiepiscopo,
1930 3987 2054 4058 plu-
2157 3987 2430 4058 negabat,
2463 3985 2564 4041 sed
2596 4003 2710 4058 quo
2739 3994 2810 4028 688
2837 3986 3044 4042 melior
3064 3990 3122 4040 et
3149 3987 3344 4058 major
3372 3983 3712 4058 populitocius

443 4070 594 4127 rima
612 4071 870 4128 fidelium
893 4073 1084 4139 turba,
1110 4072 1408 4146 inperator
1426 4073 1686 4141 laetatur;
1717 4075 1775 4127 et
1796 4075 2056 4146 quamvis
2157 4092 2289 4147 pars
2313 4092 2372 4130 se
2398 4074 2722 4142 inclinaret,
2738 4075 2985 4130 libenter
3007 4092 3379 4131 assensurum
3412 4072 3708 4147 pronunciac

443 4160 692 4220 exterius
720 4161 880 4216 vultu
917 4179 1148 4234 semper
1174 4161 1344 4218 hilari
1397 4179 1456 4217 se
1499 4161 1820 4228 simularet,
1853 4165 2053 4219 tamen
2153 4165 2272 4219 bat.
2304 4165 2426 4218 Dux
2447 4180 2581 4218 vero
2615 4181 2747 4219 cum
2780 4164 2868 4218 his
2897 4167 3297 4235 Augustanam
3339 4165 3609 4236 attingens
3635 4177 3712 4214 ur-

440 4250 810 4310 conscientiaa
837 4255 1056 4306 secreto
1080 4251 1333 4323 plurima
1354 4251 1743 4323 ingemiscens
1773 4251 2052 4317 facinora,
2153 4253 2308 4320 bem,
2339 4253 2528 4308 dilecti
2569 4253 2811 4308 senioris
2863 4253 3136 4308 intestina
3177 4254 3402 4309 duabus
3448 4250 3710 4325 lagunculis

440 4339 622 4394 noctis
651 4339 882 4395 silentio
913 4339 1097 4411 vigilis
1145 4341 1627 4412 oracionibusquc
1675 4341 1933 4408 intentis,
1972 4343 2052 4396 la-
2155 4342 2312 4414 prius
2331 4342 2641 4415 diligenter
2665 4342 2936 4413 reposita,
2956 4341 3013 4395 in
3041 4342 3298 4398 oratorio
3331 4342 3505 4398 sancti
3520 4335 3712 4414 presulis

437 4427 750 4483 crimarum
774 4445 1004 4501 quoque
1026 4429 1159 4485 rivis
1189 4430 1422 4484 abluere
1451 4447 1570 4484 non
1594 4429 1661 4496 (f.
1690 4434 1778 4496 67)
1809 4430 2048 4485 desistit.
2074 4481 2124 4503 η
2155 4431 2445 4498 Othelrici,
2468 4431 2620 4503 quod
2650 4430 2709 4485 in
2723 4432 3009 4485 honorem
3024 4429 3146 4499 eius
3173 4431 3483 4496 Liudulfus,
3501 4427 3708 4500 ejusdem

783 4481 878 4501 In-
907 4481 996 4501 ιη
1027 4481 1073 4484 μ
1114 4481 1154 4485 η
1193 4481 1417 4484 -------
2164 4481 2445 4498 “Mum,
2474 4481 2620 4503 ιη-
2650 4481 2902 4485 -----ν--τ-
2925 4481 3142 4499 ----τ,η
3173 4481 3483 4496 --ν-η---ν

437 4515 836 4587 Sepenumero
877 4533 1114 4573 omnem
1141 4518 1554 4586 ebdomadam,
1581 4521 1817 4591 excepta
1907 4481 2126 4575 feriaD
2151 4519 2421 4575 (ecclesia:
2476 4519 2794 4591 episcopus,
2841 4518 3179 4585 construxit,
3226 4520 3288 4574 in
3331 4517 3553 4574 australi
3582 4517 3710 4588 parte

424 4605 662 4677 jejunus
713 4605 1056 4678 perducens,
1115 4606 1175 4662 in
1231 4607 1561 4664 elemosinis
1627 4609 1791 4664 valde
1858 4611 2052 4681 largus
2152 4606 3169 4680 monasteriisanctaemartyrisAfraa
3191 4607 3710 4678 sepulturaehonora—

429 4692 1277 4767 exstitit.Appropinquantem
1308 4696 1430 4767 ejus
1456 4695 1681 4752 obitum
1709 4698 1893 4752 multa
1915 4714 2048 4770 pre-
2153 4696 2254 4753 bili
2283 4697 2544 4765 tradidit,
2573 4700 2632 4752 et
2669 4697 2742 4752 ob
2773 4695 3028 4751 aunimaa
3059 4695 3390 4751 remedium
3415 4713 3523 4750 sua:
3554 4695 3636 4748 l00
3656 4697 3709 4734 “9

1749 4835 1976 4889 VARUE
2019 4833 2418 4890 LECTIO‘NES.

419 4963 493 4998 ⁸⁷⁸
523 4955 760 5029 cameris
782 4971 923 5011 corr.
954 4954 1157 5029 ceteris
1186 4960 1239 5029 1.
1273 4956 1367 4998 ὕπ’
1400 4955 1528 5012 Viri.
1562 4974 1680 5013 var.
1710 4956 1828 5013 lect.
1855 4965 1948 5014 οτι.
2003 4965 2073 4999 07°
2105 4957 2271 5029 culpa
2289 4973 2348 5010 se
2369 4960 2452 5012 la.
2477 4957 2706 5029 culpam
2730 4956 2805 5010 A.
2837 4956 2900 5010 S.
2921 4973 2973 5010 a.
3021 4956 3177 5010 1001.
3237 4962 3310 4996 ⁸⁷7
3343 4957 3417 5009 ita
3453 4947 3707 5005 lc.d0ma-

420 5027 690 5100 nacihoni
732 5031 820 5100 ia.
853 5027 1100 5100 “sisedis
1126 5027 1250 5083 add.
1285 5032 1363 5085 lc.
1411 5036 1482 5070 079
1512 5029 1868 5100 importunia
1900 5033 1983 5084 la.
2043 5036 2114 5070 σεο
2145 5027 2220 5082 ita
2258 5031 2338 5082 lc.
2381 5027 2733 5083 conscientia
2771 5032 2854 5081 ta.
2918 5035 2990 5100 68!,
3029 5030 3305 5082 netuntur
3341 5031 3360 5080 1
3398 5030 3542 5100 (ιη-θεέ
3567 5029 3707 5100 equi-

418 5099 469 5154 ci
491 5103 542 5156 1.
570 5107 642 5142 ⁸⁸⁸
667 5099 1073 5155 Gaudenshem
1102 5102 1193 5172 lc,
1283 5108 1354 5142 σοι
1380 5091 1623 5172 paterno
1648 5102 1877 5172 fortasse
1907 5103 2019 5171 ipse
2046 5100 2220 5155 scriba
2246 5102 2662 5172 corr._paterna
2695 5103 2743 5153 1.
2820 5107 2890 5141 685
2945 5099 2995 5153 ei
3031 5103 3108 5156 lc.
3212 5106 3284 5140 σεδ
3317 5095 3492 5169 supsit
3516 5097 3585 5148 1ε.
3649 5091 3702 5128 ⁸⁸⁷

416 5187 534 5228 nou
563 5173 765 5228 mserit.
798 5174 851 5228 2.
880 5170 1325 5227 consentiebant
1351 5169 1410 5226 1i.
1445 5190 1503 5229 o.
1532 5169 1904 5244 denegabant
1924 5169 2025 5228 ‘la.
2103 5179 2173 5213 σεο
2205 5179 2275 5214 σοι
2303 5169 2433 5226 add.
2466 5171 2550 5226 lb.

1975 5293 2200 5351 NOTAE.

483 5386 634 5454 (543)
663 5385 830 5444 Conf.
861 5385 1016 5443 Ann.
1048 5383 1430 5455 Hildeshem,
1473 5403 1525 5441 a.
1564 5384 1721 5440 1000.
2127 5385 2284 5442 boldi
2316 5384 2508 5441 Vitam
2537 5383 2683 5455 imp.
2717 5383 2967 5438 Heinrici
3002 5384 3062 5439 ll.

480 5439 632 5530 ibi-ii
651 5439 829 5530 βὀὶιῖ
852 5439 1402 5530 ῥῶιιῖηόίΒᾴΙᾱθτὶοξ
1418 5439 1635 5512 Chron.
1661 5455 1888 5513 Camer.
1915 5459 1954 5513 Ι.
1980 5475 2020 5526 ι,
2175 5439 2540 5527 ’(ἒῖᾇϐγῐᾶθηι
2573 5439 2693 5512 dies
2713 5455 3048 5512 emortualis
3063 5455 3274 5528 legitur
3299 5454 3362 5510 in
3393 5439 3695 5511 Ann.0|l€d‘

403 5544 454 5583 c.
492 5525 623 5601 Hi.
649 5529 838 5601 Vitam
871 5525 1429 5601 Bernwardi,ic.g23,
1472 5545 1557 5601 sq.
2006 5525 2012 5526 7
2119 5527 2288 5592 linb.,
2315 5525 2369 5584 a.
2407 5530 2564 5601 1002.

475 5583 626 5672 (545)
655 5599 780 5654 Alia
808 5583 1053 5672 narrant
1082 5583 1397 5656 Laudulfus
1418 5583 1556 5655 seri.
1588 5601 1651 5663 ll,
1683 5616 1731 5672 c.
1779 5602 1863 5672 18,
1930 5605 2012 5656 19.
2368 5583 2599 5671 Polling
2619 5599 2787 5670 juxta
2816 5598 3052 5654 ﬂuvium
3081 5601 3340 5661 Ammer,
3373 5592 3513 5650 infra
3534 5583 3681 5639 Weil-

401 5669 737 5743 Sigebertus
761 5673 817 5724 et
843 5670 1056 5727 Chron.
1084 5686 1209 5744 reg.
1232 5672 1290 5727 S.
1308 5672 1646 5728 Pantaleon.
1668 5671 1833 5727 Conf.
1849 5672 2013 5728 Adel-
2114 5671 2291 5726 heim.
