3954 6180
496 393 632 454 128‘!

502 516 649 593 (607)
679 510 990 573 Guncelino
1016 508 1091 565 ad
1113 507 1392 563 hoc’duce
1418 506 1666 574 irruunt,
1704 504 2109 561 Bececionem-
2130 509 2187 569 Α

501 624 613 682 que
626 597 1058 672 m,Herimanni
1073 596 1300 652 comitis
1309 594 1838 667 satellitem.primo
1853 595 2113 651 occiden-

496 695 685 764 tes,ad
694 690 1047 748 caminatam
1061 686 1526 759 ejusdemomnes
1540 684 2111 741 armaticonveniunt

494 786 811 840 fenestram
861 778 1147 852 lapidibus
1171 777 1525 849 impugnant
1545 775 1887 847 grandibus,
1920 773 2110 829 domi-

494 889 638 930 num
671 869 829 928 urbis
857 869 1020 929 (608),
1052 866 1296 923 Ozerum
1317 864 1578 932 nomine,
1603 863 1711 919 sibi
1739 863 1813 918 ad
1843 861 2108 918 occiden-

497 962 635 1018 dum
666 959 831 1017 reddi
851 958 1254 1015 vociferantes.
1303 953 1417 1009 Sed
1461 953 1824 1008 Thietmarus
1851 951 2017 1006 miles
2044 966 2110 1005 ex

492 1048 740 1107 cubiculi
765 1049 885 1103 sola
915 1045 1251 1102 municione
1275 1061 1287 1098 :
1322 1042 1504 1109 Quare
1523 1040 1975 1110 szc,inﬁt,agitis?
1992 1040 2111 1110 quis

493 1147 563 1183 αι
586 1140 746 1210 furor
765 1154 852 1193 vos
881 1138 964 1193 ita
996 1135 1227 1202 seduxit,
1254 1139 1316 1187 ut
1344 1132 1498 1187 obliti
1516 1131 1887 1199 beneﬁciorum
1909 1129 2113 1182 comitis

492 1226 806 1284 Ekkihardi
829 1232 1232 1297 spontaneeque
1261 1222 1619 1285 invitationis,
1656 1221 1733 1275 sic
1752 1220 2040 1287 assurgitis
2058 1217 2112 1269 in

484 1319 779 1390 perniciem
808 1315 953 1385 filii?
981 1313 1049 1370 Si
1060 1328 1283 1370 causam
1315 1312 1454 1366 tanti
1496 1309 1756 1379 facinoris
1805 1323 1897 1362 seu
1922 1314 1993 1348 ⁸6⁵
2011 1319 2113 1376 ρα-

493 1407 624 1463 blice
649 1422 741 1461 seu
764 1404 904 1461 clam
932 1404 1185 1475 cuiquam
1233 1405 1481 1455 nostrum
1509 1396 1678 1452 vultis
1705 1397 1935 1467 aperire,
1962 1409 2113 1451 com-

494 1497 641 1550 missi
667 1493 1094 1550 emendacionem
1127 1488 1269 1545 vobis
1297 1487 1694 1558 complacitum,
1721 1486 2009 1555 futurique
2042 1484 2112 1536 ti-

493 1585 656 1639 moris
677 1584 945 1637 vestrimet
968 1580 1313 1637 securitatem
1333 1595 1397 1632 ex
1416 1579 1521 1631 mei
1530 1575 1748 1630 senioris
1779 1580 2108 1626 nostrorum-

493 1688 595 1746 que
624 1672 867 1726 omnium
885 1675 1047 1741 parte
1064 1665 1776 1741 ﬁrmiter,qualitercumque
1796 1661 2108 1731 vultis,pro-

493 1764 669 1818 mitto.
695 1759 866 1815 Hunc
893 1775 1049 1831 quem
1078 1760 1135 1812 in
1164 1763 1388 1812 mortem
1418 1753 1565 1809 vobis
1610 1752 1734 1806 dari
1760 1749 2111 1806 inclementer

1444 381 1817 441 THIETMARI
1851 378 2462 441 MERSEBURGENSIS
2499 379 2814 438 EPISCOPI

3670 382 3769 440 1288

2209 506 2471 578 simoque
2516 503 2760 575 pecunie
2790 503 3141 559 transeuntis
3171 503 3455 559 inescatos
3484 520 3622 560 amo
3651 511 3709 546 ’τι
3731 505 3772 560 in

2210 593 2491 651 servitutis
2522 593 2890 665 liberatisque
2919 593 3341 649 detrimentum
3373 610 3607 664 capere.

2281 690 2331 739 7.
2350 685 2516 740 Alter
2535 687 2732 738 autem
2756 682 3086 745 Bolizlavus,
3133 682 3508 737 Boemiorum
3540 685 3776 753 provisor,

2212 775 2603 845 cognomento
2627 771 2821 838 Rufus,
2850 776 2907 827 et
2938 771 3467 842 impietatisauctor
3496 772 3778 841 immensa,

2213 862 2448 934 antiquo
2468 878 2632 917 more
2647 861 2772 932 jam
2787 862 3082 932 paululum
3111 861 3429 927 refrenato,
3461 861 3595 916 duci
3615 862 3783 932 aspira.

2210 951 2288 1005 vit
2318 950 2613 1019 Heinrico;
2655 949 2752 1021 qui
2796 949 2965 1005 inicio
3021 950 3241 1004 mensis
3286 950 3433 1019 iunii
3465 951 3784 1022 cumprimis

2212 1040 2599 1095 Bawariorum
2652 1042 2710 1094 et
2752 1039 3123 1094 orientalium
3176 1041 3535 1094 Francorum
3567 1048 3638 1083 δτι
3667 1042 3783 1096 Wor-

2211 1132 2453 1185 matiam
2486 1129 2664 1191 venit,
2717 1145 2885 1183 causa
2918 1130 3145 1183 Renum
3202 1129 3421 1184 ibidem
3467 1130 3783 1196 transeundi,

2208 1219 2611 1291 Magontiaque
2643 1218 3119 1273 benediccionem
3153 1219 3681 1291 accipiendi.Quod
3695 1236 3786 1290 pro-

2210 1307 2409 1362 hibere
2433 1307 2819 1361 Herimannus
2848 1307 2959 1361 dux
2988 1307 3212 1374 nititur,
3244 1309 3594 1379 nullumque
3624 1309 3703 1363 eis
3723 1325 3788 1380 pa-

2210 1396 2406 1451 tefecit
2434 1397 2595 1451 Reno
2620 1397 2848 1450 favente
2880 1395 3238 1466 ingressum.
3269 1398 3392 1450 Dux
3423 1400 3627 1451 autem
3659 1398 3787 1451 Hein-

2210 1485 2359 1541 ricus
2378 1485 2577 1541 habito
2610 1485 2682 1539 de
2710 1484 2818 1539 hiis
2844 1487 3017 1539 rebus
3047 1501 3180 1539 cum
3212 1485 3328 1539 suis
3350 1486 3623 1554 consilio,
3652 1488 3787 1541 simu-

2208 1577 2326 1630 lato
2358 1574 2416 1630 in
2455 1573 2767 1630 Bawariam
2797 1574 2986 1629 reditu
3012 1574 3375 1647 transituque
3410 1575 3585 1647 quasi
3626 1577 3789 1647 despe-

2209 1667 2359 1732 rato,
2391 1663 2466 1719 ad
2494 1664 2702 1720 urbem
2728 1664 2959 1718 Larscm
2991 1663 3132 1727 (611)
3170 1662 3268 1718 ubi
3298 1668 3539 1719 sanctus
3568 1665 3787 1737 requies-

2208 1754 2287 1807 cit
2316 1752 2603 1822 Nazarius,
2635 1752 2809 1809 venit.
2846 1751 3185 1825 Deindeque
3241 1752 3315 1808 ad
3343 1753 3706 1826 Magontiam
3731 1770 3790 1808 ce.

492 1851 788 1923 emoscitis,
838 1824 986 1902 nobis
1022 1846 1314 1902 viventibus
1363 1852 1434 1886 8⁸⁸
1491 1840 1659 1913 (1⁵.86)
1709 1857 1819 1895 non
1843 1839 2106 1910 accipitis.
2141 1824 2406 1895 Bleritcr
2429 1841 2494 1913 (f.
2526 1842 2616 1912 87)
2644 1840 3035 1913 properando,
3088 1824 3317 1898 Renum
3357 1824 3601 1899 securus
3632 1845 3791 1899 enavi-

491 1940 672 1997 Pauci
687 1954 903 2005 sumus;
960 1943 1055 1991 aut
1098 1934 1448 1992 communiter
1493 1933 1650 1999 mori,
1689 1938 1786 1986 aut
1814 1928 2109 1985 incolumes

494 2028 620 2083 urbe
650 2029 747 2084 hac
779 2043 872 2081 nos
904 2027 1046 2080 exire
1064 2042 1168 2096 pro
1191 2030 1334 2079 certo
1352 2023 1550 2077 sciatis.
1592 2020 1748 2074 Tunc
1781 2018 1861 2073 illi
1900 2016 2108 2073 auditis

494 2116 877 2184 sermonibus,
918 2114 1009 2169 his
1042 2115 1451 2186 colloquuntur
1498 2117 1592 2177 867,
1640 2107 2010 2178 abeundique
2036 2104 2106 2160 li-

492 2207 756 2264 eenciam
803 2203 917 2259 hiis
957 2205 1301 2276 prestantes,
1361 2200 1568 2255 ducem
1626 2195 1969 2252 Bolizlavum
2004 2211 2108 2267 per

492 2294 892 2352 internuncios
918 2292 1190 2361 invitant,
1222 2289 1519 2361 portisque
1550 2286 1804 2342 eundem
1830 2282 2107 2371 8³⁸130δοί-

494 2385 665 2458 piunt
692 2381 944 2454 apertis;
973 2382 1417 2453 completurque
1448 2376 1600 2450 quod
1662 2375 1941 2447 scriptum
1974 2376 2059 2427 est
2091 2388 2104 2426 :

492 2472 798 2540 Laetamur,
856 2486 979 2525 cum
1027 2468 1166 2523 male
1194 2469 1445 2538 fecerint,
1474 2483 1536 2520 ac
1565 2463 1837 2520 exsultant
1864 2465 1920 2516 in
1954 2460 2108 2515 rebus

490 2562 725 2634 pessimis
749 2560 943 2631 (Prov.
976 2575 1036 2627 ιι,
1064 2558 1170 2628 14),
1199 2561 1257 2612 et
1286 2558 1500 2612 iterum
1534 2564 1606 2598 869
1628 2571 1641 2609 :
1660 2554 1804 2609 Sunt
1832 2553 2109 2623 principia

493 2664 676 2705 eorum
706 2656 767 2703 ut
784 2647 965 2703 mel.et
979 2648 1262 2703 novissima
1274 2647 1430 2719 quasi
1439 2644 1793 2700 abscinthium
1814 2650 1887 2684 87°
1914 2641 2104 2696 (Prov.

492 2756 549 2808 v,
575 2738 655 2811 4.)
687 2738 801 2793 Hac
827 2738 1010 2793 elatus
1038 2735 1421 2808 prosperitate
1455 2733 1759 2788 Bolizlavus
1788 2739 1880 2799 871,
1899 2745 2107 2786 omnes

492 2829 749 2902 regionis
778 2828 929 2882 illius
962 2826 1245 2881 terminos
1273 2840 1451 2897 usque
1488 2822 1560 2878 ad
1592 2823 1835 2877 Elstram
1867 2818 2107 2877 ﬂuvium

494 2916 920 2992 preoccupavit,
953 2913 1330 2987 presidiisque
1362 2913 1575 2968 suimet
1596 2911 1807 2966 munit.
1842 2911 2109 2984 Congre-

495 3006 767 3078 gantibus
812 3021 873 3061 se
902 3007 1042 3059 tunc
1071 3001 1430 3058 unanimiter
1459 3001 1533 3057 ad
1584 3002 1712 3056 haec
1744 2999 2108 3072 prohibenda

494 3094 729 3164 nostris,
762 3093 993 3150 dolosus
1024 3092 1118 3147 ille
1150 3092 1409 3163 legatum
1441 3089 1671 3145 obviam
1714 3088 1890 3155 misit,
1924 3087 2021 3161 qui
2046 3104 2105 3143 se

493 3186 912 3256 protestaretur
935 3198 1069 3237 cum
1097 3180 1285 3254 gratia
1313 3178 1563 3235 Heinrici
1589 3177 1746 3234 ducis
1778 3194 1842 3232 ac
1866 3177 2107 3232 licencia

500 3274 623 3329 hac
650 3271 933 3344 incepisse
958 3288 973 3340 ;
999 3270 1060 3325 in
1099 3270 1256 3324 nullo
1288 3285 1348 3324 se
1374 3266 1578 3323 incolis
1599 3266 1951 3334 nociturum,
1975 3269 2035 3321 et
2058 3265 2104 3320 si

495 3362 731 3434 quando
759 3361 808 3416 is
836 3361 895 3415 in
926 3375 1111 3431 regno
1156 3358 1398 3429 vigeret,
1431 3357 1714 3411 voluntati
1743 3355 2012 3426 ejusdem
2044 3354 2104 3409 in

493 3450 767 3505 omnibus
817 3463 1229 3516 assensurum;
1292 3446 1380 3500 sin
1429 3448 1647 3511 autem,
1679 3444 1838 3516 quod
1867 3443 2106 3498 histum

495 3540 771 3610 placeret,
799 3537 1051 3591 libenter
1076 3536 1386 3590 facturum.
1421 3534 1536 3587 Hoc
1578 3531 2106 3587 animadvertentes

491 3626 697 3695 nostri,
719 3624 906 3680 verbis
923 3623 1223 3679 credidere
1245 3621 1559 3695 phaleratis
1582 3620 1748 3692 (609),
1781 3624 1840 3676 et
1860 3620 2109 3675 inhone-

488 3718 601 3787 ste,
634 3714 795 3788 quasi
826 3713 902 3769 ad
933 3712 1264 3780 dominum,
1294 3710 1369 3766 ad
1398 3709 1651 3765 eundem
1703 3709 1949 3781 profecti
2000 3710 2105 3764 ho-

494 3821 699 3862 norem
734 3800 1447 3874 innatumsupplicatione
1497 3802 1557 3855 et
1592 3799 1805 3870 injusta
1834 3798 2106 3855 servitute

496 3902 569 3938 87!
592 3894 929 3950 mutabant.
961 3892 1149 3957 Quam
1179 3890 1378 3962 inique
1421 3888 1800 3961 comparandi
1829 3891 1964 3944 sunt
2001 3906 2108 3944 an-

2129 3147 2176 3208 Ο

491 3987 806 4041 tecessores
836 3981 1018 4037 nostri
1048 3983 1107 4036 et
1137 3980 1205 4052 (f.
1246 3979 1350 4047 86’)
1389 3976 1879 4049 contemporalesl
1911 3977 2108 4033 Viven-

489 4078 549 4132 te
575 4072 812 4147 egregio
839 4071 1080 4126 Hodone
1111 4077 1204 4139 ⁸⁷³,
1237 4072 1403 4142 pater
1432 4068 1590 4123 istius
1608 4068 1810 4123 Miseco
1839 4068 2104 4136 domum,

490 4170 767 4239 qua'eum
797 4177 920 4217 esse
945 4159 1184 4222 sciebat,
1215 4157 1537 4213 crusinatus
1561 4158 1711 4228 (610)
1737 4156 1978 4226 intrare,
2018 4156 2106 4210 vel

490 4270 560 4310 eo
580 4253 921 4324 assurgeute
967 4263 1291 4321 numquam
1317 4246 1668 4320 presumpsit
1703 4246 1925 4302 sedere.
1960 4248 2106 4302 Deus

490 4342 792 4414 indulgeat
815 4338 1182 4412 imperatori,
1223 4336 1379 4409 quod
1408 4335 1774 4391 tributarium
1799 4344 1869 4379 δτι
1889 4335 2107 4392 faciens

493 4431 822 4498 dominum,
885 4428 961 4484 ad
1034 4428 1145 4483 hoc
1202 4442 1482 4499 umquam
1536 4425 1796 4496 elevavit,
1848 4429 1911 4480 ut
1961 4414 2182 4481 obli-D

490 4522 552 4574 ta
574 4518 659 4573 sui
686 4516 970 4590 genitoris
996 4517 1220 4589 regula,
1250 4531 1484 4588 semper
1513 4513 1619 4570 sibi
1651 4515 1976 4587 prepositos
2005 4532 2105 4570 au-

491 4606 655 4663 deret
691 4607 752 4661 in
792 4603 1212 4677 subjectionem
1259 4602 1539 4676 paulatim
1573 4604 1900 4674 detrahere,
1955 4604 2105 4660 vilis-

2208 1935 2334 2001 gat.
2376 1929 2487 1985 Hic
2513 1932 2543 1984 8
2572 1931 2704 1986 Idus
2737 1929 2886 1985 Junii
2919 1930 3141 1986 ibidem
3175 1932 3483 1988 communi
3521 1934 3792 1988 devotione

2207 2018 2267 2072 in
2299 2035 2500 2090 regem
2534 2019 2767 2089 electus,
2806 2037 2839 2075 a
2887 2019 3165 2092 Wiligiso,
3224 2021 3492 2092 ejusdem
3551 2023 3701 2077 sedis
3734 2038 3793 2077 at.

2208 2108 2593 2182 chiepiscopo,
2623 2109 3235 2184 suffraganeorumque
3261 2113 3478 2168 suimet
3499 2113 3710 2168 auxilio
3734 2130 3794 2168 ac-

2208 2202 2377 2269 cepta
2401 2200 2582 2272 regali
2610 2201 2909 2267 unccione,
2960 2202 3180 2256 cunctis
3235 2204 3617 2274 presentibus
3647 2206 3795 2258 Deum

2208 2289 2690 2357 collaudantibus,
2715 2294 3026 2345 coronatur
3048 2291 3217 2362 (612).
3245 2292 3604 2347 Francorum
3630 2295 3688 2345 et
3704 2292 3797 2346 Mu-

2209 2379 2595 2434 selenensium
2628 2388 2697 2421 877
2728 2380 3030 2450 primatus,
3059 2382 3184 2452 regi
3217 2399 3431 2436 manus
3477 2386 3615 2436 tunc
3642 2381 3798 2453 appli-

2209 2483 2346 2522 cans
2376 2476 2466 2532 878,
2499 2468 2748 2539 gratiam
2774 2469 3032 2539 ejusdem
3092 2471 3325 2528 meruit.
3371 2471 3660 2527 Omnibus
3708 2472 3800 2527 huc
3910 2504 3911 2539 γ

2208 2555 2446 2628 indique
2476 2557 2900 2612 conﬂuentibus
2930 2557 2989 2611 in
3022 2560 3387 2614 879miliciam
3417 2577 3453 2615 a
3477 2577 3617 2633 rege
3638 2576 3801 2615 suscc-

2207 2644 2339 2715 ptis,
2369 2662 2562 2700 rursus
2593 2646 2816 2700 Renum
2842 2645 3233 2702 inundantem
3256 2664 3356 2702 rex
3385 2657 3649 2704 novus!”
3672 2653 3805 2704 tran-

2207 2733 2379 2802 siens,
2408 2750 2513 2807 per
2541 2735 2883 2790 orientalem
2900 2736 3201 2792 Frauciam
3230 2746 3299 2780 881
3332 2738 3441 2793 sibi
3472 2756 3648 2811 quam
3678 2738 3804 2793 ﬁde-

2205 2824 2343 2891 lem,
2375 2824 2786 2879 Alemanniam
2815 2824 3088 2880 invadere
3118 2830 3331 2881 etcum
3364 2828 3804 2900 depopulatione
3910 2824 3911 2909 ᾗ

2206 2912 2355 2969 illius
2403 2917 2575 2967 terrae
2615 2915 2685 2969 ab
2724 2914 2965 2986 inceptis
2996 2915 3426 2971 Herimannum
3457 2918 3806 2973 resistentem
3910 2948 3911 2969 ι

2205 3004 2451 3056 conatur
2478 3006 2758 3057 avertere.
2792 3004 2913 3058 Dux
2944 3012 3141 3059 autem
3166 3008 3230 3058 ut
3250 3005 3473 3060 audivit
3490 3023 3597 3061 sua
3625 3023 3657 3061 a
3682 3022 3806 3077 rege

2205 3090 2466 3162 predata.
2518 3091 2781 3146 nondum
2838 3093 3035 3147 volens
3077 3093 3371 3148 humiliari
3424 3102 3518 3161 ³³³,
3569 3094 3670 3150 sed
3716 3109 3806 3164 pro

2207 3177 2400 3233 dolor!
2436 3184 2639 3235 contra
2672 3180 2974 3236 dominum
3012 3184 3071 3235 et
3095 3198 3299 3253 regem
3315 3184 3585 3237 exaltans
3612 3200 3694 3250 se,
3724 3198 3805 3236 ca-

2205 3271 2311 3338 put
2335 3268 2572 3324 ducatus
2598 3269 2683 3324 sui
2713 3269 3093 3342 Argentinam
3121 3270 3286 3342 (6l3),
3338 3288 3454 3342 que
3514 3270 3809 3340 Strazburg

2207 3355 2435 3424 dicitur,
2490 3358 2628 3430 quia
2657 3358 2956 3430 episcopus
2992 3360 3257 3429 ejusdem
3304 3360 3466 3415 urbis
3520 3361 3807 3416 Wicelinus

2205 3444 2312 3499 sibi
2346 3447 2610 3502 resistere
2665 3450 3099 3519 presumpserit,
3154 3466 3291 3503 cum
3337 3449 3571 3505 Corado
3615 3450 3806 3506 suimet

2205 3551 2424 3605 genero
2451 3545 2543 3606 883,
2572 3536 2753 3591 milite
2805 3538 2951 3608 petit
2995 3541 3224 3592 armato
3274 3555 3597 3611 murosque
3626 3555 3803 3594 ascen-

2208 3626 2371 3693 dens,
2404 3627 2485 3681 nil
2529 3627 2688 3682 victis
2740 3628 2987 3699 reliquid
3042 3636 3111 3670 83‘
3165 3630 3331 3697 (614),
3390 3630 3509 3685 Sed
3564 3634 3803 3687 execrata

2205 3716 2663 3772 Alamannorum
2692 3718 2861 3771 turba
2883 3718 2957 3772 ad
2983 3718 3337 3788 rapiendum
3362 3721 3799 3792 promptissimL

2207 3803 2385 3860 inscio
2414 3806 2577 3875 duce,
2607 3806 2891 3877 majorem
2925 3807 3226 3862 ecclesiam
3258 3813 3477 3864 sanctae
3518 3811 3620 3865 Dei
3665 3809 3802 3882 geni-

2204 3893 2363 3949 tricis
2393 3895 2684 3968 intrepida
2711 3898 2774 3969 (f.
2799 3898 2904 3969 87’)
2936 3898 3160 3952 intrans
3204 3915 3450 3953 omnem
3482 3900 3797 3954 thesaurum

2208 3982 2428 4056 diripit,
2449 3988 2508 4040 et
2535 3985 2691 4057 quod
2720 3986 3041 4041 maximum
3098 3990 3226 4042 erat
3274 3988 3526 4056 facinus,
3558 3988 3690 4060 igne
3711 3987 3798 4041 do-

2208 4089 2371 4128 mum
2400 4074 2631 4129 Domini
2688 4076 3064 4146 consumpsit.
3120 4076 3178 4131 Si
3230 4094 3364 4132 vere
3412 4077 3555 4133 felix
3600 4077 3797 4139 fuisset,

2207 4161 2381 4233 primi
2432 4162 2722 4234 ingressus
2773 4166 3086 4220 acerbitate
3146 4166 3451 4229 deterrita,
3498 4178 3795 4238 numquam

2206 4252 2431 4323 majora
2451 4254 2685 4326 aggredi
2707 4257 3235 4327 presumeret.Nam
3253 4258 3533 4312 antistitis
3545 4255 3796 4312 militibus

2208 4341 2546 4399 Reinwardo
2579 4348 2811 4400 auctore
2833 4344 3144 4400 infideliter
3172 4346 3661 4418 repugnantibus,
3694 4359 3795 4399 ma-

2204 4430 2359 4486 xima
2400 4432 2653 4487 hostium
2704 4438 2930 4489 caterva
2978 4434 3222 4501 irruens,
3257 4435 3499 4506 proprio
3566 4434 3795 4507 perfossa

2206 4521 2398 4576 hastili
2423 4522 2660 4588 corruit,
2684 4523 2976 4595 vitamque
3002 4524 3152 4579 hanc
3181 4524 3378 4579 divina
3405 4524 3627 4579 ultione
3651 4523 3797 4578 mise-

2206 4611 2468 4666 rabiliter
2513 4611 2656 4667 linit.
2682 4612 2811 4667 Haec
2839 4612 3223 4668 Herimannus
3258 4614 3555 4669 insolubili
3576 4621 3647 4656 ⁸³⁸
3672 4625 3793 4683 queo

1821 4703 2052 4759 VARUE
2089 4706 2489 4765 LECTIONES.

561 4785 634 4849 se:
663 4778 740 4834 sic
768 4774 1067 4845 legendum,
1092 4775 1545 4849 beccionemque
1577 4774 2115 4849 l.‘_Beccionemque
2142 4779 2219 4835 Α.
2251 4780 2313 4836 S.

2393 4825 2408 4840 .
2437 4789 2508 4824 εισι
2540 4781 2723 4853 agitis.
2759 4782 2871 4837 Cur
2899 4784 2957 4839 in
2990 4785 3218 4838 tantum
3249 4784 3435 4838 scelus
3474 4784 3587 4841 itis.
3622 4782 3745 4848 Quis
3768 4782 3795 4833 2

491 4849 564 4927 ᾼ.
589 4848 654 4906 S.
730 4856 801 4927 80f
829 4849 906 4901 ita
939 4851 1016 4927 1ο.
1050 4852 1220 4927 seta.
1297 4856 1391 4927 θεῇ
1419 4845 1760 4927 degentibus
1795 4850 1876 4927 la_.
1897 4845 2189 4927 quamdiu
2217 4845 2604 4924 supersumus
2616 4859 2669 4909 2.
2701 4854 2772 4911 Α.
2803 4854 2866 4910 S.
2942 4862 3013 4897 867
3040 4856 3409 4927 colloquatur
3443 4860 3495 4911 1.
3570 4845 3792 4927 εεεέιῳ·

494 4921 744 4992 demque
778 4922 890 4992 la._
937 4925 1009 4962 σου
1024 4919 1126 4992 sed
1153 4935 1298 4992 vere,
1315 4917 1425 4974 illis
1445 4917 1688 4992 eveniet,
1715 4917 2035 4992 quod‘qit’em
2064 4922 2169 4976 scri

2177 4926 2340 4994 ptum
2362 4928 2447 4980 est
2473 4928 2527 4980 2.
2603 4933 2675 4968 87°
2700 4943 2729 4981 c
2757 4942 2985 4985 erasum.
3063 4934 3133 4969 δτι
3165 4924 3239 4982 ita
3264 4931 3345 4983 lc.
3367 4927 3538 4983 elatis
3555 4957 3626 4969 —
3644 4924 3794 4982 boliz-

492 4988 690 5047 lauum
711 4994 771 5043 ut
800 4988 1008 5043 videtur
1041 4991 1123 5045 la.
1184 4997 1256 5032 87!
1277 4989 1460 5046 Sclavi
1487 4989 1612 5044 add.
1646 4993 1699 5045 2.
1730 4988 1809 5043 Ἀ.
1844 4989 1907 5047 S.
1936 5007 1989 5045 a.
2027 4988 2183 5049 1002.

2240 5002 2313 5038 ⁸⁷³
2340 4997 2571 5052 hodoue
2605 5000 2683 5053 lc.
2730 5005 2799 5040 δτι
2831 4998 3207 5054 triburarium
3241 5002 3289 5054 1.
3323 5000 3579 5055 sclavum
3608 4997 3725 5055 add.
3746 4997 3788 5046 ἓ·

494 5070 566 5142 ξπ
591 5064 630 5142 i.
661 5079 707 5117 e.
738 5060 945 5142 hamo.
1012 5062 1298 5142 37°_ita‘_lc.
1326 5061 1616 5142 {rauci-um
1644 5060 1719 5142 ι.
1767 5067 1838 5142 ξττ
1886 5064 2405 5142 muselesnensium
2455 5072 2539 5124 la.
2617 5076 2687 5111 878
2716 5070 3017 5142 applicatis
3053 5073 3136 5125 la.
3192 5073 3393 5142 _§79_ita
3423 5070 3502 5126 lc.
3534 5071 3552 5126 i
3586 5074 3665 5142 la,
3731 5072 3790 5142 ἐξ

492 5135 577 5192 ita
611 5136 687 5188 lc.
721 5130 897 5213 nouis
926 5133 1039 5213 ta.‘
1088 5130 1467 5213 Oftfrancia‘m.
1498 5136 1580 5213 ta.
1659 5140 1729 5175 se:
1770 5131 2101 5191 humiliare,
2137 5140 2224 5197 ια,
2298 5146 2369 5182 ss:
2394 5156 2532 5213 gero
2581 5143 2630 5199 ί,
2681 5130 2962 5212 ge'rfnano
2992 5146 3048 5198 2.
3079 5141 3151 5200 Α.
3176 5139 3244 5201 ις.
3283 5140 3324 5197 ι.
3356 5142 3397 5198 ι.
3474 5150 3546 5186 3“
3568 5133 3788 5212 reliquid

2074 5281 2302 5338 NOTJE.

491 5222 633 5265 corr.
653 5201 899 5277 reliquid
937 5203 1039 5260 lc?
1109 5210 1181 5246 εει
1205 5202 1473 5259 insolain
1505 5207 1591 5263 la.

566 5364 720 5440 (608)
746 5363 1131 5440 Durggravius
1147 5361 1494 5440 yisniensis.

530 5434 718 5513 (eos)
747 5438 826 5491 Ex
850 5434 1103 5513 Terentii
1144 5434 1383 5513 Phorm.
1437 5437 1528 5513 ll],
1571 5441 1624 5505 5,
1677 5443 1765 5511 15,
1793 5442 2103 5513 ρλαιεναιίς

493 5507 663 5585 dictis_
680 5507 845 5585 ducas
871 5525 976 5567 me.
1005 5510 1139 5568 Uns.
1178 5508 1264 5562 Ita
1283 5510 1341 5562 et
1367 5507 1521 5566 infra
1545 5526 1640 5579 vn,
1673 5507 1764 5572 5|.
1783 5507 2103 5585 promissio-

494 5580 916 5710 nesaphnleratz.
1783 5580 1804 5585 “

571 5653 589 5729 ί
628 5651 717 5728 10)
745 5652 794 5708 Α
816 5651 1025 5712 slavico
1051 5653 1288 5727 ermine,
1318 5652 1358 5713 i.
1381 5669 1432 5713 e.
1455 5656 1609 5712 veste
1630 5655 1894 5729 pollices.

2272 5371 2424 5445 (611)
2453 5371 2684 5429 Lorsch.

2272 5446 2420 5516 (612)
2445 5446 2602 5501 Ann.
2634 5444 2965 5513 Quedlind.,
2994 5464 3051 5502 a.
3085 5448 3241 5516 1002.

2271 5512 2421 5591 (fila)
2446 5516 2787 5591 Wernherus
2816 5512 3115 5591 episeopus
3152 5518 3399 5575 Alawico
3436 5515 3777 5580 successerat,

2203 5601 2258 5645 a.
2290 5589 2449 5655 1001,
2470 5587 2614 5644 Maio
2644 5587 2861 5644 mense.

2275 5657 2416 5735 (614)
2442 5658 2776 5723 Conf.Anu.
2797 5661 3054 5736 Sangall.
3085 5662 3253 5733 mai,
3280 5679 3338 5721 a.
3372 5666 3525 5722 1002.

2272 5370 2424 5445 (611)
