3954 6180
186 380 320 437 1289

1465 367 1887 430 CHRONICON.
1916 398 1991 412 —
2012 367 2143 427 LIB.
2181 368 2255 428 Π.

3419 390 3557 447 1290

186 505 308 559 stus
342 512 592 565 merore,
622 491 901 584 discessit,
943 490 1342 564 inultumque,
1376 492 1509 567 quia
1553 492 1816 551 defendit
1835 492 1893 553 Α
1915 492 2069 565 burg
2084 508 2218 584 cum
2242 492 2965 566 appertinenciis,vivente
2982 497 3321 561 Ekkihardo
3333 507 3562 584 hocque

188 606 487 652 numerus,
520 583 785 657 reliquid.

254 727 307 779 8.
343 722 484 793 Regi
498 723 689 775 autem
717 716 873 790 apud
893 714 1148 787 Augiam
1172 713 1430 772 insulam
1452 717 1818 773 nativitatem

186 812 442 869 msancti
460 807 736 865 Johannis
752 805 1023 876 Baptistae
1045 807 1636 872 commoranti,fama
1654 806 1821 860 velox

186 901 538 973 etsepissime
553 893 1196 963 dubia,Herimannum
1215 894 1427 950 ducem
1443 895 1607 949 litem
1627 893 1821 948 duello

183 1008 357 1048 causa
399 986 637 1044 finiendi
679 984 877 1040 venire
917 981 1234 1053 nuntiavit,
1278 984 1657 1056 eundemque
1685 981 1824 1036 hinc

186 1079 500 1141 discedere,
537 1076 970 1146 adventumque
1002 1069 1168 1127 ducis
1211 1088 1348 1127 cum
1369 1072 1598 1144 judicio
1628 1087 1827 1144 pugne

186 1172 245 1227 in
278 1167 455 1242 pratis
499 1163 817 1220 virentibus
869 1178 935 1217 ac
976 1160 1108 1216 latis
1150 1160 1292 1215 fecit
1337 1163 1709 1231 exspectare.
1744 1159 1830 1213 lbi

187 1263 328 1315 tunc
353 1255 745 1328 apostolorum
764 1251 1062 1306 celebrans
1083 1248 1233 1304 festa
1246 1247 1413 1316 (Jun.
1435 1250 1531 1313 29)
1552 1249 1832 1318 longum-

189 1365 305 1421 que
342 1354 411 1389 ⁸⁸⁷
457 1339 865 1400 certitudinem
905 1338 1249 1412 prestolans,
1305 1335 1537 1390 ducem
1586 1334 1838 1407 inceptis

188 1436 491 1510 persistere
516 1448 706 1505 neque
728 1431 872 1485 velle
910 1443 1014 1482 nec
1040 1442 1229 1497 posse,
1253 1439 1363 1496 pro
1399 1425 1571 1477 certo
1596 1438 1838 1494 compe-

189 1509 285 1582 rit.
317 1523 649 1581 Consultum
678 1522 764 1575 est
790 1519 841 1574 ei
873 1536 907 1573 a
928 1512 1263 1571 malesuasis
1282 1509 1656 1578 fautoribus,
1681 1511 1843 1582 quod

188 1614 525 1688 Argentinm
558 1611 840 1666 damnum
873 1602 1214 1663 Constantia
1241 1597 1556 1688 impleret.
1572 1599 1840 1671 Namque

193 1687 463 1775 ejusdem
491 1699 729 1756 civitatis
749 1698 1067 1770 episcopus,
1082 1690 1322 1747 nomine
1336 1687 1837 1757 Lanbertus,cum

196 1790 466 1847 Curiensi
490 1792 719 1863 pastore
766 1787 828 1858 (ἲ.
893 1785 984 1856 88)
1035 1778 1350 1846 Othelrico,
1398 1778 1835 1835 Herimannum

193 1890 265 1924 ⁸88
299 1880 702 1945 auxiliabatur,
722 1893 841 1931 non
874 1877 1106 1929 tantum
1127 1887 1197 1925 ex
1220 1867 1443 1934 animo,
1465 1871 1753 1940 quantum
1774 1868 1834 1924 in

189 1968 453 2028 civitatis
482 1966 753 2038 contiguo
782 1964 957 2037 (615).
991 1960 1106 2017 Sed
1129 1975 1253 2025 rex,
1282 1958 1344 2010 ut
1365 1959 1494 2010 erat
1525 1958 1596 2011 de
1631 1957 1734 2013 Dei
1766 1957 1836 2012 ti-

191 2074 372 2115 more
418 2054 690 2111 sollicitus
720 2057 778 2108 et
831 2052 902 2107 de
946 2043 1333 2122 acquirendis
1368 2047 1576 2111 certus,
1614 2045 1829 2102 horum

189 2147 454 2221 profana
480 2142 692 2216 sprevit
720 2150 792 2185 88°
824 2138 1090 2201 consilia,
1117 2136 1424 2203 curtesque
1445 2139 1517 2173 890
1543 2132 1702 2190 ducis
1723 2151 1821 2191 va-

189 2219 412 2293 stando
426 2230 812 2299 circuiens,ad
833 2228 1109 2284 ultimum
1122 2225 1381 2279 clamore
1413 2219 1665 2275 devictus
1683 2239 1826 2294 pan-

188 2341 436 2398 perum,
469 2322 541 2377 ad
572 2318 875 2375 Franciam
900 2325 969 2359 891
1003 2326 1271 2370 remeare
1302 2306 1675 2381 disposuit.Et
1695 2327 1826 2367 ecce

191 2413 502 2469 Heinricus
524 2418 595 2451 89!
630 2424 847 2476 comes,
884 2401 1141 2459 Bertoldi
1164 2399 1459 2470 amiteque
1486 2414 1631 2454 mea
1658 2399 1824 2469 ﬁlius,

188 2503 265 2557 ad
293 2500 468 2572 regni
491 2499 719 2570 apicem
739 2492 1158 2568 acquirendam
1178 2488 1304 2561 regi
1318 2503 1494 2559 usque
1516 2488 1626 2543 huc
1643 2489 1827 2546 ﬁdelis

189 2592 284 2663 adj
296 2595 456 2655 utor,
479 2587 949 2643 animadvertens
971 2580 1216 2636 senioris
1235 2578 1448 2633 suimet
1470 2585 1539 2620 898
1566 2578 1824 2651 sibipuu-

188 2682 386 2736 lulum
410 2677 662 2733 alienam
689 2676 949 2729 mentem
981 2680 1076 2733 θοι,
1099 2685 1205 2742 per
1250 2666 1503 2740 optimos
1546 2667 1825 2725 exercitus

190 2767 470 2840 ejusdem
498 2764 648 2819 viros
675 2762 774 2817 diu
800 2760 1167 2830 ﬁrmiterque
1207 2754 1556 2829 promissum
1588 2757 1824 2813 Bawarii

192 2855 373 2928 regni
391 2854 665 2909 ducatum
682 2849 804 2905 dari
823 2844 1378 2919 postulavit.Quibus
1395 2859 1492 2897 rex
1510 2844 1623 2898 tale
1640 2844 1824 2900 fertur

191 2943 434 3000 dedisse
463 2954 810 3012 responsum
839 2954 853 2991 :
882 2935 1082 2990 Nonne
1105 2935 1254 2990 scitis
1270 2933 1380 2987 haec
1404 2932 1460 2984 in
1487 2932 1587 2986 hac
1614 2933 1821 3003 expedi-

198 3036 356 3088 tione
384 3042 728 3101 nequaquam
757 3025 880 3095 ﬁeri
895 3040 1071 3096 posse,
1119 3021 1405 3076 Bawarios
1447 3020 1515 3075 ab
1541 3021 1699 3075 initio
1727 3022 1823 3076 du-

182 3138 308 3177 cem
357 3099 590 3190 eligendi
633 3115 851 3170 liberam
899 3113 1097 3169 habere
1128 3116 1464 3183 potestatem,
1504 3127 1610 3164 non
1647 3110 1822 3166 decere
1843 3099 1893 3161 C

183 3216 315 3266 tam
347 3207 518 3262 subito
567 3222 652 3259 eos
701 3204 927 3269 abicere,
960 3218 1130 3273 neque
1178 3200 1568 3257 constitutionis
1597 3201 1823 3272 antique

178 3300 273 3369 ius
305 3297 509 3367 absque
527 3310 785 3352 consensu
816 3307 1005 3347 eorum
1032 3291 1293 3361 frangere
1321 3286 1437 3343 ‘lSi
1462 3288 1710 3344 voluisset
1730 3305 1819 3345 cx-

182 3392 457 3458 spectare,
491 3401 659 3456 usque
687 3382 816 3437 dum
864 3382 979 3452 ipse
1030 3379 1104 3435 ad
1157 3379 1254 3434 has
1302 3378 1539 3447 regiones
1566 3380 1818 3446 venirem,

185 3492 324 3532 cum
357 3475 634 3529 com-muni
658 3471 881 3530 consilio
903 3470 1217 3541 principum
1240 3464 1527 3523 eorundem
1550 3481 1615 3522 ac
1634 3465 1820 3520 volun-

186 3572 332 3631 tate,
365 3563 471 3617 sibi
499 3562 720 3619 libenter
761 3564 815 3615 in
860 3560 960 3616 hoc
998 3558 1367 3628 satisfacerem
1406 3563 1497 3613 θοι.
1528 3554 1694 3619 Quod
1723 3553 1819 3610 ubi

185 3651 518 3709 Heinricus
547 3650 620 3705 ab
647 3647 1024 3704 internuntiis
1055 3646 1293 3718 accepit,
1318 3645 1377 3699 in
1392 3643 1673 3715 majorem
1691 3659 1821 3716 pro-

186 3740 365 3797 missi
394 3738 655 3795 muneris
687 3735 1159 3808 desperationem
1187 3734 1254 3805 (f.
1289 3732 1397 3803 88’)
1426 3731 1821 3802 veniens,pau-

182 3832 369 3886 latim
412 3845 471 3883 se
498 3828 570 3882 ab
602 3826 761 3898 regis
787 3824 1104 3880 substraxit
1126 3820 1548 3888 familiaritate;
1578 3820 1819 3876 comita-

182 3926 412 3992 tnrque
443 3921 643 3973 tamen
656 3931 857 3987 regem
875 3914 949 3969 ab
970 3912 1323 3968 Alemannia
1354 3909 1818 3981 proﬁciscentem

183 4012 245 4065 in
282 4006 619 4074 Franciam,
654 4005 851 4077 postea
883 4001 957 4057 ad
982 3999 1382 4072 Thuringiam.

261 4149 327 4201 9.
354 4142 440 4199 Ibi
472 4144 599 4197 tum
646 4148 719 4183 δυσ
765 4137 1181 4199 Willehelmus,
1204 4132 1653 4207 Thuringiorum
1681 4135 1819 4190 tunc

185 4231 649 4311 potentissimus
668 4228 839 4303 (616),
856 4225 1088 4283 obviam
1108 4240 1380 4297 pergens,
1398 4223 1820 4296 dominumque

186 4322 541 4380 venientem
572 4335 704 4374 cum
736 4332 953 4388 magna
982 4313 1377 4387 gratulatione
1403 4312 1819 4385 suscipiensre-

188 4414 287 4487 gis
317 4420 391 4455 ενι
427 4408 694 4465 efficitur.
724 4406 806 4461 lbi
832 4385 970 4461 tunc
993 4385 1095 4459 rex
1122 4420 1155 4458 a
1178 4402 1404 4475 prefato
1449 4402 1661 4457 comite
1692 4405 1751 4458 et
1787 4419 1822 4459 a
1844 4385 1898 4446 D

180 4501 413 4577 primis
438 4498 587 4554 illius
616 4506 688 4541 898
717 4494 971 4568 regionis
991 4492 1380 4549 conlaudatur
1402 4491 1462 4547 in
1493 4491 1819 4559 dominum,

185 4597 251 4648 et
285 4591 363 4647 ab
396 4587 560 4644 omni
581 4586 795 4659 populo
818 4587 1077 4655 rogatus,
1107 4581 1371 4636 debitum
1401 4579 1490 4635 his
1510 4597 1821 4653 porcorum

184 4691 267 4726 δι’
303 4677 537 4736 remisit
570 4691 827 4731 censum.
869 4672 1008 4728 Inde
1040 4670 1381 4742 Merseburg
1405 4671 1664 4741 veniens,
1696 4688 1823 4728 sus-

186 4772 406 4843 ceptus
428 4768 516 4821 est
538 4765 612 4821 ab
639 4764 917 4819 Heimone
938 4761 1148 4817 abbate
1176 4761 1234 4814 et
1258 4775 1292 4815 a
1319 4758 1476 4815 ﬁdeli
1496 4760 1708 4817 suimet
1727 4779 1822 4818 co-

186 4859 346 4917 mite
378 4854 619 4912 Esicone
646 4852 744 4927 qui
772 4852 977 4907 urbem
1004 4850 1154 4905 hanc
1185 4850 1243 4904 et
1271 4848 1475 4905 Alstidi
1503 4866 1567 4905 ac
1601 4851 1823 4907 Thorn~

1920 584 2175 657 graviter
2193 583 2445 655 ferente,
2459 584 2708 641 viriliter
2727 602 2910 658 usque
2927 586 2990 642 in
3002 594 3366 660 presentiam
3380 583 3565 672 optati

1919 673 2165 763 senioris
2213 676 2483 731 servavit.
2532 675 2654 729 Huc
2703 676 3060 733 conveniunt
3124 682 3564 763 archiepiscopi,

1924 760 2142 817 Lieviso
2172 769 2247 804 90°
2287 764 2620 819 Bremensis
2642 766 2701 818 et
2730 763 3002 821 Gisilerus
3030 760 3571 847 Magadaburhgen-

1924 852 2001 907 sis
2030 867 2163 906 cum
2190 853 2419 908 caeteris
2448 853 2866 922 confratribus,
2914 856 3191 915 Rethario
3244 862 3568 923 Pathebur-

1926 939 2095 995 nensi
2123 948 2217 1008 σοί,
2252 940 2607 997 Bernwardo
2648 950 2722 985 θοι
2775 943 3277 1019 Hillinesemensi,
3327 955 3569 1013 Arnulfo

1926 1028 2403 1097 Halverstidensi,
2437 1030 2788 1087 Ramwardo
2821 1032 3146 1107 [Mindensi,
3195 1041 3417 1098 Eidone
3473 1054 3571 1114 θυι]

1928 1117 2223 1186 Misnensi,
2267 1119 2595 1175 Bernhario
2631 1119 2934 1192 Ferdensi,
2986 1126 3228 1199 Hugone
3287 1131 3572 1205 Citisensi,

1937 1206 2180 1261 ducibus
2222 1211 2418 1264 autem
2467 1209 2814 1266 Bernhardo
2862 1221 2932 1255 θοι
2976 1231 3042 1270 ac
3082 1217 3385 1291 Bolizlavo,
3440 1240 3573 1280 cum

1936 1294 2380 1352 marchionibus
2411 1296 2713 1355 Liuthario
2745 1302 2805 1355 et
2833 1301 3058 1360 Gerone
3089 1323 3154 1361 ac
3184 1311 3443 1379 palatino
3467 1330 3576 1370 co-

1939 1382 2437 1475 mite_Fritherico
2469 1394 2568 1475 ἐπ,
2597 1387 2746 1475 (cod.
2783 1388 2888 1447 Br.
2908 1391 2950 1447 f.
2980 1395 3112 1466 238)
3127 1397 3369 1472 aliisque
3397 1418 3575 1475 quam

1940 1469 2205 1561 pluribus
2234 1476 2360 1528 tam
2393 1474 2686 1548 episcopis
2716 1492 2894 1549 quam
2947 1469 3294 1551 comitibus;
3326 1469 3575 1561 quorum

1944 1559 2187 1615 nomina
2213 1561 2458 1634 longum
2484 1566 2575 1618 est
2592 1579 2873 1622 enarrare
2885 1564 2993 1639 per
3007 1570 3256 1644 singula.
3272 1559 3579 1637 Hiiomnes

1940 1664 2143 1749 regem
2156 1650 2399 1722 supplici
2413 1651 2736 1708 devocione
2750 1655 3088 1728 suscipiunt.
3106 1660 3369 1721 Crastina
3380 1667 3577 1742 itaque

1941 1737 2122 1805 die,id
2133 1740 2220 1793 est
2236 1741 2438 1794 octavo
2452 1740 2751 1797 Kalendas
2763 1744 3010 1816 Augusti
3019 1746 3158 1819 (Jul.
3177 1737 3578 1821 24),Bernhar-

1861 1816 1916 1878 B
1939 1826 2045 1882 dus
2060 1827 2173 1882 dux
2191 1826 2344 1899 (617)
2364 1843 2494 1883 cum
2518 1844 2811 1886 consensu
2829 1816 3095 1892 omnium
3117 1816 3342 1898 astante
3370 1861 3573 1903 coram

1935 1932 2074 1987 rege
2098 1916 2462 1972 voluntatem
2486 1918 2677 1988 plebis
2710 1922 3111 1980 convenientis
3142 1931 3429 2002 aperiens,
3448 1950 3574 1991 om-

1933 2004 2215 2076 niumque
2229 2004 2715 2062 necessitatemac
2727 2008 2921 2081 legem
2933 2013 3166 2083 speciali
3175 2021 3261 2072 ter
3271 2036 3572 2092 exponens

1932 2092 2071 2166 quid
2100 2092 2182 2147 eis
2209 2092 2631 2149 misericordia:
2672 2095 2841 2151 dictis
2894 2101 3240 2171 promittere
3268 2124 3370 2163 seu
3400 2110 3569 2168 factis

1929 2182 2102 2236 vellet
2130 2180 2497 2253 impendere,
2529 2181 2849 2256 diligenter
2868 2185 3132 2260 inquirit.
3159 2194 3316 2250 Talia
3333 2214 3568 2271 quaere-

1929 2271 2050 2337 bat,
2077 2285 2143 2324 ac
2169 2272 2375 2324 contra
2395 2285 2496 2324 rex
2522 2271 2851 2330 referebat:
2918 2277 3034 2333 Deo
3050 2282 3315 2351 primum,
3341 2284 3568 2344 deinde-

1928 2376 2029 2431 que
2074 2357 2216 2414 vobis
2263 2358 2508 2413 omnibus
2564 2360 2865 2432 condignas
2904 2373 3085 2435 grates
3115 2372 3415 2440 persolvere
3468 2396 3563 2433 ne-

1926 2464 2199 2520 quaquam
2257 2444 2496 2518 suf/icio.
2567 2446 2727 2504 Unde
2777 2451 3075 2511 voluntatis
3120 2473 3251 2514 meae
3300 2472 3560 2524 secretum

1926 2536 2068 2590 vobis
2100 2537 2300 2607 aperio,
2328 2533 2471 2607 quod
2496 2551 2562 2590 ex
2590 2535 2878 2608 adiutorio
2903 2542 3198 2611 efﬁcaciter
3240 2549 3393 2607 vobis
3443 2571 3563 2612 ons-

1925 2624 2081 2679 nibus
2132 2623 2433 2695 impendere
2471 2622 2739 2681 desidero.
2792 2627 3007 2686 Notum
3057 2636 3251 2690 etenim
3291 2640 3434 2696 mihi
3460 2655 3537 2701 est

1924 2729 2086 2784 quam
2137 2688 2364 2780 ﬁdeliter
2400 2714 2589 2767 vestris
2637 2716 2853 2786 regibus
2898 2733 3108 2791 semper
3149 2688 3559 2796 ubiqueﬂovbavii:

1923 2801 2183 2855 dientiam
2216 2805 2267 2855 et
2301 2799 2560 2856 solatium
2582 2811 2832 2873 prestare
2862 2816 2935 2849 οοο
2959 2809 3290 2866 studueritis.
3336 2814 3415 2870 Et
3439 2820 3555 2877 illeo

1921 2906 2011 2945 vos
2038 2890 2209 2959 magis
2233 2890 2290 2943 in
2318 2889 2563 2943 omnibus
2592 2894 2793 2960 optime
2822 2895 3104 2959 honorare,
3137 2898 3366 2969 diligere
3389 2913 3441 2960 et
3466 2909 3554 2963 'ad

1922 2980 2075 3049 regni
2082 2982 2395 3048 provectum
2415 2985 2761 3052 nostramque
2778 2984 3005 3039 salutem
3044 2984 3175 3041 libet
3213 3005 3545 3050 conservare.

1924 3068 1999 3123 Et
2027 3074 2088 3122 ut
2111 3067 2248 3124 certi
2275 3067 2340 3121 de
2367 3067 2469 3121 hiis
2506 3068 2642 3135 sitis,
2674 3072 2942 3141 quomodo
2972 3073 3117 3128 vobis
3140 3076 3342 3147 placet,
3399 3084 3547 3139 salvo

1923 3159 2120 3212 honore
2174 3157 2346 3226 regni,
2411 3156 2652 3226 afﬁrmo,
2699 3161 2828 3231 quia
2872 3177 2981 3217 non
3023 3168 3406 3225 rennuentibus
3450 3188 3548 3230 nec

1924 3245 2406 3303 contradicentibus
2455 3246 2619 3314 vobis,
2663 3249 2758 3305 sed
2780 3252 2966 3319 potius
3011 3255 3168 3324 quasi
3215 3257 3544 3326 applauden-

1926 3336 2062 3392 tibus
2086 3341 2135 3389 et
2164 3335 2267 3389 huc
2296 3350 2379 3388 me
2407 3335 2789 3403 invitantibus,
2813 3339 2913 3394 hac
2942 3341 3115 3412 regali
3152 3343 3419 3414 dignitate
3445 3351 3542 3405 ho-

1925 3432 2145 3482 noratus
2174 3439 2422 3495 appareo.
2458 3422 2649 3494 Legem
2678 3425 2852 3495 igitur
2878 3439 3109 3486 vestram
3138 3450 3245 3488 non
3275 3435 3334 3489 in
3364 3437 3543 3512 aliqua

1924 3528 2280 3584 corrumpere,
2332 3519 2409 3567 set
2441 3514 2552 3569 vita
2581 3515 2773 3569 comite
2799 3517 2939 3573 malo
2976 3519 3259 3578 clementer
3284 3525 3340 3578 in
3365 3531 3546 3583 omni-

1925 3604 2018 3658 bus
2063 3601 2375 3673 adimplere,
2434 3608 2485 3657 et
2538 3608 2723 3658 vestrae
2774 3608 3095 3685 rationabili
3132 3610 3422 3687 voluntati,
3486 3619 3544 3672 in

1921 3698 2183 3766 quantum
2203 3689 2373 3759 valeo,
2390 3688 2579 3762 ubique
2603 3693 2845 3747 animum
2875 3696 3147 3754 adhibere.

2101 3777 2316 3833 Taliter
2336 3778 2545 3833 effatur
2565 3795 2685 3847 rex,
2716 3783 2776 3835 et
2792 3797 2896 3837 vox
2922 3801 3039 3839 una
3068 3786 3290 3843 levatur

2103 3865 2372 3922 Protinus
2401 3866 2638 3922 astantis
2667 3867 2871 3939 plebis,
2896 3872 3333 3945 regijubilantis

2098 3953 2323 4010 Laudes
2347 3958 2406 4011 et
2426 3957 2619 4028 grates
2640 3971 2814 4028 super
2843 3958 2947 4015 has
2976 3964 3168 4017 tantas
3196 3964 3462 4035 pictates.

1921 4043 2292 4102 Bernhardus
2339 4044 2515 4116 igitur
2569 4045 2701 4111 dux,
2732 4051 2961 4119 accepta
2990 4049 3051 4105 in
3079 4052 3350 4111 manibus
3375 4073 3540 4115 sacra

1920 4136 2145 4196 lancea,
2176 4148 2245 4189 ex
2275 4138 2441 4207 parte
2468 4133 2732 4191 omnium
2762 4137 2928 4209 regni
2960 4155 3158 4195 curam
3188 4138 3267 4195 illi
3286 4142 3536 4203 ﬁdeliter

1922 4220 2260 4281 committit.

2030 4314 2244 4369 Rursus
2264 4313 2550 4369 tolluntur
2583 4329 2748 4369 voces
2776 4314 3090 4390 laudesque
3116 4325 3403 4378 canuntur

2029 4401 2317 4475 Undique,
2352 4400 2597 4466 Christe,
2620 4402 2789 4458 bonis
2801 4403 2910 4460 hiis
2920 4421 3025 4477 pro
3038 4407 3212 4463 tantis
3225 4409 3327 4465 tibi
3345 4410 3534 4471 donis.

2028 4493 2269 4563 Insuper
2295 4494 2354 4547 et
2384 4494 2553 4548 ﬂetus
2582 4490 2837 4548 fundunt
2868 4493 2966 4566 pia
2993 4498 3230 4568 pectora
3258 4499 3427 4571 letos,

2029 4581 2233 4637 Inclita
2253 4582 2436 4636 letare
2460 4580 2775 4653 Mcrsburg,
2806 4582 2916 4638 hiis
2941 4588 3369 4658 congratularc,

2032 4671 2114 4726 Da
2134 4668 2386 4741 jubilum
2408 4667 2631 4724 Christo
2658 4669 3016 4742 condignum
3046 4674 3165 4729 sole
3196 4675 3301 4732 sub
3330 4678 3462 4735 isto.

1923 4762 2102 4817 Istum
2131 4757 2370 4831 inquam
2384 4758 2566 4813 solem
2576 4799 2590 4826 ,
2604 4756 2664 4812 id
2678 4759 2765 4813 est
2778 4757 2954 4828 diem,
2968 4762 3377 4822 venerabiliter
3387 4768 3535 4837 cole,

1927 4866 2039 4924 quo
2087 4848 2301 4903 electus
2342 4849 2430 4901 est
2457 4845 2516 4901 in
2546 4849 2624 4915 te,
2649 4845 2748 4919 qui
2777 4849 2834 4903 te
2860 4847 3222 4920 repudiatam
3254 4859 3385 4926 post
3413 4855 3536 4913 haec

1479 4948 1715 5007 VARUE
1761 4945 2164 5008 LECTIONES.

270 5055 348 5090 εει
378 5044 441 5100 in
474 5040 776 5098 nativitate
816 5043 895 5095 lc.
937 5046 1009 5082 887
1043 5040 1394 5111 longamque
1437 5041 1495 5092 lc
1528 5039 1557 5095 ‘l
1597 5047 1669 5083 ³⁸³
1697 5038 2053 5096 herimanno
2083 5040 2161 5111 lc.
2190 5041 2270 5111 889_
2289 5032 2370 5088 ita
2400 5031 2477 5111 .
2500 5031 2564 5089 S.
2593 5035 2769 5111 speri'i
2803 5036 2867 5089 la
2895 5032 2955 5111 (i.
2985 5053 3030 5092 e.
3076 5038 3291 5111 spervit
3318 5041 3543 5111 rcalami

186 5120 358 5191 lapsu
387 5131 497 5187 pro
526 5112 760 5191 sprevit)
795 5111 907 5191 sed:
935 5127 1071 5191 corr.
1113 5106 1252 5191 spei.
1285 5106 1356 5191 {3—90
1387 5112 1463 5191 ita
1507 5114 1902 5191 lc__curesque
1936 5115 1955 5167 1
1965 5126 2002 5191 ξ
2024 5116 2092 5191 89'!
2124 5106 2518 5191 {rentum-ti}.
2545 5106 2867 5191 saeptum-89!
2901 5108 2975 5161 ita
3023 5106 3411 5166 lcfheinricis
3448 5116 3536 5169 la.

189 5174 273 5235 ὦ
304 5174 430 5245 met
457 5174 664 5240 erasum
698 5174 753 5240 1.
780 5192 851 5225 θοι
871 5183 1086 5240 deest'l.
1118 5174 1244 5235 a'dd.
1281 5184 1359 5236 lc.
1394 5174 1823 5253 dignationem-
1851 5184 1928 5239 Α.
1953 5179 2093 5253 8ίῖ.
2128 5176 2164 5235 l.
2198 5184 2291 5253 ‘3”
2329 5174 2739 5253 satisfacere}.
2761 5184 2848 5253 _89¢
2909 5196 3120 5234 erasum
3179 5186 3230 5238 1.
3277 5189 3359 5253 -οοτ
3420 5185 3531 5239 mi-

185 5264 284 5317 les
323 5257 450 5315 add.
485 5261 563 5311 lc.
598 5264 668 5299 898
694 5255 804 5311 illis
835 5258 883 5311 l.
917 5263 987 5297 δυο
1013 5268 1165 5309 erasa
1189 5254 1299 5307 haec
1317 5268 1419 5309 vos:
1450 5247 1507 5307 in
1547 5257 1567 5307 l
1601 5254 1731 5320 ;sed
1760 5254 1957 5310 habent
1998 5252 2154 5308 Ann.
2184 5247 2330 5323 Saxo
2359 5253 2409 5301 et
2439 5251 2472 5323 2
2514 5247 2620 5323 ubi
2664 5248 2908 5323 legitur_:
2952 5254 3203 5323 rogatur,
3264 5251 3364 5321 (ita
3416 5256 3532 5321 la.)

190 5330 470 5387 debitum
499 5344 734 5383 censum
754 5342 1075 5399 porcorum
1105 5324 1212 5379 illis
1243 5324 1557 5399 dimittere,
1594 5317 1751 5397 quod
1783 5330 1842 5381 et
1893 5323 2050 5399 fecit,
2092 5330 2164 5365 90°
2206 5317 2391 5399 luuizo
2432 5322 2489 5373 le
2511 5317 2539 5373 ?
2576 5327 2644 5399 ον

188 5418 418 5458 erasum
448 5403 500 5454 1.
526 5407 596 5441 903
634 5390 809 5454 Verba
839 5396 1062 5463 inclusa,
1082 5413 1211 5469 quae
1235 5396 1291 5449 in
1320 5394 1475 5452 codd.
1510 5390 1721 5469 desunt,
1752 5396 2054 5469 Supplenda
2111 5408 2235 5469 esse,
2261 5390 2379 5462 iam
2433 5393 2640 5469 monuit

2733 5321 3207 5392 atheburh‘giensi
3252 5326 3338 5378 la.
3367 5331 3439 5365 σοί
3489 5340 3529 5380 n

2751 5408 2827 5446 rs.
2873 5399 2941 5433 θοι
2969 5391 3050 5446 ita
3108 5391 3189 5450 le.
3241 5393 3531 5453 berhardo

196 5477 301 5532 la.
333 5480 404 5515 οοῑ
430 5470 502 5525 In
522 5469 640 5529 cod.
670 5474 718 5526 l.
750 5470 1027 5543 quaternio
1050 5462 1135 5524 hic
1175 5466 1318 5522 deest
1347 5469 1541 5538 integr.
1569 5462 2239 5539 Lacunam'supplevimus
2268 5478 2332 5518 ex
2360 5462 2459 5518 cod
2479 5466 2532 5518 2.
2564 5470 2635 5505 οοσ
2674 5478 2845 5534 prarc
2876 5464 2931 5517 2.

1745 5564 1974 5624 ΝΟΤΛΕ.

279 5664 430 5734 (615)
455 5659 517 5734 1.,
536 5677 583 5716 e.
612 5661 851 5734 propter
869 5654 1107 5734 civitatis
1136 5671 1253 5734 sua;
1268 5653 1664 5734 vicinitatem,

286 5725 436 5805 (616)
469 5732 593 5789 Mox
612 5725 779 5799 obiit,
809 5743 965 5785 anno
985 5725 1198 5782 scilicet
1234 5726 1388 5798 l003,
1430 5726 1609 5785 Decb.
1644 5729 1731 5787 14.

511 5840 745 5898 Ρλτιιοῐ..
778 5834 1029 5895 CXXXIX.

1931 5656 2079 5711 teste
2108 5652 2331 5709 Necrol.
2363 5650 2524 5706 Fuld.
2557 5648 2672 5721 sive
2699 5647 2893 5721 Decb.
2927 5650 3015 5707 l2.
3060 5650 3282 5715 Necrol.
3316 5655 3539 5721 Lunoh.

2007 5726 2154 5800 (617)
2180 5727 2333 5783 Ann.
2365 5720 2697 5790 Quedlind.,
2722 5735 2774 5781 α,
2808 5720 2965 5779 1002.

3223 5838 3290 5895 41
