3954 6180
194 434 199 439 ’
212 423 315 480 297

1476 396 1913 462 CHRONICON.
1936 429 2013 443 —
2040 396 2181 455 LIB.
2203 395 2271 453 V.

3393 396 3531 457 1298

260 545 348 599 18.
382 540 602 598 Mortuo
620 537 846 593 interea
863 534 1007 591 duce
1026 528 1394 596 Wlodoweio,
1423 528 1633 583 fratres
1660 541 1792 597 pre-
1811 527 1869 587 Α
1900 520 2026 591 ejus
2056 518 2342 575 voluntati
2372 518 2432 575 in
2463 518 2572 576 hiis
2602 512 2905 583 assentire,
2939 512 3028 570 sin
3071 512 3236 586 alias,
3262 532 3324 573 se
3353 519 3534 576 armis

172 632 335 699 dicti,
354 647 475 686 una
500 644 629 685 cum
647 629 833 682 matre
864 622 1104 697 expulsi,
1135 638 1169 676 a
1189 617 1600 675 Boemensibus
1628 612 1790 685 peni-

177 721 367 777 tentia
384 718 566 775 ductis
580 713 1103 777 revocantur.Quos
1116 709 1410 774 Bolizlaus,
1423 703 1792 761 Poleniorum

168 813 388 875 rector,
443 808 679 863 collecto
721 802 981 873 undique
1022 798 1294 864 exercitu,
1334 798 1538 865 petens
1580 792 1791 846 iterum

169 896 882 972 expulit,equivocumque
900 904 1069 943 suum
1093 886 1317 941 exulem
1336 880 1589 955 pristinis
1612 880 1794 934 hono-

169 987 335 1041 ribus
348 965 615 1056 prefecit,
632 995 806 1052 seque
818 978 1085 1042 domum,
1100 972 1411 1029 latentibus
1431 966 1652 1024 insidiis
1681 965 1794 1020 suis

172 1076 297 1130 alta
313 1070 532 1128 mentis
554 1067 899 1133 intentione,
922 1062 1159 1135 recepit.
1185 1061 1412 1116 Sciebat
1430 1057 1587 1113 enim
1619 1070 1795 1128 nepo-

172 1167 298 1219 tem
321 1177 499 1216 suum
525 1176 584 1214 se
607 1166 677 1201 ’δ’
703 1154 883 1211 nimis
912 1152 1339 1208 vindicaturum
1374 1148 1433 1202 in
1472 1144 1795 1201 fautoribus

165 1269 289 1309 sum
313 1246 683 1323 expulsionis,
718 1259 960 1315 sperans
979 1258 1042 1296 se
1074 1244 1210 1295 tunc
1239 1235 1468 1293 meliori
1496 1232 1794 1290 occasione

167 1342 368 1397 forsan
390 1322 1075 1395 introducendum.Quod
1096 1333 1154 1384 et
1164 1330 1244 1383 ita
1261 1322 1794 1382 accidit.Enimvero

168 1449 303 1488 cum
325 1417 1020 1485 BolizlausmBoemensis
1033 1414 1588 1486 cerneretpopulum
1606 1426 1793 1475 suum,

167 1519 506 1578 execrando
520 1514 650 1571 ritui
664 1512 946 1577 deditum,
968 1510 1033 1564 in
1054 1506 1311 1563 maxima
1330 1502 1633 1558 securitate
1655 1516 1796 1554 con-

165 1611 466 1675 stitutum,
481 1603 834 1676 impietatem
853 1614 1023 1653 suam
1037 1596 1113 1652 ad
1136 1590 1560 1663 confringenda
1578 1589 1797 1644 foedera

165 1699 352 1774 pacis,
371 1712 552 1768 quam
573 1687 946 1748 sacramentis
972 1686 1328 1749 firmaverat,
1352 1680 1412 1734 in
1450 1679 1679 1735 tantum
1703 1692 1795 1730 ar-

168 1787 383 1853 mavit,
414 1789 496 1852 ut,
514 1780 758 1837 collectis
786 1779 846 1832 in
876 1792 1061 1830 unam
1089 1774 1333 1828 domum
1357 1784 1553 1824 coram
1575 1783 1634 1822 se
1656 1782 1798 1821 cun-

1892 608 1976 664 illi
2006 608 2164 663 velle
2195 609 2506 664 contraire.
2542 609 2701 663 Hanc
2718 603 3099 677 legationem,
3120 605 3227 661 etsi
3238 606 3458 677 justam
3478 610 3540 665 et

1892 699 2048 754 bene
2081 697 2493 768 compositam,
2528 701 2734 753 tamen
2768 694 3048 750 Bolizlaus
3078 694 3320 767 indigne
3354 697 3537 753 susci-
3626 730 3639 740 ο

1892 787 2085 860 piens,
2116 785 2375 841 futuram
2409 786 2699 842 ultionem
2726 782 2940 838 merito
2968 783 3314 856 promeruit.
3348 784 3536 841 Finita

1892 890 2155 947 namque
2190 872 2691 948 quadragesimali
2722 872 3090 940 abstinentia,
3121 872 3267 929 sicut
3300 890 3533 929 exorsus

1891 979 2022 1019 sum
2034 1005 2048 1031 ,
2070 964 2286 1019 festum
2308 965 2579 1036 paschale
2595 961 3084 1034 Quidilingaburg
3097 964 3533 1018 antecessorum

1890 1069 2134 1109 suorum
2147 1068 2315 1108 more
2327 1051 2757 1108 honorabiliter
2766 1067 2866 1106 rex
2878 1050 3531 1123 celebravitt639)[Mart.

1893 1143 2009 1213 28].
2044 1141 2127 1196 lbi
2158 1144 2287 1195 tum
2340 1140 2606 1213 iniquam
2658 1139 3167 1212 presumptionem
3217 1139 3446 1196 Bolizlai
3474 1142 3535 1195 et

1894 1231 2318 1301 aspirationem
2352 1229 2620 1285 Heinrici
2652 1228 2803 1301 (640)
2825 1228 3214 1297 dissimulans,
3236 1228 3532 1284 familiari-

1893 1319 2004 1373 bus
2024 1318 2161 1386 suis,
2184 1322 2248 1372 ut
2268 1321 2501 1374 tantam
2515 1318 2895 1374 festivitatem
2924 1317 3184 1386 decebat,
3209 1316 3421 1372 arrisit.
3450 1315 3535 1372 Ibi

1894 1406 2076 1463 etiam
2100 1407 2380 1463 Ottonem
2403 1408 2613 1464 ducem
2636 1410 2697 1463 et
2711 1408 3018 1462 Ernastum
3040 1414 3158 1461 ma
3176 1405 3361 1477 prelio
3381 1405 3536 1461 male

1895 1499 2161 1569 pugnato
2182 1499 2546 1552 revertentes
2564 1496 2747 1570 regiis
2772 1495 2942 1552 donis
2960 1496 3233 1562 honorat,
3258 1492 3539 1565 paternis-

1896 1601 2011 1657 que
2042 1584 2416 1640 adminiculis
2436 1587 2793 1643 consolatur.
2821 1583 3069 1639 Nuncios
3092 1581 3399 1655 quoque(f.
3421 1580 3537 1655 89).

1896 1672 2354 1729 Rederariorum
2384 1682 2456 1716 πο
2496 1678 2554 1728 et
2585 1675 2828 1741 horum,
2862 1672 2959 1745 qui
2990 1670 3197 1727 Liutici
3242 1670 3538 1738 dicuntur,

1898 1761 2362 1818 misericorditer
2372 1762 2646 1836 suscepit,
2660 1763 2874 1818 hacten
2882 1777 3060 1833 usque
3076 1760 3320 1814 rebelles
3332 1773 3535 1813 mune-

171 1878 283 1933 ctis
314 1847 711 1948 optimatibus,
744 1865 937 1940 primo
970 1876 1260 1935 generum
1290 1874 1482 1927 suum,
1514 1855 1709 1929 gladio
1739 1854 1797 1909 in
1820 1865 1871 1924 Β
1899 1869 2032 1908 rum
2055 1852 2364 1907 dulcedine
2392 1848 3347 1924 promissionumquejocunditate
3371 1847 3536 1903 seda-

167 1969 352 2040 caput
377 1963 505 2035 ejus
533 1975 744 2025 merso,
768 1956 888 2028 ipse
916 1952 1231 2017 occideret,
1265 1951 1602 2018 ceterosque
1643 1944 1802 1999 iner-

167 2073 299 2113 mes
324 2055 387 2110 in
412 2034 537 2122 ipsa
554 2049 748 2104 sancta
760 2040 1234 2117 quadragesima,
1261 2038 1348 2092 vir
1368 2034 1714 2107 sanguinum
1745 2036 1804 2087 et

166 2121 574 2208 dolosus,7nec
597 2136 700 2192 sibi
722 2147 1024 2190 concessos
1052 2143 1332 2200 umquam
1385 2124 1594 2196 dignus
1632 2121 1804 2177 dimi-

174 2236 347 2289 diare
361 2230 487 2285 dies
508 2226 824 2299 (638),cum
839 2237 955 2276 suae
987 2217 1228 2275 malitia:
1258 2212 1584 2270 fautoribus
1623 2211 1801 2266 inter-

173 2321 407 2377 ﬁceret.
435 2317 518 2371 0b
535 2316 643 2369 hoc
657 2312 917 2369 residuus
936 2308 1185 2381 papulus
1211 2304 1463 2359 multum
1478 2299 1805 2356 formidans

174 2411 249 2466 ad
275 2408 595 2464 Bolizlaum
638 2403 919 2458 Polenum
950 2395 1194 2452 nuncios
1248 2391 1575 2448 clanculum
1625 2387 1801 2455 misit,

171 2499 275 2572 qui
306 2492 625 2570 perpetrati
642 2488 918 2546 facinoris
937 2482 1408 2557 magnitudinem
1425 2477 1722 2535 edicerent
1751 2479 1809 2531 et

170 2565 363 2643 futuri
396 2565 622 2639 timoris
652 2577 1017 2650 ereptionem
1051 2575 1122 2629 ab
1153 2588 1223 2627 eo
1255 2570 1585 2644 poscerent.
1619 2565 1714 2622 His
1738 2565 1807 2619 li-

170 2678 393 2733 benter
413 2670 638 2737 auditis,
663 2684 798 2722 mox
817 2681 923 2737 per
941 2664 1200 2735 legatum
1221 2660 1456 2715 fidelem
1478 2657 1717 2711 huncm
1736 2654 1810 2709 ad

175 2761 545 2834 colloquium
572 2756 838 2813 cominus
867 2754 927 2808 in
959 2768 1089 2808 arce
1116 2750 1369 2823 quadam
1402 2747 1477 2802 ad
1506 2744 1812 2800 tractanda

173 2868 322 2909 cum
340 2833 410 2905 eo
424 2848 687 2915 quaedam
713 2840 1038 2899 necessaria
1054 2836 1382 2895 communis
1397 2833 1659 2889 utilitatis
1676 2847 1810 2887 cum

171 2940 386 3015 paucis
411 2937 484 2992 ad
505 2954 563 2991 se
584 2934 838 3008 postulat
862 2930 1077 2985 venire.
1111 2927 1250 2982 Huic
1291 2924 1494 2998 junior
1532 2921 1810 2977 Bolizlaus

180 3031 349 3086 illico
367 3024 754 3090 consentiens,
774 3021 850 3075 ad
870 3018 1198 3074 condictum
1222 3017 1416 3070 locum
1436 3009 1691 3083 perrexit
1711 3018 1806 3075 οδε,

172 3116 603 3188 caritativeque
630 3114 703 3168 ab
732 3127 800 3167 eo
839 3108 1030 3182 primo
1079 3106 1395 3176 susceptus,
1430 3100 1490 3155 in
1541 3100 1807 3173 sequenti

1899 1943 1981 1999 vit
2003 1946 2062 1998 ct
2086 1942 2158 1998 de
2190 1942 2444 1998 inimicis
2462 1940 2957 1997 familiarissimos
2983 1939 3172 1996 effecit
3208 1938 3375 2010 (64D.

1977 2034 2066 2087 20.
2096 2033 2232 2087 Post
2250 2033 2377 2087 haec
2398 2032 2782 2102 rogationum
2802 2037 2876 2071 ἰο
2895 2027 3017 2083 dies
3037 2045 3072 2083 a
3096 2026 3301 2083 Christi
3336 2026 3535 2083 ﬁdeli-

1901 2121 2012 2176 bus
2028 2120 2254 2192 jugiter
2279 2119 2552 2175 colendas
2561 2117 2904 2188 Merseburg
2919 2116 3316 2184 celebrans,de
3334 2117 3543 2189 aperta

1904 2208 2178 2265 Bolizlavi
2210 2206 2370 2264 ducis
2400 2211 2459 2262 et
2506 2205 2780 2261 Heinrici
2823 2204 3176 2261 marchionis
3219 2205 3539 2261 rebellione

1906 2297 2251 2352 intimatum
2283 2300 2389 2352 est.
2424 2295 2771 2351 Proximum
2816 2295 3183 2365 pentecostes
3226 2294 3439 2349 festum
3480 2294 3542 2349 in

1907 2385 2255 2442 Halverstidi
2286 2403 2320 2440 a
2338 2401 2477 2456 rege
2503 2383 2842 2439 celebratur
2854 2381 3023 2453 (Mai.
3052 2383 3156 2455 16).
3180 2385 3313 2440 Post
3326 2383 3450 2440 haec
3468 2382 3544 2439 ad

1907 2474 2237 2531 Bawariam
2262 2473 2533 2538 tendens,
2555 2469 2915 2526 Heinricum
2946 2471 3154 2528 auxilio
3172 2471 3433 2528 Bolizlavi
3452 2488 3544 2527 re-

1909 2564 2219 2619 sistentem
2248 2563 2440 2634 primo
2466 2557 2807 2628 devincere,
2835 2562 3150 2634 posteaque
3180 2560 3393 2634 positas
3411 2569 3481 2604 οιι
3513 2576 3548 2615 a

1908 2654 2087 2724 longe
2106 2650 2346 2707 insidias
2361 2661 2637 2704 amovere
2656 2651 2929 2704 conatur.
2954 2649 3249 2723 Comperit
3269 2648 3444 2705 etiam
3473 2650 3548 2705 ad

1911 2742 2024 2795 hoc
2044 2740 2205 2812 quod
2227 2738 2505 2793 Ernastus
2536 2732 2611 2787 ab
2637 2749 2708 2789 eo
2734 2753 2923 2810 nuper
2951 2739 3268 2794 honoratus
3295 2742 3353 2794 et
3378 2737 3549 2794 dom-

1912 2846 2021 2883 nus
2041 2830 2260 2894 Bruno,
2278 2827 2468 2881 frater
2488 2823 2810 2895 suust642),
2825 2842 2958 2881 cum
2976 2843 3044 2881 eo
3069 2827 3278 2898 injuste
3318 2826 3544 2899 conspi-

1910 2919 2207 2984 raverant,
2241 2911 2595 2985 ignorantes
2625 2912 2786 2980 quod
2814 2914 3088 2987 scriptum
3128 2918 3214 2970 est
3243 2931 3258 2970 :

2062 3004 2259 3059 Virtus
2290 2997 2517 3061 consilii
2545 3011 2736 3069 expers
2763 3003 2902 3058 mole
2929 3006 3038 3058 ruit
3066 3019 3185 3060 sua.

2854 3091 3019 3166 (lion.
3057 3111 3138 3161 ιιι,
3172 3095 3226 3161 4,
3258 3096 3326 3150 65
3356 3092 3376 3166 )

169 3211 357 3265 nocte
391 3205 564 3261 erutis
594 3203 699 3257 sibi
747 3198 947 3267 oculis,
975 3213 1048 3251 ne
1097 3208 1357 3267 unquam
1400 3191 1459 3245 in
1508 3206 1641 3245 suos
1689 3190 1803 3244 tale
1842 3196 1885 3260 ο
1906 3186 2020 3240 Rex
2054 3186 2259 3262 autem.
2289 3183 2372 3239 ob
2391 3177 2711 3235 sedandam
2728 3180 2941 3238 horum
2965 3183 3361 3256 arrogantiam
3377 3182 3546 3239 fami-

171 3296 325 3370 quid
358 3293 719 3367 perpetraret
747 3289 836 3343 vel
861 3284 1111 3356 amplius
1158 3282 1377 3338 ibidem
1406 3293 1658 3370 regnare
1680 3293 1806 3370 ‘va-
1906 3276 2076 3331 liares
2108 3289 2242 3370 sups
2268 3271 2704 3343 undiquesecus
2736 3273 3035 3345 colligens,
3067 3273 3321 3329 intrante
3349 3276 3545 3345 Augu-

170 3359 410 3451 fuisset,
537 3382 656 3454 ejus
686 3375 1067 3434 familiaribus
1104 3376 1190 3428 est
1231 3368 1577 3445 prohibitus,
1606 3367 1804 3424 exilio-
1907 3367 1995 3418 sto
2051 3371 2123 3404 ω
2173 3361 2339 3417 bona
2377 3360 2589 3434 prefati
2628 3359 2857 3416 comitis
2911 3361 3238 3418 invadendo
3282 3361 3541 3430 vastavit,

173 3494 294 3551 que
326 3477 508 3545 longo
541 3451 846 3542 deputatus
875 3468 980 3521 est.
1014 3465 1079 3518 In
1105 3459 1370 3535 sequenti
1401 3458 1580 3531 igitur
1611 3457 1703 3512 die
1734 3459 1809 3513 ad
1905 3468 2185 3524 eumque,
2215 3451 2577 3523 ubicumque
2611 3454 2775 3506 extra
2806 3452 3010 3507 urbem
3059 3452 3265 3525 potuit,
3298 3451 3538 3508 invitum

173 3539 734 3637 ﬁragamvvelociter
766 3569 1109 3629 properans,
1137 3552 1210 3606 ab
1240 3548 1446 3605 incolis
1474 3563 1707 3637 semper
1738 3548 1810 3602 de
1910 3540 2142 3596 latitare
2156 3539 2465 3612 compulit.
2486 3539 2650 3595 Dicat
2671 3540 2899 3613 aliquis,
2932 3556 3051 3596 non
3090 3540 3367 3613 ignorans
3404 3556 3538 3596 cau-

179 3636 343 3711 nova
374 3647 777 3707 dominatione
804 3641 1188 3716 gaudentibus
1210 3636 1624 3703 introducitur,
1649 3652 1813 3691 com-

178 3743 571 3810 muniterque
628 3737 690 3791 in
745 3732 1052 3789 dominum
1112 3728 1399 3784 laudatur.
1436 3727 1815 3779 Accrescente

172 3834 370 3905 igitur
431 3828 511 3883 ibi
556 3822 797 3880 seculari
858 3818 1143 3894 potentia,
1177 3814 1459 3871 attollitur
1506 3813 1815 3867 infrenatae

179 3901 414 3977 mentis
437 3916 621 3970 multo
642 3913 834 3983 major
848 3910 1015 3965 solito
1036 3903 1419 3962 contumacia.
1437 3901 1589 3968 Haec,
1612 3902 1816 3965 lector,

180 4006 507 4064 attendens
537 4003 699 4070 scito,
725 4000 881 4073 quod
908 3998 1067 4068 cujus
1092 3994 1321 4050 animus
1345 3992 1406 4045 in
1440 3989 1732 4061 prosperis
1754 3990 1820 4044 fit

181 4095 427 4161 elatior,
460 4093 519 4148 in
551 4090 801 4147 adversis
823 4103 958 4159 sepe
1008 4085 1118 4140 erit
1154 4080 1453 4145 humilior,
1486 4078 1644 4152 quod
1698 4095 1818 4134 non

180 4203 317 4243 esse
349 4180 637 4254 sapientis
665 4178 960 4248 Scriptura
987 4174 1254 4228 testatur.

262 4278 357 4329 19.
394 4272 541 4327 Hac
571 4268 768 4324 omnia
798 4283 896 4321 rex
948 4263 1200 4317 dictante
1236 4261 1397 4314 fama
1434 4256 1819 4328 comperiens,

1915 3646 2043 3685 sam
2074 3631 2253 3683 tanta:
2280 3628 2762 3700 presumptionis,
2805 3630 3125 3685 necessario
3157 3647 3291 3686 eum
3317 3630 3427 3685 hoc
3452 3629 3539 3685 fe-

1917 3719 2088 3787 cisse;
2122 3716 2557 3773 sublimioribus
2599 3735 2719 3773 non
2771 3735 3094 3791 congruere
3136 3718 3535 3792 potestatibus,

1916 3811 2038 3863 tam
2056 3805 2306 3862 firmiter
2330 3805 2618 3877 promissa
2647 3807 2707 3877 (f.
2729 3807 2840 3880 89),
2859 3809 3127 3880 cuiquam
3148 3806 3395 3862 fideliter
3416 3823 3537 3861 ser-

1917 3895 2093 3950 vienti
2125 3892 2465 3949 subtrahere
2497 3892 2982 3967 devotionemque
3027 3898 3354 3949 ceterorum
3395 3894 3536 3949 aba-

1918 3985 2158 4039 lienare.
2181 3979 2401 4046 Quibus
2427 3979 2727 4051 reciproco
2751 4000 2764 4037 :
2794 3999 2913 4037 non
2942 3983 3190 4038 ullamin
3213 3982 3321 4037 hoc
3342 3983 3532 4036 seculo

1920 4090 2041 4128 esse
2074 4070 2558 4139 dominationem,
2595 4071 2705 4126 nisi
2729 4088 2764 4125 a
2795 4073 2944 4139 Deo;
2974 4076 3033 4127 et
3081 4071 3180 4143 qui
3224 4087 3283 4125 se
3326 4073 3531 4125 contra

1921 4178 2051 4217 eam
2084 4160 2289 4232 erigat,
2322 4158 2527 4214 divina:
2552 4159 2869 4230 majestatis
2898 4160 3181 4215 offensam
3229 4158 3485 4214 incurrat
3513 4176 3528 4225 ;

1923 4251 2281 4306 subitaneam
2314 4247 2528 4319 iniquae
2558 4248 2774 4303 mentis
2818 4248 3183 4305 inflationem
3229 4246 3531 4320 pacientite

181 4365 451 4420 honesta
463 4358 741 4431 gravitate
755 4350 1220 4424 animipatientis
1242 4346 1512 4415 tulit,suis
1524 4346 1825 4401 dumtaxat
1923 4340 2311 4431 gubernaculo
2338 4338 2550 4392 debere
2582 4338 2823 4407 retrahi,
2855 4342 2913 4393 et
2938 4356 3071 4395 cum
3094 4338 3528 4410 humilisuppli-

187 4454 503 4525 imputans
518 4441 1065 4518 peccatis,quicquid
1092 4439 1151 4493 in
1182 4454 1364 4509 regno
1397 4434 1514 4490 suis
1542 4434 1824 4505 tempori—
1922 4429 2148 4484 catione
2168 4425 2627 4482 consolationem
2648 4430 2950 4499 expectare
2969 4427 3076 4483 sibi
3096 4428 3374 4483 veraciter
3404 4442 3532 4499 pro-

188 4514 901 4596 busincominoditatism
919 4528 1145 4584 accidit.
1180 4528 1377 4597 Itaque
1398 4523 1553 4595 quod
1585 4525 1823 4593 oportu-
1842 4533 1895 4592 1)
1924 4519 2212 4584 futuram;
2237 4515 2535 4587 saciusque
2551 4514 2805 4569 arbitror
2833 4533 2978 4582 esse,
3012 4516 3187 4571 alcius
3226 4516 3298 4571 de
3328 4514 3422 4570 die
3470 4515 3530 4570 in

186 4643 346 4685 num
376 4630 519 4679 tunc
545 4621 795 4677 maxime
816 4619 922 4675 sibi
952 4616 1275 4681 videbatur,
1300 4610 1672 4668 dissimulatis
1696 4625 1825 4665 om-
1924 4607 2080 4662 diem
2097 4604 2426 4680 ascendere,
2451 4619 2627 4675 quam
2649 4603 2881 4659 ruinam
2912 4604 3403 4677 inexuperabilem
3436 4621 3531 4659 su-

187 4719 397 4781 nibus,
427 4730 556 4785 quae
599 4712 678 4766 eis
716 4709 1067 4773 acciderant,
1118 4703 1358 4759 nuncios
1394 4702 1467 4756 ad
1514 4700 1823 4755 Bolizlaum
1923 4696 2042 4752 bito
2057 4706 2129 4739 “3
2151 4695 2469 4750 incurrere.
2490 4692 2764 4748 Libenter
2790 4698 3065 4766 nepotem
3105 4710 3302 4749 meum
3341 4694 3533 4766 aliqua

184 4805 381 4870 misit,
420 4801 707 4857 mandans
734 4798 806 4867 ci,
846 4797 891 4851 si
917 4800 1138 4850 terram
1170 4808 1357 4863 nuper
1388 4807 1422 4845 a
1465 4808 1525 4844 se
1581 4804 1826 4860 occupa—
1926 4802 1991 4840 ex
2026 4787 2188 4858 parte
2219 4782 2619 4849 defenderem,
2644 4781 2690 4835 si
2712 4782 3017 4836 veritatem
3044 4800 3078 4838 a
3102 4783 3317 4838 cunctis
3342 4783 3531 4838 fideli-

186 4900 326 4949 tam
352 4891 428 4945 de
442 4905 546 4943 sua
563 4889 772 4959 gratia,
808 4889 868 4939 ut
888 4886 987 4955 jus
1016 4882 1323 4954 antiquum
1363 4878 1548 4951 poscit
1568 4885 1661 4946 987,
1686 4878 1826 4931 reti-
1924 4872 2445 4959 bushonorandam
2466 4872 2722 4944 polluere
2737 4870 3035 4925 auderem.
3055 4873 3389 4943 Approbata
3401 4875 3530 4927 sunt

188 4998 346 5037 nere
370 4978 594 5049 sibique
617 4978 672 5031 in
705 4975 971 5031 omnibus
1009 4971 1257 5027 fideliter
1284 4969 1453 5024 vellet
1498 4966 1732 5034 servire,
1763 4983 1822 5020 se

1925 4964 1981 5018 in
2004 4952 2196 5017 multis
2221 4962 2591 5033 antiquorum
2616 4960 2919 5033 proverbia
2951 4978 2964 5015 :
2996 4961 3311 5015 inveterata
3338 4962 3533 5033 populi

1520 5088 1754 5143 VABUE
1804 5086 2205 5142 LECTIONES.

279 5210 355 5243 ω
390 5216 449 5253 se
475 5199 613 5252 deest
636 5197 713 5253 A.
744 5193 808 5248 S.
884 5200 954 5234 933
985 5189 1258 5245 bolislaus
1283 5192 1336 5243 2.
1415 5196 1485 5229 98‘
1518 5190 1793 5257 nepotem
1821 5185 1898 5241 A.
1932 5185 1995 5242 S.
2073 5193 2144 5227 9³³
2176 5183 2284 5249 Qui
2300 5184 2449 5257 {mox
2480 5181 3312 5257 consentiens_ad_condictum
3341 5180 3533 5235 locum

197 5272 499 5351 avunculo
523 5266 798 5351 occurrit:
824 5265 908 5351 A._
931 5263 995 5320 S.
1042 5269 1114 5351 9136
1146 5258 1507 5341 incommodi
1538 5253 1615 5313 Λῖ
1643 5257 1707 5313 S.
1754 5265 1827 5351 ξπ
1856 5256 2034 5351 possit
2056 5259 2107 5313 2.
2138 5272 2302 5311 more
2334 5255 2706 5351 a‘ntiquorum
2737 5270 2786 5308 r.
2818 5254 2896 5308 A.
2937 5253 2997 5310 S’.
3053 5261 3123 5293 ⁸³9
3151 5255 3446 5306 arnestum
3477 5256 3531 5306 2.

984 5348 1033 5351 α-
1094 5347 1339 5351 μ.-------
1376 5334 1409 5351 ο
1510 5337 1582 5351 Λιιι
1611 5345 1743 5351 _..s_-
1780 5328 1971 5351 1-..“-
2135 5335 2199 5351 nu
2232 5326 2353 5351 ..ηαξ
2390 5343 2446 5351 η-
2479 5330 2537 5351 Α..
2637 5334 2708 5351 οι.
2732 5328 2966 5351 ...η-..-ιη
3001 5328 3019 5351 Α
3058 5340 3085 5351 ι.
3160 5329 3231 5351 an
3258 5322 3364 5351 ηλιι
3422 5327 3438 5351 Α
3486 5323 3511 5351 1.

199 5322 555 5411 ;.‘.""j2;}g,ii
578 5340 661 5394 hic
684 5338 849 5395 codex
891 5339 939 5391 1.
980 5331 1346 5387 redariorum
1376 5334 1429 5386 2.
1510 5337 1582 5371 9‘0
1610 5322 1975 5400 rogatianum
2009 5332 2056 5383 1.
2135 5335 2202 5368 9H
2232 5326 2449 5398 positos
2474 5322 2561 5383 la.
2637 5334 2709 5367 ω
2730 5328 2971 5395 augusta
3000 5328 3085 5377 1.α
3160 5329 3231 5363 91³
3255 5322 3383 5379 add.
3420 5327 3440 5377 1
3483 5323 3532 5379 b.

1764 5425 1992 5483 NOTIE.

292 5530 442 5603 (638)
476 5526 515 5581 Ι
560 5545 604 5582 e.
640 5525 925 5596 attingere
969 5520 1054 5574 vel
1103 5516 1413 5574 dimidium
1454 5515 1678 5572 dierum
1727 5515 1832 5571 sibi

208 5615 648 5659 concessarum.

299 5674 446 5745 (639)
476 5670 561 5729 Cf.
595 5670 746 5725 An'n.
781 5663 1087 5733 Quedlinb.
1121 5680 1174 5718 a.
1208 5662 1362 5717 1003.

2003 5513 2146 5576 (640)
2176 5513 2515 5569 Marcbionis
2538 5511 2834 5568 Bawariee.

2007 5569 2145 5655 (641)
2179 5585 2240 5639 V.
2274 5586 2424 5641 Ann.
2449 5584 2651 5649 Quedl.
2685 5584 2724 5638 l.
2766 5585 2810 5637 Ι.

2004 5651 2651 5731 (642⁷)Βτιιιιο,ροειθειθ..
2675 5651 3539 5728 l007,episcopusAugustensis.
