3994 6180
451 376 585 434 1299

1436 368 1815 427 THlETMARI
1833 366 2151 428 EPISCOPI
2175 366 2787 427 MBRSEBURGENSIS

3621 374 3755 434 1300

444 500 706 558 facinora
721 511 926 572 parere
942 510 1094 551 nova
1105 492 1493 565 matipudoris
1504 493 1877 551 detrimenta.
1890 495 2060 551 Nam-
2080 497 2136 559 Α
2155 494 2416 569 capitalis
2433 493 2720 550 sententia
2742 510 2777 549 a
2797 492 3085 565 judicibus
3117 493 3468 564 decernitur,
3502 512 3631 570 quae
3656 498 3758 555 Ma-

445 606 558 663 que
584 587 736 660 patri
763 585 920 657 regis
947 583 1180 657 genitor
1206 582 1366 638 istius
1398 599 1515 640 non
1557 588 1622 639 ut
1642 584 1831 652 miles,
1863 585 1964 641 sed
1995 588 2059 642 ut

446 676 712 734 inimicus
737 691 871 747 sepe
901 673 1135 739 resistit,
1160 672 1695 746 imperatorumque
1722 678 1971 747 partem,
1997 678 2060 730 ut

446 766 566 838 ipse
588 766 829 820 testatus
851 764 1043 831 est,ob
1074 761 1482 818 continuatam
1516 763 1893 818 sacramentis
1922 780 2055 834 gra-

444 855 591 910 tiam
611 852 1135 925 adjuvit.Similiter
1157 855 1213 905 et
1230 850 1335 907 iste
1359 868 1536 924 usque
1560 850 1619 905 in
1656 850 1835 907 finem
1867 851 2056 908 ultimi

446 942 672 1000 Ottonis
687 942 739 998 ei
761 941 946 998 ﬁdelis
963 944 1108 1007 erat,
1127 939 1460 1012 seniorique
1491 956 1591 995 suo
1622 956 1801 1012 usque
1833 940 1908 995 ad
1934 942 2060 996 haec

445 1032 699 1091 infelicia
727 1035 1004 1087 strennue
1055 1029 1421 1085 ministrabat
1461 1031 1747 1102 tempora.
1791 1029 1905 1085 Sed
1935 1030 2059 1102 regi

444 1124 668 1179 secreto
692 1121 904 1177 mentis
919 1120 1138 1176 latebat
1156 1120 1455 1191 repostum
1485 1120 1634 1187 (643)
1661 1118 1842 1190 patris
1857 1119 2058 1192 suique

446 1212 597 1267 zelus
626 1210 943 1265 infinitum.
973 1209 1154 1281 Spero
1178 1209 1396 1275 autem,
1426 1207 1581 1279 quod
1607 1207 1717 1263 hoc
1747 1224 1923 1263 omne
1948 1223 2056 1279 pro

447 1315 643 1356 amore
669 1297 878 1354 Christi
927 1297 1175 1352 inultum
1226 1310 1458 1367 semper
1486 1304 1557 1338 ω
1602 1294 1975 1368 relinqueret,
2010 1296 2055 1351 si

444 1389 598 1444 hunc
622 1390 745 1443 tam
778 1385 1087 1441 crudeliter
1118 1387 1178 1439 et
1207 1400 1340 1439 cum
1371 1383 1593 1439 caeteris
1620 1383 1728 1439 sibi
1753 1384 2058 1467 contrariis

445 1476 507 1547 (f.
543 1476 635 1547 90)
667 1477 865 1548 aperte
895 1473 1003 1529 sibi
1028 1472 1381 1531 mitentem
1407 1488 1525 1527 non
1553 1476 1838 1529 cerneret.
1887 1473 2056 1529 Heiu.

447 1566 599 1620 ricus
626 1562 884 1619 marchio
912 1560 1176 1635 quamvis
1208 1561 1265 1615 in
1304 1561 1414 1616 hoc
1450 1559 1696 1616 crimine
1746 1562 1900 1618 solus
1936 1563 2056 1618 cul-

448 1652 653 1725 pabilis
684 1652 1012 1724 appareret,
1046 1652 1242 1704 tamen
1273 1648 1487 1721 absque
1529 1649 1768 1705 consilio
1809 1650 2057 1707 aliorum

446 1742 557 1796 hoc
580 1740 849 1813 primitus
874 1755 993 1794 non
1021 1738 1378 1810 aggreditur.
1411 1738 1479 1792 Et
1506 1738 1644 1810 quia
1687 1754 1792 1810 pro
1838 1755 2056 1811 magno

2158 583 2420 657 gontinae
2446 583 2848 654 archipresulis
2884 582 3143 656 Willigisi
3172 583 3585 643 intercessione
3631 604 3760 661 sup-

2161 671 2297 744 plici
2325 676 2381 726 et
2408 688 2537 745 quas
2565 672 2693 744 regi
2731 672 2945 744 placuit
2988 673 3396 746 redemptione
3443 680 3755 732 amovetur.

2154 759 2311 815 Tunc
2333 760 2531 816 audita
2562 760 2805 818 senioris
2835 761 2923 817 sui
2958 763 3115 834 fuga,
3142 765 3323 819 Bucco
3362 780 3565 820 comes
3611 765 3761 837 gravi

2158 849 2355 905 dolore
2386 850 2731 918 concutitur,
2753 867 2816 906 ac
2840 850 2980 924 quid
3002 851 3107 908 sibi
3128 855 3266 907 tunc
3289 862 3361 895 οη
3374 854 3533 909 foret
3554 854 3762 910 facien-

2158 938 2321 1003 dum,
2366 940 2550 996 socios
2599 940 2862 995 consulit.
2907 942 2957 994 A
3004 940 3208 1012 quibus
3250 941 3473 997 diversa
3517 943 3763 1015 percepit

2158 1043 2452 1100 responsa.
2473 1028 2720 1093 Quidam
2741 1029 3029 1097 dixerunt,
3045 1030 3119 1086 ob
3141 1029 3317 1085 ﬁdem
3335 1029 3552 1087 seniori
3564 1031 3763 1087 suimet

2157 1117 2509 1187 promissam
2541 1134 2606 1173 ac
2637 1118 2931 1191 ignaviam
2965 1122 3243 1191 perpetuo
3277 1118 3358 1174 eis
3384 1120 3760 1192 inputandam

2159 1204 2305 1260 mori
2328 1206 2522 1269 malle,
2543 1222 2718 1278 quam
2742 1208 2947 1263 urbem
2968 1223 3102 1263 cum
3120 1207 3218 1262 tali
3241 1208 3488 1280 pignore
3507 1210 3636 1280 regi
3653 1226 3762 1263 um.

2160 1311 2335 1366 quam
2355 1295 2529 1364 dare;
2554 1296 2861 1367 superstite
2887 1296 3075 1352 adhuc
3095 1296 3320 1352 seniore
3345 1314 3473 1365 suo,
3498 1298 3761 1354 auxilium

2159 1399 2390 1455 semper
2419 1398 2654 1454 sperare
2690 1385 3080 1456 profuturum.
3113 1385 3224 1440 Alii
3267 1389 3489 1452 autem,
3522 1386 3623 1458 qui
3652 1388 3764 1458 plus

2159 1470 2468 1541 sepiebant
2492 1472 2556 1538 (f.
2589 1471 2701 1545 9t),
2730 1475 2904 1545 atque
2934 1472 3180 1528 torrenti
3206 1475 3264 1527 et
3291 1472 3521 1528 homini
3552 1475 3767 1545 potenti

2160 1559 2408 1615 arduum
2437 1576 2559 1616 esse
2611 1561 2969 1616 testabantur
3012 1561 3308 1629 resistere;
3350 1560 3609 1616 devictos
3646 1580 3767 1617 raro

2159 1651 2258 1704 aut
2272 1666 2593 1722 numquam
2610 1666 2714 1722 pro
2722 1650 2933 1706 mereri
2955 1649 3202 1718 veniam;
3216 1650 3539 1706 incolomes
3548 1654 3609 1705 et
3622 1652 3768 1706 nullo

2159 1754 2220 1792 se
2240 1739 2378 1792 tunc
2394 1740 2631 1794 vulnere
2658 1739 2936 1806 tardatos,
2959 1755 3091 1795 cum
3111 1739 3354 1795 domina
3369 1738 3587 1794 suimet
3604 1743 3765 1795 caste-

448 1829 732 1885 dedecore
777 1827 838 1883 in
880 1828 991 1884 hoc
1021 1826 1212 1882 seculo
1243 1825 1507 1898 proditor
1552 1826 1820 1894 habetur,
1852 1828 2061 1884 maluit
2086 1821 2139 1881 B
2161 1824 2354 1898 risque
2381 1826 2550 1882 bonis
2572 1844 2638 1883 ac
2658 1827 2985 1899 hospitibus
3009 1827 3259 1892 abeundi
3294 1827 3593 1882 licentiam
3628 1828 3769 1899 apud

446 1919 557 1974 hoc
587 1916 939 1973 conscientia
955 1914 1214 1987 gementi
1235 1916 1441 1981 celare,
1462 1930 1639 1987 quam
1659 1915 1745 1970 sui
1774 1915 2058 1971 damnum

448 2006 693 2063 aliorum
711 2022 924 2077 augere
942 2003 1333 2071 detrimentis;
1361 2007 1420 2058 et
1437 2004 1512 2059 ob
1530 2004 1654 2059 haec
1682 2004 1780 2076 qui
1801 2004 1958 2075 prius
1976 2005 2061 2060 vi-

448 2096 632 2153 riliter
644 2113 807 2152 suam
827 2096 898 2153 ab
916 2095 1020 2150 hos
1032 2111 1064 2149 e
1081 2094 1393 2149 defendere
1414 2092 1631 2148 studuit
1646 2092 2062 2166 patriam,tunc

448 2186 675 2260 aperuit
690 2184 897 2241 huicin
920 2183 1190 2255 rapinam
1210 2182 1574 2254 mittiturque
1596 2182 1649 2238 ei
1673 2184 1824 2238 clam
1844 2184 2064 2240 aBoliz—

448 2277 572 2331 lavo
604 2274 878 2331 auxilium
911 2271 1051 2328 nihil
1081 2270 1187 2326 sibi
1219 2270 1462 2327 omnino
1494 2271 1841 2344 proficuum.

521 2368 581 2421 2i
597 2406 611 2422 .
624 2362 891 2420 Venienti
918 2365 1113 2417 autem
1132 2364 1268 2414 tunc
1289 2360 1413 2431 regi
1429 2360 1503 2416 ad
1522 2360 2060 2434 locum,quillathe-

451 2453 714 2524 resburgi
741 2459 813 2495 οιῑ
835 2450 982 2523 (644)
1008 2449 1240 2516 dicitur,
1268 2464 1507 2504 omnem
1532 2450 1868 2506 thesaurum
1894 2468 2063 2508 suum

449 2560 510 2597 se
542 2540 954 2614 procedentem
979 2539 1274 2609 Maganus,
1308 2536 1538 2592 comitis
1584 2538 1827 2611 predicti
1874 2539 2060 2610 miles,

449 2647 586 2686 cum
615 2630 729 2686 suis
758 2627 1015 2701 corripit,
1050 2642 1116 2681 ac
1150 2630 1275 2681 tum
1313 2624 1468 2681 intra
1504 2642 1566 2682 se
1618 2625 1956 2697 dividentes,
1989 2630 2063 2686 ad

450 2719 823 2775 Amardelam
853 2716 1145 2772 civitatem
1172 2713 1326 2787 (645)
1356 2715 1503 2770 lctus
1533 2715 1860 2772 revertitur.
1910 2717 2064 2782 Quos

451 2827 552 2865 rex
577 2825 728 2883 pone
750 2807 1039 2864 insecutus
1057 2803 1306 2877 possedit
1327 2804 1872 2878 N°,compositisque
1888 2806 2067 2864 bello-

451 2914 582 2955 rum
611 2895 1011 2962 instrumenti,
1040 2910 1139 2950 eos
1167 2893 1344 2948 vitam
1367 2893 1576 2961 solum,
1602 2893 1831 2950 reddita
1851 2895 1991 2951 urbe
2006 2900 2066 2952 et

453 2986 657 3059 preda,
732 2984 819 3040 ftis
892 2981 1364 3040 intercessoribus
1418 2983 1709 3054 postulare
1761 2983 2061 3056 compulit.

449 3077 607 3133 Tunc
637 3073 929 3130 destructa
939 3072 1172 3146 penitus
1196 3070 1423 3137 eadem,
1443 3069 1735 3143 divisaque
1756 3070 1910 3127 inter
1933 3089 2064 3129 suos

2160 1929 2364 1986 regem
2382 1914 2797 1986 imploraturos
2816 1915 3206 1971 affirmabant.
3225 1916 3533 1982 Horum,‘ut
3548 1917 3769 1988 opinor,

2161 2001 2400 2058 consilio
2420 2006 2607 2059 custos
2625 2004 2886 2075 ejusdem
2914 2004 3156 2060 civitatis
3180 2006 3363 2061 Bucco
3401 2022 3539 2059 cum
3569 2006 3771 2061 Ottone

2163 2106 2445 2161 germano
2462 2092 2674 2147 suimet
2693 2093 2933 2148 domino
2950 2092 3227 2164 loquitur,
3240 2094 3482 2166 ejusque
3493 2092 3773 2165 suffragiis

2165 2179 2369 2236 urbem
2408 2182 2586 2253 regia:
2625 2181 2899 2253 potestati
2932 2182 3211 2251 tradidit;
3262 2183 3384 2255 ipse
3420 2186 3625 2238 autem
3648 2199 3773 2238 cum

2164 2268 2434 2324 omnibus
2459 2270 2564 2326 sibi
2607 2270 2933 2326 commissis
2962 2287 3195 2327 securus
3250 2271 3417 2328 abiit.
3462 2271 3773 2328 Confestim

2163 2356 2359 2413 civitas
2387 2358 2662 2415 radicitus
2692 2359 2843 2415 dirui
2887 2376 2923 2415 a
2951 2377 3089 2432 rege
3112 2361 3389 2432 jubetur;
3416 2363 3507 2416 set
3535 2376 3775 2432 parcen-

2163 2445 2316 2502 tibus
2343 2447 2514 2519 hujus
2541 2449 2624 2504 rei
2655 2448 3009 2517 auctoribus,
3061 2466 3281 2522 magna
3325 2465 3394 2505 ex
3436 2453 3608 2522 parte
3650 2465 3774 2505 cum

2164 2534 2420 2591 aediliciis
2447 2540 2725 2596 servatur.

2236 2626 2323 2679 22.
2365 2624 2605 2681 Interim
2645 2626 2786 2682 dum
2841 2643 2947 2682 rex
3001 2626 3250 2683 Heinrici
3298 2627 3532 2683 comitis
3580 2627 3775 2683 urbem

2166 2712 2369 2769 Crusni
2394 2717 2657 2770 vocatam
2685 2715 2959 2788 possedit,
2997 2716 3306 2772 Bolizlavus
3324 2732 3460 2772 eum
3499 2716 3560 2771 in
3592 2717 3778 2789 aliquo

2165 2801 2361 2856 ledere
2383 2818 2692 2875 sumopere
2713 2802 2891 2872 nisus,
2925 2806 3070 2860 clam
3111 2806 3425 2862 exercitum
3452 2806 3697 2879 colligit,
3725 2809 3777 2861 et

2164 2904 2270 2961 per
2287 2892 2522 2947 nuntios
2538 2893 2751 2948 suimet
2767 2893 3135 2949 Guncilinum
3156 2894 3395 2951 fratrem
3440 2898 3692 2962 ortatnr,
3722 2898 3777 2950 ut

2166 2997 2396 3037 memor
2424 2983 2610 3038 ﬁrmae
2633 2982 3036 3053 promissionis
3058 2983 3262 3045 urbem
3290 2983 3645 3040 Misnensem
3670 3000 3777 3040 sua

2164 3069 2439 3125 redderet
2449 3070 2660 3126 dicioni
2677 3071 3115 3144 amiciciamque
3128 3074 3435 3127 renovaret
3449 3072 3774 3143 pristinam.

450 3162 827 3221 Poleniorum
854 3160 1248 3227 multitudine,
1279 3175 1378 3214 rex
1409 3159 1545 3215 inde
1575 3160 1650 3215 ad
1684 3160 1887 3216 Crusni
1913 3160 2062 3233 (646)
2085 3166 2133 3230 ο
2167 3158 2267 3213 Ille
2290 3161 2485 3214 autem
2509 3159 2880 3228 sciens,istius
2901 3159 3165 3232 ingressu
3198 3177 3232 3213 ιι
3258 3160 3451 3231 gratia
3481 3161 3641 3233 regis
3668 3166 3727 3217 et
3749 3178 3779 3216 ι

454 3254 779 3319 castellum,
802 3251 862 3307 in
884 3266 1000 3322 quo
1031 3249 1214 3304 frater
1231 3246 1458 3303 comitis
1483 3247 1754 3317 Heinrici,
1769 3250 1951 3306 Bucco
1964 3267 2067 3307 no-

454 3341 637 3409 mine,
658 3338 964 3395 dominam
982 3352 1149 3393 suam
1175 3336 1529 3407 Gerhergam
1559 3351 1691 3391 cum
1714 3336 1845 3392 ﬁliis
1872 3340 2063 3393 custo-

457 3429 580 3485 dire
604 3427 874 3489 debebat,
890 3423 1264 3496 proficiscitur
1284 3431 1374 3477 σιτ.
1394 3423 1717 3478 Exercitum
1741 3427 1938 3481 autem
1956 3442 2061 3480 un-

457 3516 795 3588 diquesecus
824 3512 1346 3569 circumsedentem
1376 3511 1672 3568 Heinricus
1701 3529 1897 3570 comes
1931 3531 2063 3571 cum

458 3603 573 3660 suis
602 3601 852 3658 exterius
880 3599 1553 3673 inpugnabat,quosdam
1567 3601 2071 3671 vulnerans,alios~

460 3709 572 3766 que
588 3692 816 3748 incaute
839 3690 1203 3746 frumentum
1233 3689 1393 3762 equis
1423 3688 1488 3762 (f.
1522 3690 1627 3761 90’)
1649 3699 2069 3765 congregantes

458 3781 715 3856 perimit.
730 3780 898 3846 Quod
911 3796 984 3835 ne
999 3778 1251 3849 amplius
1272 3778 1401 3835 fieri
1419 3779 1716 3852 potuisset,
1733 3796 1833 3836 rex
1848 3782 2069 3839 curiose

460 3869 913 3945 previdi,positis
939 3867 1216 3925 militibus
1233 3868 1694 3941 quadringentis,
1724 3871 2070 3945 hostemque

460 3959 772 4017 secretiora
817 3958 1120 4030 cujusdam
1148 3965 1221 4000 “8
1243 3957 1404 4013 vallis
1446 3961 1645 4030 petere
1693 3961 1819 4016 loca
1858 3962 2067 4034 coegit.

462 4050 648 4115 Quem
668 4048 752 4104 ibi
772 4050 961 4104 castra
976 4047 1298 4102 metantem
1311 4045 1505 4102 rustici
1518 4046 1688 4103 unius
1704 4048 2073 4106 incontinens

464 4138 661 4210 lingua
678 4137 1011 4194 custodibus
1032 4134 1303 4207 prodidit.
1325 4134 1412 4190 Hii
1441 4138 1636 4192 autem
1654 4136 1830 4193 medii
1845 4138 2071 4194 fervore

465 4227 579 4283 diei
608 4227 705 4282 illo
733 4225 1042 4282 latentibus
1081 4224 1386 4280 tendentes
1427 4223 1667 4292 insidiis,
1718 4228 1780 4280 ut
1816 4227 2071 4298 primum

464 4318 654 4372 castra
672 4314 803 4370 visis
816 4328 1108 4385 agnovere
1126 4311 1533 4376 tentoriis,alta
1551 4329 1688 4369 voce
1704 4329 1808 4385 per
1822 4314 2071 4371 kirielei-

2154 3245 2517 3302 .demonio‘l‘o
2538 3247 2641 3303 tali
2658 3264 2719 3304 se
2735 3247 2966 3319 penitus
2980 3249 3272 3304 exclusum
3288 3248 3781 3316 fuisse,mandatis

2164 3333 2374 3391 talibus
2416 3337 2734 3408 respondet
2777 3353 2791 3392 :
2826 3336 3030 3393 Omnia
3069 3353 3188 3409 quas
3217 3344 3419 3408 praeter
3472 3339 3592 3393 haec
3636 3358 3671 3393 a
3710 3355 3783 3392 nec

2164 3425 2379 3493 erpetis,
2408 3424 2604 3495 frater,
2644 3424 2868 3481 libenter
2906 3428 3172 3496 impendo.
3203 3432 3253 3481 et
3294 3428 3343 3479 si
3381 3443 3653 3499 umquam
3682 3428 3784 3481 hac

2163 3512 2398 3582 faciendi
2422 3514 2484 3586 (f.
2521 3513 2631 3587 9l’)
2662 3516 3000 3586 oportunitas
3030 3516 3242 3583 accadit,
3279 3532 3386 3572 non
3416 3533 3627 3572 recuso.
3649 3517 3786 3572 Stult

2165 3617 2372 3657 mecum
2389 3603 2610 3659 senioris
2626 3605 2735 3660 mei
2743 3605 3019 3672 satellites,
3036 3607 3135 3678 qui
3158 3606 3295 3663 talia
3315 3622 3422 3662 non
3433 3609 3745 3678 paciuutur
3768 3635 3784 3672 ,-

2166 3692 2282 3747 etsi
2303 3692 2400 3747 hoc
2414 3693 2746 3764 publicatur,
2765 3696 2876 3749 vita
2899 3711 3014 3749 mea
3040 3711 3163 3749 cum
3186 3695 3452 3763 omnibus,
3467 3712 3597 3768 qua:
3612 3699 3789 3768 possi-

2168 3781 2286 3849 deo,
2312 3782 2669 3852 periclitatur.
2703 3782 2816 3837 Hac
2858 3782 3149 3854 legatione
3175 3786 3433 3855 accepta,
3474 3785 3791 3842 Bolizlavus

2173 3869 2565 3926 internuntios
2588 3870 2863 3927 custodiri
2892 3874 2951 3926 et
2970 3872 3263 3944 legionem
3282 3870 3356 3927 ad
3369 3873 3568 3929 Albim
3588 3890 3792 3948 prope-

2170 3976 2302 4016 rare
2325 3959 2514 4031 jussit.
2543 3958 2638 4015 llic
2679 3960 3024 4033 qualitatem
3068 3961 3348 4017 vadorum
3392 3967 3623 4018 secreto
3664 3978 3791 4036 per-

2174 4048 2606 4122 quirens,mane
2619 4049 2772 4106 facto
2785 4049 3439 4123 ipsemsubsequitur,et
3448 4052 3527 4108 ad
3539 4052 3791 4108 Strclam

2173 4137 2488 4204 civitatem,
2512 4137 2648 4209 quia
2662 4156 2779 4194 sua:
2797 4139 2902 4195 dos
2923 4141 3048 4194 erat
3080 4138 3213 4195 filiae
3250 4138 3423 4210 (647),
3445 4140 3790 4201 demandat,

2176 4227 2363 4279 utnec
2387 4223 2495 4280 sibi
2513 4225 2824 4298 quicquam
2850 4226 3150 4294 timerent,
3171 4243 3360 4298 neque
3377 4243 3514 4283 cum
3536 4228 3789 4283 clamore

2173 4313 2329 4370 illato
2356 4314 2687 4369 convicinOs
2716 4314 2792 4369 de
2832 4315 2941 4370 hac
2984 4332 3050 4369 re
3097 4317 3286 4370 certos
3329 4315 3655 4372 efﬁcerent.
3680 4317 3787 4370 Nec

466 4420 570 4459 son
594 4403 771 4460 sotios
787 4404 1190 4468 convocantes,
1220 4401 1432 4468 hostes,
1464 4401 1674 4458 relictis
1702 4401 1922 4460 ibidem
1943 4421 2071 4460 om-
2099 4439 2151 4498 D
2177 4419 2362 4464 mora,
2377 4402 2832 4474 exercitusjussu
2855 4402 3015 4458 ducis
3042 4402 3102 4458 in
3128 4404 3379 4476 quatuor
3406 4404 3704 4464 dividitur,
3730 4407 3787 4457 et

468 4492 636 4549 nibus
650 4492 957 4564 suis,capto
979 4491 1167 4547 solum
1185 4490 1449 4558 Ernasto,
1471 4490 1819 4563 eﬁ‘ugarunt.
1842 4493 2072 4550 Reversi
2100 4490 2143 4498 ’
2173 4492 2248 4547 ad
2264 4491 2416 4548 Cirin
2431 4492 2729 4547 castellum
2746 4491 3129 4564 [648)vespere
3142 4491 3435 4547 conveniri
3451 4493 3780 4565 precipitur.

468 4584 607 4636 tunc
625 4580 783 4638 idem
801 4596 870 4635 ex
889 4596 1106 4652 magna
1127 4582 1292 4651 parte
1306 4579 1515 4647 tristes,
1533 4579 1787 4637 efﬁtiunt
1799 4584 2075 4639 consoda-

468 4670 549 4726 les
573 4669 891 4727 admodum
907 4670 1199 4737 laetantes;
1227 4671 1674 4742 presentatoque
1687 4669 1807 4743 regi
1825 4670 2071 4741 captivo,

2172 4582 2311 4637 Duae
2330 4588 2401 4623 9³³
2419 4582 2615 4636 autem
2635 4581 2955 4653 phalanges
2976 4580 3298 4652 promissas,
3320 4598 3396 4636 ne
3425 4582 3513 4638 sui
3534 4582 3780 4654 aliquam

2179 4686 2213 4725 a
2226 4669 2561 4726 marchione
2574 4669 2902 4725 molestiam
2914 4672 3272 4743 paterentur,
3279 4670 3583 4743 providere
3593 4668 3780 4727 stude—

1788 4816 2016 4872 VARUE
2047 4816 2447 4872 LECTlONES.

540 4917 611 4981 σιξ
632 4924 731 4981 sep
774 4910 823 4963 l.
846 4907 1055 4978 saepius.
1149 4913 1229 4981 9“_
1248 4907 1324 4981 ita
1353 4909 1438 4962 la.
1470 4907 1563 4964 sed
1590 4906 1817 4961 alterum
1846 4923 1894 4963 r.
1927 4921 2135 4981 erasum
2156 4913 2249 4981 est.
2296 4904 2811 4981 Hatheresbrugge
2834 4907 2908 4961 A.
2942 4904 3011 4981 S_.

3120 4906 3492 4979 “(possedet
3529 4912 3613 4963 ta.
3654 4976 3663 4979 _
3714 4909 3777 4979 ξιτ

469 4976 854 5053 proﬁcissetur
884 4976 1010 5053 1ὶι.Δ
1032 4977 1373 5053 ,νιεριιὶάαῐη
1416 4982 1464 5053 l.
1495 5049 1508 5053 _
1542 4985 1612 5020 οη
1644 4994 1697 5034 a.
1730 4994 1787 5050 q.
1820 4981 1937 5053 snt.
1969 4976 2094 5034 add.
2134 4977 2222 5033 1b.
2300 4985 2372 5019 σεο
2411 4979 2487 5032 ita
2523 4981 2571 5034 t.
2614 4980 2651 5032 τ’.
2681 4976 2726 5033 e.
2762 4977 3032 5033 demanio
3059 4984 3156 5031 aut
3190 4976 3475 5034 dominio.
3505 4976 3779 5049 dignitate

471 5047 571 5106 sua
598 5052 665 5109 A.
693 5048 757 5107 S.
834 5058 904 5093 ἐί
937 5047 1065 5107 add.
1095 5049 1180 5107 tb.
1255 5058 1327 5092 οη
1354 5066 1386 5105 e
1414 5049 1595 5104 inloco
1633 5047 1845 5104 raso—ib
1877 5050 1906 5102 ?

2032 5168 2261 5227 NOTAE.

539 5268 689 5343 (643)
726 5264 918 5324 Manet
966 5266 1079 5324 alta
1116 5274 1292 5325 mente
1321 5234 1609 5341 repostum.
1638 5266 1836 5342 Virgil.
1868 5266 2001 5327 IEn.
2034 5284 2074 5337 1,

468 5343 681 5482 26bit)
697 5411 974 5484 Fortasse
990 5410 1474 5484 Hederssbrusss
1492 5410 1552 5465 in
1577 5427 1735 5484 ρμίιεοΔ
1749 5411 2072 5484 Νονιεονθν

469 5484 639 5539 hodie
655 5483 987 5556 Hersprucb
1000 5483 1166 5556 juxta
1180 5481 1420 5538 ﬂuvium
1446 5481 1702 5555 Regniti,
1722 5482 1876 5540 inter
1888 5481 2075 5538 Nurn-

469 5556 613 5628 berg
643 5558 701 5610 et
728 5555 1014 5627 Amberg.

539 5627 683 5700 (645(
718 5625 1039 5693 Amerthal,
1072 5641 1255 5699 pagus
1284 5623 1438 5683 haud
1468 5625 1668 5700 procul
1696 5624 2074 5701 abAmberga

2176 5267 2332 5323 situs.
2368 5266 2582 5323 Chron.
2613 5265 2881 5322 Gottwic.
2923 5267 2967 5334 ι,
2993 5280 3053 5334 p.
3086 5270 3189 5321 716
3250 5267 3382 5322 Uns.

2246 5339 2398 5410 (646)
2426 5337 2726 5406 Creussen,
2756 5336 2910 5393 infra
2929 5336 3137 5392 urbem
3170 5338 3465 5394 Baireuth.

2251 5412 2392 5480 (647)
2424 5410 2799 5482 Conﬁsupra
2824 5410 2865 5467 ι.
2908 5425 2979 5476 .v,
3008 5425 3059 5463 c.
3084 5411 3175 5465 37.

2249 5478 2579 5559 (6481Rch
2607 5478 2849 5559 zehren,
2882 5495 3063 5559 pagus
3093 5497 3214 5559 non
3254 5481 3501 5559 multum
3538 5482 3608 5536 ab
3640 5478 3780 5559 urbe

2174 5550 2351 5608 MiSna
2376 5550 2613 5609 distans.
2648 5550 3104 5623 Castellum'jam
3136 5551 3275 5608 olim
3319 5552 3592 5608 dirutum.
3646 5550 3774 5605 Uss.
