3954 6180
260 370 387 429 1301

1543 360 1961 426 CHRONICON.
2000 392 2081 407 --
2102 361 2237 419 LIB.
2264 360 2330 417 V.

3469 364 3606 432 1302

256 508 418 563 bant.
446 507 613 563 Totus
660 504 751 562 hic
792 519 1001 576 pagus,
1030 499 1130 575 qui
1177 498 1422 556 Zlomizi
1465 498 1613 571 (649)
1649 497 1874 566 dicitur,
1898 493 1953 550 A
1981 495 2355 569 frangentes,
2386 497 2611 556 tristem
2650 497 2983 554 matronam
3011 495 3101 555 his
3115 496 3453 556 mulcebant
3468 512 3606 575 pro-

261 595 484 668 optime
506 599 628 651 tum
653 596 926 661 excultus,
957 593 1018 647 in
1056 606 1177 646 una
1218 589 1335 645 hac
1371 589 1463 645 die
1494 588 1649 661 igne,
1685 587 1876 660 gladio

264 689 322 741 et
359 684 693 740 habitatoris
727 682 1034 739 eductione
1076 677 1369 735 ﬂebiliter
1400 678 1710 733 desolatur.
1764 676 1876 732 Sed

255 773 501 848 qualiter
520 773 565 827 is
591 781 684 840 πο,
712 771 811 844 qui
852 785 1055 826 omnes
1088 767 1309 823 crebro
1343 768 1544 822 fallere
1570 765 1811 833 solebat,
1842 782 1877 821 a

257 862 621 936 quibusdam,
654 861 749 932 qui
785 861 847 915 in
896 856 1166 931 Mogilina
1210 856 1364 912 urbe
1394 856 1539 927 (650)
1573 855 1871 922 sedebant,

258 951 624 1008 deluderetur
640 958 731 1017 οιι,
763 962 1094 1004 memorare
1124 944 1298 1000 libet.
1329 944 1417 999 Hii
1448 942 1874 1013 cumalegione

255 1043 329 1098 ad
391 1054 489 1095 eos
534 1039 706 1093 missa
744 1035 1241 1110 impugnarentur
1278 1049 1292 1088 :
1336 1033 1454 1091 Cur
1504 1034 1582 1089 sic
1634 1033 1819 1101 facilis
1846 1032 1874 1086 ?

261 1129 551 1203 inquiunt.
579 1128 823 1181 Vestrum
842 1126 1093 1180 seniorem
1122 1124 1397 1193 optimum
1420 1124 1633 1188 scimus,
1660 1127 1710 1175 et
1735 1121 1876 1175 hunc

257 1226 431 1274 nostra
450 1233 735 1288 proponere
759 1214 1021 1270 volumus.
1057 1213 1305 1267 Tantum
1345 1209 1635 1282 precedite,
1685 1215 1736 1263 et
1781 1226 1875 1264 nos

253 1325 372 1365 cum
388 1307 609 1380 familiis
636 1312 687 1361 et
703 1303 1117 1376 possessionibus
1136 1302 1201 1374 (ι’.
1249 1301 1338 1368 92)
1396 1301 1661 1367 universis
1695 1300 1869 1354 subse-

256 1406 476 1457 Cuturos
505 1403 575 1438 ηε
592 1411 700 1449 non
728 1393 988 1448 dubitate.
1013 1390 1171 1445 Talia
1192 1391 1453 1455 orantes,
1479 1404 1596 1442 non
1628 1387 1877 1458 amplius

252 1488 541 1544 vexabant
558 1485 771 1548 hostes,
808 1483 868 1536 et
913 1478 1126 1534 seniori
1156 1494 1265 1533 suo
1290 1478 1399 1532 hos
1442 1484 1515 1519 πο
1564 1477 1875 1532 adventare

256 1595 364 1650 pro
396 1578 555 1631 certo
600 1571 972 1628 nunciabant.
1007 1567 1119 1623 Sed
1154 1583 1291 1620 cum
1343 1564 1772 1620 commilitones
1804 1566 1877 1621 ad

258 1665 591 1723 condictum
630 1677 754 1716 sero
794 1659 1090 1715 conﬂuere
1133 1657 1331 1711 locum
1369 1654 1589 1726 hosque
1615 1661 1687 1696 σιτ
1717 1652 1875 1709 domi

255 1755 461 1811 sedere
494 1753 600 1808 dux
629 1751 911 1815 cerneret,
945 1747 1195 1801 multum
1227 1742 1513 1809 irascitur,
1546 1746 1605 1798 et
1633 1742 1876 1797 menda-

1985 586 2208 654 missis,
2236 587 2280 642 si
2313 589 2544 660 quando
2561 604 2689 644 cum
2712 586 2899 661 gratia
2918 586 3138 659 regisid
3165 586 3290 644 ﬁeri
3303 588 3603 661 potuisset,

1981 678 2099 733 hoc
2131 678 2320 732 totum
2349 695 2415 733 ex
2441 695 2542 734 sua
2567 680 2731 751 parte
2753 693 2812 732 se
2830 678 3228 733 renovaturus.
3257 677 3378 732 Rex
3406 682 3603 738 autem

1989 766 2294 822 devastata
2311 767 2471 823 omni
2501 766 2729 823 comitis
2749 765 3100 839 proprietate
3120 774 3190 809 ὀι
3208 768 3410 822 etcum
3428 768 3602 826 bene-

1983 856 2121 912 ﬁcio
2146 857 2259 912 late
2277 856 2475 925 divisa,
2495 857 2566 913 ad
2582 856 2916 927 Bavanberg
2927 857 3110 923 venit;
3128 855 3324 928 ibique
3346 858 3601 913 exemita

1982 964 2091 1002 suo
2109 947 2266 1002 bona
2294 963 2425 1002 cum
2454 963 2595 1019 pace
2626 944 2884 1013 dimisso,
2918 944 3276 1000 nativitatem
3306 945 3407 1001 Dei
3434 946 3600 1017 geni-

1990 1034 2153 1090 tricis
2176 1034 2349 1106 (Sept.
2372 1034 2428 1107 8)
2450 1033 2867 1106 sollempnibus
2885 1033 3196 1089 celebravit
3209 1033 3600 1104 gaudiis.lnde

1981 1125 2279 1198 profectus
2293 1126 2366 1180 ad
2381 1124 2579 1181 silvam
2604 1124 2980 1197 Spehteshart
3009 1123 3160 1195 (652)
3177 1127 3596 1198 nuncupatam,

1977 1215 2248 1270 laborem
2281 1213 2667 1288 expeditionis
2692 1212 2949 1269 delinivit
2976 1213 3257 1269 suavitate
3276 1213 3599 1270 venationis

1978 1305 2042 1373 (f.
2074 1305 2189 1373 93).
2219 1303 2753 1375 Completaibidem
2775 1303 3095 1360 autumnali
3103 1302 3598 1375 jocunditate,per

1990 1393 2294 1449 Franciam
2319 1392 2551 1448 transiit
2579 1393 2653 1448 ad
2678 1391 3005 1455 Saxoniam,
3040 1391 3302 1447 indicens
3330 1392 3440 1447 hiis
3467 1408 3597 1464 pro-

1978 1482 2139 1538 xima
2161 1482 2357 1538 hieme
2389 1498 2552 1537 suam
2586 1482 2659 1537 ad
2687 1480 2927 1537 Milzieni
2957 1479 3385 1553 expeditionem
3424 1480 3593 1553 (653).

1982 1573 2117 1627 Post
2133 1572 2256 1627 haec
2278 1572 2472 1626 natale
2496 1570 2726 1627 Domini
2749 1569 2807 1625 in
2833 1568 3043 1625 Palithi
3066 1577 3138 1612 σοι
3155 1585 3320 1626 more
3334 1570 3597 1642 priorum

1982 1660 2253 1716 divinitus
2282 1676 2347 1715 ac
2361 1659 2699 1715 humanitus
2720 1658 3063 1714 honorando
3091 1665 3163 1700 σου
3181 1658 3411 1731 peregit
3436 1652 3598 1730 (654).

2053 1753 2143 1807 24.
2175 1748 2397 1805 Deinde
2440 1748 2513 1804 ad
2564 1748 2915 1819 Thornburg
2969 1747 3207 1802 veniens
3251 1746 3364 1814 (an.
3413 1743 3594 1820 1004),

257 1844 425 1900 cibus
453 1840 616 1897 sociis
638 1854 836 1912 pellas
866 1844 939 1879 “3
974 1836 1256 1890 minatur.
1290 1833 1527 1887 Postera
1556 1832 1703 1897 luce,
1749 1834 1877 1887 οῖ’ίο
1906 1824 1958 1882 Β
1983 1835 2333 1911 Willigisum
2360 1837 2810 1908 archipresulem
2828 1852 2960 1891 cum
2981 1834 3202 1891 cmteris
3216 1833 3599 1893 familiaribus

245 1934 379 2006 jam
405 1931 547 1997 sole,
574 1928 751 2002 preda
779 1921 1224 1980 innumerabilis
1252 1919 1628 1993 premittitur.
1664 1924 1723 1975 et
1758 1937 1880 1976 ma-

262 2037 382 2094 gna
412 2035 545 2092 pars
562 2016 813 2073 hostium
842 2014 971 2069 Albi
1000 2011 1370 2083 inmergitur.
1400 2008 1604 2065 Caeteri
1634 2009 1876 2064 domum

253 2111 570 2167 redeuntes
620 2104 806 2167 inlesi,
863 2102 1128 2158 dividunt
1172 2098 1443 2171 predam,
1501 2096 1716 2153 seniori
1774 2114 1877 2155 suo

252 2200 480 2275 Optima
528 2204 602 2240 οη
643 2209 884 2267 quaeque
934 2191 1314 2262 assignantes.
1340 2188 1464 2243 Non
1514 2186 1626 2242 fuit
1683 2187 1879 2243 minor

248 2288 614 2363 captivorum
646 2298 921 2338 numerus
948 2295 1123 2353 quam
1171 2277 1283 2332 tria
1330 2275 1501 2344 milia,
1538 2278 1596 2331 et
1637 2279 1701 2331 ut
1742 2292 1874 2348 pre-

251 2380 449 2433 sentes
480 2372 873 2437 afﬁrmabant,
905 2369 1089 2422 multo
1120 2363 1386 2437 amplius.

328 2469 419 2521 23.
448 2460 749 2518 Heinricus
768 2474 902 2513 vero
933 2458 1031 2499 ⁸⁸³*
1048 2470 1243 2510 comes
1260 2470 1320 2508 se
1343 2453 1466 2524 jam
1499 2452 1775 2509 defecisse
1805 2463 1877 2498 οοο

249 2554 415 2612 anim
423 2552 749 2614 advertens,
764 2546 837 2601 ad
849 2546 1057 2601 urbem
1071 2543 1260 2598 Crana
1273 2538 1487 2597 dictam
1505 2543 1625 2608 (651
1638 2542 1657 2610 )
1670 2559 1877 2615 prope-

249 2648 363 2711 rat,
378 2641 575 2713 ibique
610 2632 1106 2700 Sifridum,ﬁlium
1135 2630 1364 2687 comitis
1394 2629 1683 2701 Sigrii‘ridi
1708 2632 1875 2702 juve-

256 2749 422 2797 nem,
455 2726 668 2785 auxilio
725 2741 783 2779 se
822 2722 1228 2794 expectantem
1278 2719 1488 2774 collato
1549 2718 1870 2788 inveniens,

250 2838 360 2877 nec
382 2818 491 2875 sibi
533 2831 721 2887 neque
749 2812 881 2867 huic
913 2811 1092 2865 ullam
1138 2807 1198 2863 in
1230 2808 1550 2863 rebellione
1597 2825 1761 2881 spem
1811 2809 1872 2864 in

246 2909 340 2966 his
370 2905 636 2981 partibus
673 2898 956 2974 promisit.
994 2897 1254 2953 Tandem
1287 2912 1419 2951 cum
1462 2912 1530 2951 eo
1567 2904 1637 2940 θοι
1690 2899 1873 2954 multa

246 2999 494 3063 locutus,
528 2991 776 3048 eandem
798 2986 1080 3052 incendit,
1112 3001 1289 3057 seque
1316 2985 1389 3040 ad
1433 2984 1685 3040 Boemiae
1732 2989 1871 3041 tunc

1983 1928 2056 1983 ad
2114 1926 2417 1983 Gisilerum
2455 1925 2615 1981 misit
2658 1924 3175 1997 archiepiscopum,
3230 1926 3369 1980 tunc
3425 1924 3599 1981 nimis

1984 2016 2307 2083 inﬁrmum,
2348 2016 2414 2070 ut
2437 2031 2669 2070 memor
2703 2012 2959 2081 Domini,
2992 2012 3264 2085 quicquid
3304 2019 3376 2056 "7
3405 2012 3463 2068 in
3496 2012 3595 2070 de-

1981 2108 2196 2161 structo
2227 2103 2685 2175 Merseburgensi
2709 2101 3045 2176 episcopatu
3074 2108 3144 2145 908
3164 2102 3442 2158 hactenus
3463 2100 3600 2159 deli-

1982 2193 2142 2265 quid,
2172 2195 2328 2249 hunc
2367 2190 2721 2248 resumendo
2753 2191 3145 2263 injustamque
3183 2189 3381 2246 sedem
3419 2190 3594 2247 relin-

1983 2283 2242 2353 quendo,
2275 2283 2333 2337 in
2397 2280 2619 2336 ultimis
2676 2280 2883 2335 saltem
2937 2280 3251 2335 emendare
3305 2279 3595 2336 voluisset.

1981 2372 2148 2427 Hunc
2179 2379 2252 2414 ’σο
2284 2370 2475 2442 primo
2526 2370 2768 2441 propter
2795 2367 3240 2437 Herimannum,
3268 2384 3442 2442 quem
3493 2367 3601 2425 sibi

1980 2461 2147 2517 idem
2178 2470 2410 2531 semper
2431 2458 2488 2512 in
2512 2473 2698 2530 regno
2726 2473 3095 2529 summopere
3120 2459 3364 2514 conatur
3390 2466 3603 2532 prepo-

1977 2566 2139 2616 nere,
2168 2548 2369 2611 odivit,
2386 2549 2701 2618 posteaque
2716 2546 2854 2602 data
2863 2546 2996 2602 huic
3011 2546 3223 2602 suimet
3237 2546 3602 2619 gratia,inter

1977 2637 2471 2694 familiarissimos
2491 2634 3197 2708 habuit;commissisque
3238 2636 3290 2692 ei
3334 2637 3605 2696 omnibus

1977 2728 2035 2782 in
2080 2725 2338 2782 Saxonia
2367 2723 2582 2778 suimet
2619 2724 3095 2794 proprietatibus,
3126 2725 3359 2781 ﬁdelem
3388 2726 3447 2781 in
3490 2725 3601 2783 hiis

1978 2813 2271 2888 persensit
2300 2811 2682 2883 provisorem,
2708 2813 2893 2867 multa
2915 2829 3041 2884 quae
3070 2816 3208 2868 tunc
3231 2830 3348 2869 sua:
3376 2815 3596 2871 arride-

1973 2906 2119 2961 bant
2197 2899 2501 2967 voluntati,
2558 2914 2665 2970 per
2736 2901 2990 2956 eundem
3049 2902 3373 2975 complens.
3449 2904 3593 2960 Tan.

1975 2994 2110 3048 dem
2178 2992 2363 3047 zelum
2412 2987 2515 3043 Dei
2557 2988 2807 3058 amplius
2863 2996 2935 3031 οτο
2986 2990 3138 3045 ferre
3196 3008 3313 3047 non
3370 2993 3589 3059 valens,

245 3088 578 3142 invasorem
610 3078 955 3135 Bolizlavum
1001 3090 1135 3129 cum
1168 3073 1389 3128 domno
1424 3075 1695 3130 Brunone
1730 3076 1868 3130 resi-
1901 3108 1949 3168 Ο
1974 3083 2236 3154 perfecto
2268 3080 2426 3134 hunc
2449 3078 2785 3150 persecutus
2812 3077 2968 3145 odio,
2995 3078 3121 3148 bos,
3152 3078 3298 3134 sicut
3342 3080 3586 3152 predixi,

248 3176 495 3246 duisque
520 3166 843 3225 fautoribus
880 3161 1163 3219 concessit
1186 3170 1279 3215 ιω.
1315 3160 1558 3216 Sifridus
1587 3179 1746 3230 vero,
1770 3180 1868 3235 spe
1909 3160 1948 3168 ⁷
1974 3170 2215 3226 nuntios
2278 3164 2456 3222 misit.
2534 3162 2753 3228 Quibus
2801 3165 2890 3220 vix
2954 3166 3165 3222 talibus
3241 3169 3584 3242 respondit:

249 3265 448 3337 palam
502 3254 809 3314 resistendi
862 3253 1157 3317 frustrata,
1211 3266 1331 3306 non
1389 3266 1488 3305 eos
1532 3252 1866 3317 comitatur,

249 3355 335 3409 set
365 3351 439 3405 de
469 3349 666 3403 futura
689 3340 984 3399 commissi
1014 3338 1425 3395 emendatione
1454 3342 1644 3396 certus
1673 3358 1864 3397 rever-

252 3443 414 3497 titur.
449 3439 565 3493 Rex
604 3436 799 3490 autem
850 3432 924 3486 ad
993 3429 1243 3485 Cranam
1297 3429 1525 3484 hostem
1573 3429 1864 3486 insecutus

247 3530 597 3602 fugientem,
630 3524 830 3580 lenivit
870 3525 930 3581 in
974 3526 1083 3580 hoc
1124 3523 1335 3579 suimet
1364 3520 1650 3588 animum,
1706 3520 1862 3593 quod

244 3617 485 3692 agnovit
512 3615 574 3688 (f.
607 3614 724 3684 92")
746 3630 805 3669 se
832 3613 1135 3668 inimicum
1162 3611 1223 3666 in
1252 3610 1613 3666 destruendis
1656 3625 1862 3681 preoc—

240 3721 506 3779 cupasse.
565 3703 711 3759 Misit
763 3706 900 3758 tunc
984 3699 1338 3765 Heinricum,
1386 3696 1860 3770 Wirciburgensis

242 3794 612 3868 episc0pum,
669 3795 729 3846 et
773 3790 1231 3855 Erkanbaidum,
1280 3785 1575 3841 Fuldensis
1613 3785 1860 3841 ccenobii

239 3884 543 3949 abbatem,
565 3884 629 3937 ut
647 3879 953 3934 Suinvordi
971 3878 1270 3933 castellum
1289 3875 1672 3930 incenderent
1688 3878 1860 3946 atque

237 3971 565 4027 diruerent.
600 3968 753 4033 Quos
796 3968 1173 4023 adventantes
1227 3962 1472 4019 Heinrici
1520 3962 1748 4019 comitis
1778 3963 1861 4018 in-

238 4062 381 4117 clita
398 4062 609 4126 mater,
642 4058 762 4113 Eila
794 4056 1053 4124 nomine,
1078 4058 1143 4110 ut
1190 4052 1400 4109 talibus
1438 4051 1680 4108 decebat
1726 4068 1857 4124 per-

237 4150 428 4215 sonis,
449 4148 762 4221 suscipiens
794 4150 851 4201 et
880 4148 1155 4212 salutans,
1191 4146 1253 4197 ut
1277 4145 1550 4215 precepta
1579 4142 1862 4198 intellexit

235 4239 489 4311 regalia,
510 4238 899 4310 perturbatur,
923 4234 1265 4305 concitoque
1287 4249 1455 4287 cursu
1479 4232 1553 4286 ad
1574 4232 1859 4286 molestam

1970 3258 2187 3315 Dentur
2256 3254 2398 3310 mihi
2451 3254 2613 3307 trium
2661 3253 2747 3308 vel
2788 3260 3017 3326 quatuor
3070 3255 3303 3313 inducias
3351 3257 3584 3328 dierum,

1968 3354 2020 3403 et
2048 3349 2191 3404 mihi
2222 3346 2379 3401 liceat
2421 3341 2576 3398 abire
2601 3370 2618 3410 ,-
2645 3343 2838 3415 quibus
2867 3347 3149 3400 transactis
3176 3344 3239 3419 (f.
3276 3345 3386 3420 93')
3439 3353 3585 3404 certa

1966 3437 2114 3493 vobis
2157 3435 2414 3506 referam.
2472 3432 2589 3487 Hoc
2636 3433 2791 3503 apud
2814 3449 3015 3504 regem
3045 3433 3364 3506 inpetrans.
3405 3440 3465 3492 et
3521 3436 3581 3494 in

1964 3542 2161 3595 curru,
2184 3527 2251 3582 ut
2276 3522 2375 3579 diu
2403 3524 2542 3576 tunc
2558 3521 3018 3591 solebat,exieus,
3049 3524 3121 3579 ad
3144 3524 3411 3582 Thriburi
3431 3528 3579 3597 (655)

1963 3620 2191 3673 curtem
2224 3628 2389 3669 suam
2411 3610 2588 3677 venit,
2620 3610 2819 3683 ibique
2850 3611 2993 3667 duos
3022 3619 3419 3670 commoratus
3435 3614 3579 3683 dies,

1962 3706 1995 3759 8
2026 3703 2315 3761 Kalendas
2344 3699 2638 3754 Februarii
2664 3700 2931 3772 migravit
2957 3701 3031 3757 ab
3060 3702 3168 3758 hoc
3197 3704 3408 3760 seculo.
3454 3704 3578 3770 Quo

1963 3795 2185 3860 audito,
2212 3806 2314 3846 rex
2334 3803 2539 3858 corpus
2569 3787 3000 3843 archiautistitis
3032 3791 3370 3861 precedens,
3397 3809 3577 3864 usque

1963 3883 2040 3937 ad
2066 3875 2489 3954 Magadaburch
2523 3875 2906 3948 subsequitur,
2965 3877 3311 3949 premittens
3353 3895 3422 3935 eo
3481 3897 3574 3936 ca-

1961 3972 2264 4043 pellanum
2318 3963 2528 4019 suimet
2588 3962 2968 4037 Wigbertum,
3023 3970 3086 4021 ut
3152 3966 3224 4023 de
3292 3968 3575 4025 electione

1958 4056 2275 4132 Taginonis
2303 4061 2371 4096 ’τί
2391 4052 2727 4110 unanimem
2741 4053 3100 4110 confratrum
3117 4055 3473 4112 voluntatem
3490 4058 3576 4114 in-

1964 4149 2244 4218 petraret.
2262 4144 2362 4199 Set
2390 4143 2711 4213 propositus
2725 4143 2981 4214 ejusdem
3010 4144 3572 4212 civitatis,Walther-

1965 4236 2073 4291 dus
2098 4232 2358 4298 nomine,
2383 4231 2713 4286 convocatis
2737 4231 2796 4286 in
2820 4248 3001 4286 unum
3032 4232 3417 4289 confratribus
3446 4235 3571 4291 uni-

233 4343 590 4401 properans,
642 4326 863 4381 ibidem
923 4324 1072 4395 ignis
1123 4321 1660 4376 concremationem
1701 4321 1921 4401 prius_
1962 4325 2158 4390 versis,
2187 4320 2407 4377 obitum
2440 4319 2683 4375 senioris
2731 4323 2789 4375 et
2831 4321 3142 4377 adventum
3175 4322 3326 4394 regis
3354 4324 3572 4397 pariter

232 4397 550 4482 sustinere,
574 4430 749 4486 quam
775 4414 881 4469 hac
906 4412 1284 4468 comburente
1317 4409 1445 4464 viva
1471 4411 1645 4465 vellet
1682 4409 1859 4477 exire,
1884 4397 1938 4456 D
1963 4411 2190 4479 indixit,
2227 4409 2532 4464 obsecrans
2555 4412 2616 4464 ut
2637 4408 2881 4465 invicem
2903 4425 3085 4466 unum
3113 4409 3568 4486 aliqueminqui-

230 4504 679 4561 testatur.Unde
697 4502 952 4557 seniores
965 4498 1272 4573 prefati,ob
1291 4497 1498 4553 Christi
1511 4514 1775 4553 amorem
1790 4508 1861 4541 οδε

230 4594 533 4648 seculares
548 4590 951 4664 postponendo
967 4589 1226 4655 timores,
1248 4586 1543 4642 decretam
1558 4588 1865 4642 mutabant

229 4681 632 4747 sententiam;
666 4694 979 4750 murosque
1010 4676 1170 4731 urbis
1196 4691 1260 4729 ac
1283 4674 1518 4729 tedifltia
1570 4676 1864 4729 solotenus

1966 4504 2183 4567 rerent,
2216 4514 2348 4553 cum
2371 4514 2484 4569 quo
2503 4497 2805 4571 antiquam
2823 4497 3075 4570 eligendi
3090 4500 3569 4558 consuetudinem

1965 4588 2303 4645 retinerent.
2334 4585 2433 4640 Cui
2466 4586 2537 4641 ab
2563 4587 2837 4643 omnibus
2864 4586 2993 4643 ilico
3028 4590 3572 4662 respondetur,eun-

1967 4678 2103 4732 dem
2119 4694 2178 4733 se
2191 4674 2583 4733 communiter
2594 4677 2736 4731 velle
2748 4675 2807 4731 in
2822 4676 3148 4747 dominum,
3164 4678 3357 4735 divina
3375 4680 3448 4736 ad
3463 4681 3570 4736 huc

1580 4761 1816 4816 VARI/it}
1864 4764 2156 4818 LECTION
2163 4763 2262 4818 ES.

303 4858 385 4891 ου
416 4848 601 4902 his1a.
634 4854 703 4887 ’δι
737 4844 1138 4899 deludetur1a.
1174 4850 1247 4884 9“
1276 4840 1803 4912 subsequiturosta.
1846 4844 2132 4902 milesia.
2166 4852 2236 4886 ³³⁷
2266 4845 2546 4914 hasquel.
2585 4852 2656 4886 958
2679 4861 2711 4897 ο
2739 4844 2806 4897 ab
2840 4848 2860 4898 1
2898 4843 2946 4898 ὗ.
2974 4852 3035 4899 ul
3072 4846 3281 4901 videtur
3303 4846 3567 4906 additum.

219 4928 443 4992 postea,
480 4926 538 4971 ut
558 4921 745 4988 saepius
767 4934 800 4971 a
830 4924 877 4970 et
906 4930 1195 4992 o,__cr_asum
1222 4920 1298 4966 est
1402 4916 1448 4966 1.

226 4986 301 5034 '96!
389 5007 460 5044 ea
484 4992 569 5043 1a.
624 4986 639 4988 ⁷
666 4997 735 5030 ου
767 4988 998 5042 eccessit
1032 4990 1081 5041 1.
1181 4993 1251 5026 968
1287 4999 1485 5038 amore
1520 4986 1567 5037 1.

1564 4919 1636 4953 "9
1668 4914 1888 4995 optimo
1912 4916 2133 4995 optimo
2166 4919 2232 4995 _1a
2329 4918 2420 4956 939'
2774 4923 2845 4957 ισο
2867 4931 2909 4995 s.
3010 4916 3064 4970 d.
3096 4920 3150 4970 in
3183 4918 3293 4995 loco
3322 4935 3440 4995 raso
3471 4919 3565 4995 _1b.

1669 4992 1739 5025 961
1773 4988 2127 5057 proprietate
2159 4992 2206 5041 1.
2306 4994 2377 5027 9“

2408 4986 2609 5057 polithi
2645 4991 2708 5059 1c
2738 4994 2751 5038 ί
2848 4994 2919 5028 οθο
2944 4989 3283 5044 honerando
3320 4993 3433 5043 1.ut
3445 4990 3567 5059 jam

224 5078 425 5134 supra.
496 5067 576 5134 367
610 5059 963 5134 quicquid_1.
986 5130 1018 5134 _
1042 5053 2072 5134 9ft!merseburgiensisepiscapatum
2115 5062 2194 5112 1a.
2264 5066 2343 5134 369
2383 5053 2535 5134 hunc
2558 5053 3050 5134 archiepiscopum
3082 5060 3362 5115 Gislerum
3394 5053 3491 5134 rex
3515 5064 3564 5113 '2.

226 5125 305 5177 οτὸ
342 5125 779 5189 Tandem—vero
825 5131 944 5185 zelo
984 5129 1087 5184 Dei
1126 5126 1429 5201 instinctus
1455 5125 1807 5201 ’inJustitiam
1851 5125 2077 5201 tantam
2124 5128 2371 5201 amplius
2403 5134 2454 5186 '2.
2482 5131 2552 5188 A.
2580 5128 2644 5185 S.

2745 5130 2813 5171 sm
2851 5130 3145 5203 taginone,
3177 5147 3313 5186 corr.
3350 5130 3563 5200 tajone,

226 5206 352 5261 aibi
384 5204 648 5271 tainone,
679 5202 771 5258 sed
801 5203 994 5273 ubique
1020 5200 1136 5271 fere
1164 5198 1275 5253 alia
1302 5214 1469 5251 manu
1498 5199 1807 5253 restitutum
1837 5199 2072 5270 tagione
2114 5203 2164 5259 1.

1796 5287 2020 5344 NOTAE.

308 5393 465 5466 (649)
506 5391 693 5466 Supra
722 5393 830 5466 1.1.
860 5405 910 5443 c.
939 5391 992 5466 Il,
1055 5387 1239 5442 dictus
1293 5385 1571 5455 Glomuci,
1644 5385 1740 5441 ubi
1795 5386 1865 5441 de
1963 5387 3566 5466 referuntexpeditionem,quaesecuudumThietmarum

224 5460 495 5522 lectione
519 5460 767 5519 dubitari
792 5460 1011 5532 nequit.

303 5539 472 5610 (650)
498 5535 739 5610 biugeld
762 5528 943 5610 prer
977 5529 1371 5610 Hubertsburg
1395 5530 1454 5583 et
1482 5528 1738 5585 Oschatz.

316 5601 467 5672 ’(151)
497 5601 780 5662 Κι-(ἱιιειοὶί
795 5605 852 5660 in
872 5601 1139 5659 Bavaria.

491 5677 823 5808 $133321.
832 5787 845 5809 .
866 5742 1139 5814 Quodlinl

329 5679 471 5759 652)
491 5677 774 5752 Spessart.
1414 5752 1429 5758 κ
1530 5742 1541 5755 .
1778 5728 1781 5729 ν

338 5752 475 5807 653)
500 5748 667 5807 Conf.
694 5747 845 5807 Ann.
866 5742 1244 5807 Quodlinb.a.
1266 5746 1423 5807 1003.
1447 5760 1546 5807 qui
1565 5745 1676 5805 hoc
1705 5760 1780 5803 an

452 5742 667 5819 ')C'onf.
694 5747 845 5809 Ann.
866 5742 1244 5814 Quodlinb.a.
1266 5746 1429 5807 1003;
1447 5742 1546 5819 qui
1565 5745 1676 5805 hoc
1705 5760 1859 5803 anno

1963 5459 2000 5513 l.
2032 5475 2105 5524 vn,
2140 5476 2188 5515 c.
2225 5462 2276 5514 2.
2299 5459 2454 5516 anno
2485 5462 2640 5515 1004.
2674 5459 2761 5515 est
2787 5463 3065 5530 suscepta.

2034 5531 2177 5598 (654)
2208 5531 2371 5586 Conf.
2404 5533 2553 5586 Ann.
2585 5531 2836 5586 Hildesh.
2868 5548 2921 5586 a.
2955 5534 3112 5590 1004.

2033 5602 2347 5670 (665)Alias
2362 5604 2663 5665 Troibern,
2686 5602 2976 5658 castellum
3001 5618 3158 5662 nunc
3178 5602 3433 5662 dirutum
3449 5620 3569 5666 non

1964 5674 2211 5757 multum
2227 5674 2615 5745 aThornburg
2625 5672 2875 5730 adfuisse
2890 5674 3572 5802 suspiceneteth

1964 5745 2237 5802 relatione
2266 5748 2325 5802 et
2352 5761 2422 5802 ex
2445 5744 2647 5801 Felleri
2676 5746 2943 5802 menum.
2992 5740 3127 5802 had.
3160 5764 3218 5802 ο.
3251 5748 3335 5802 18.

1959 5744 2237 5803 relatione
2266 5748 2325 5802 et
2352 5761 2422 5802 ex
2445 5740 2647 5801 Felléri
2676 5746 2943 5803 manum.
2972 5740 3127 5805 feed.
3152 5740 3218 5823 'p.
3251 5740 3335 5806 18.
3358 5740 3411 5817 Β

3648 5776 3861 5895 Ἢ
