3954 6180
434 384 574 444 1303

1397 383 1775 442 TBIE’I‘MARI
1831 381 2153 442 EPISCOPI
2201 382 2765 446 IERSEBUGENSIS

3613 396 3739 455 1304

433 504 667 566 favente
693 506 899 581 gratia,
925 506 1160 565 habere.
1185 506 1314 564 Hoc
1340 524 1472 564 cum
1499 525 1737 582 magna,
1756 508 2040 576 utdecuit,
2063 509 2120 569 A
2136 528 2291 585 super
2306 530 2363 569 os
2384 530 2579 580 meum,
2605 514 2869 586 accipiens
2886 514 3047 573 aDeo
3075 515 3519 589 ima/nationem
3540 517 3739 587 spiritus

432 596 756 653 humilitate
769 596 925 652 idem
938 597 1506 670 suscipiens,veniam
1518 601 1837 671 prostratus
1847 598 2038 671 peciit.

433 686 698 741 Delatum
713 690 799 740 est
810 702 1020 757 corpus
1032 687 1449 759 archiepiscopi
1464 687 1536 743 ad
1550 690 1813 743 sanctum
1826 688 2040 743 Johan-

431 791 568 830 nem
588 773 743 846 (656)
764 773 958 848 ibique
976 775 1302 847 proximam
1324 779 1558 831 noctem
1580 775 1769 848 dignis
1786 778 2044 831 servatur

428 862 764 921 honoribus.
802 865 1039 920 Postera
1091 868 1285 920 autem
1340 864 1432 919 die
1482 880 1615 919 cum
1658 864 1732 920 ad
1776 867 2042 920 sanctum

429 956 759 1025 portaretur
784 953 1131 1023 Mauritium,
1146 953 1489 1010 adveniente
1501 957 1637 1009 tunc
1649 954 1866 1009 ibidem
1879 970 2041 1026 rege,

428 1043 502 1098 ab
535 1059 602 1098 eo
636 1044 914 1117 omnique
950 1046 1103 1100 clero
1144 1048 1203 1100 et
1232 1046 1446 1118 populo
1480 1044 1803 1117 suscipitur.
1838 1060 2039 1099 secun-

425 1131 680 1204 damque
721 1136 955 1189 noctem
984 1133 1293 1205 diligenter
1329 1133 1667 1189 custoditur.
1713 1135 1869 1190 Mane
1912 1133 2039 1204 jam

422 1220 598 1283 facto,
632 1221 905 1276 Arnult‘us
944 1223 1243 1295 episcopus
1288 1223 1430 1293 (657)
1463 1223 1529 1289 (ι.
1574 1224 1668 1293 94)
1712 1240 1746 1277 a
1791 1238 1927 1294 rege
1968 1222 2041 1277 ad

423 1310 743 1366 contratres
768 1315 826 1365 et
856 1311 929 1365 ad
960 1311 1171 1367 milites
1196 1320 1267 1354 οη
1294 1312 1610 1368 admodum
1635 1311 1823 1368 tristes
1854 1311 2041 1383 gratia

419 1397 780 1470 Taginonem
808 1399 1061 1470 eligendi
1081 1401 1349 1455 mittitur.
1378 1400 1851 1473 Cuilegationem
1873 1416 2038 1455 suam

419 1486 640 1542 cunctis
662 1486 865 1542 ordine
893 1489 1186 1559 pandendi
1206 1490 1528 1546 Walterdus
1558 1490 1915 1562 respondens
1935 1505 2037 1561 pre

424 1574 723 1631 omnibus:
751 1575 987 1645 Scimus,
1010 1577 1221 1650 inquit,
1251 1580 1382 1651 quid
1396 1586 1562 1636 vester
1575 1580 1753 1634 senior
1773 1579 2033 1634 intendat.

429 1663 709 1731 Volumus,
733 1667 783 1719 si
818 1666 939 1722 licet
965 1666 1103 1735 ﬁeri,
1126 1674 1445 1739 potestatem
1474 1669 1663 1724 habere
1692 1667 1955 1738 eligendi;
1985 1674 2036 1722 et

418 1761 622 1809 cunctis
653 1753 987 1825 presentibus
1018 1756 1099 1810 his
1129 1773 1211 1810 me
1245 1758 1489 1829 quamvis
1531 1758 1813 1828 indignum
1860 1756 2038 1815 volue-

2138 606 2262 670 mei,
2293 610 2353 657 ut
2389 604 2709 675 ubicumque
2755 604 2942 660 ardore
2971 606 3271 676 iuventutis
3296 605 3664 668 incalescente,
3690 608 3742 662 in

2139 693 2352 762 gemina
2380 694 2604 747 caritate
2630 694 2701 747 sis
2739 702 2807 736 ⁸³1
2854 695 3105 764 frigidus,
3171 714 3205 749 a
3250 712 3467 751 summa
3500 702 3745 767 potestate

2141 784 2346 855 meique
2385 782 2733 839 benivolentia
2774 791 3237 855 temperamentum
3295 786 3569 857 accipias,-
3615 793 3666 840 et
3708 788 3748 840 si

2141 873 2272 926 meis
2324 871 2608 926 honoribus
2644 873 2876 941 forsitan
2910 875 3235 945 privaberis,
3280 880 3407 946 post
3457 875 3537 930 bis
3578 878 3751 948 quinos

2139 961 2334 1015 salares
2358 978 2546 1028 annos,
2603 976 2726 1017 cum
2770 979 2885 1017 mea
2933 963 3078 1034 apud
3126 963 3305 1019 Deum
3334 970 3429 1018 tuo
3458 966 3750 1033 commissa,

2140 1049 2434 1119 majoribus
2453 1066 2558 1121 pro
2591 1057 2730 1105 certo
2762 1051 3040 1106 Laetaberis.
3086 1053 3218 1108 Post
3255 1054 3381 1107 haec
3412 1053 3506 1108 vir
3535 1057 3751 1111 sanctum

2140 1154 2274 1193 cum
2301 1138 2480 1194 tinem
2505 1156 2672 1194 suum
2704 1140 2900 1196 adesse
2919 1141 2987 1207 (f.
3017 1145 3104 1213 95)
3133 1141 3192 1197 in
3222 1142 3429 1215 spiritu
3458 1134 3750 1215 presciret,

2131 1227 2305 1297 jussit
2336 1245 2395 1283 se
2420 1228 2477 1283 in
2504 1228 2802 1285 ecclesiam
2829 1233 3063 1302 portare
3082 1238 3184 1298 ἐις
3216 1231 3589 1304 expletisque
3606 1233 3749 1289 abeo

2140 1316 2496 1372 orationibus
2543 1318 2876 1391 caaterisque
2915 1335 3045 1390 quae
3094 1337 3129 1375 a
3166 1320 3445 1375 fratribus
3498 1322 3752 1378 facienda

2139 1409 2326 1473 erant,
2358 1423 2419 1463 se
2464 1422 2595 1460 cum
2635 1407 2743 1463 sibi
2781 1407 3104 1464 commissis
3147 1409 3267 1465 Deo
3309 1410 3750 1477 commendans,

2140 1493 2327 1566 pridie
2358 1496 2647 1550 Kalendas
2678 1496 2937 1552 Octobris
2965 1500 3230 1553 sanctum
3281 1498 3484 1553 emisit
3534 1498 3597 1553 in
3630 1516 3751 1571 pace

2137 1581 2404 1653 spiritum
2435 1586 2552 1651 (an.
2586 1588 2729 1649 994).
2760 1586 2982 1640 Electus
3011 1586 3106 1641 ille
3128 1587 3202 1642 ab
3231 1586 3519 1643 universis
3547 1589 3625 1643 ad
3658 1590 3753 1643 im-

2137 1675 2469 1741 peratorem
2500 1673 2675 1741 venit,
2704 1677 2790 1728 set
2818 1674 3102 1744 promissa
3146 1692 3267 1731 non
3318 1676 3598 1750 percipit,
3631 1679 3750 1734 dato

2136 1754 2276 1807 tunc
2301 1752 2374 1807 ab
2424 1752 2777 1823 imperatore
2817 1752 3150 1825 episcopatu
3198 1757 3508 1827 capellano
3554 1759 3754 1813 suimet

419 1849 546 1896 runt
596 1821 669 1897 ini
694 1857 925 1899 vacuum
963 1821 1269 1913 succedere;
1305 1853 1361 1901 ut
1409 1847 1517 1917 ipsi
1554 1821 1772 1919 potestis
1785 1846 2033 1918 probare.
2064 1821 3172 1899 BGehehardo.Committiturhuiciste
3190 1821 3750 1917 ﬁdeliter,etquam-

416 1931 816 1987 Detrimentum
838 1933 1083 1988 ecclesia:
1112 1933 1234 2003 ﬁeri
1260 1942 1457 1990 nostra:
1484 1935 1713 1991 multum
1750 1952 2035 2003 veremur,-

417 2022 559 2094 quod
600 2039 665 2076 ne
709 2022 931 2077 eveniad
982 2030 1076 2092 οη,
1132 2025 1337 2094 regiam
1382 2027 1638 2096 pie/atem
1695 2042 1756 2079 ac
1809 2016 2037 2082 vestram

406 2111 642 2182 petimus
662 2110 1127 2180 intercessionem.
1165 2113 1294 2171 Non
1340 2132 1518 2170 sumus
1560 2116 1887 2172 immemores
1906 2134 2034 2187 pro-

416 2199 583 2254 verbii
641 2200 922 2271 cujusdam
968 2203 1227 2273 sapientis
1271 2203 1498 2269 (LUCAN.
1551 2221 1632 2271 ιιι,
1714 2207 1811 2260 143
1880 2206 2030 2277 sq.):

415 2287 742 2344 Libertatem
792 2290 1003 2361 populi,
1052 2308 1209 2363 quem
1252 2309 1413 2362 regna
1459 2294 1750 2361 cohercent,
1797 2294 2037 2351 libertate

415 2377 747 2433 dominantis
766 2386 836 2420 οτι
849 2381 1047 2450 perire,
1067 2386 1379 2452 tantumque
1407 2382 1522 2452 ejus
1540 2382 1792 2437 umbram
1809 2386 2033 2452 servari,

415 2466 467 2518 si
521 2468 726 2521 cunctis
770 2467 1005 2537 ejusdem
1047 2467 1175 2524 velit
1220 2470 1575 2540 obtemperare
1603 2475 1888 2543 preceptis.
1940 2473 2036 2528 His

416 2552 605 2622 dictis,
638 2556 828 2627 presu‘.
860 2572 1144 2627 egressus,
1167 2556 1338 2629 regiis
1356 2558 1867 2616 omniainstillavit
1887 2561 2035 2617 auri-

418 2643 544 2699 bus.
582 2642 689 2709 Qui
701 2661 835 2701 mox
854 2646 1214 2718 prepositum
1226 2664 1436 2705 vocans
1450 2649 1815 2723 multumque
1832 2651 1884 2707 ei
1902 2668 2034 2724 pro-

416 2731 831 2803 mittens,etsui
852 2734 1148 2791 licentiam
1160 2753 1225 2792 ac
1247 2737 1643 2793 consotiorum
1664 2739 1722 2794 in
1743 2741 2032 2797 eleccione

416 2821 729 2895 Taginonis
738 2823 988 2897 gratiam
1002 2825 1315 2897 acquisivit.
1338 2826 1654 2883 Confestim
1672 2828 1731 2883 in
1746 2829 2033 2901 majorem

415 2910 889 2968 convenientibus
902 2913 1218 2969 ecclesiam
1234 2915 1581 2983 cunctis,rex
1592 2916 1794 2973 baculo
1809 2919 2031 2974 Arnulfi

416 3002 657 3075 presulis
669 3003 889 3059 clerum
908 3006 967 3059 et
980 3004 1257 3077 populum
1284 3004 1566 3077 Taginoni
1592 3008 1922 3065 venerando
1938 3025 2035 3081 pa-

417 3092 515 3156 tri,
538 3109 669 3148 cum
693 3092 990 3149 redditura
1005 3110 1234 3150 summo
1247 3094 1430 3165 judici
1449 3095 1706 3164 racione,
1723 3098 2032 3154 commisit,

2135 1927 2220 1983 vis
2232 1927 2304 1984 ab
2317 1945 2385 1984 eo
2401 1929 2820 1986 honorabiliter
2829 1930 3369 1998 haberetur,tamen
3385 1933 3527 2006 quia
3538 1935 3748 1990 bonum

2138 2022 2195 2073 et
2207 2018 2428 2074 malum
2442 2035 2561 2074 non
2575 2020 2797 2075 suntad
2810 2019 3332 2093 aliquid(658),non
3344 2023 3601 2095 longum
3617 2026 3751 2080 tem-

2135 2123 2244 2179 pus
2264 2123 2397 2162 cum
2420 2125 2488 2163 eo
2512 2108 2584 2162 ob
2608 2125 2839 2164 morum
2869 2126 3110 2164 suorum
3132 2118 3205 2152 οῦδ
3223 2110 3750 2183 inequalitatemm

2135 2198 2414 2251 versatur.
2447 2196 2685 2253 Adhesit
2714 2215 2968 2270 namque
2997 2198 3127 2253 ilico
3152 2199 3421 2255 Heinrico
3448 2205 3596 2256 tunc
3611 2202 3750 2267 duci,

2136 2288 2196 2340 et
2230 2289 2469 2358 prepter
2493 2287 2815 2342 castitatem
2854 2288 3072 2343 mentis
3084 2291 3143 2344 et
3154 2289 3417 2361 corporis
3429 2290 3487 2346 ei
3504 2293 3749 2364 compla-

2136 2373 2273 2441 cuit,
2308 2390 2375 2429 ac
2406 2390 2584 2446 usque
2618 2377 2692 2431 ad
2722 2377 2869 2432 hanc
2896 2376 3078 2446 diem,
3109 2394 3292 2450 quam
3320 2381 3593 2450 prefatus
3613 2397 3753 2449 sum,

2135 2462 2305 2518 malis
2336 2464 2599 2532 moleste,
2631 2465 2799 2520 bonis
2829 2470 3087 2539 accepte,
3119 2468 3360 2540 perdius
3390 2472 3453 2525 et
3470 2469 3752 2541 pernoxei

2135 2552 2388 2619 servivit,
2406 2556 2519 2609 Deo
2538 2557 2594 2609 et
2609 2554 2943 2612 hominibus
2963 2572 3065 2611 sua
3087 2557 3421 2628 specialiter
3440 2559 3755 2631 inpendere

2134 2644 2427 2713 satagens;
2453 2646 2892 2718 completurque
2912 2653 2984 2688 ⁸8⁸
3016 2646 3091 2701 ob
3121 2647 3235 2702 hoc
3265 2664 3301 2702 a
3325 2664 3495 2719 rege,
3525 2652 3755 2721 propter

2136 2732 2318 2787 sancti
2343 2732 2448 2787 viri
2464 2734 2537 2789 ab
2560 2735 2765 2790 eodem
2791 2720 2959 2791 unice
2981 2736 3183 2792 dilecti
3201 2753 3480 2792 amorem
3500 2746 3598 2805 ηδ,
3618 2720 3743 2794 vere

2135 2820 2330 2876 dicum
2351 2830 2423 2865 οετ
2440 2824 2699 2895 ejusdem
2717 2824 3072 2893 vaticinium,
3095 2825 3355 2881 decursis
3380 2830 3542 2895 tunc,
3572 2828 3661 2881 uti
3669 2844 3758 2900 pse

2133 2916 2384 2972 domnus
2410 2912 2628 2983 Tagino
2651 2914 2952 2985 sepejmihi
2972 2914 3414 2981 retulit,decem
3446 2932 3759 2971 annorum-

2136 3004 2453 3061 curriculis.
2507 3003 2613 3068 Qui
2663 3003 3023 3058 carissimum
3074 3002 3288 3059 suimet
3345 3003 3664 3059 dominum
3698 3020 3755 3058 ac

2138 3093 2405 3166 reginam
2433 3109 2565 3148 cum
2596 3091 2871 3148 omnibus
2899 3091 3182 3147 consociis
3206 3091 3660 3165 multiplicibus,
3702 3094 3760 3147 ut

544 3144 669 3148 η---
693 3144 1430 3165 _-______________-,___-_
1450 3144 2029 3164 __--__._,___.-_._-__,
2138 3144 2405 3166 --εγ----
2439 3144 2565 3148 nm
2602 3144 2794 3148 -____
2812 3144 2863 3147 __
2908 3144 3065 3147 ,ηπ
3207 3144 3659 3165 --,Ἲ--,--τ,
3710 3144 3751 3147 _,

420 3181 787 3254 eundemque
809 3181 868 3237 in
882 3182 1219 3238 cathedram
1252 3182 1642 3255 episcopalem
1668 3185 1789 3257 ipse
1821 3186 2034 3242 consti-
2068 3144 2116 3204 Ο
2138 3181 2351 3249 decuit,
2371 3182 2616 3237 honorat
2639 3180 3000 3248 muneribus,
3018 3196 3401 3253 nequaquam
3418 3199 3543 3237 sua:
3565 3182 3757 3252 benig-

422 3268 533 3325 tuit
557 3270 912 3326 asstantibus
928 3270 1206 3325 universis
1226 3275 1283 3326 et
1316 3279 1388 3314 οτι
1408 3272 1606 3327 laudes
1625 3274 1742 3328 Deo
1783 3274 2037 3329 canenti-

421 3357 546 3412 bus.
581 3358 884 3414 Celebrata
920 3376 1026 3430 pro
1058 3359 1342 3413 defunctis
1375 3360 1737 3432 memoria(f.
1759 3362 2033 3433 94’),cor-

421 3459 529 3517 pus
548 3446 964 3517 archiepiscopi
985 3462 1183 3502 coram
1212 3447 1379 3502 altari
1396 3456 1466 3491 m
1482 3450 1715 3504 australi
1740 3451 2032 3522 sepelitur.

497 3538 563 3589 25
573 3575 583 3587 .
593 3534 705 3589 Sed
719 3538 1033 3606 antequam
1049 3535 1123 3589 ad
1137 3539 1347 3591 nostra:
1360 3535 1510 3592 sedis
1522 3538 2035 3595 renovationemm

425 3621 931 3695 perveniam,libet
941 3623 1210 3694 quaedam
1222 3623 1293 3679 de
1306 3625 1529 3697 prefato
1541 3624 1660 3682 viro
1676 3626 1773 3698 qui
1788 3629 1924 3683 tunc
1940 3645 2035 3685 or-

427 3709 713 3767 dinandus
752 3714 898 3779 erat,
933 3711 1231 3768 disserere.
1265 3714 1391 3769 Fuit
1426 3714 1520 3769 hic
1547 3715 1767 3788 egregii
1799 3717 2038 3773 clericus

425 3798 668 3870 Vulfgan
675 3799 756 3871 gi,
770 3800 869 3872 qui
892 3800 1369 3858 Ratisbonensem
1386 3802 1515 3875 pius
1531 3808 1749 3875 pastor,
1762 3806 1963 3861 habitu
1980 3809 2039 3862 et

427 3888 865 3944 conversatione
885 3890 1225 3954 monachus,
1248 3894 1475 3946 rexerat
1521 3892 1860 3951 mcclesiam.
1899 3894 2037 3950 Huic

430 3981 550 4033 tam
561 3992 725 4032 carus
739 3980 863 4032 erat
874 3976 981 4032 iste
996 3977 1126 4033 utin
1142 3979 1261 4035 vice
1275 3979 1377 4035 ﬁlii
1391 3996 1424 4035 a
1435 3997 1615 4052 puero
1628 3982 1890 4037 nutriens
1904 4000 2040 4039 cun-

430 4066 712 4139 dem,jam
726 4066 985 4122 adultum
1000 4066 1168 4123 bonis
1181 4067 1393 4124 suimet
1405 4068 1676 4126 omnibus
1686 4070 2034 4143 prefecisset.

432 4155 671 4228 Insuper
696 4154 855 4211 ducis
885 4158 945 4210 et
974 4155 1343 4229 imperatoris
1366 4158 1619 4230 gratiam
1651 4160 1709 4214 in
1743 4162 1967 4216 tantum
1988 4162 2038 4217 ei

432 4244 746 4317 acquisivit,
780 4248 840 4299 ut
863 4254 934 4288 οη
960 4245 1006 4301 si
1047 4247 1279 4318 quando
1317 4264 1377 4302 se
1414 4247 1485 4302 de
1525 4248 1633 4304 hac
1676 4250 1800 4305 luce
1850 4250 2041 4307 divina

424 4334 685 4404 jussione
715 4335 1099 4402 subtraheret,
1154 4337 1308 4392 hunc
1348 4336 1451 4391 sibi
1488 4354 1878 4393 successurum
1923 4354 2040 4396 non

2137 3270 2303 3325 nitati
2334 3269 2408 3325 ad
2438 3270 2546 3324 hoc
2575 3269 3035 3341 subpatentibus.

2208 3360 2466 3415 26.1nde
2496 3375 2593 3414 rex
2628 3374 2761 3413 cum
2810 3359 3018 3414 eodem
3062 3358 3135 3413 ad
3186 3360 3496 3415 castellum
3540 3362 3602 3432 (ἰ.
3654 3362 3753 3431 95')

2136 3448 2333 3521 ipsius,
2360 3448 2598 3503 nomine
2636 3447 3003 3504 Givikansten
3025 3455 3117 3514 9³⁸,
3141 3464 3399 3519 pergens
3423 3452 3545 3521 (an.
3574 3452 3744 3521 1004).

2138 3538 2358 3605 omnia,
2410 3553 2538 3609 qua:
2588 3535 2802 3592 ibidem
2835 3537 2909 3592 ab
2950 3535 3188 3592 Gisilero
3222 3537 3488 3594 antistite
3522 3541 3753 3595 collecta

2137 3627 2668 3699 sunt,singulariter
2678 3626 2968 3699 perspicit,
2983 3627 3177 3682 ethaec
3189 3644 3313 3683 esse
3326 3644 3453 3683 esse
3468 3630 3751 3700 superﬂua

2136 3720 2400 3772 testatur.
2424 3715 2642 3771 Dehinc
2680 3716 3011 3785 Merseburg
3040 3716 3140 3770 diu
3169 3719 3403 3788 pastore
3431 3734 3541 3773 suo
3562 3718 3754 3773 vidua-

2136 3808 2261 3860 tam
2291 3804 2699 3861 consolationis
2727 3804 2916 3876 gratia
2940 3804 3160 3869 adiens,
3214 3805 3472 3861 eandem
3504 3804 3752 3877 pristinis

2138 3893 2365 3948 restitui
2390 3891 2707 3948 honoribus
2737 3908 2912 3965 quam
2943 3893 3196 3948 maxime
3219 3897 3491 3949 conatur.
3519 3894 3597 3949 lbi
3624 3897 3751 3947 tunc

2137 3982 2359 4053 Tagino
2389 3981 2754 4037 venerandus
2775 3984 2809 4037 4
2824 3982 3016 4037 Nonas
3036 3982 3359 4045 Februarii,
3392 3982 3453 4037 id
3482 3987 3569 4038 est
3582 3998 3751 4055 yppa-

2140 4070 2302 4141 panti
2350 4069 2601 4137 Domini,
2665 4069 2724 4124 id
2762 4073 2851 4125 est
2883 4070 3220 4127 obviacione
3254 4070 3401 4141 justi
3448 4069 3747 4133 Simeonis,

2140 4163 2375 4232 accepta
2405 4160 2477 4215 ab
2508 4158 2790 4214 Hilderico
2846 4158 3100 4215 antistite
3143 4160 3299 4230 (659)
3348 4160 3607 4229 licentia,
3655 4157 3745 4231 qui

2142 4248 2365 4319 primus
2396 4249 2604 4304 horum
2626 4246 2687 4302 in
2718 4246 2923 4303 ordine
2944 4247 3055 4302 fuit
3102 4249 3490 4317 confratrum,
3519 4268 3553 4304 a
3579 4247 3746 4303 Willi-

2141 4337 2286 4409 giso,
2315 4337 2703 4409 archipresule
2725 4336 3081 4407 Magontino,
3111 4341 3485 4392 consecratus
3510 4340 3743 4409 est,pre-

434 4423 743 4478 dubitaret.
773 4425 1191 4483 Consummato
1224 4428 1359 4481 tunc
1382 4426 1552 4497 hujus
1582 4426 1734 4483 exilii
1765 4445 1929 4484 cursu
1969 4437 2042 4471 979
2067 4439 2120 4500 ι)
2142 4430 2304 4483 sente
2316 4444 2452 4498 rege
2468 4444 2532 4482 ac
2551 4428 2811 4481 Romano
2825 4425 3455 4499 nuncio,omnibusque
3470 4426 3722 4497 coepisco

436 4510 494 4563 in
523 4510 824 4566 sanctitate
846 4513 1196 4581 admirabili,
1238 4514 1582 4571 venerabilis
1618 4515 1856 4572 antistes
1908 4534 2041 4573 cum

439 4616 534 4653 am
562 4616 742 4671 usque
776 4601 849 4655 ad
875 4605 1129 4658 mortem
1172 4606 1441 4676 egrotare
1471 4604 1732 4675 cepisset,
1764 4607 2039 4661 accersito

2143 4516 2227 4586 pis
2250 4516 2323 4571 ad
2346 4516 2465 4570 haec
2492 4514 2835 4569 faventibus.
2869 4515 2933 4569 Et
2961 4516 3097 4587 quia
3125 4514 3191 4581 is,
3216 4518 3278 4569 ut
3308 4515 3589 4587 scriptura
3620 4516 3738 4585 ejus

2153 4608 2409 4671 testatur,
2438 4605 2509 4659 ab
2535 4605 2656 4659 solo
2688 4603 3045 4659 ordinandus
3071 4604 3411 4675 apostolico,
3448 4605 3558 4659 huc
3600 4604 3740 4672 {660)

430 4686 504 4742 ad
524 4704 584 4743 se
607 4687 815 4743 dilecto
836 4688 1133 4762 Taginone
1149 4701 1252 4748 θείη
1280 4692 1451 4759 Pone,
1469 4692 1676 4765 inquit,
1699 4694 1799 4763 ﬁli,
1821 4712 1877 4749 os
1891 4699 2050 4752 tuum
2157 4693 2351 4749 venire
2375 4695 2617 4765 propter
2648 4691 2963 4747 instantem
2995 4692 3401 4748 necessitatem
3425 4710 3543 4748 non
3561 4690 3741 4764 potuit

1760 4868 1993 4924 VARl/E
2034 4867 2433 4925 LECTIONES.

503 4999 574 5034 οτι
610 4989 1013 5048 ministeriales
1042 4995 1095 5049 2.
1127 4994 1198 5052 Α.
1227 4993 1290 5049 S.

1391 5002 1463 5037 απ
1488 5012 1590 5069 nec
1620 4996 1784 5069 (corr.
1816 4998 1911 5067 ne)
1950 4997 2142 5052 veniat
2174 5002 2223 5055 l.

2327 5006 2397 5041 9'“
2430 4997 2743 5053 dominatis
2778 5002 2825 5053 l.
2902 5005 2972 5040 9'“
3004 4996 3129 5051 add.
3171 4997 3253 5054 lb.
3342 5004 3411 5038 ⁸⁷⁸
3450 4997 3621 5050 altare
3652 4998 3732 5050 ίασ

428 5070 511 5142 ⁸⁷⁷·
535 5061 927 5142 renovationis
960 5067 1046 5121 ta.
1079 5080 1105 5118 s
1142 5081 1312 5142 eraso.
1390 5074 1462 5142 978
1492 5061 1640 5123 deest
1665 5073 1712 5142 l.
1790 5077 1860 5111 οπο
1892 5061 1959 5123 in
1994 5073 2041 5142 l_.
2074 5070 2162 5123 hic
2178 5078 2251 5125 est
2281 5087 2465 5125 rasura
2500 5071 2662 5123 trium
2698 5078 2791 5124 aut
2818 5077 3065 5142 quatuor,
3091 5076 3161 5142 et
3194 5078 3321 5139 post
3350 5068 3573 5142 antistes
3619 5072 3736 5142 gelo

428 5135 511 5188 vel
536 5151 723 5191 novem
749 5133 1078 5191 litterarum.

432 5215 502 5280 is:
533 5223 768 5263 suarum
804 5208 889 5280 la.
993 5214 1063 5280 98f
1088 5205 1462 5280 inequalitate
1498 5213 1546 5265 l.

1178 5145 1250 5179 980
1282 5138 1518 5213 tagione
1546 5143 1565 5194 t
1602 5160 1655 5195 α.
1688 5140 1865 5197 littera
1895 5157 1933 5212 g
1955 5140 2175 5213 adrasti,
2207 5158 2374 5213 neque
2403 5147 2667 5198 restituta.

1647 5218 1863 5294 "1‘1""
1896 5211 2038 5294 (ιςίάς.
2062 5211 2144 5294 “lt

2772 5137 2840 5221 “F
2868 5140 2978 5221 add
3008 5144 3051 5221 ,ί
3081 5140 3131 5221 εξ·
3194 5137 3279 5181 “⁰⁸²
3311 5138 3592 5221 ροτιειεῖίμ
3614 5137 3646 5187 ε’

2247 5205 2328 5285 ἒδοί
2342 5213 2559 5285 quippe
2595 5211 2693 5283 qui
2726 5212 2976 5269 nutritor
3006 5212 3180 5282 ipsius
3208 5205 3360 5281 regis
3383 5208 3553 5265 extitit
3602 5205 3730 5261 add.

429 5278 485 5334 2.
519 5295 655 5335 nam
683 5282 743 5337 et
776 5295 834 5334 ιι.
866 5276 906 5334 i.
936 5294 985 5338 r.
1018 5276 1303 5337 fuerat—.4.
1343 5278 1407 5335 S.
1486 5288 1557 5322 987
1582 5276 1903 5339 verdicium
1927 5287 1988 5340 lc
2009 5284 2038 5339 Υ
2110 5291 2180 5326 988
2214 5276 2733 5356 giuilfan'staen'la.

1976 5454 2203 5514 NOTAE.

494 5600 644 5673 (666)
670 5600 1076 5673 ξορεδιθινὶψῐι
1115 5602 1422 5673 Bergense.

497 5600 625 5667 (666
670 5600 1076 5658 Monasterium
1115 5602 1294 5673 Berge

497 5599 650 5811 ἔδει)
679 5669 1294 5755 Ηώθιδειαᾱθῑιδὶεηω

520 5743 625 5796 668
648 5741 714 5811 ΔΙ.
738 5758 785 5800 e.
813 5757 934 5801 non
962 5750 1294 5803 conventum

520 5741 714 5827 688)}.
738 5758 785 5800 e.
813 5757 934 5801 non
962 5743 1333 5803 cbnveniunt.

2209 5610 2297 5671 ((35
2307 5608 2359 5674 9)
2411 5606 2874 5674 Havelbergensi.

2207 5677 2354 5750 (660)
2390 5693 2468 5734 sc.
2499 5676 2871 5750 Magdeburg.
