3954 6180
206 442 329 501 1306

1456 434 1879 496 CHRONICON.
1899 465 1973 480 —
1999 435 2128 494 LIB.
2148 437 2238 494 Vl.

3391 434 3526 496 t306

200 564 406 622 ibidem
428 561 571 619 sacri
591 558 879 617 crismatis
895 559 1260 617 delibucione
1279 560 1521 617 tereium
1542 559 1803 635 implevit
1822 567 1878 628 Α
1902 561 1973 617 Et
2004 561 2389 619 contectalem
2420 561 2630 619 suimet
2660 562 2906 619 defende
2932 560 3187 630 fidelem,

199 670 520 717 numerum,
553 649 885 708 Waltherdo
916 653 1049 723 post
1071 667 1131 706 se
1157 666 1393 705 omnem
1429 650 1801 705 committens

200 742 582 815 episcopatum
603 747 672 781 νῦν
693 733 1001 807 (661).’Βθκ
1022 740 1244 809 autem,
1267 755 1380 811 quo
1413 756 1643 811 semper
1672 730 1801 794 esu-

197 831 321 886 rivit
356 835 527 903 atque
575 826 766 892 sitivit,
810 825 1061 897 justiciee
1114 827 1240 882 cibo
1277 827 1525 900 gestiens
1555 831 1689 884 tunc
1719 844 1802 882 sa-

197 920 346 987 eiari,
360 919 495 992 quia
516 918 678 973 aliter
695 932 814 971 non
838 930 1009 987 posse
1026 915 1152 970 ﬁeri
1175 917 1326 990 apud
1344 917 1655 972 Arnulfum
1673 933 1804 989 pre-

195 1010 368 1064 sulem
406 1007 640 1074 sciebat,
667 1020 798 1060 cum
826 1004 918 1047 989’
941 1007 1175 1059 centum
1202 1006 1539 1062 coneambio
1567 1022 1802 1061 manso-

198 1115 342 1164 rum,
374 1113 547 1169 super
571 1096 750 1151 solum
792 1095 1327 1167 Merseburgensem
1359 1096 1799 1168 burgwardum,

198 1185 573 1259 episcopalem
586 1181 833 1238 redemit
847 1182 1132 1237 bannum.
1144 1182 1426 1255 Quicquid
1439 1188 1633 1240 autem
1655 1202 1690 1240 a
1707 1202 1802 1240 ea-

194 1276 409 1330 rissimo
430 1272 723 1345 Taginone
758 1275 1115 1343 exposcerat,
1150 1273 1319 1328 bonae
1348 1274 1660 1330 voluntatis
1696 1275 1805 1330 ha-

194 1363 504 1422 bundantia
526 1363 633 1419 hoc
654 1361 935 1433 largiente
953 1371 1314 1434 perceperat.
1332 1366 1414 1419 De
1425 1363 1584 1420 Misni
1608 1365 1674 1433 (f.
1711 1364 1802 1436 96)

195 1457 360 1526 atque
385 1452 455 1507 de
483 1450 641 1506 Citiei
663 1449 1086 1522 episcopatibus
1138 1451 1398 1506 decrevit
1437 1452 1600 1524 regia
1637 1455 1805 1525 pote-

196 1544 335 1598 state
368 1540 439 1594 ad
491 1540 784 1610 integrum
826 1538 1040 1606 redire,
1099 1540 1256 1611 quod
1301 1540 1618 1612 antiquitas
1667 1540 1803 1596 hinc

194 1631 487 1700 demptum
511 1627 689 1682 valuit
712 1626 1013 1698 explicare.
1051 1628 1213 1683 Unde
1245 1627 1358 1683 hiis
1384 1629 1638 1684 versibus
1667 1646 1800 1701 pre-

192 1717 323 1773 ludo
355 1713 561 1771 Christi
591 1714 730 1770 odas
758 1714 1195 1771 concinentibus
1226 1724 1298 1758 99°
1328 1732 1342 1770 :

1903 649 2020 705 Hiis
2046 653 2148 704 tua
2172 666 2276 720 pro
2303 653 2491 723 parvis
2514 654 2671 710 bona
2700 655 2964 726 prestans
2979 651 3235 707 maxima
3261 650 3451 707 donis.
3500 640 3505 643 ’

1902 738 2065 794 Vivat
2093 738 2152 794 in
2184 741 2424 797 aetheria
2450 741 2762 815 Taginonis
2791 741 3022 814 spiritus
3051 740 3202 796 aula.

1905 827 2202 882 Waltherd
2236 832 2295 884 et
2319 831 2463 886 Gero
2495 831 2640 903 (663)
2664 832 2894 885 valeant
2923 831 2982 885 in
3013 831 3129 885 ﬁne
3158 828 3331 884 beato
3359 835 3451 883 993.

1902 919 1951 972 Α
1984 917 2208 973 Christo
2240 920 2379 974 salvi
2404 920 2516 976 sint
2544 937 2749 976 omnes
2779 923 2951 992 atque
2981 918 3210 975 locandi

1905 1007 2152 1063 Sedibus
2175 1008 2358 1063 Elisiis
2390 1010 2565 1083 (664),
2591 1013 2669 1077 te,
2702 1009 3017 1081 Mersburg,
3050 1008 3148 1081 qui
3176 1007 3409 1080 pietatis

1906 1097 1970 1168 (f.
2004 1098 2115 1169 96’)
2146 1097 2369 1153 Atl'ectu
2397 1098 2609 1154 dextris
2647 1100 2967 1154 exaltavere
2997 1096 3284 1169 benignis.

1907 1187 2120 1243 Omnia
2145 1186 2242 1259 qui
2273 1186 2494 1259 primus
2523 1189 2699 1260 regis,
2731 1189 2901 1252 Deus,
2931 1190 3103 1260 atque
3125 1200 3453 1256 supremus,

1903 1276 2065 1331 Hanc
2093 1277 2420 1345 moderare,
2451 1280 2551 1332 tuo
2584 1280 2761 1350 queat
2791 1279 2853 1330 ut
2891 1275 3199 1331 subsistere
3239 1290 3402 1329 remo

1904 1365 2039 1435 Ejus
2071 1365 2335 1420 custodes
2364 1368 2464 1420 tua
2487 1365 2603 1421 sint
2632 1367 2910 1437 precenta
2940 1365 3266 1437 sequentes,

1903 1452 2108 1508 Hostes
2147 1454 2227 1508 nil
2254 1455 2500 1521 valeant,
2535 1453 2796 1510 conversi
2827 1453 2926 1507 sed
2954 1454 3111 1507 bona
3138 1449 3408 1506 reddant.

1903 1541 1992 1595 Sis
2025 1557 2169 1613 rogo
2193 1542 2505 1613 propicius,
2542 1542 2640 1614 qui
2666 1542 2995 1597 destructor
3018 1539 3126 1595 fuit
3146 1537 3339 1609 hujus.

1900 1633 2144 1703 Insuper
2169 1635 2226 1685 et
2255 1631 2493 1699 cunctis,
2528 1631 2627 1702 qui
2659 1630 2977 1685 subvenere
3016 1625 3315 1698 malignis,

1902 1721 1988 1775 Da
2020 1719 2270 1787 veniam,
2300 1721 2417 1776 laeti
2448 1736 2563 1792 quo
2595 1721 2861 1792 spectant
2888 1720 3046 1772 certa
3081 1713 3262 1770 futuri
3291 1720 3386 1767 θοι.

1976 1809 2124 1864 Urbs
2154 1806 2578 1864 Wormaeensis
2607 1807 2823 1879 gaudet
2850 1804 3221 1877 temporibus
3249 1800 3370 1857 istis

261 1896 307 1951 Ο
335 1895 416 1950 sol
431 1892 673 1965 justieiee
695 1893 1003 1965 fulgens"!
1030 1909 1201 1965 super
1223 1892 1677 1963 omnia,Christe
1699 1895 1796 1952 πει
1830 1869 1880 1928 Β
1904 1897 2193 1953 Libertate
2223 1915 2344 1966 sua,
2376 1897 2538 1967 cujus
2568 1869 2847 1951 manebat
2875 1895 2935 1950 in
2960 1869 3183 1949 umbra

188 1985 449 2041 Adventu
477 1982 667 2055 primo
693 1982 979 2037 mundum
1010 1982 1424 2054 redimensque
1459 1984 1712 2040 secundo

192 2076 331 2130 Cum
364 2075 525 2144 patre
555 2072 873 2142 plasmator
904 2070 1237 2139 dissolvens,
1270 2072 1638 2128 examinator

191 2164 375 2229 Solus,
406 2177 512 2232 pro
542 2159 714 2216 variis
742 2159 1079 2231 dispensans
1104 2170 1176 2202 θοι
1208 2161 1438 2232 premia
1466 2161 1630 2216 factis

193 2255 453 2308 Humano
483 2248 707 2323 generi,
740 2248 965 2304 sceleris
989 2266 1093 2321 per
1120 2265 1309 2321 prona
1329 2250 1571 2317 labenti,

190 2342 333 2396 Vera
357 2340 498 2404 dies,
538 2340 746 2404 lucem,
773 2341 858 2403 tu,
887 2354 1041 2392 nunc
1069 2337 1396 2393 benedicito
1430 2339 1632 2407 talem,

196 2431 317 2495 Qua
356 2428 481 2501 pius
510 2425 825 2482 ecclesiam
857 2425 1094 2481 visitasti
1127 2426 1533 2498 despoliatam.

188 2518 478 2588 Mersburg
503 2519 560 2570 te
591 2515 804 2582 laudet,
840 2514 911 2569 de
934 2513 1044 2569 tuis
1073 2501 1316 2570 munere
1348 2516 1585 2586 gaudet,

188 2609 325 2679 Ejus
346 2609 404 2661 et
428 2606 571 2673 nati,
603 2607 861 2677 pastores
886 2620 950 2659 ac
978 2603 1240 2659 renovati

189 2696 520 2753 Persolvant
550 2696 743 2766 grates
770 2693 871 2748 tibi
903 2708 1057 2747 nunc
1088 2709 1155 2747 ex
1180 2692 1355 2748 corde
1380 2692 1599 2748 fideles.

186 2784 380 2841 Inclite
392 2799 491 2838 rex
501 2783 909 2855 regum,modo
921 2781 1141 2852 suscipe
1154 2782 1342 2837 fasma
1364 2780 1512 2852 (662)
1541 2785 1798 2839 tuorum.

189 2875 454 2930 Clemens
477 2871 817 2928 Heinrieum
846 2871 917 2927 de
949 2870 1107 2927 caelis
1138 2870 1358 2942 respice
1388 2886 1642 2939 servum,

1902 1986 2389 2058 Ilactenus,atque
2404 1985 2617 2040 dueum
2635 1984 2824 2039 fuerat
2832 1983 2936 2037 sub
2948 1984 3079 2054 lege
3097 1996 3350 2039 suorum
3362 1983 3536 2060 (663).

1905 2075 2199 2130 Burchard
2228 2075 2471 2131 antistes
2500 2074 2727 2127 laetatur
2757 2076 2817 2127 et
2841 2071 2993 2126 inter
3020 2069 3251 2127 heriles

1904 2165 1983 2218 Ex
2008 2163 2206 2219 animo
2241 2178 2527 2236 proceres,
2545 2161 2699 2233 quod
2730 2178 2848 2217 non
2873 2160 3045 2215 timet
3068 2162 3330 2233 amplius
3349 2167 3540 2223 hostes

1903 2252 2066 2307 Nune
2098 2270 2166 2307 ex
2196 2251 2495 2321 eontiguo,
2527 2250 2699 2321 longe
2726 2254 2982 2305 semotus
3006 2249 3081 2304 ab
3113 2247 3245 2307 illo.

1904 2342 2052 2396 Aula
2080 2341 2238 2396 ducis
2271 2337 2497 2394 domini
2524 2338 2727 2393 domus
2763 2338 2997 2409 estjam
3030 2339 3272 2408 preclua
3302 2342 3533 2410 Christi,

1904 2429 1976 2483 Et
1998 2428 2228 2500 judices
2257 2426 2446 2482 varios
2474 2428 2661 2481 clerus
2688 2442 2843 2482 nunc
2876 2426 3158 2499 deprimit
3187 2427 3337 2485 illos.

1907 2518 2023 2573 Hoc
2053 2534 2154 2572 rex
2186 2514 2488 2571 Heinrieus
2518 2514 2677 2582 fecit,
2707 2515 2922 2588 pietate
2957 2530 3229 2572 coruscus
3260 2525 3353 2585 ωδ,

1905 2607 2064 2662 Hane
2092 2603 2349 2679 propriis
2378 2606 2601 2659 solvens
2631 2603 2805 2660 rebus
2839 2604 3179 2678 Christoque
3206 2605 3532 2661 remittens.

1903 2695 2126 2751 Annuit
2150 2694 2263 2749 ista
2288 2692 2415 2763 pius
2445 2695 2578 2749 Otto
2617 2701 2687 2735 99°
2721 2694 2856 2762 dux,
2889 2698 3061 2766 atque
3089 2693 3381 2766 benignus

1903 2784 2138 2839 Munere
2170 2780 2357 2852 regali
2384 2780 2665 2837 concessit
2689 2782 2964 2838 habunde
2994 2783 3181 2838 teneri
3213 2784 3375 2852 (666).

1906 2874 1985 2929 Ex
2014 2874 2124 2929 hoc
2155 2873 2425 2926 laetantes
2453 2869 2567 2925 sint
2597 2887 2829 2943 semper
2857 2871 3071 2945 quique
3101 2872 3299 2927 fideles
3327 2878 3421 2925 ουτ.

1406 2991 1757 3081 LIBER
1813 2992 2286 3081 SEXTUS.

257 3156 307 3207 1.
342 3150 413 3224 (f.
447 3150 538 3223 97)
571 3152 705 3207 Post
737 3150 1101 3207 salutiferum
1154 3151 1519 3206 intemerata
1562 3151 1802 3223 virginis
1834 3158 1881 3216 C
1910 3156 2218 3226 scOpatum
2281 3150 2492 3205 saneta:
2550 3149 3034 3223 Merseburgensis
3088 3148 3359 3206 (ecclesiae
3413 3148 3531 3204 eui-

178 3243 413 3314 partum
438 3244 838 3296 consummata
859 3239 1172 3296 millenarii
1198 3239 1355 3294 linea
1385 3238 1711 3305 numeri,et
1742 3240 1802 3294 in

179 3331 387 3403 quinto
410 3337 482 3372 σοι
497 3329 806 3385 cardinalis
827 3328 1048 3386 ordinis
1066 3330 1192 3383 loco
1208 3329 1323 3399 (an.
1353 3328 1490 3382 1004
1502 3326 1690 3399 Febr.)
1707 3337 1800 3394 999,

178 3421 317 3475 acin
335 3420 599 3489 ejusdem
617 3424 834 3492 quartas
857 3419 1028 3473 inicio
1045 3417 1472 3483 ebdomada’ﬁn
1490 3417 1802 3472 Februario

178 3526 407 3579 mense,
434 3508 531 3582 qui
570 3509 936 3583 purgatorius
966 3507 1194 3573 dicitur,
1244 3507 1463 3561 clarum
1496 3521 1673 3561 mane
1702 3506 1801 3578 (cf.

180 3600 343 3654 PERS.
384 3615 472 3665 ιιι,
510 3601 561 3668 1)
584 3597 767 3653 illuxit
801 3598 1012 3664 seculo,
1042 3599 1101 3650 et
1124 3594 1451 3658 IIeinricus,
1481 3595 1580 3649 Dei
1613 3595 1806 3666 gratia

174 3704 294 3755 rex,
328 3689 766 3743 anteeessorum
798 3702 1005 3740 nevam
1040 3700 1278 3739 suorum
1327 3681 1564 3753 cupiens
1594 3699 1806 3738 emun-

172 3776 317 3830 dare
350 3774 578 3846 sibique
599 3774 828 3830 veniam
860 3772 1184 3845 promereri
1208 3770 1808 3842 mternam,dispositis

169 3864 505 3919 secundum
535 3863 745 3918 suimet
793 3862 1068 3934 placitum
1105 3862 1173 3916 ad
1222 3861 1345 3915 haec
1384 3858 1808 3931 pertinentibus

170 3952 429 4017 cunctis,
448 3953 702 4022 perrexit
727 3953 797 4007 ad
833 3953 1074 4007 domum
1102 3966 1288 4017 suam,
1313 3949 1409 4003 ubi
1441 3966 1500 4003 se
1531 3965 1805 4020 corpora-

170 4043 309 4097 liter
340 4049 447 4083 100°
477 4057 708 4112 semper
733 4041 954 4096 solebat
981 4040 1241 4107 reficere,
1271 4041 1336 4093 ut
1373 4038 1451 4093 ibi
1480 4038 1806 4094 desiderato

168 4131 275 4186 diu
309 4129 600 4185 alimento
623 4130 921 4201 paululum
943 4131 1304 4184 recrearetur
1328 4128 1387 4182 in
1415 4131 1635 4183 mente.
1656 4127 1805 4184 Con-

164 4235 515 4290 vocansque
538 4219 611 4273 ad
640 4236 698 4273 se
728 4234 933 4273 omnes
962 4216 1126 4290 regni
1159 4217 1459 4288 primates,
1496 4216 1655 4272 dedit
1683 4216 1808 4290 epi-

1909 3243 2049 3298 dam
2082 3251 2176 3284 1001
2211 3239 2512 3312 capellano
2557 3238 2787 3305 suimet,
2822 3239 3059 3294 nomine
3091 3247 3186 3283 1°03
3217 3237 3533 3312 Wigberto,

1906 3346 2047 3386 cum
2070 3327 2504 3386 arehiantistitis
2527 3328 2728 3384 baculo
2745 3328 3216 3400 Taginonis,cum
3246 3344 3359 3401 quo
3387 3328 3531 3400 ipse,

1909 3420 2189 3492 quiequid
2210 3420 2541 3473 antecessor
2560 3434 2692 3472 suus
2714 3417 2925 3490 injuste
2940 3417 3011 3472 de
3032 3418 3140 3474 hac
3161 3419 3388 3474 auferre
3407 3434 3535 3490 pre-

1907 3510 2119 3565 sumsit
2141 3506 2418 3574 seeclesia,
2442 3506 2804 3583 renovationi
2827 3507 3089 3579 ejusdem
3116 3508 3381 3563 arridens
3397 3507 3533 3563 red-

1906 3598 2058 3654 didit
2079 3602 2248 3670 (667),
2272 3595 2671 3651 consentiente
2697 3597 2807 3652 hoc
2832 3596 3071 3653 Arnulfo
3107 3598 3354 3669 presule,
3388 3597 3529 3653 Eido

1906 3702 2142 3760 quoque
2165 3690 2225 3743 et
2262 3684 2585 3740 Hilliwardo
2614 3685 2916 3757 episcopis,
2950 3686 3158 3759 quibus
3176 3695 3271 3729 1008
3293 3685 3533 3742 diocesis

1905 3775 2009 3831 illa
2026 3778 2136 3832 fuit
2165 3775 2367 3839 divisa,
2396 3789 2461 3828 ac
2475 3773 2635 3828 omni
2654 3775 2865 3845 populo
2885 3775 3292 3845 applaudante.
3317 3776 3530 3830 Ductus

1906 3879 2047 3920 mox
2064 3880 2197 3919 eum
2220 3861 2414 3917 divina
2424 3860 2771 3931 jubilatione
2789 3861 2862 3917 ad
2881 3862 3078 3916 sedem
3094 3878 3258 3916 suam
3273 3862 3530 3933 Wighar-

1911 3954 2001 4006 tus
2029 3953 2096 4020 (f.
2129 3951 2259 4019 97’),
2288 3949 2496 4004 eodem
2525 3949 2617 4004 die
2638 3950 2711 4004 ab
2734 3949 3161 4021 archiepiscopo
3180 3950 3391 4005 suimet
3418 3949 3525 4004 Ta-

1908 4040 2152 4112 ginone,
2187 4041 2245 4094 et
2272 4055 2307 4093 a
2337 4037 2720 4093 eonfratribus
2750 4036 3010 4092 Hillerieo
3038 4042 3098 4093 et
3117 4035 3360 4109 Wigone
3392 4053 3523 4092 eum

1909 4129 2185 4201 predictis
2209 4125 2559 4199 coepiscopis
2590 4128 2977 4182 consecratur.

1983 4222 2038 4285 2,
2073 4216 2315 4274 Interim
2338 4215 2647 4270 Bolizlavus
2675 4232 2777 4271 suo
2803 4215 2995 4271 furore
3016 4216 3076 4270 et
3099 4213 3329 4270 comitis
3354 4213 3523 4270 Hein-

1505 4340 1740 4394 VARle
1794 4339 2205 4395 LECTIONES.

237 4439 322 4473 ’θ’
364 4430 716 4484 Wathedo—
739 4429 1135 4500 episcopatum
1170 4427 1295 4481 add.
1330 4426 1410 4500 Ib.
1438 4432 1494 4500 et
1521 4446 1585 4481 ιν.
1615 4427 1910 4500 commisit
1941 4433 1992 4500 2.
2031 4430 2099 4484 Α.
2131 4430 2193 4483 S.
2271 4428 2375 4469 σεο*
2407 4427 2532 4500 add.
2565 4429 2648 4500 Ib.
2727 4437 2798 4500 οφ
2825 4433 2875 4483 '2.
2902 4428 2996 4482 hoc
3027 4429 3136 4482 loco
3154 4435 3359 4500 sextum
3389 4431 3524 4483 inci-

151 4505 245 4569 pit
280 4502 515 4581 librum,
540 4503 592 4554 in
612 4502 719 4581 ima
743 4498 1217 4581 magr‘qiiienaddeus
1247 4515 1257 4552 :
1301 4498 1505 4581 Incipit
1535 4501 1679 4581 prol.
1710 4499 1980 4581 libsexti.
2039 4508 2127 4581 3.9}
2153 4500 2238 4580 Ita
2267 4500 2389 4581 sine
2404 4498 2563 4552 dubio
2595 4498 2889 4581 legentium,
2924 4500 3109 4581 fulges
3146 4502 3194 4552 1.
3226 4498 3447 4581 xpriste
3471 4503 3519 4581 1⁵1

156 4583 236 4615 ὐ
287 4572 598 4642 dispensas
649 4575 696 4625 1.
775 4570 1271 4642 ποδίννειιὶιιειᾶ-
1330 4570 1500 4642 beato
1554 4570 1808 4642 adducit).

153 4641 404 4709 manus,
435 4658 549 4714 quae
573 4648 621 4696 et
659 4642 806 4696 hosce
836 4641 967 4695 duos
997 4643 1389 4713 quaterniones,
1422 4641 1619 4695 librum
1751 4641 2063 4714 complexos,
2096 4646 2147 4696 et
2173 4646 2469 4714 sequentem
2491 4656 2586 4695 seu
2643 4649 2779 4714 seuit;
2803 4713 2806 4714 ν
2826 4641 2951 4694 libri
2977 4644 3166 4714 priora

1897 4578 1967 4611 θυι
2024 4570 2138 4626 llic
2176 4573 2231 4623 in
2284 4570 2478 4624 ultima
2505 4572 2875 4640 quaternionis
2897 4572 3102 4640 pagina
3129 4570 3303 4625 media
3333 4571 3527 4627 desinit

1897 4641 2063 4706 ile-ros,
2096 4646 2147 4696 et
2173 4646 2469 4711 sequentem
2491 4656 2586 4695 seu
2643 4649 2779 4696 seem
2826 4641 2951 4694 libri
2977 4644 3166 4711 priora
3219 4641 3355 4711 folia
3407 4649 3522 4696 octo

3249 4649 3355 4695 'otia
3407 4649 3522 4696 octo

150 4716 399 4785 scripsit
440 4711 635 4767 'tractu
685 4714 955 4785 continuo,
1004 4711 1064 4766 ut
1117 4718 1479 4785 atramentum
1522 4713 1769 4785 ostendit.
1820 4712 2105 4783 Sequentes
2136 4711 2450 4785 naturalia
2480 4728 2671 4765 manus
2704 4711 3001 4785 Thietmari
3051 4711 3236 4785 similis
3291 4713 3519 4780 addidit,

141 4782 341 4863 pair—lo
361 4791 508 4863 post,
536 4791 595 4837 ut
619 4783 861 4863 videta;;
893 4784 1128 4863 ultimos;
1154 4785 1387 4863 quinque
1425 4784 1530 4863 ipse
1577 4782 1916 4863 Tliietmariaf
1953 4784 2231 4863 apposuit:
2288 4782 2441 4863 Unde
2483 4788 2719 4863 apparet.
2740 4853 2763 4863 ν
2771 4782 3300 4863 ςνςᾶεείῖηωαὶῑὺηοε
3345 4801 3521 4863 versus

154 4800 341 4856 ραυιο
361 4800 508 4855 pou,
536 4800 820 4848 utvzaem;
844 4800 861 4847 ;
893 4800 1108 4837 animos
1154 4800 1387 4863 quinque
1425 4800 1530 4852 Ipse
1577 4800 1915 4837 [meimaras
1968 4800 2229 4907 aﬁposuu.
2288 4800 2439 4836 unae
2483 4800 2719 4853 apparet.
2780 4800 3027 4837 treaecam
3084 4800 3300 4837 ummos
3345 4801 3521 4838 versus

154 4857 405 4928 reliquis
434 4872 539 4928 esse
576 4856 908 4928 recentiores.
987 4861 1058 4896 ουτ
1090 4854 1330 4928 Exphcnt
1352 4854 1689 4928 prolongus,
1717 4853 1921 4928 lneipit
1949 4853 1989 4928 _li
2034 4869 2097 4928 e_r
2121 4856 2307 4928 sextus
2331 4853 2466 4928 add.
2493 4856 2545 4928 2.
2574 4924 2584 4928 _
2628 4861 2700 4895 "8
2737 4853 2959 4908 Ursinus
2980 4854 3179 4928 aliique
3201 4854 3319 4922 jam
3352 4855 3522 4910 adno-

156 4922 443 4981 tavérunt
497 4926 585 4980 hic
636 4925 916 4993 legendum
937 4941 1078 4979 esse:
1112 4922 1188 4977 in'
1236 4926 1441 4995 quarto
1480 4922 1858 4995 cardinalis...
1914 4923 2171 4995 ejusdem
2204 4922 2420 4994 quintae
2454 4923 2648 4987 inicio,
2680 4931 2739 4977 ut
2792 4933 2905 4980 tum
2941 4942 3004 4978 ex
3033 4922 3141 4995 ipsa
3196 4928 3522 4979 narrationis

154 5001 333 5064 serie,
358 5005 482 5051 tum
513 5014 577 5049 ex
605 4992 868 5050 Heinriei
912 4998 1048 5064 regis
1093 4992 1293 5050 chartis
1327 4993 1483 5059 1004,
1514 4992 1688 5057 Mart.
1718 4999 1747 5048 εἰ
1797 5001 1846 5047 et
1876 4992 1955 5048 6(
1981 4994 2124 5048 datis
2147 4992 2312 5064 patet.

2414 5002 2484 5036 θον
2512 4996 2599 5049 loc
2630 4996 2825 5068 inloco
2855 5012 2976 5050 raso
3005 4996 3082 5051 lb.
3192 5005 3286 5038 100°
3315 5012 3521 5068 corpo-

156 5070 386 5124 raliter
418 5087 472 5123 a.
508 5076 599 5109 i001
633 5077 653 5109 2
680 5068 760 5122 itu
790 5068 857 5122 A.
893 5067 957 5125 J.
990 5065 1299 5120 vocabulum
1324 5067 1380 5119 in
1416 5068 1464 5121 1.
1499 5083 1707 5119 erasum
1738 5065 1974 5136 quidam
2003 5066 2167 5135 fuisse
2195 5064 2423 5121 videtur.
2506 5074 2598 5109 ιοοδ
2632 5066 2757 5122 add.
2797 5068 2880 5124 ib.

1737 5186 1958 5243 ΝΟΤιΕ.

236 5279 417 5351 (661)
454 5280 621 5351 Conl‘.
656 5270 810 5332 intra
840 5279 880 5335 Ι.
909 5295 983 5351 v1.

230 5348 408 5421 (662)
442 5350 494 5405 1.
528 5367 571 5404 e.
608 5365 824 5416 sermo,
856 5366 890 5421 a
918 5348 1124 5421 fando.

232 5418 417 5493 (663)
446 5423 594 5476 Gero
619 5421 829 5474 electus
856 5420 915 5474 in
938 5419 1429 5490 archiepiscorum
1466 5418 1805 5489 Magdebur—

152 5509 431 5564 gensem
465 5510 521 5549 a.
553 5493 695 5564 1012

231 5567 415 5637 (664)
449 5562 681 5619 Sedibus
708 5562 914 5633 Elysiis
962 5579 1028 5617 ex
1079 5561 1289 5617 Lucani
1324 5560 1576 5615 Pharsal.
1621 5561 1663 5614 Ι.
1717 5560 1804 5614 lll.

146 5652 210 5694 γ’
232 5640 416 5780 (ἒὲὲ)
444 5705 703 5761 Plurima
733 5722 766 5760 a
798 5705 1074 5761 Ileinrico
1104 5705 1149 5761 ll
1186 5708 1321 5760 sunt
1349 5702 1647 5777 privilegia
1676 5701 1806 5759 data

1909 5276 2157 5330 ecclesiae
2210 5275 2633 5350 Wormatiensi.
2683 5279 2886 5334 Noster
2938 5278 3183 5350 respexit
3231 5274 3519 5350 imprimis

1906 5351 2262 5419 praeceptum
2290 5348 2447 5419 regis
2475 5364 2509 5402 a
2541 5352 2679 5405 1014
2705 5349 2814 5404 Jul.
2848 5354 2935 5406 29.
2972 5347 3194 5413 datum,
3225 5347 3328 5419 per
3359 5347 3514 5417 quod

1909 5434 2039 5473 eam
2060 5418 2254 5490 versus
2285 5418 2509 5490 iniquas
2534 5421 2809 5475 comitum
2857 5418 3247 5490 impetitiones
3296 5421 3512 5473 tuetur.

1980 5489 2133 5559 (666)
2154 5489 2368 5562 Yidesis
2386 5488 2653 5546 chartam
2686 5491 2835 5562 regis
2866 5508 2898 5544 a
2940 5488 3076 5562 1002
3106 5488 3228 5546 Oet.
3254 5491 3306 5544 3.

1978 5562 2124 5633 (667)
2157 5561 2296 5617 Haec
2321 5561 2617 5633 renovatio
2641 5560 2997 5633 episcopatus
3027 5560 3511 5632 Mersehurgensis

1908 5648 2012 5704 per
2036 5632 2296 5704 chartam
2335 5632 2484 5704 regis
2513 5630 2861 5701 anno—1006,
2901 5630 3062 5688 Mart.
3106 5634 3140 5691 4
3190 5630 3386 5689 datam
3427 5633 3512 5694 est

1910 5702 2144 5761 Sancita.
