3954 6180
207 448 344 506 1209

1482 448 1905 509 CHRONICON.
1934 474 2006 492 α·-
2029 448 2159 506 LIB.
2198 449 2290 507 Vl.

201 568 548 641 ingressum.
569 566 796 623 Verona
815 565 1013 638 primo
1033 569 1283 626 eundem
1315 570 1650 642 suscipiens,
1667 573 1821 628 exul-
1841 578 1894 637 Α
1919 569 2170 626 adauxit.
2200 569 2387 635 Quem
2412 572 2707 629 Vulferam
2736 569 2922 639 miles,
2947 569 3006 628 in
3033 569 3297 628 medium
3327 589 3541 646 agmen

203 660 286 712 tat
303 657 360 712 in
395 656 663 722 Domino,
687 654 990 711 advenisse
1008 657 1372 715 defensorem
1392 660 1817 731 patrias,aucto-

201 762 325 801 rem
353 763 488 802 vero
513 745 690 800 abisse
721 745 900 799 totius
933 747 1348 803 miseriteJluic
1381 756 1689 806 occurrunt
1720 749 1818 805 diu

201 838 502 907 expectato
559 832 912 888 Thiedoldus
957 843 1051 876 ίοιτ
1085 837 1342 892 marchio
1387 855 1518 893 cum
1549 837 1820 910 predictis

202 922 650 990 auxiliatoribus,
678 922 944 992 gaudens
979 927 1207 996 tempus
1233 927 1549 995 advenisse,
1572 944 1685 1000 quo
1725 935 1818 969 ιοιθ

202 1016 489 1066 secretum
519 1009 683 1066 bonae
716 1012 1032 1066 voluntatis
1055 1013 1162 1067 sibi
1187 1013 1386 1070 liceret
1412 1016 1541 1071 huic
1569 1015 1817 1088 aperire.

202 1099 356 1153 Tunc
391 1116 488 1153 rex
518 1099 615 1153 tali
645 1099 926 1155 comitatu
967 1101 1240 1158 Brixnam
1269 1107 1423 1177 \673)
1459 1106 1712 1171 veniens,
1747 1106 1818 1160 ab

204 1187 630 1259 archiepiscopo
657 1189 983 1244 Ravennate
1003 1194 1059 1244 et
1082 1192 1154 1245 ab
1177 1193 1272 1263 huj
1285 1211 1344 1248 us
1356 1195 1507 1250 sedis
1526 1194 1820 1266 provisere

206 1277 585 1331 Ethelberone
633 1285 749 1344 1019,
796 1295 927 1332 cum
986 1279 1433 1350 provincialibus
1485 1283 1818 1354 succipitur.

207 1364 344 1419 Inde
365 1366 728 1434 Pergamam,
753 1367 823 1420 ab
851 1369 1095 1421 Arnulfo
1119 1368 1478 1440 imperatore
1510 1372 1648 1426 olim
1675 1370 1825 1425 devi-

206 1456 358 1507 ctam
376 1452 558 1523 (674),
579 1453 779 1510 itinere
805 1457 1619 1526 attingens,Mediolanensem
1643 1459 1824 1514 archi-

209 1542 497 1613 presulem
524 1542 636 1597 fide
656 1545 1030 1600 sacramentis
1053 1547 1284 1600 ﬁrmata
1299 1547 1682 1618 recepit.Post
1703 1549 1824 1602 haec

207 1631 448 1704 Papiam
474 1635 704 1690 visitans
727 1635 928 1689 urbem
954 1633 1099 1702 (Mai
1123 1636 1160 1704 ),
1181 1636 1252 1688 ab
1275 1635 1696 1691 archiantistite
1717 1637 1826 1690 hoc

207 1724 266 1775 et
295 1738 328 1775 a
353 1723 556 1794 primis
592 1723 738 1777 illius
773 1722 1024 1793 regionis
1053 1727 1368 1795 susceptus,
1401 1740 1534 1778 cum
1566 1724 1827 1779 admira-

204 1809 304 1863 bili
343 1812 512 1867 laude
544 1812 618 1867 ad
648 1811 930 1866 mclesiam
963 1811 1208 1880 ducitur,
1244 1816 1302 1866 et
1341 1813 1644 1868 communi
1678 1814 1824 1868 elec-

217 1898 374 1953 tione
404 1900 740 1955 sublimatus
765 1900 820 1954 in
853 1900 1060 1954 solium
1088 1902 1282 1971 regale
1309 1902 1644 1956 collocatur.

289 1988 681 2060 6.Eademque
699 1988 787 2042 die
803 1989 1228 2060 revelatur,qua
1242 1988 1634 2045 mutabilitate
1656 1991 1826 2045 totius

219 2076 420 2130 mundi
452 2077 620 2148 hujus
661 2076 938 2132 instabilis
986 2094 1181 2132 cursus
1210 2078 1268 2132 in
1300 2095 1556 2150 pronum
1597 2095 1828 2151 semper

216 2165 494 2221 volvatur.
538 2165 794 2237 Namque
824 2165 976 2219 inter
1024 2169 1110 2220 tot
1157 2166 1371 2237 gaudia
1400 2166 1590 2222 subito
1623 2167 1828 2224 insevit

213 2251 446 2307 inimica
485 2253 641 2324 pacis
662 2253 962 2319 discordia,
990 2255 1054 2321 (f.
1093 2258 1210 2321 lOO)
1242 2259 1300 2309 et
1326 2273 1360 2308 a
1390 2257 1684 2326 superﬂua
1712 2257 1827 2311 vini

215 2342 496 2396 ebrietate
524 2343 594 2396 de
626 2342 716 2396 vili
745 2360 913 2397 causa
953 2343 1275 2414 interrupta
1301 2345 1389 2398 est
1417 2344 1829 2401 miserabiliter

217 2428 350 2484 ﬁdei
399 2431 678 2486 connexio
732 2435 788 2485 et
827 2432 1196 2486 sacramenti.
1231 2431 1508 2486 Concives
1555 2435 1828 2489 adversus

212 2519 435 2573 noviter
482 2521 725 2574 electum
776 2537 996 2591 regem,
1044 2524 1370 2586 armantur,
1427 2521 1500 2575 ad
1542 2523 1820 2592 palatium

208 2611 548 2679 properant,
565 2613 621 2662 et
646 2608 892 2663 maxime
916 2608 1016 2674 hii,
1036 2607 1240 2681 quibus
1257 2609 1354 2679 jus
1369 2607 1616 2665 Heinrici
1637 2611 1828 2684 displi-

207 2695 396 2761 cebat,
425 2695 702 2767 Hardwigi
722 2700 916 2751 autem
942 2698 1214 2753 relaxatio
1248 2698 1551 2753 multebat.
1593 2700 1826 2756 Clamor

214 2787 277 2840 ut
305 2803 338 2838 a
365 2801 500 2856 rege
531 2785 842 2851 auditur,et
863 2785 1003 2857 quid
1028 2786 1134 2840 hoc
1157 2789 1324 2852 esset,
1342 2788 1631 2857 explorari
1655 2789 1828 2844 cicius

215 2874 289 2929 ab
319 2891 388 2929 eo
411 2875 672 2945 jubetur.
706 2875 804 2929 Cui
837 2875 1099 2946 protinus
1129 2875 1535 2948 respondetur,
1570 2878 1827 2947 plebeios

219 2972 312 3006 ιοιο
328 2963 524 3018 furore
546 2963 844 3018 subitaneo
866 2964 1260 3018 inﬂammatos
1283 2967 1340 3018 et
1355 2964 1547 3019 servili
1569 2975 1658 3009 10!!
1695 2985 1825 3038 pre-

209 3051 548 3122 sumptione
578 3051 881 3118 animatos,
919 3053 1066 3106 hanc
1084 3051 1540 3108 commotionem
1563 3054 1828 3111 primitus

209 3139 519 3211 incepisse;
548 3143 785 3195 caeteros
821 3157 1049 3212 quoque
1081 3158 1284 3195 omnes
1311 3140 1368 3194 in
1401 3142 1825 3200 detrimentum

1921 657 2225 732 prosiliens
2249 677 2547 734 unumque
2573 678 2640 716 ex
2667 660 2755 716 his
2779 677 2883 734 per
2909 661 3138 733 galeam
3163 677 3344 733 usque
3374 662 3434 718 in
3452 664 3546 734 ju-

1921 749 2123 819 gulum
2177 747 2410 813 feriens,
2441 766 2674 805 securus
2703 749 3029 806 vindicavit.
3064 749 3154 804 Sic
3195 750 3542 808 alternando

1921 835 2177 907 quietem
2203 837 2422 890 cunctis
2444 837 2803 892 umamicam
2816 837 2949 892 belli
2972 846 3066 879 103°
3088 837 3399 908 asperitate
3416 855 3544 894 mu-

1922 924 2146 978 tabant.
2185 925 2501 981 Nonnullos
2531 943 2598 981 ex
2649 925 2930 993 hostibus,
2973 942 3115 998 quos
3145 925 3196 980 vi
3227 926 3540 996 capiebant

1924 1012 2130 1080 nostri,
2152 1013 2306 1068 vivos
2330 1015 2453 1085 regi
2486 1016 2922 1087 presentabant.
2955 1015 3155 1071 Subito
3175 1014 3394 1070 ibidem
3428 1032 3544 1070 una

1923 1103 2301 1173 domus,quee
2335 1105 2560 1157 nostros
2583 1103 2853 1158 tuebatur
2866 1103 3230 1175 defatigatus,
3248 1120 3283 1157 a
3311 1104 3541 1174 Longo-

1923 1190 2123 1245 bardis
2170 1191 2406 1244 incensa
2433 1190 2570 1257 ruit,
2606 1194 2666 1245 at
2713 1206 2811 1244 eos
2842 1192 3001 1245 nulla
3028 1190 3148 1263 spei
3197 1189 3544 1245 certitudine

1925 1278 2150 1349 potitos
2182 1277 2489 1333 alacriores
2514 1278 2665 1333 bello
2682 1278 2955 1334 reddidit.
2981 1279 3214 1334 [nterim
3236 1275 3544 1333 Alemanni

1925 1383 2062 1420 cum
2118 1367 2346 1420 Francis
2398 1371 2457 1420 et
2505 1366 2998 1422 Liuthariensibus
3030 1375 3123 1410 10³⁷
3154 1367 3393 1421 tandem
3423 1365 3545 1419 hinc

1927 1455 2089 1510 mala
2113 1455 2485 1511 rescientibus
2508 1455 2702 1509 fratris
2725 1454 3007 1510 intrantes
3025 1454 3290 1522 muris,in
3316 1456 3545 1507 tantum

1929 1546 2194 1598 concives
2220 1544 2506 1614 persecuti
2547 1547 2701 1610 sunt,
2741 1547 2803 1598 ut
2829 1561 2860 1598 e
2899 1543 3230 1599 municione
3264 1541 3547 1594 domuum

1931 1640 2027 1674 1028
2053 1649 2286 1686 suarum
2318 1649 2424 1688 nec
2456 1650 2604 1687 unus
2635 1633 2834 1703 egredi
2860 1634 3225 1704 presumeret
3256 1627 3546 1698 (011.1004,

1927 1720 2099 1792 Mai).
2124 1722 2336 1775 Harum
2360 1720 2630 1775 sumitate
2652 1721 2732 1774 hii
2762 1725 2991 1776 nostros
3011 1718 3224 1791 jaculis
3246 1720 3550 1788 gravantes

1928 1808 2221 1875 immissis,
2250 1808 2520 1864 incendio
2544 1809 2842 1878 perierunt
2863 1807 3045 1863 illato.
3067 1805 3316 1863 Difﬁcile
3332 1808 3418 1861 est
3431 1805 3549 1862 cui-

1856 1903 1906 1960 B
1929 1914 2106 1968 quam
2126 1898 2199 1952 ad
2221 1897 2638 1963 enarrandum,
2653 1899 2871 1968 quanta
2887 1895 3110 1952 ibidem
3130 1897 3357 1967 strages
3369 1895 3552 1952 diver-

1929 1986 2004 2040 sis
2036 1986 2281 2040 efﬁcitur
2332 1983 2540 2039 modis.
2574 1984 2777 2039 Milites
2811 1984 2964 2055 regis
2992 1987 3125 2038 tum
3160 1982 3406 2041 victores
3434 1985 3556 2044 sine

1931 2075 2046 2128 ulla
2075 2073 2393 2130 offensione
2421 2071 3133 2144 spoliisinteremptorum
3166 2076 3562 2135 utuntur.Hoc

1932 2161 2247 2217 miserabili
2277 2161 2344 2230 (l'.
2384 2161 2504 2223 101)
2534 2163 2797 2231 asspectu
2830 2177 2927 2214 rex
2965 2163 3198 2229 motus,
3231 2167 3290 2220 et
3317 2169 3381 2221 ut
3417 2167 3561 2223 resi-

1931 2252 2058 2306 duis
2089 2251 2400 2324 parcerent
2428 2248 2676 2303 ﬁrmiter
2699 2257 2793 2291 103°
2812 2248 3168 2321 precipiens,
3185 2269 3247 2308 se
3268 2253 3342 2310 ad
3364 2256 3554 2311 muni-

1930 2339 2161 2394 cionem
2205 2336 2388 2392 sancti
2420 2336 2571 2390 Petri
2615 2337 2883 2404 contulit,
2912 2337 3294 2412 hostibusque
3325 2344 3554 2400 veniam

1930 2427 2268 2501 suppliciter
2319 2425 2766 2496 implorantibus
2806 2426 3265 2484 misericorditer
3291 2431 3553 2492 indulsit.

1926 2520 2084 2574 Tunc
2107 2517 2380 2572 absentes
2397 2514 2594 2586 quiqui
2615 2524 2708 2557 ίοθο
2728 2518 2964 2587 accepta
2993 2514 3150 2588 regis
3176 2517 3437 2586 victoria,
3454 2524 3554 2574 aut

1930 2608 2037 2681 ipsi
2064 2606 2329 2669 veniunt,
2355 2607 2416 2657 ut
2445 2604 2582 2658 talia
2613 2605 2992 2673 declinarent,
3025 2608 3126 2660 aut
3155 2607 3386 2663 obsides
3414 2608 3551 2663 mit-

1929 2700 2080 2763 tunt,
2105 2694 2309 2758 ﬁdem,
2335 2693 2607 2748 auxilium
2639 2697 2697 2748 et
2724 2693 3093 2766 subjectionis
3131 2695 3394 2752 debitum
3423 2696 3547 2768 regi

1930 2783 2348 2857 promittentes
2371 2789 2485 2835 10³1.

2004 2880 2055 2928 7.
2082 2873 2312 2929 Sedatis
2333 2875 2471 2926 tunc
2491 2870 2682 2942 Papiae
2702 2871 3147 2939 calamitatibus,
3172 2888 3271 2926 rex
3295 2871 3370 2926 ad
3392 2873 3542 2925 Pon-

1927 2966 2052 3018 tem
2070 2964 2315 3032 longum
2335 2961 2480 3031 (676)
2505 2959 3321 3031 venit,Longobardorumque
3343 2967 3435 3002 1°”
3459 2975 3547 3014 re-

1929 3052 2162 3107 siduum
2188 3065 2402 3120 agnem
2434 3064 2538 3118 per
2562 3064 2772 3102 manus
2799 3048 3051 3121 suscipit;
3083 3048 3404 3119 habitoque
3436 3046 3546 3102 ibi-

1929 3142 2066 3196 dem
2098 3155 2235 3195 cum
2268 3137 2536 3192 omnibus
2566 3137 2895 3208 conloquio,
2935 3138 3222 3210 rebusque
3278 3135 3542 3191 maximis

206 3227 293 3282 sui
323 3230 411 3283 vel
440 3229 685 3283 dedecus
715 3229 1068 3284 convenisse.
1103 3230 1256 3293 Quos
1275 3229 1400 3300 jam
1428 3229 1826 3305 irrumpentes
1846 3222 1894 3281 C
1930 3231 2256 3301 prudenter
2287 3226 2586 3292 ordinatis,
2617 3226 3003 3282 Mediolanum
3033 3224 3378 3281 sanctissimi
3409 3241 3540 3296 pre-

206 3317 560 3384 Heribertus,
591 3317 882 3389 Agripina:
928 3326 1020 3360 1032
1039 3335 1302 3390 provnsor
1325 3319 1595 3390 egregius
1619 3322 1824 3376 sedare

206 3409 470 3474 conatus,
491 3406 559 3460 de
577 3407 829 3460 fenestra
853 3410 914 3460 ut
943 3423 1172 3460 causam
1195 3410 1372 3461 tanta:
1396 3407 1707 3464 invasionis
1734 3411 1820 3465 in-

205 3493 671 3566 quirit,lapidum
695 3495 881 3549 imbre
905 3495 1315 3566 etsagittarum
1332 3495 1620 3550 infusione
1644 3501 1825 3553 retru-

205 3581 388 3637 ditur.
421 3582 702 3638 Palatium
732 3588 927 3638 autem
961 3584 1032 3637 ab
1067 3583 1324 3638 hostibus
1355 3585 1608 3653 graviter
1638 3586 1825 3659 impu-

201 3675 480 3742 gnatum,
511 3689 546 3726 a
573 3671 901 3728 domesticis
938 3681 1031 3714 10³³
1064 3672 1218 3742 regis
1244 3672 1411 3726 facile
1445 3675 1825 3730 numerandis

201 3761 293 3813 est
317 3758 567 3814 viriliter
605 3761 926 3816 defensum.
962 3759 1160 3814 Divisis
1187 3760 1405 3814 etenim
1438 3760 1496 3814 in
1526 3762 1692 3831 plura
1723 3781 1822 3819 ne-

198 3848 460 3902 cessaria
490 3849 715 3914 nostris,
750 3849 938 3918 major
978 3848 1056 3901 vis
1096 3853 1348 3902 excrevit
1379 3848 1652 3906 inimicis.
1684 3853 1828 3908 Tan~

197 3936 341 3991 dem
359 3936 557 3991 audito
573 3938 842 3991 clamoris
856 3937 1127 3991 immensi
1142 3938 1592 4008 strepitu,nostri
1612 3957 1823 4012 grega-

194 4025 304 4079 tim
327 4025 406 4079 ad
424 4040 620 4096 regem
639 4030 977 4098 properant,
995 4027 1301 4098 hostesque
1317 4027 1503 4081 adhuc
1531 4026 1826 4083 insanien-

196 4116 287 4168 tes
321 4115 626 4185 paululum
649 4115 970 4186 expelluut;
998 4115 1097 4169 sed
1125 4114 1470 4170 imminente
1499 4117 1624 4188 jam
1659 4121 1825 4172 nocte

191 4200 437 4271 sagittis
467 4203 638 4273 atque
674 4201 961 4272 lapidibus
1012 4202 1196 4257 obviis
1229 4203 1550 4258 tardantur.
1587 4205 1725 4268 Quae
1753 4205 1825 4260 ad

194 4287 594 4360 providenda,
621 4290 772 4344 urbis
826 4294 960 4344 tunc
1000 4291 1320 4346 incendunt
1366 4293 1602 4347 maznia.
1637 4293 1824 4348 Nostri

190 4379 411 4430 autem
434 4377 530 4447 qui
561 4378 698 4432 foris
723 4383 910 4443 erant,
936 4378 1092 4433 urbis
1112 4381 1550 4450 propugnacula
1580 4383 1644 4451 μ’.
1679 4382 1824 4452 lOO')

191 4464 443 4518 fortiter
459 4466 793 4533 ascendunt,
812 4467 1019 4539 quibus
1033 4467 1112 4521 bii
1133 4467 1212 4521 sic
1233 4468 1440 4522 melius
1457 4470 1817 4524 resistebant.

1927 3321 2068 3374 sulis
2095 3316 2390 3373 Ambrosii
2417 3332 2617 3370 amore
2644 3315 2847 3388 pcciit;
2878 3332 3127 3388 moxque
3151 3316 3225 3372 ad
3249 3318 3416 3389 prata
3445 3324 3542 3359 10³³

1929 3407 2177 3480 predicti
2207 3414 2300 3448 ιοθι
2338 3421 2621 3467 reversus,
2652 3408 2981 3476 presentem
3010 3407 3315 3477 populum,
3347 3405 3417 3460 de
3449 3423 3544 3460 su-

1929 3495 2052 3551 bito
2085 3497 2210 3567 ejus
2241 3497 2700 3564 conquerentem
2758 3493 3026 3560 discessu,
3057 3494 3343 3565 promissa
3369 3495 3539 3550 celeri

1928 3586 2143 3640 suimet
2159 3581 2488 3638 reversione
2501 3581 2819 3655 ceterisque
2836 3583 3327 3639 consolationibus
3349 3584 3544 3640 multis

1930 3673 2180 3744 placavit
2196 3669 2778 3742 pontis.lnsistentem
2794 3675 3169 3727 veroimtunc
3182 3676 3544 3744 pentecostes

1929 3761 2389 3818 sollemnitatem
2427 3759 2582 3826 (Jun.
2606 3762 2659 3826 4)
2691 3760 2921 3826 inloco,
2953 3760 3052 3831 qui
3081 3761 3359 3817 Grommo
3394 3763 3542 3835 (677)

1929 3855 2191 3911 vocatur,
2223 3849 2496 3912 celebrat,
2528 3848 2666 3902 Inde
2699 3853 2820 3902 tum
2852 3848 3196 3918 procedens,
3213 3849 3422 3904 Tuscos
3448 3859 3542 3892 ιοθο

1929 3938 2041 3992 sibi
2067 3937 2368 3993 obviantes
2395 3935 2459 3989 in
2483 3935 2846 3991 consorcium
2877 3935 2984 3989 sibi
3016 3936 3264 3991 firmiter
3289 3937 3539 3992 servien-

1933 4025 2077 4081 tium
2109 4023 2378 4095 suscepit.
2412 4023 2628 4078 Dehinc
2660 4023 2908 4095 patriam
2941 4025 3188 4078 revisere
3239 4023 3538 4091 festinans,

1927 4114 2293 4171 Alemannis:
2325 4113 2488 4177 ﬁnes,
2518 4131 2703 4186 nuper
2733 4133 2767 4169 a
2793 4113 2951 4168 ducis
2977 4123 3069 4157 ιοδτ
3091 4113 3424 4170 Herimanni
3456 4132 3542 4170 so-

1927 4206 2068 4260 latio
2091 4205 2365 4276 privatos,
2381 4203 2613 4274 ﬁlioque
2646 4203 2768 4272 ejus
2788 4205 2846 4258 et
2871 4203 3149 4274 equivoco
3185 4203 3372 4259 adhuc
3389 4219 3533 4276 pue~

1929 4295 2055 4348 rulo
2074 4293 2300 4348 deditos
2316 4290 2381 4358 (f.
2417 4295 2503 4346 101
2518 4291 2549 4359 ’)
2569 4292 2638 4346 ad
2654 4292 2978 4363 regendum
2993 4295 3051 4347 et
3069 4291 3537 4348 conﬁrmandum

1929 4380 2162 4436 invadit.
2182 4379 2322 4434 Inde
2346 4378 2403 4433 in
2423 4379 2643 4434 Alsacia
2656 4380 2903 4452 positam
2920 4384 3123 4452 petens
3134 4383 3538 4452 Argentinam,

1928 4469 2321 4525 venerabilem
2351 4467 2556 4524 Christi
2590 4468 2940 4541 precursoris
2983 4468 3064 4525 ibi
3095 4471 3305 4526 excolit
3334 4469 3538 4526 nativi-

193 4552 287 4606 lbi
321 4554 451 4607 tum
475 4552 710 4624 quidam
741 4555 966 4625 egreius
987 4564 1078 4597 Hm
1097 4555 1694 4626 juvenis,Gisilbertus
1727 4575 1824 4612 no-
1853 4557 1906 4616 D
1932 4561 2132 4613 tatem.
2159 4560 2219 4612 In
2252 4557 2411 4627 cujus
2444 4557 2639 4628 vigilia
2658 4574 2786 4630 qua:
2811 4557 3092 4614 Dominus
3108 4575 3214 4630 per
3235 4577 3371 4616 eum
3400 4559 3537 4616 fecit

191 4639 398 4705 mine,
417 4640 598 4695 frater
626 4643 911 4714 reginae,a
944 4643 1342 4713 Longobardis
1370 4646 1703 4700 vulneratus
1724 4662 1825 4716 op-

189 4728 386 4799 peciit
407 4729 580 4799 (675),
606 4733 664 4783 et
687 4731 1090 4786 consociorum
1122 4731 1418 4787 tristiciam
1452 4734 1830 4789 vehementer

1932 4646 2237 4712 mirabilia,
2259 4662 2374 4699 non
2406 4650 2538 4700 sunt
2569 4646 2706 4701 mihi
2734 4647 3142 4718 pretereunda,
3160 4648 3261 4722 qui
3279 4649 3402 4704 hinc
3431 4648 3542 4720 piis

1930 4735 2003 4788 ad
2037 4733 2512 4802 delectacionem,
2531 4734 2792 4807 reprobis
2815 4737 3007 4791 autem
3040 4737 3310 4792 dicuntur
3332 4738 3407 4793 ad
3424 4741 3536 4793 ter-

1529 4851 1764 4906 VARI/E
1819 4852 2107 4907 LECTION
2115 4853 2215 4906 ES.

275 4951 390 5021 “ut
419 4943 751 5021 'l‘hiadolfus
783 4947 852 5000 Α.
884 4947 944 5000 S.
973 4946 1300 5021 T_l_1iedolfus
1338 4965 1453 5001 eum
1492 4951 1706 5021 pacavit
1726 4951 1846 5006 cod.
1877 4953 1910 5004 2
1964 4967 2128 5021 supra
2178 4952 2214 5004 Ι.
2255 4951 2318 5008 V.
2368 4969 2413 5006 c.
2477 4954 2559 5010 16.

188 5023 298 5058 1020

189 5166 296 5199 i0”
333 5157 606 5210 ﬁrmater
642 5160 722 5210 la.
806 5167 898 5199 ιο³ο

190 5237 294 5270 που
331 5227 503 5297 pont'
539 5231 586 5280 1,
701 5237 790 5268 1035
838 5227 1044 5297 (ιάιίᾙ.

198 5299 408 5353 Vitam
437 5298 499 5352 S.
537 5297 807 5352 Heinr-iri.
889 5297 988 5340 1037
1013 5318 1068 5354 n.
1099 5300 1334 5354 adducis
1367 5305 1450 5356 la.

291 5505 435 5566 673)
469 5500 712 5556 Brescia.

291 5575 433 5648 67_4_)
465 5573 528 5626 V.
561 5574 770 5648 Annal.
806 5574 964 5630 Fuld.
997 5577 1055 5630 et
1084 5573 1396 5648 lteginonis
1442 5575 1733 5647 Chronic.,
1767 5595 1822 5635 a.

169 5644 330 5709 804,
366 5645 610 5715 Liutpna
640 5644 694 5700 d.
727 5647 769 5704 l.
802 5649 893 5701 23.

258 5719 433 5786 (675)
467 5715 714 5788 Kalend.
737 5715 1085 5788 Merseburg.
1104 5733 1174 5788 xv
1194 5719 1324 5776 Kal.
1351 5719 1482 5776 Jun.
1511 5719 1826 5778 Gz'silbertus

173 5788 390 5855 frater
415 5783 608 5856 regine
645 5783 1211 5859 Chum'gundefobiit.
1241 5788 1372 5846 Maii
1402 5791 1592 5848 15.35.
1622 5801 1823 5867 regem

1147 5239 1240 5282 im
1287 5231 1656 5286 induntuscos
1713 5231 1808 5288 1ὺῖ
1836 5236 1895 5288 in
1929 5235 2244 5290 Duntuscos
2274 5237 2326 5291 2.
2364 5234 2421 5290 in
2448 5231 2657 5291 Tuscos
2700 5238 2768 5294 Α.

2666 4961 2758 5024 iota
2785 4957 2976 5024 quat.
3083 4961 3178 4996 ίοιο
3229 4955 3356 5009 add.
3427 4957 3538 5012 111.0

329 5015 596 5098 plebeios
757 5017 1080 5098 Wffservile
1124 5022 1189 5098 la
1234 5093 1242 5098 _
1289 5019 1562 5098 10!2_sc_d_is
1599 5021 1821 5098 (1111.2.
1903 5029 1995 5098 {023
2020 5015 2302 5098 domestis
2337 5025 2356 5074 1
2441 5031 2534 5063 10M
2566 5023 2757 5098 egrius
2790 5015 2872 5080 [ὁ.
2952 5032 3044 5067 10³⁵
3069 5025 3308 5098 cunctis
3366 5030 3537 5086 1.ι⁰².

192 5090 291 5170 ire;
315 5085 386 5170 [ρ
417 5086 611 5170 Martis
689 5089 962 5170 pra-liiA.
1095 5088 1346 5158 quietem
1389 5090 1522 5170 belli
1550 5092 1783 5170 eunetis
1813 5094 2064 5170 amicum
2095 5093 2238 5170 (?)_a.
2278 5096 2361 5146 la.

977 5164 1144 5234 uique
1176 5176 1313 5234 corr.
1341 5164 1501 5234 quiqi
1544 5165 1591 5214 1.
1671 5170 1761 5234 10⁸1
1791 5164 2140 5234 promittens
2171 5168 2216 5218 l.

2466 5101 2558 5134 1°27
2588 5094 2906 5149 i’erasuml.
3016 5106 3108 5138 ὀη
3152 5096 3417 5151 domium
3469 5101 3531 5150 la

2299 5171 2393 5236 i083
2425 5164 2930 5236 lgngobarumque
2977 5172 3026 5222 l.
3054 5176 3146 5210 ποθι
3186 5170 3413 5236 ρι-ειιεγιη
3449 5171 3534 5224 la.

2843 5235 2858 5294 ἶ
2894 5237 3045 5295 Cani.
3079 5235 3242 5293 etiam
3271 5235 3534 5292 Adelbold

1792 5410 2016 5466 NOTAE.

1925 5509 2127 5583 Papias
2147 5510 2428 5583 deguisse,
2460 5512 2719 5583 ejusdem
2751 5512 2963 5583 charta
2997 5510 3226 5566 docent.

1995 5581 2135 5661 (676)
2163 5581 2329 5664 Forte
2348 5581 2642 5665 .oppidum
2673 5583 2890 5654 Sponte
2919 5581 2978 5636 in
3005 5597 3146 5656 agro
3180 5583 3526 5648 Novaresire,

1923 5653 2231 5726 Papieque
2255 5653 2461 5726 vicino.
2500 5656 2632 5710 Uas.

1997 5711 2155 5797 (.677).
2176 5724 2341 5780 Urbis
2371 5725 2598 5792 Crema,
2628 5727 2688 5780 ut
2713 5722 2956 5781 videtur.
2983 5711 2994 5727 ’
