3954 6180
421 432 557 493 1327

1391 414 1764 481 mmmam
1790 404 2406 479 MERSEBURGENSIS
2444 418 2756 479 EPISCOPI

3599 432 3620 485 ¹Ι
3630 428 3739 488 328

417 551 857 617 contrarietatis,
884 550 995 604 hoc
1020 547 1288 603 stimulus
1317 545 1508 602 effecit
1533 524 1838 601 immensae
1869 542 2027 598 inflr-
2046 549 2103 607 Α
2126 542 2383 616 precepit
2411 542 2556 598 fieri.
2586 545 2713 599 lam
2742 560 2876 600 vero
2908 547 3028 600 tum
3056 544 3433 618 quorundam
3458 547 3741 605 instinctu

419 642 654 699 mitatis.
685 638 1077 694 Predicatione
1109 636 1337 692 assidua
1395 627 1733 690 commissos
1786 650 1821 688 a
1878 648 2028 687 vana

417 728 821 801 superstitione
851 725 1062 781 erroris
1120 724 1367 792 reduxit,
1419 724 1728 794 lucumque
1757 720 2027 775 Zutibure

419 824 515 860 117°
546 815 783 881 dictum,
817 813 890 868 ab
922 811 1128 868 accolis
1160 816 1223 866 ut
1256 813 1436 867 Deum
1463 810 1524 865 in
1550 810 1823 865 omnibus
1844 809 2028 863 hono-

418 909 613 961 ratum
646 908 704 958 et
731 902 801 957 ab
828 919 948 957 aevo
980 900 1221 973 antiquo
1249 915 1574 972 numquam
1604 898 1904 965 violatum,
1931 913 2029 951 ra-

419 993 625 1050 dicitus
650 1008 882 1059 eruens,
915 993 1112 1045 sancto
1138 988 1364 1044 martiri
1390 989 1655 1043 Romano
1678 986 1736 1041 in
1766 1002 1834 1041 eo
1849 985 2029 1040 eccle-

420 1082 567 1138 siam
597 1079 946 1147 construxit;
988 1081 1201 1149 praater
1229 1078 1380 1132 hanc
1410 1075 1645 1131 tertiam
1677 1078 1735 1130 et
1760 1076 2029 1146 quartam

419 1172 480 1227 in
499 1169 893 1243 Magadaburg
937 1167 1262 1239 multasque
1293 1166 1432 1221 alias
1481 1165 1602 1236 ipse
1633 1162 1936 1220 dedicavit.
1970 1162 2027 1217 Si

418 1259 558 1332 quid
585 1259 645 1314 in
676 1274 813 1313 eum
836 1255 1059 1310 varium
1086 1256 1289 1327 vulgus
1321 1257 1379 1309 et
1409 1270 1542 1325 sepe
1577 1251 1867 1307 mentiens
1894 1267 2031 1322 gar-

415 1347 569 1415 rivit,
602 1346 771 1402 bonis
801 1343 1145 1399 incredibile
1172 1343 1309 1398 satis
1345 1358 1467 1397 esse
1495 1341 1836 1412 persuadeo.
1872 1338 2030 1394 Multi

417 1434 600 1503 enim,
627 1450 761 1489 cum
781 1433 924 1487 alios
950 1432 1205 1504 culpant,
1229 1431 1521 1502 ignorant,
1546 1428 1825 1501 quoniam
1853 1443 2028 1482 nemo

415 1524 539 1578 sine
566 1521 810 1576 crimine
840 1519 975 1573 vivit
1003 1518 1194 1591 (Caro.
1226 1518 1352 1572 dist.
1378 1536 1417 1585 ι,
1451 1519 1529 1588 5).
1560 1516 1657 1570 Hic
1684 1514 2031 1570 venerabilis

416 1611 505 1665 vir
535 1610 790 1682 quinque
820 1624 1004 1662 annos
1033 1607 1093 1661 in
1121 1606 1455 1678 episcopatu
1501 1610 1559 1659 et
1588 1620 1683 1658 sex
1710 1602 2032 1657 hebdoma-

417 1698 520 1753 das
542 1702 602 1753 et
630 1698 751 1752 dies
779 1695 1036 1768 quinque
1095 1694 1243 1748 sedit
1296 1692 1567 1748 ﬂebiliter
1619 1707 1752 1763 sepe
1795 1694 2031 1764 peracta

414 1785 799 1852 confessione,
833 1787 891 1837 et
915 1783 988 1837 ab
1016 1782 1298 1855 episcopis
1319 1782 1558 1853 Wigone
1581 1783 1720 1851 (726)
1747 1783 1806 1833 et
1824 1778 2025 1833 Herico

2127 635 2389 687 mentem
2415 648 2578 687 suam
2610 649 2644 687 a
2674 650 2767 688 me
2799 634 2873 689 ad
2904 634 3151 690 meliora
3180 637 3601 705 convertebat;
3643 655 3745 694 vo-

2128 720 2233 775 luit
2257 720 2414 775 enim
2443 721 2748 793 Ethelgero
2772 722 2999 778 cuidam
3031 723 3182 778 bene
3208 724 3422 780 merito
3449 725 3745 782 honorem

2126 809 2282 864 hunc
2302 808 2665 881 impendere.
2709 807 2874 873 Quod
2900 827 3033 866 cum
3063 810 3216 884 regis
3240 812 3551 869 familiaris
3577 815 3749 885 Tagi-

2128 914 2205 952 no
2238 898 2493 965 resciret,
2525 914 2898 970 summopere
2918 900 3175 969 rennuit,
3224 904 3283 956 et
3337 917 3476 957 cum
3511 902 3741 957 assidua

2128 986 2544 1057 supplicatione
2575 1002 2647 1041 eo
2676 1003 2771 1041 me
2819 987 2876 1059 (f.
2916 992 3043 1061 ns)
3071 1005 3205 1044 cum
3239 996 3333 1032 im
3365 990 3560 1061 gratia
3590 991 3753 1061 regis

2129 1090 2235 1145 per
2262 1074 2541 1130 Gezonem
2567 1075 2922 1147 prepositum
2954 1078 3197 1133 vocavit.
3230 1078 3404 1133 Venit
3421 1078 3519 1133 ille
3541 1079 3619 1134 ad
3652 1095 3753 1133 me

2130 1162 2203 1218 ad
2231 1166 2455 1218 curtem
2488 1180 2706 1232 meam,
2735 1181 2861 1237 quae
2891 1166 3283 1222 Retmerslevo
3304 1166 3556 1235 dicitur;
3589 1170 3653 1221 et
3679 1183 3756 1223 ea

2131 1254 2300 1305 nocte
2357 1250 2470 1306 vidi
2528 1251 2803 1307 baculum
2866 1252 3255 1325 episcopalem
3306 1255 3477 1325 juxta
3527 1255 3757 1310 lectum

2130 1353 2329 1394 meum
2359 1343 2634 1408 stantem,
2671 1340 3145 1413 et'interrogavit
3175 1359 3270 1397 me
3302 1360 3473 1411 unus,
3504 1343 3754 1399 dicens:

2137 1426 2237 1482 Vis
2265 1428 2554 1483 ecclesiam
2581 1432 2844 1500 suscipere
2865 1428 3396 1502 Merseburhgensem
3415 1433 3445 1484 ?
3488 1431 3555 1487 Et
3583 1448 3701 1504 ego
3738 1449 3756 1488 :

2126 1514 2196 1571 Si
2219 1517 2368 1572 Deus
2396 1518 2528 1585 vult,
2558 1517 2828 1589 inquam,
2855 1525 2903 1572 et
2931 1520 3029 1590 qui
3042 1519 3207 1589 jubet
3236 1521 3436 1587 venire,
3486 1520 3759 1575 archica-

2128 1605 2288 1659 tistes.
2336 1606 2435 1660 Ille
2490 1609 2687 1660 autem
2738 1609 3156 1678 prosequutus:
3194 1606 3357 1673 Cave,
3406 1608 3563 1675 inllt,
3619 1611 3759 1681 quia

2127 1693 2453 1765 quicumque
2506 1701 2689 1748 sancto
2720 1694 2984 1748 cerebrum
3012 1702 3185 1750 movet
3214 1695 3531 1764 Laurentio,
3562 1700 3763 1754 statim

2125 1782 2354 1837 insanit.
2390 1781 2491 1836 Cui
2535 1798 2671 1836 mox
2721 1782 2994 1852 respondi
3025 1802 3039 1837 :
3070 1783 3315 1838 Tueatur
3342 1802 3428 1839 me
3450 1789 3628 1840 custos
3653 1786 3765 1841 ho-

412 1876 553 1948 (727)
585 1875 646 1930 in
679 1871 953 1929 extremis
986 1887 1121 1925 eum
1148 1870 1510 1925 visitantibus
1532 1871 1807 1940 percepta
1824 1866 2027 1921 remis-
2052 1871 2104 1931 B
2126 1871 2335 1924 minam
2367 1869 2625 1937 Christus,
2642 1888 2710 1925 ne
2738 1873 2795 1924 in
2814 1871 2908 1925 hoc
2938 1871 3023 1925 vel
3047 1873 3104 1926 in
3129 1873 3310 1945 aliqua
3340 1873 3618 1945 offendam
3630 1891 3762 1927 ma-

410 1962 594 2032 sione,
624 1979 781 2018 nono
814 1961 941 2016 Kal.
975 1959 1188 2031 Aprilis
1217 1959 1364 2013 feria
1391 1957 1565 2012 tertia
1595 1961 1748 2023 (ann.
1777 1955 1937 2028 1009)
1962 1954 2023 2009 in
2111 1959 2366 2029 jestatem
2390 1960 2652 2028 divinam,
2683 1967 3088 2033 sanctorumque
3132 1964 3557 2020 intercessionem
3589 1980 3763 2019 aver-

405 2051 739 2123 Merseburg
768 2050 838 2105 de
864 2049 972 2104 hac
1002 2049 1128 2103 luce
1170 2047 1245 2103 ad
1268 2045 1580 2108 Christum,
1614 2048 1676 2098 ut
1705 2059 1897 2113 spero,
1936 2042 2021 2097 fe-

405 2140 486 2196 lix
514 2139 786 2212 migravit
815 2137 989 2211 (728).
1024 2137 1291 2210 Sepultus
1319 2138 1423 2203 est,
1457 2134 1552 2188 ubi
1576 2136 1583 2139 ’
1606 2149 1752 2188 unus
1809 2133 2020 2186 electo-

403 2246 540 2286 rum
571 2227 799 2292 Christi.
837 2226 951 2282 dux
977 2226 1101 2297 ejus
1132 2225 1272 2280 dum
1316 2223 1452 2278 vixit
1491 2226 1550 2276 et
1578 2221 1783 2289 socius,
1809 2235 1914 2292 per
1938 2218 2019 2273 vi-

407 2334 537 2374 sum
566 2316 673 2372 sibi
705 2315 863 2387 prius
893 2312 1259 2371 monstravit.

479 2411 546 2460 27
557 2404 714 2461 .Huic
730 2402 1004 2474 equidem
1017 2399 1252 2473 ego,qui
1265 2400 1387 2455 haec
1400 2395 1887 2468 scribo,indignus
1899 2410 2020 2449 suc-

407 2494 614 2550 cedere
654 2509 689 2547 a
725 2492 821 2563 pio
844 2492 1075 2561 pastore
1106 2488 1405 2559 Taginone
1429 2495 1521 2556 1,177
1553 2484 2015 2557 predestinabar.

404 2582 606 2637 Natale
618 2580 851 2636 Domini
871 2583 1026 2646 (7:9)
1060 2578 1119 2632 in
1146 2576 1354 2631 Palithi
1386 2583 1479 2618 H78
1504 2574 1833 2630 celebrante
1854 2588 2015 2644 rege,

406 2687 541 2727 cum
552 2669 839 2724 simmista
863 2674 956 2709 117°
970 2682 1072 2721 suo
1090 2664 1388 2735 Taginone
1409 2668 1562 2731 (730)
1584 2663 1710 2734 ipse
1731 2661 2015 2730 tractavit,

404 2759 653 2834 qualiter
683 2761 811 2828 post
843 2758 1099 2810 mortem
1132 2752 1413 2825 Wigberti
1435 2751 1677 2825 presulis
1696 2749 2016 2806 Mersebur-

404 2863 646 2922 gensem
661 2845 960 2900 ecclesiam
974 2844 1131 2899 bono
1151 2840 1433 2914 provisori
1447 2837 2017 2896 commendaret.Cui

402 2937 500 2994 ille
521 2936 711 3008 inquit
732 2951 747 2989 :
769 2932 869 2989 Est
900 2935 958 2987 in
991 2948 1105 2987 meo
1134 2932 1452 2986 monasterio
1472 2929 1693 3002 quidam
1715 2929 1891 2999 frater
1920 2943 2015 2982 no-

402 3029 549 3082 mine
575 3024 934 3092 Thietmarus,
967 3037 1121 3093 quem
1144 3035 1239 3076 vos
1267 3020 1368 3101 ipsi
1394 3026 1490 3061 11⁸0
1504 3018 1629 3072 bene
1647 3017 1843 3083 nostis;
1874 3016 2019 3071 hunc

400 3132 494 3172 suo
504 3114 661 3170 modo
675 3111 972 3185 prudenter
986 3109 1347 3180 disponentem
1368 3107 1442 3163 ad
1461 3108 1576 3173 hoc,
1598 3105 1864 3175 largiente
1878 3103 2014 3170 Deo,

2126 2054 2257 2102 tam.
2292 2048 2557 2121 Cumque
2588 2048 2948 2121 evigilarem,
2977 2051 3247 2123 obstupui
3299 2060 3421 2119 1m,
3483 2055 3544 2107 et
3568 2053 3761 2122 proti-

2123 2151 2232 2190 nus
2263 2136 2524 2204 exiliens,
2552 2136 2679 2209 jam
2709 2138 2931 2192 clarum
2985 2137 3143 2194 diem
3199 2139 3486 2196 fenestras
3512 2140 3760 2196 intrare

2122 2224 2238 2279 vidi
2264 2224 2450 2286 (Pass.
2471 2224 2594 2281 Sat.
2628 2242 2709 2291 ιιι,
2747 2226 2827 2298 l);
2852 2230 2909 2280 et
2933 2243 3064 2281 ecce
3095 2226 3164 2294 is,
3209 2228 3283 2283 de
3312 2245 3430 2300 quo
3454 2245 3616 2283 nunc
3656 2229 3761 2284 di-

2122 2311 2353 2380 cebam,
2377 2311 2719 2379 intravit,‘et
2741 2313 2985 2368 ostensis
3029 2313 3173 2368 mihi
3200 2313 3428 2370 duabus
3450 2314 3752 2386 epistolis,

2120 2400 2182 2456 in
2211 2402 2450 2457 sabbato
2491 2404 2688 2457 sancto
2737 2401 2937 2473 (April.
2966 2405 3054 2474 10)
3086 2403 3164 2458 ad
3212 2406 3616 2475 Augustanam
3652 2423 3759 2461 ur-

2117 2488 2255 2544 bem
2286 2506 2381 2543 me
2433 2490 2657 2560 rogavit
2704 2492 2764 2544 et
2794 2498 2886 2532 Im
2915 2491 3179 2564 precepit
3228 2491 3449 2550 venire.
3480 2492 3628 2548 Veni
3673 2495 3756 2550 ad

2118 2577 2619 2651 Parthenopolim,
2653 2580 2711 2633 et
2754 2578 2816 2632 in
2854 2578 2945 2633 die
2976 2581 3309 2652 palmarum
3342 2596 3473 2635 cum
3498 2580 3756 2638 licentia

2116 2666 2396 2738 prepositi
2428 2682 2493 2721 ac
2522 2666 2880 2721 confratrum
2909 2668 3043 2723 inde
3064 2669 3429 2740 profectus,3
3449 2670 3759 2743 feriapost

2115 2755 2603 2810 resurrectionem
2634 2755 3002 2811 Dominicam
3036 2756 3241 2827 (April.
3273 2762 3361 2823 ιθ)
3392 2759 3521 2814 loca
3552 2759 3755 2815 attin-

2116 2842 2330 2914 gebam
2359 2842 2777 2915 predestinata,
2822 2848 2881 2899 et
2922 2844 2995 2900 ab
3026 2846 3487 2918 archiepiscopo,
3519 2863 3750 2919 quam-

2117 2930 2198 2985 vis
2226 2931 2397 2999 irato,
2431 2931 2587 3004 quod
2617 2931 2695 2987 sic
2746 2933 2910 2988 tarde
2958 2933 3246 3003 venirem,
3279 2934 3759 2993 misericorditer

2116 3023 2411 3092 susceptus
2441 3036 2590 3076 sum.
2624 3022 2861 3076 Postera
2912 3021 3002 3078 die
3032 3027 3289 3091 vocatus,
3324 3025 3755 3096 interrogabat

2117 3108 2190 3163 ab
2221 3124 2290 3163 eo
2316 3112 2477 3181 jussu
2507 3109 2681 3181 regis,
2708 3109 2753 3164 si
2785 3111 2977 3182 aliqua
3006 3114 3174 3182 parte
3211 3112 3560 3168 hereditatis
3588 3131 3753 3171 mea:

400 3220 553 3276 spero
575 3199 934 3256 idoneum.Ad
947 3199 1069 3253 haec
1081 3196 1353 3252 rexinﬁt:
1376 3194 1605 3250 Utinam
1620 3194 1757 3246 hanc
1773 3191 2019 3247 voluisset
2038 3195 2085 3253 C
2118 3198 2386 3253 eclesiam
2414 3198 2621 3252 vellem
2650 3199 2922 3270 adjuvare
2959 3216 3181 3255 meam.
3220 3200 3322 3256 Cui
3347 3202 3485 3257 talia
3512 3203 3751 3259 refere-

401 3292 781 3365 suscipere,qui
790 3306 873 3343 me
880 3288 1158 3358 fautorem
1176 3285 1528 3339 certissimum
1546 3282 1617 3336 ad
1632 3280 1908 3352 ea,quibus
1932 3282 2016 3335 in-

403 3383 630 3452 digeret,
661 3396 767 3432 non
790 3378 1058 3431 dubitaret
1074 3373 1481 3444 habere.Nepos
1507 3388 1674 3426 meus
1687 3367 2020 3424 Thidericus

406 3469 537 3524 ilico
568 3469 643 3523 ad
674 3483 767 3520 me
799 3464 1067 3529 mittitur,
1101 3462 1198 3534 qui
1226 3463 1354 3516 haec
1379 3459 1525 3513 mihi
1573 3475 1641 3513 ex
1670 3461 1836 3530 parte
1867 3456 2021 3528 regis

410 3561 468 3614 et
498 3553 749 3627 episcopi
776 3560 867 3595 “81
901 3551 1221 3617 intimaret,
1257 3551 1316 3603 et
1346 3547 1420 3602 ad
1448 3547 1572 3601 haec
1601 3545 1868 3602 facienda
1911 3562 2019 3617 pro

409 3661 577 3720 posse
611 3640 1004 3716 persuaderet.
1037 3638 1156 3709 Ego
1184 3636 1245 3692 in
1275 3634 1669 3708 Magadaburg
1692 3634 1911 3705 positus
1938 3635 2019 3689 le-

413 3736 718 3808 gacionem
748 3731 898 3784 hanc
928 3725 1181 3799 percepi,
1210 3728 1269 3781 et
1299 3723 1509 3779 talibus
1537 3722 1845 3794 respondi:
1875 3721 2021 3777 Deus

414 3825 737 3895 omnipotens
760 3818 975 3873 domino
1010 3816 1063 3870 et
1094 3815 1246 3886 patri
1273 3819 1450 3869 nostra
1470 3814 1566 3884 pio
1598 3812 2023 3868 vicissitudinem

416 3913 696 3979 retribuat,
742 3906 884 3981 quod
925 3906 1240 3960 mentionem
1283 3919 1455 3957 meam
1515 3900 1715 3957 alicubi
1738 3903 1795 3955 in
1830 3900 2027 3954 bonum

416 4005 597 4075 facere
624 4000 900 4071 dignatur.
932 3993 1027 4049 Ad
1068 3994 1181 4049 haec
1210 4009 1293 4046 me
1325 3991 1654 4045 immeritum
1681 4006 1787 4045 esse
1807 3989 2028 4061 judico,

420 4092 561 4148 unde
600 4108 661 4145 ea
692 4086 913 4143 laudare
942 4081 1117 4139 adhuc
1144 4096 1484 4154 nequaquam
1501 4093 1775 4150 presumo.
1829 4079 2031 4135 Potens

422 4188 497 4238 est
523 4182 663 4235 enim
690 4177 835 4232 Deus
864 4175 1163 4246 episcopum
1217 4169 1395 4224 adhuc
1445 4168 1714 4223 viventem
1752 4165 1815 4220 de
1862 4184 2031 4222 manu

422 4272 609 4330 mortis
652 4270 883 4339 eripere;
915 4263 961 4317 si
983 4268 1167 4317 autem
1183 4273 1407 4329 prorsus
1438 4272 1640 4327 recuso,
1672 4270 1756 4312 me
1778 4256 1847 4311 ab
1870 4256 2035 4314 solita

425 4365 539 4436 ejus
565 4360 740 4431 gratia
768 4351 1042 4427 repudiari
1060 4364 1243 4403 vereor
1269 4363 1287 4412 ;
1314 4361 1422 4400 non
1452 4351 1527 4399 est
1544 4345 1678 4398 mihi
1686 4347 2034 4436 preter/tunc

427 4434 643 4525 aliquod
670 4443 963 4508 auxilium,
1010 4456 1043 4493 a
1071 4454 1175 4510 quo
1213 4434 1299 4492 vel
1324 4434 1435 4489 haec
1451 4435 1772 4505 promereri,
1801 4435 1887 4492 vel
1910 4451 2033 4492 ma-

2119 3287 2254 3342 bam
2288 3302 2303 3341 :
2339 3287 2533 3341 Vestra
2566 3286 2798 3357 iussione
2851 3288 2952 3342 huc
2979 3290 3122 3354 veni,
3173 3295 3225 3343 et
3253 3289 3319 3344 de
3343 3290 3443 3344 hoe
3470 3290 3634 3346 11de
3664 3291 3757 3348 nil

2118 3376 2250 3429 certi
2298 3392 2391 3429 nec
2424 3390 2642 3446 possum
2669 3375 2754 3430 vel
2777 3375 2893 3432 vola
2918 3376 3252 3447 respondere.
3281 3377 3352 3434 Si
3375 3379 3573 3436 divino
3608 3396 3759 3435 cm-

2118 3468 2270 3517 sensu
2299 3471 2349 3518 et
2364 3466 2499 3533 regis
2519 3463 2769 3532 largitate
2804 3471 2977 3519 vestra
3001 3465 3272 3535 voluntas,
3308 3468 3415 3537 pia
3440 3484 3656 3540 semper
3691 3473 3753 3523 in

2123 3569 2224 3619 me,
2256 3553 2340 3605 hic
2367 3550 2763 3624 adimplebitur,
2790 3552 2854 3624 (f.
2893 3552 3030 3619 ηδ’)
3065 3555 3324 3627 quicquid
3353 3558 3411 3609 in
3432 3556 3531 3611 hoc
3558 3564 3660 3612 aut
3691 3560 3754 3612 in

2124 3640 2279 3695 rebus
2305 3640 2424 3695 aliis
2451 3657 2555 3712 pro
2582 3641 2783 3695 animae
2806 3641 3034 3696 remedio
3062 3659 3196 3697 meae
3224 3650 3275 3698 et
3300 3644 3365 3698 de
3393 3644 3573 3700 debito
3595 3663 3751 3701 com-

2125 3730 2275 3783 missi
2293 3729 2471 3798 facere
2496 3744 2737 3800 possum,
2781 3729 2997 3785 devotus
3044 3731 3294 3803 implebo.
3334 3734 3452 3788 Hoc
3499 3734 3761 3790 verbum

2130 3817 2528 3873 archiantistes
2554 3817 2804 3890 benigne
2831 3818 3147 3890 suscipiens
3174 3824 3237 3875 et
3265 3821 3537 3890 laudans,
3560 3839 3659 3879 me
3676 3823 3757 3878 ad

2130 3907 2455 3979 cappellam
2480 3905 2764 3961 Brunouis
2793 3906 3065 3979 episcopi,
3092 3908 3192 3964 ubi
3217 3926 3321 3965 rex
3364 3911 3625 3967 eundem
3655 3929 3761 3967 ex-

2132 3995 2449 4065 spectabat,
2495 3993 2675 4058 duxit,
2707 3997 2765 4050 et
2786 3998 3022 4067 paratus
3052 4004 3147 4039 im
3199 3998 3277 4053 ad
3327 3999 3591 4068 missam,
3622 4002 3758 4072 regi

2134 4099 2231 4138 me
2244 4100 2349 4155 per
2368 4099 2576 4139 manus
2597 4082 2852 4139 tradidit.
2882 4083 2990 4148 Qui
3030 4087 3093 4140 ut
3127 4100 3264 4142 cum
3295 4087 3583 4145 electione
3609 4105 3764 4161 pre-

2136 4172 2387 4227 sentium
2420 4172 2771 4244 pastoralem
2781 4171 2924 4227 mihi
2936 4188 3134 4228 curam
3148 4173 3450 4232 immerito
3467 4178 3759 4233 commis-

2135 4260 2358 4316 sitcum
2376 4261 2666 4325 baculo,et
2681 4263 3001 4332 prostratus
3015 4261 3247 4319 veniam
3267 4265 3641 4337 petii,cantor
3659 4266 3765 4322 in-

2136 4350 2378 4405 troitum
2398 4348 2613 4421 incepit
2643 4366 2656 4403 :
2694 4349 2899 4417 Venite,
2934 4350 3196 4406 benedicti
3219 4353 3409 4409 Patris
3428 4358 3553 4410 mei.
3587 4356 3663 4409 Et
3692 4357 3759 4411 in

2136 4438 2348 4511 majori
2377 4437 2614 4493 ecclesia
2633 4453 2835 4494 omnes
2866 4436 3103 4494 interim
3128 4440 3205 4495 ad
3234 4441 3472 4498 missam
3505 4458 3760 4515 campa-

415 4522 546 4622 jorb
573 4539 783 4597 valeam
830 4533 1120 4604 percipere.
1158 4525 1293 4581 Post
1352 4529 1575 4578 mortem
1616 4522 1850 4595 presulis
1905 4527 2035 4599 quid
2058 4550 2112 4610 Β
2137 4544 2227 4583 nae
2239 4526 2616 4595 sonabantur;
2640 4525 2796 4599 quod
2810 4525 2914 4622 etsi
2934 4542 3068 4582 casu
3099 4530 3158 4582 et
3189 4544 3309 4584 non
3314 4529 3478 4601 jussu
3499 4531 3763 4603 alicujus

426 4614 542 4696 Deo
559 4630 739 4704 placet
759 4626 823 4678 in
840 4617 1192 4693 potestatibus
1219 4614 1285 4669 ab
1310 4614 1686 4704 eaeor—utilitas
1703 4615 1815 4668 vita
1839 4621 2034 4675 comite

427 4700 646 4785 libenter
673 4710 984 4783 adimplebo.
1013 4706 1130 4760 Rex
1145 4706 1342 4758 autem
1366 4700 1427 4756 in
1450 4702 1891 4760 Franconevord
1914 4715 2029 4776 1102,

426 4814 621 4878 audita
649 4807 840 4863 morte
869 4795 1141 4869 episcopi,
1167 4791 1516 4848 memoriam
1532 4807 1638 4863 pro
1666 4809 1735 4849 eo
1767 4793 2028 4855 debitam

2135 4633 2236 4675 seu
2264 4614 2543 4688 dignitate
2566 4630 2660 4669 me
2692 4614 3021 4683 revenisset,
3052 4617 3252 4671 tamen
3283 4634 3382 4673 rex
3401 4618 3616 4673 bonum
3634 4620 3762 4675 hoc

2136 4725 2256 4764 esse
2282 4722 2479 4762 ornem
2517 4704 2779 4759 testatur.
2826 4704 3065 4760 Peracto
3098 4709 3238 4762 tunc
3256 4706 3336 4763 ibi
3356 4724 3568 4779 magno
3588 4717 3698 4751 ειη
3725 4727 3765 4765 a

2134 4800 2404 4852 Brunone
2421 4793 2735 4849 venerabili
2760 4794 2989 4867 presule
3018 4795 3298 4864 convivio,
3331 4797 3589 4869 proximo
3612 4798 3764 4854 sab-

499 5023 594 5061 ιιπ
618 5009 903 5068 Zudibure
927 5004 998 5063 A.
1025 5002 1091 5059 S.
1123 5017 1181 5073 a.
1210 5000 1366 5054 1009.
1398 4994 1707 5073 Legendum
1738 4920 1970 5073 13223:?
2501 4988 2651 5073 villi
2667 4990 2939 5073 ecclesiam
2950 4987 3032 5073 _ab
3059 4985 3761 5073 Ηείῃζξσίρηέπιρεζαῳὶ

425 5058 978 5160 νίς-ᾇ)νῶἓῖέῶἇῖἰῦἐὲ
988 5058 996 5061 ⁷
999 5058 1121 5148 jam
1146 5071 1402 5160 donatplm
1422 5058 1606 5160 ﬁnisse,
1644 5066 1895 5160 disci:an
1918 5080 1983 5160 cf:
1994 5081 2024 5160 ’ς

2126 5063 2245 5160 (ἱρείη
2272 5058 2463 5118 charta
2490 5058 2894 5160 dulei-12.]
2919 5063 3006 5160 la7.
3037 5058 3764 5160 ἦηᾌάῃξῇοῖεςΔΞεὶἐκζξι-Εε

429 5131 1081 5231 milii-emam
1108 5146 1265 5215 ερίεε·
1285 5131 1654 5231 Mensura.
1702 5131 2475 5231 ίίττέιιεείηδιξθ,²·έενηηςῖ;
2512 5131 2981 5231 efﬂuere}.-
3059 5131 3765 5231 12115151132352.5330“.-

427 5213 704 5291 nam.
734 5225 800 5283 S.
827 5238 881 5278 a.
923 5222 1080 5275 1009.
1129 5213 1487 5291 ηιεο-ίρεθλ.

1566 5216 1658 5252 ιιδι
1689 5208 2104 5280 archiepiscopi

2130 5151 2145 5189 ι
2176 5147 2228 5190 2.
2256 5149 2475 5204 semper.
2554 5147 2647 5174 ιιπυ
2721 5147 2895 5187 amne
2927 5147 2981 5187 2.
3059 5147 3156 5174 1m
3178 5147 3469 5205 sxmpmsta
3502 5147 3553 5184 z.
3588 5147 3760 5185 sun-

2130 5205 2209 5260 A.
2235 5204 2299 5262 S.
2378 5212 2473 5246 πίει
2512 5147 2991 5258 ῙωῑιοΕθιινοτιὲ.
3068 5209 3167 5245 ωδ
3197 5202 3383 5274 Pergit
3418 5201 3501 5255 hic
3532 5200 3674 5255 cod.
3708 5202 3760 5260 ι.

428 5276 806 5373 ἶῖὶῖῖῇξῖἱρῖιῖ
833 5276 884 5351 l.
962 5296 1056 5333 ηδε
1085 5276 1335 5359 rogauit.
1369 5281 1465 5339 Et
1487 5296 1629 5338 corr.
1662 5280 1730 5334 Et
1758 5282 1809 5334 1.
1889 5276 1983 5321 im
2012 5276 2074 5350 ρ’.
2104 5292 2232 5332 sum
2261 5280 2348 5334 ta.
2427 5281 2521 5318 “87
2554 5290 2774 5348 magna
2797 5276 2883 5333 la.

1977 5396 2207 5454 NOTIE.

521 5511 649 5576 πθ)
680 5497 1255 5576 Βνειιάθηδατεβηείο.
1695 5562 1706 5573 .
2131 5485 2447 5576 εάἒίέἱεένξὲ·
2497 5558 2625 5576 ..-.
2888 5555 3000 5576 ,η
3053 5554 3117 5576 η,

673 5511 1260 5650 ἓξῗὲἃῖῗὲἓξξὲηέξίί
1291 5582 1477 5639 nuper
1498 5562 1781 5619 Hilderico
1803 5576 2031 5616 succes—
2131 5511 2461 5655 ωξῖἐξῖξξ.
2477 5558 2649 5655 ⁸139⁸73
3345 5619 3525 5655 ΑΜ.ιῶ

673 5559 1133 5650 ﬁiiEiBéiéén‘éi,
1161 5569 1260 5645 qui
1291 5582 1477 5639 nuper
1498 5562 1787 5713 Hilderico
1803 5576 2031 5616 succes—
2689 5559 3315 5754 ἓξὲξ.ἱῖῗὲιὲὶὲἓὲᾓὲ
3344 5619 3584 5681 ecclesia
3600 5621 3760 5681 Hal-

498 5724 651 5755 ηοω
683 5724 840 5755 ινιτ-η
875 5720 1009 5755 mnu
1083 5732 1116 5755 ν
1189 5714 1331 5755 Δηηῄ
1375 5705 1680 5755 nliedlinb.
1724 5704 1912 5755 Diem.
1948 5717 2023 5755 1x.
2064 5746 2071 5753 .
2127 5699 2321 5755 bersta
2362 5714 2555 5755 iensis.
2614 5714 2712 5755 aui
2758 5714 2856 5755 an.
2895 5699 3027 5754 l0“
3057 5715 3092 5754 o
3136 5702 3221 5755 ut.
3253 5698 3321 5754 de
3346 5711 3455 5755 auo
3501 5691 3755 5755 Chron.

498 5691 651 5796 ἱεὶἒέ)
675 5724 841 5776 Anno
875 5720 1031 5796 400°.
1083 5732 1136 5796 v.-
1181 5714 1352 5796 eum.
1375 5704 2023 5796 Ωαεάὲίηδοηὲξξιξξοεξξ
2064 5746 2071 5753 η
2127 5691 3323 5796 seseSese-‘1'-s'ui..99;..t°f°.°5£“’.£e
3346 5711 3455 5772 ειηο
3501 5691 3755 5757 αδεσπ·

428 5770 847 5871 ᾠλῖτζῐιῦιὶ
861 5770 1039 5861 ista
1059 5790 1091 5843 ε
1106 5770 1524 5851 feriamfuissc,
1538 5780 1669 5854 jam
1681 5770 2027 5831 Wildekind

2127 5770 2410 5832 Halherst.
2433 5772 2494 5829 et
2510 5768 2664 5828 Anti.
2694 5768 2981 5836 Quodlinb
3034 5770 3098 5834 h.
3127 5787 3187 5835 ι.
3220 5769 3346 5828 Uss.
