3954 6180
241 445 358 509 1333

1462 430 1880 492 CHRONICON.
1921 462 1994 474 —
2020 431 2150 491 LIB.
2181 431 2253 488 III

3411 432 3552 500 1334

239 563 461 626 tacendo
487 558 674 618 exivit.
699 554 980 632 Equidem
1010 557 1466 630 premonstratas
1481 554 1626 611 mihi
1649 555 1818 612 indu-
1838 551 1900 622 Α
1922 553 2388 627 corruptibilibus
2417 551 2775 627 accipiendis
2804 566 3041 625 semper
3071 551 3431 628 laboramus,
3451 580 3554 623 cur

239 659 338 715 cias
373 670 501 710 cura
533 669 649 707 non
678 649 800 706 sine
842 647 1097 703 maxima
1126 646 1338 713 notavi,
1370 646 1470 702 sed
1507 646 1674 702 bonis
1690 661 1821 718 ope-

235 748 372 803 ribus
411 743 730 798 nullatenus
776 746 868 782 1m
906 736 1164 809 preveni.
1211 737 1566 792 Adveniente
1614 736 1817 809 quinto

238 849 444 901 mense,
471 829 726 904 quamvis
741 830 869 901 plus
883 830 1135 882 mortem
1159 843 1335 899 quam
1357 827 1474 881 hoc
1498 842 1817 898 sperarem,

234 924 532 996 completur
556 923 865 990 utrumque
908 916 967 971 in
1009 918 1246 986 accepto
1287 915 1616 988 episcopatu
1660 931 1812 970 som-

236 1013 400 1078 nium,
442 1009 571 1082 quia
612 1009 672 1062 in
699 1025 766 1063 eo
796 1005 1083 1080 preceptis
1112 1005 1338 1060 obedivi
1369 1004 1591 1072 divinis,
1619 1007 1678 1058 et
1706 1021 1813 1058 nu-

235 1115 439 1156 merum
484 1096 764 1169 complevi
814 1095 1136 1168 signatum.
1184 1094 1345 1148 Unde
1401 1091 1814 1148 inconveniens

235 1177 342 1246 esse
370 1187 504 1244 mihi
533 1186 849 1253 videbatur,
881 1189 944 1240 ut
967 1185 1094 1240 sine
1119 1185 1348 1257 speciali
1380 1188 1602 1239 rectore
1625 1183 1814 1238 accele-

234 1279 324 1340 sia,
360 1293 524 1351 quam
550 1279 784 1332 actneus
809 1275 1113 1346 regebam,
1138 1277 1378 1341 esset,ac
1410 1272 1601 1328 eidem
1632 1270 1816 1325 Welli-

237 1369 422 1441 gisum,
443 1367 684 1422 fratrem
715 1379 910 1419 meum
943 1380 1012 1418 ex
1042 1367 1232 1434 patre,
1270 1361 1440 1432 huius
1473 1361 1670 1416 altaris
1694 1375 1814 1415 ser-

235 1472 370 1522 vum,
398 1453 688 1512 communi
720 1453 964 1508 fratrum
987 1451 1224 1522 consilio
1255 1450 1523 1526 preposui
1549 1468 1562 1517 ;
1592 1451 1650 1504 et
1680 1448 1816 1503 inde

236 1547 298 1602 ad
321 1543 664 1614 Mersseburg
690 1541 944 1609 veniens,
977 1556 1111 1596 cum
1144 1539 1384 1596 domino
1403 1538 1649 1594 meimet
1673 1554 1815 1609 rege

235 1633 532 1706 proximum
565 1633 965 1687 Pentecostem
1008 1628 1294 1685 celebravi
1362 1627 1682 1698 (739)(Jun.~
1721 1626 1806 1697 δ).

294 1726 374 1778 32.
413 1721 624 1777 Dehinc
648 1721 721 1776 ad
749 1720 1164 1792 Magathaburg
1193 1735 1400 1774 omnes
1423 1717 1705 1772 venimus.
1733 1715 1816 1772 Ibi

235 1814 342 1866 tum
367 1826 539 1881 nepos
567 1826 729 1865 meus
771 1809 1031 1863 marchio
1075 1806 1457 1862 Wirinharius
1496 1823 1530 1860 a
1573 1822 1712 1878 rege
1756 1804 1815 1860 in

1920 660 2044 700 non
2077 645 2149 700 ad
2179 645 2560 702 indeﬁcientis
2575 659 2871 702 coronam
2898 644 2963 711 (f.
3001 644 3122 715 120)
3150 646 3395 708 honoris
3423 658 3554 714 sub-

1917 733 2036 788 lato
2085 734 2294 791 timore
2333 737 2765 808 aliquantulum
2821 738 3245 805 properamus?
3282 740 3434 798 Hanc
3478 748 3551 802 ad

1918 829 2262 901 capiendam
2293 842 2392 881 rex
2421 827 2638 892 noster,
2672 826 2742 879 ut
2791 821 3036 894 predixi,
3067 824 3127 880 in
3157 825 3462 887 itineribus
3493 838 3553 894 et

1917 919 2042 975 aliis
2077 916 2511 973 necessitatibus
2549 914 2818 970 maxime
2846 911 3136 986 laborans,
3165 919 3386 976 amicos
3414 923 3550 979 fecit

1915 1009 2022 1064 sibi
2058 1005 2344 1072 inimicos,
2376 1005 2532 1076 juste
2561 1005 2814 1059 eosdem
2855 1019 3080 1060 exosus.

1987 1101 2079 1152 33.
2105 1095 2343 1151 Interim
2366 1093 2736 1149 Dmdicomes
2774 1107 3060 1163 magnum
3081 1094 3330 1154 dedecus
3347 1099 3404 1155 in
3427 1117 3549 1156 ver-

1913 1187 2002 1242 bis
2053 1186 2203 1240 etin
2249 1182 2518 1256 operibus
2558 1182 2830 1252 predicto
2868 1183 3066 1254 nepoti
3116 1201 3248 1242 meo
3293 1189 3548 1246 inferens

1916 1273 2191 1332 excitavit
2217 1271 2627 1342 malum,quod
2647 1271 2782 1326 fore
2809 1272 3030 1342 putavit
3056 1274 3322 1332 oblitum.
3353 1278 3548 1334 Consi-

1915 1364 1994 1419 lio
2028 1362 2186 1417 enim
2231 1361 2353 1432 ejus
2377 1363 2435 1414 et
2463 1358 2673 1414 auxilio
2705 1359 2854 1415 urbs
2881 1361 3062 1432 patris
3097 1364 3220 1435 ejus
3259 1368 3318 1420 et
3347 1371 3545 1423 nostra

1915 1449 2307 1507 Walmerstidi
2323 1448 2490 1520 (7M),
2508 1446 2815 1504 Slavonice
2829 1452 3026 1505 autem
3043 1451 3289 1521 Ustiure,
3304 1471 3372 1510 eo
3387 1457 3544 1529 quod

1915 1544 2032 1598 Ara
2057 1544 2114 1595 et
2128 1538 2284 1596 Albis
2311 1538 2468 1593 ﬂuvii
2490 1538 2581 1594 hic
2597 1537 2975 1606 conveniunt,
2999 1542 3221 1608 vocata,
3242 1544 3544 1601 combusta

1918 1634 2004 1688 est
2035 1633 2091 1685 et
2121 1628 2491 1700 dep0pulata.
2517 1626 2854 1682 Commovit
2876 1627 2988 1683 hoc
3004 1644 3181 1684 omne
3209 1629 3540 1689 animosum

1917 1717 2142 1790 juvenis
2171 1715 2392 1788 egregii
2422 1717 2640 1786 pectus,
2675 1717 2736 1769 et
2773 1731 2906 1769 cum
2947 1716 3176 1772 hostem
3209 1719 3280 1773 de
3311 1720 3540 1777 civitate

1914 1803 2370 1878 Tongeremuthi
2426 1804 2566 1871 (7H)
2615 1802 2791 1870 dicta,
2843 1802 2982 1874 quia
3023 1803 3294 1876 Tongera
3337 1809 3541 1865 fluvius

231 1899 405 1954 multis
419 1902 724 1963 accusatus,
744 1897 992 1969 gratiam
1009 1897 1131 1967 ejus
1151 1900 1210 1951 et
1228 1895 1581 1950 beneficium
1603 1894 1817 1950 suimet
1845 1894 1898 1953 B
1917 1896 2133 1951 ibidem
2161 1893 2220 1948 in
2253 1892 2478 1947 Albiam
2510 1891 2680 1959 cadit,
2717 1890 2980 1963 equitare
2998 1894 3277 1950 veraciter
3297 1913 3539 1971 compe-

229 1987 476 2042 instinctu
507 1987 664 2042 Dasdi
686 1994 778 2030 ηπ
810 1985 1039 2040 comitis
1069 1985 1363 2058 perderet,
1387 1982 1816 2038 nisiinflrmitas

226 2078 334 2148 ejus
351 2077 642 2134 subitanea
671 2075 728 2132 id
761 2083 852 2118 ωε
874 2073 1182 2146 inpediret,
1210 2077 1270 2128 et
1303 2072 1362 2127 ni
1392 2073 1502 2126 hec
1533 2072 1813 2126 Burchar-

227 2165 316 2220 dus
342 2182 531 2220 comes
559 2165 844 2236 palatinus
871 2164 936 2232 (f.
977 2163 1117 2234 119³)
1146 2160 1420 2232 prudenti
1442 2159 1681 2216 consilio
1703 2161 1816 2215 dif-

222 2253 367 2309 feret.
400 2254 512 2308 Rex
548 2253 682 2308 inde
727 2268 1081 2324 progressus,
1129 2249 1318 2305 varias
1367 2247 1815 2305 occidentalium

223 2345 428 2397 mentes
440 2341 702 2412 probare,
716 2344 774 2394 et
786 2356 858 2394 ne
875 2339 1040 2396 solito
1060 2339 1592 2403 commoverentur,
1611 2337 1815 2394 sedare

219 2429 498 2500 temptavit
516 2429 682 2500 (740).
704 2428 857 2492 Quos
884 2425 1147 2482 nonnulli
1167 2425 1527 2496 injusticiam
1550 2424 1816 2482 domino-

218 2533 331 2572 rum
349 2533 581 2572 suorum
609 2516 728 2589 pati
750 2517 1012 2572 nolentes
1033 2515 1293 2580 laudant,
1310 2516 1623 2568 nosautem
1650 2514 1814 2585 quasi

220 2604 437 2676 ignavos
459 2622 492 2660 e
528 2609 730 2660 contra
750 2605 1104 2676 vituperant.
1139 2603 1287 2657 Sunt
1303 2610 1398 2644 im
1417 2600 1698 2672 plerique,
1717 2603 1814 2674 qui

217 2693 453 2766 corporis
471 2693 855 2764 voluptatibus
871 2691 1094 2746 cunctis
1112 2689 1445 2753 servientes,
1460 2687 1628 2743 freno
1651 2689 1812 2761 equi-

217 2781 334 2836 tatis
356 2798 390 2837 a
414 2781 535 2837 Deo
556 2780 818 2853 inpositae
835 2779 958 2851 regi
982 2781 1309 2834 nullatenus
1321 2781 1547 2843 curant,
1561 2776 1660 2830 sed
1679 2777 1810 2845 hoc,

214 2867 403 2926 virtute
432 2887 534 2926 seu
556 2869 680 2924 fieri
703 2869 854 2923 valet
867 2871 1012 2935 arte,
1038 2866 1109 2922 de
1133 2869 1326 2921 futuro
1351 2865 1430 2919 nil
1453 2864 1677 2919 solliciti
1693 2874 1808 2934 1180,

214 2957 535 3026 defendunt,
570 2962 628 3014 et
658 2975 859 3014 omnes
891 2957 949 3012 in
983 2957 1092 3012 hoc
1122 2955 1362 3011 sibinon
1383 2953 1813 3012 consentientes

212 3043 551 3104 detractione
583 3049 640 3102 et
668 3047 801 3102 odio
851 3045 1168 3102 insaciabili
1217 3046 1659 3117 persequuntur.
1696 3043 1811 3099 Sed

209 3147 305 3204 ego
329 3135 434 3190 hiis
463 3153 656 3208 neque
700 3135 908 3190 suimet
956 3133 1276 3189 fautoribus
1305 3131 1632 3201 consentio;
1666 3133 1807 3205 quin

1916 1985 2079 2048 riret,
2107 1983 2349 2037 fratrem
2380 1997 2578 2035 meum
2614 1979 2995 2036 Frithericum
3027 1997 3158 2036 cum
3200 1987 3269 2038 20
3309 1989 3537 2042 tantum

1918 2071 2194 2128 militibus
2246 2069 2484 2124 armatis
2519 2085 2714 2124 secum
2755 2085 3014 2135 sumens,
3060 2087 3095 2125 a
3138 2072 3408 2129 sumitate
3442 2083 3538 2118 im

1916 2160 2086 2216 unius
2119 2158 2307 2230 campi
2338 2159 2412 2213 ad
2441 2158 2658 2214 Mosum
2688 2157 2887 2212 villam
2924 2159 3078 2226 (743)
3123 2162 3535 2234 pertingentis,

1917 2265 2033 2321 qua
2066 2247 2292 2302 eminus
2323 2245 2524 2317 asspici
2554 2253 2648 2288 ωδ
2679 2247 2888 2318 potuit,
2911 2245 3155 2303 viriliter
3174 2251 3534 2321 aggreditur,

1918 2341 1977 2392 et
2005 2336 2278 2401 eundem,
2328 2333 2685 2406 fugientibus
2713 2351 2848 2389 mox
2886 2336 3016 2406 plus
3041 2352 3216 2408 quam
3243 2343 3313 2392 40
3341 2341 3532 2409 sociis,

1915 2425 2147 2481 fortiter
2173 2423 2562 2488 resistentem,
2585 2439 2718 2477 cum
2749 2423 3060 2494 Egilhardo
3088 2425 3299 2482 suimet
3344 2429 3532 2486 milito

1915 2513 2126 2569 occidit
2153 2514 2322 2584 (744),
2360 2515 2416 2566 et
2441 2514 2571 2583 post
2599 2512 2708 2566 hoc
2719 2512 2875 2583 juste
2902 2511 3174 2584 perdidit,
3195 2516 3349 2588 quod
3377 2518 3534 2588 prius

1917 2619 2068 2675 pene
2094 2612 2189 2646 im
2215 2599 2712 2657 inracionabiliter
2736 2601 2858 2672 ejus
2883 2618 3159 2672 persuasu
3185 2604 3398 2660 amisit.

1987 2695 2077 2746 3t.
2121 2691 2234 2746 Sed
2264 2689 2308 2744 si
2340 2693 2397 2743 te
2428 2689 2706 2744 lectorem
2737 2689 2939 2745 audire
2978 2691 3246 2760 delectat,
3289 2695 3442 2750 unde
3486 2696 3534 2753 is

1914 2781 2108 2845 fuerit,
2142 2779 2213 2833 de
2246 2777 2419 2842 tribu,
2449 2793 2577 2848 quae
2608 2777 2790 2832 Buzici
2835 2782 2982 2847 (745)
3009 2779 3217 2834 dicitur
3245 2783 3303 2835 et
3326 2782 3396 2837 de
3427 2801 3528 2855 pa-

1913 2870 2002 2922 tre
2031 2865 2330 2920 Thiedrico
2363 2864 2653 2936 originem
2700 2865 2921 2920 duxisse
2967 2867 3232 2940 accipies.
3269 2868 3364 2922 Hic
3391 2870 3528 2942 Rig-

1913 2956 2062 3027 dago
2097 2951 2441 3018 marchioni,
2465 2955 2679 3023 agnato
2699 2955 2930 3013 suimet.
2953 2955 3024 3010 ab
3043 2955 3296 3011 infancia
3315 2958 3526 3015 servie-

1910 3046 2031 3112 bat,
2065 3046 2123 3098 et
2145 3043 2383 3116 gemina
2407 3042 2597 3097 cordis
2626 3058 2692 3096 ac
2717 3042 2974 3116 corporis
3004 3043 3214 3099 virtute
3240 3045 3523 3117 pollebat;

1910 3137 1988 3201 et,
2023 3135 2087 3187 ut
2112 3131 2331 3204 predixi
2363 3133 2525 3202 \7t6),
2544 3130 2808 3186 Boemios
2829 3131 2888 3198 (f.
2917 3131 3059 3199 120’)
3084 3133 3389 3189 adversum
3415 3152 3526 3192 nos

208 3221 380 3292 potius
405 3223 537 3290 illis,
574 3223 670 3295 qui
704 3225 818 3279 Deo
850 3240 909 3278 se
936 3221 1428 3293 potestatibusque
1459 3219 1530 3274 ab
1569 3236 1639 3275 eo
1666 3237 1809 3276 con-
1841 3217 1889 3278 C
1909 3221 2274 3292 insurgentes
2304 3221 2374 3275 ad
2403 3218 2746 3278 Citicensem
2767 3218 3035 3292 perduxit
3063 3228 3157 3265 1m
3181 3222 3522 3282 tecclesiam.

207 3309 398 3368 stitutis
423 3313 736 3368 humiliant
757 3316 814 3367 et
833 3312 1067 3375 cedunt,
1088 3311 1328 3382 asspiro,
1355 3304 1561 3381 quibus
1580 3310 1808 3366 videtur

206 3413 313 3454 esse
337 3401 542 3466 sacius,
575 3400 773 3454 omnia
804 3405 1042 3471 propter
1079 3401 1258 3454 Deum
1291 3398 1430 3470 pati,
1476 3415 1651 3470 quam
1688 3400 1804 3455 liti-

204 3486 288 3556 gio
319 3495 409 3531 mi
443 3492 505 3543 et
536 3488 838 3543 execrabili
870 3487 1126 3560 perjurio
1149 3486 1403 3540 divinam
1436 3487 1802 3557 majestatem

203 3572 506 3634 offendere.
565 3577 751 3632 Nostri
796 3576 1252 3647 predecessores,
1307 3575 1422 3628 suis
1477 3576 1804 3633 senioribus

201 3677 417 3736 semper
446 3665 667 3734 ﬁdeles,
699 3665 757 3719 in
809 3667 1114 3720 extraneas
1159 3662 1442 3731 nationes,
1491 3679 1558 3718 ac
1589 3681 1708 3719 non
1741 3665 1802 3720 in

197 3749 415 3820 viscera,
467 3754 672 3826 optimi
720 3753 1014 3810 seviebant
1050 3752 1280 3807 milites.
1344 3752 1457 3805 Hoc
1499 3753 1806 3822 posteritas

198 3835 364 3894 discat
393 3844 452 3897 et
483 3841 598 3896 alia
621 3841 824 3913 fugiat,
863 3844 920 3896 et
951 3857 1078 3913 qua:
1103 3840 1386 3896 mutanda
1415 3843 1569 3908 sunt,
1602 3857 1720 3897 non
1742 3841 1804 3898 in

199 3927 369 4015 peius,
400 3931 506 3986 sed
532 3946 760 4002 semper
791 3931 848 3984 in
885 3930 1091 3984 melius
1121 3929 1432 3983 transferre
1455 3931 1802 4015 contendat;

197 4012 608 4074 beatitudinem
625 4021 898 4075 octonam
922 4018 1168 4073 libenter
1197 4012 1806 4093 attendat,eorumque

199 4106 451 4176 opposita
476 4107 726 4178 fugiens,
748 4123 876 4161 eam
912 4107 1349 4177 apprehendere
1379 4107 1626 4163 studeat.
1655 4107 1805 4173 Quid

193 4189 309 4248 illos
345 4195 598 4269 amplius
626 4194 916 4266 corripere
944 4195 1030 4249 vel
1054 4196 1158 4250 hos
1183 4196 1448 4252 attollere
1484 4198 1635 4265 volo,
1669 4213 1803 4252 cum

195 4285 579 4355 unusquisque
603 4300 706 4356 pro
730 4282 1006 4354 qualitate
1027 4282 1111 4337 sui
1141 4283 1378 4338 seminis
1395 4301 1500 4357 pro
1528 4287 1685 4341 certo
1707 4302 1804 4341 re-

1909 3310 2014 3366 Ubi
2041 3325 2172 3364 cum
2198 3308 2311 3364 hiis
2339 3308 2618 3364 vastando
2647 3309 3098 3381 circumquaque
3142 3311 3518 3381 perlustrans,

1908 3398 1981 3452 ad
2010 3397 2280 3452 ultimum
2311 3396 2595 3469 captivam
2633 3400 2883 3452 matrem
2923 3412 3110 3460 suam,
3152 3397 3351 3466 hostis,
3399 3415 3519 3455 non

1905 3487 2075 3554 filius,
2099 3502 2231 3541 cum
2256 3490 2464 3541 caetera
2477 3486 2795 3541 adduxerat
2815 3485 2998 3558 preda
3033 3487 3300 3542 Posthac
3314 3503 3517 3544 recon-

1906 3576 2146 3642 ciliatus,
2179 3576 2334 3648 regis
2365 3574 2615 3630 efficitur
2643 3574 2795 3630 tertii
2827 3574 3072 3644 Ottonis,
3118 3580 3177 3631 et
3223 3577 3282 3632 in
3341 3592 3516 3648 parvo

1903 3669 2170 3736 tempore
2193 3663 2440 3736 gratiam
2467 3665 2588 3733 ejus
2609 3667 2668 3719 et
2691 3663 3146 3720 familiaritatem
3170 3667 3515 3737 promeruit.

1906 3754 2152 3810 Interim
2179 3753 2302 3819 Bio,
2327 3751 3036 3824 comesMerseburgensis,
3059 3753 3117 3807 in
3149 3755 3516 3825 expeditione

1907 3841 2076 3910 obiit;
2115 3840 2453 3896 etGisilerus
2472 3841 2826 3914 archipresul
2841 3840 3007 3910 huius
3028 3840 3391 3909 comitatum,
3416 3845 3513 3915 qui

1905 3930 2058 3986 inter
2073 3928 2427 4002 Wipperam,
2442 3930 2499 3983 et
2511 3928 2726 3998 Salam,
2742 3928 3030 3985 etSaltam
3041 3929 3216 4002 (747),
3236 3947 3302 3986 ac
3311 3930 3510 3986 Viller.

1905 4017 2012 4075 bizi
2057 4018 2232 4090 (7&8),
2253 4018 2454 4074 fluvios
2477 4017 2654 4090 jacet,
2678 4019 2785 4074 isto
2816 4015 3116 4090 acquisivit
3134 4025 3248 4073 m0.
3273 4021 3512 4092 Insuper

1903 4106 2122 4162 Zurbizi
2146 4115 2240 4152 ηδτ
2275 4107 2431 4177 (740)
2457 4107 2896 4179 burgwardum,
2925 4123 3100 4179 quem
3120 4111 3510 4163 antecessores

1902 4197 1987 4252 sui
2017 4197 2076 4252 in
2104 4196 2442 4252 benefitium
2467 4198 2854 4268 possiderunt,
2879 4194 2987 4251 sibi
3007 4199 3066 4252 et
3093 4195 3371 4253 eonfratri
3391 4197 3507 4252 sui-

1902 4289 2026 4342 met
2056 4283 2372 4342 Fritherico
2399 4285 2738 4342 vendicavit.
2786 4288 3026 4358 Insuper
3054 4284 3508 4358 Thiedburgam,

195 4366 361 4441 cipiat
386 4372 644 4429 fructum
672 4371 881 4428 future
914 4371 1154 4428 messis?
1176 4370 1395 4434 (Matth.
1423 4373 1504 4446 v.)
1533 4375 1674 4430 Cum
1694 4391 1797 4447 pro
1898 4373 2184 4430 Thiedrici
2230 4375 2582 4432 marchionis
2623 4376 2829 4446 ﬁliam,
2859 4375 3020 4432 duxit
3047 4383 3162 4443 im,
3213 4378 3271 4431 et
3294 4375 3368 4431 ob
3397 4377 3508 4432 hoc

1510 4463 1746 4521 VARIJE
1782 4463 2180 4521 LECTIONES.

259 4563 349 4599 ι¹³⁴
379 4557 642 4635 Νιμΐῴιιε
669 4562 719 4613 1.
799 4564 894 4635 mf
923 4574 1130 4612 erasum
1169 4561 1219 4612 1.
1299 4561 1542 4635 ηιξ-αᾱίί.
1577 4562 1661 4616 lb.
1742 4571 1836 4606 Im
1870 4561 1984 4617 Sed
2014 4554 2152 4618 corr.
2187 4560 2335 4618 Sunt
2369 4565 2417 4617 1.
2497 4571 2593 4606 mo
2629 4561 2849 4620 sollititi
2878 4565 2928 4617 1.
3008 4569 3101 4606 im
3128 4548 3509 4635 quasgligi'tios

195 4626 272 4681 la.
302 4628 393 4708 sed
421 4627 624 4708 duobus
671 4646 696 4682 s
731 4631 913 4708 erasis.
994 4631 1631 4708 12§!_assumniitato_lq.
1709 4642 1804 4677 tm
1823 4637 2078 4708 primum
2100 4651 2128 4708 s
2160 4651 2371 4688 erasum
2414 4637 2484 4708 l._
2543 4641 2636 4677 1⁸³4
2670 4651 2818 4708 pene
2846 4649 2956 4691 cor.
3007 4626 3174 4706 paene
3209 4633 3298 4686 scd
3331 4626 3373 4687 ὅ
3387 4645 3507 4705 post

189 4711 324 4752 eraso
353 4701 406 4755 1.
489 4706 582 4741 ηδε
611 4699 830 4772 perdux
859 4704 908 4755 1.
988 4707 1082 4740 ηδε
1107 4699 1216 4754 isto
1244 4716 1309 4754 ac
1340 4702 1635 4773 acquisivit
1669 4708 1716 4760 1.
1795 4699 1889 4747 ιὶετ
1920 4703 2132 4760 curbizi
2162 4708 2247 4762 la.
2327 4712 2420 4747 HN
2452 4703 2565 4759 dux
2598 4709 2648 4760 1.

1732 4802 1960 4859 ΝΟΤΛΕ.

253 4894 396 4983 l7}???
425 4895 670 4983 las-,9,
710 4911 806 4983 rex
853 4895 1132 4983 δίὲιιξείὶρίη
1164 4895 1496 4983 μεῖνερδειτε
1529 4898 1660 4983 ﬁli}.-
1732 4900 1794 4956 ν·
1825 4901 2094 4983 Dividit,
2133 4899 3266 4983 Desii“lumfuisssprtumssents.quae
3287 4919 3503 4983 9.0mm

185 4962 446 5038 chartam
485 4965 744 5038 ejusdem
771 4967 933 5038 apud
969 4966 1136 5038 Hofer
1152 4967 1274 5038 71.71,
1305 4970 1350 5020 t.
1394 4969 1434 5034 l,
1460 4962 1528 5038 'p.
1564 4973 1684 5027 159.

269 5038 402 5108 780)
444 5039 524 5092 De
552 5037 835 5092 Lothariis
864 5038 1020 5094 conf.
1042 5037 1375 5093 Widukindi
1405 5040 1440 5092 l.
1475 5037 1514 5106 ἰ,
1545 5058 1592 5097 c.
1631 5046 1718 5096 30.

276 5108 409 5172 ⁸181)
441 5108 855 5164 Wolmirstedt.

251 5177 403 5250 (7H)
436 5178 910 5250 Tangermunde.

257 5248 415 5317 (7‘3)
456 5248 614 5316 Moss,
643 5249 776 5305 villa
799 5249 858 5304 in
889 5248 1096 5304 vicinia
1125 5249 1284 5305 urbis
1313 5249 1624 5317 predictm.

257 5266 415 5317 (ηδ)
456 5266 614 5316 moss,
643 5266 776 5305 vula
799 5266 858 5304 1n
889 5266 1096 5304 v1c1n1a
1125 5266 1284 5305 urms
1354 5266 1624 5310 reeuictm.

257 5320 414 5398 gat)
442 5320 696 5398 _Kale_n_d.
715 5321 1046 5398 Merseburg
1058 5321 1254 5398 J_ulii9_.
1288 5266 1450 5398 Βᾳάρ
1475 5322 1605 5398 obiit
1626 5337 1794 5398 gemes

185 5386 532 5443 ﬂii/tercius.
581 5392 679 5445 Ille
723 5391 780 5446 in
829 5386 1050 5447 Necrol.
1078 5392 1320 5459 Luneb.,
1351 5393 1460 5449 Jul.
1507 5395 1591 5449 10.
1625 5393 1790 5452 Conf.

187 5460 333 5513 Ann.
367 5459 600 5527 Quedl.,
632 5478 686 5516 a.
721 5466 874 5519 1009.
909 5463 1174 5518 Notanda
1221 5466 1419 5518 tamen
1464 5463 1523 5517 in
1572 5464 1793 5522 Necrol.

190 5527 544 5654 Lunebuigq
569 5533 780 5612 μονὴν.
810 5538 871 5587 13
891 5535 1167 5606 ascriptos
1193 5550 1313 5589 esse
1341 5534 1638 5590 Tadonem
1657 5536 1798 5592 occi-

190 5616 312 5654 sum
346 5604 410 5654 et
488 5603 835 5654 Rhﬂlerdnm
865 5604 1101 5654 laicnm-

185 5616 379 5656 sume

258 5670 414 5743 (τω)

524 5602 835 5659 hillerdum
862 5602 1072 5664 laicum
1087 5647 1101 5661 .

503 5676 527 5728 t
555 5674 698 5732 mihi
744 5676 983 5750 quidem
1029 5676 1278 5746 videtur,
1311 5675 1680 5738 Thictmarus
1706 5678 1801 5750 hic

1895 4972 2067 5026 traxit
2090 4989 2124 5026 a
2154 4971 2288 5026 villa
2322 4972 2502 5040 Busci,
2534 4972 2707 5028 hodie
2733 4971 2974 5040 Pausits,
3018 4971 3128 5027 sita
3157 4971 3226 5027 in
3278 4973 3502 5030 dioecesi

1895 5060 2023 5118 sua,
2042 5043 2198 5118 haud
2233 5043 2525 5118 procula
2532 5043 2762 5118 civitate
2791 5042 3055 5118 Leipzig._
3077 5044 3157 5118 De
3187 5043 3501 5118 villa_Busci

1895 5130 1949 5168 v.
1978 5113 2239 5190 chartam
2257 5113 2481 5190 Oltonis
2506 5115 2574 5190 111
2603 5115 2773 5190 imp.,
2801 5132 2856 5172 a.
2877 5113 3007 5186 991;
3024 5114 3188 5188 Sept.
3223 5119 3286 5169 18
3303 5115 3499 5177 datam

1895 5184 2050 5261 apud
2083 5185 2352 5261 Hefenl.
2395 5202 2434 5253 ι,
2462 5187 2505 5245 t.
2533 5187 2574 5254 Ι,
2606 5203 2664 5261 p.
2687 5184 2817 5249 1531.

1993 5258 2118 5321 746)
2161 5257 2252 5323 Ill,
2285 5258 2374 5311 10.

1990 5327 2115 5398 717)
2158 5326 2319 5382 Salza
2346 5325 2463 5383 sive
2495 5326 2748 5384 Salzsee.

1987 5395 2110 5471 718)
2146 5398 2541 5455 Wildenbach.
2587 5400 2763 5456 Fluvii
2811 5395 2908 5471 qui
2946 5395 3045 5471 hic
3088 5411 3124 5452 a
3167 5395 3498 5471 'I‘hietmaro

1897 5467 2277 5540 nominantur
2298 5473 2495 5540 aperte
2524 5471 2782 5527 indicant
2810 5466 3153 5540 comitatum
3190 5470 3340 5526 hunc
3372 5488 3497 5527 ma.

1896 5539 2113 5612 ximam
2141 5537 2367 5608 partem
2379 5545 2546 5600 terrae
2557 5537 2982 5612 Manst‘eldensis
3001 5539 3224 5598 ambitu
3239 5555 3341 5598 suo
3359 5558 3501 5598 con-

1899 5609 2158 5668 tinuisse.
2193 5612 2324 5668 Uss.

1969 5679 2124 5755 (719)
2159 5681 2424 5754 Zoerbig.
