3954 6180
422 399 442 458 i
453 394 556 456 335

1345 395 1740 454 ΤΗΙΕΤΜΑΒῙ
1784 393 2484 458 MERSEBURGENSISIS
2524 401 2839 464 EPISCOPI

3617 415 3750 478 i333

420 539 607 582 omne
650 524 793 583 adeo
823 522 1121 597 intumuit,
1140 525 1676 603 utregimolestiam
1694 525 1756 581 in
1777 522 1966 581 oculto
1983 517 2118 582 etA
2144 538 2477 599 expugnare
2507 532 2820 606 temptans,
2851 536 2907 591 et
2935 534 3014 593 nil
3046 533 3376 611 proﬁciens,
3407 538 3751 598 Bocholenxi

419 613 618 671 multis
655 615 888 672 offerret
909 617 1094 674 1min
1117 621 1339 692 aperto.
1361 617 1693 675 Proximum
1719 613 1908 670 natale
1927 612 2042 667 Do-

423 703 575 759 mini
605 721 705 761 rex
735 705 793 762 in
818 707 1040 764 Palethi
1066 709 1392 777 celebravit,
1421 708 1702 764 etibidem
1718 700 2040 767 Thiedrico,

419 807 456 864 p
477 792 678 849 redicti
705 795 930 853 comitis
955 797 1098 868 ﬁlio,
1129 799 1468 855 comitatum
1484 815 1548 853 ac
1564 805 1658 840 m0
1678 809 1852 851 omne
1864 791 2045 846 bene-

427 885 624 942 ficium
649 887 782 959 jure
807 889 866 942 et
895 890 1088 944 ortatu
1127 897 1219 932 ιω
1251 889 1468 962 regina:
1492 905 1556 944 ac
1588 885 1916 960 principum
1948 878 2045 926 ιιι*

423 975 640 1032 suimet
680 975 857 1032 dedit.
905 977 1144 1049 Insuper
1197 993 1457 1034 marcam
1514 979 1573 1030 et
1617 973 1895 1048 quidquid
1947 979 2044 1015 ιω

427 1065 674 1123 Wirinzo
719 1084 785 1123 ex
821 1069 984 1141 parte
1026 1067 1179 1140 regis
1221 1067 1429 1134 tenuit,
1472 1067 1582 1122 hoc
1623 1069 1812 1122 totum
1865 1067 2044 1121 Bern-

428 1156 612 1212 hardo
634 1155 833 1212 comiti
851 1173 1190 1212 concessum
1219 1159 1323 1212 est.

498 1248 586 1300 38.
627 1245 690 1301 In
730 1245 932 1301 diebus
972 1245 1082 1301 illis
1120 1243 1470 1313 Thiedricus,
1497 1245 1759 1301 Metensis
1791 1253 1888 1287 HN
1921 1244 2043 1317 epi-

431 1349 654 1406 scopus,
686 1335 744 1390 et
775 1334 887 1390 dux
906 1333 1224 1402 Heinricus,
1246 1334 1425 1388 frater
1444 1335 1566 1405 ejus
1582 1333 1757 1404 (750),
1777 1349 1909 1388 cum
1930 1348 2040 1388 cae-

429 1422 568 1478 teris
594 1422 1084 1494 conspiratoribus
1104 1438 1382 1494 magnam
1396 1422 1518 1493 regi
1542 1425 1598 1477 et
1609 1421 1724 1476 suis
1745 1420 2044 1476 familiari-

430 1511 537 1566 bus
565 1510 748 1566 moles
778 1510 920 1566 tiam
952 1511 1226 1578 inferens,
1246 1510 1350 1565 sibi
1377 1511 1911 1583 successoribusque
1929 1509 2044 1566 suis

431 1600 886 1672 inexsuperabile
900 1601 1318 1658 detrimentum
1331 1601 1656 1674 promeruit
1669 1606 1752 1666 (75
1763 1603 1828 1656 ll.
1853 1602 2042 1656 Eccle-

423 1677 514 1745 Isia
533 1707 786 1763 namque
803 1708 939 1759 una,
963 1708 1090 1764 quae
1108 1695 1268 1747 extra
1287 1692 1597 1748 Metensem
1628 1693 1817 1747 stabat
1843 1690 2043 1746 civita-

2145 621 2238 656 ωι
2274 617 2476 673 urbem
2486 619 2650 691 juxta
2660 623 2884 680 Mildam
2899 625 3118 682 ﬂumen
3139 628 3389 699 positam
3403 631 3592 686 etnon
3604 631 3750 686 bene

2145 705 2434 773 provisam
2467 707 2732 766 incendio
2749 729 3086 771 consumere
3114 717 3178 786 (f.
3213 717 3352 789 ην)
3377 719 3755 790 precepit.ln-

2147 807 2319 864 super
2371 797 2639 872 quicquid
2685 800 3180 860 incommoditatis
3220 806 3486 876 predicto
3534 808 3750 874 comiti,

2147 887 2280 960 quia
2310 904 2538 962 semper
2563 889 2751 961 patrui
2782 889 2839 947 in
2856 892 3101 948 fratrum
3122 893 3268 950 filios
3283 895 3647 965 seviuntim,
3668 899 3753 953 fa-

2145 993 2274 1034 cere
2304 979 2510 1050 potuit,
2540 979 2600 1034 id
2640 981 2961 1036 nullatenus
2999 981 3238 1037 distulit.
3277 983 3670 1041 Herimannus
3699 991 3755 1042 et

2146 1067 2508 1123 Ekkihardus
2537 1069 2856 1126 confratres
2902 1071 3204 1127 castellum
3247 1073 3554 1142 quoddam
3592 1075 3756 1144 juxta

2143 1155 2335 1212 Salam
2357 1157 2552 1225 situm,
2571 1158 2725 1230 quod
2746 1158 3089 1215 Guncelinus
3120 1161 3286 1216 unice
3327 1162 3438 1217 sibi
3482 1162 3757 1219 dilectum

2144 1246 2325 1301 muris
2342 1249 2399 1301 et
2414 1247 2665 1320 presidio
2687 1247 2934 1304 ﬁrmavit
2951 1249 3102 1320 (755)
3120 1250 3403 1324 banisque
3419 1252 3758 1308 innumera-

2141 1334 2350 1390 bilibus
2379 1335 2640 1407 replevit,
2667 1353 2731 1391 ex
2750 1336 3056 1409 improviso
3089 1355 3270 1394 manu
3289 1338 3483 1395 valida
3513 1339 3756 1396 circum-

2144 1422 2348 1478 dantes
2379 1428 2734 1497 expugnant,
2760 1429 2818 1480 et
2845 1426 3022 1481 divisa
3053 1427 3526 1500 omnicongerie,
3551 1429 3757 1485 radici-

2142 1513 2234 1565 tus
2266 1511 2405 1566 illud
2437 1522 2530 1554 m9
2549 1503 2824 1584 dejiciunt
2853 1531 2916 1570 ac
2938 1515 3210 1571 incendio
3231 1521 3608 1571 consumunt.
3628 1520 3758 1572 Per-

2143 1598 2301 1654 venit
2329 1600 2439 1655 hoc
2470 1609 2566 1644 1m
2592 1602 2667 1656 ad
2684 1618 2848 1656 aures
2868 1603 3041 1673 regis,
3060 1607 3118 1657 et
3146 1605 3457 1659 confestim
3487 1604 3642 1660 idem
3663 1615 3755 1648 1m

2145 1688 2217 1742 ad
2242 1689 2571 1763 Mcrseburg
2598 1693 2722 1746 haec
2767 1692 2838 1746 ad
2883 1691 3243 1748 discutienda
3292 1701 3386 1735 1m
3429 1695 3755 1765 properavit

428 1783 571 1844 tem,
598 1781 657 1835 et
685 1780 1062 1852 congregatio
1095 1778 1312 1836 ibidem
1337 1780 1589 1836 serviens
1610 1798 1644 1836 a
1664 1779 1874 1836 Sclavis
1893 1769 2038 1848 (682)
2075 1778 2314 1861 Β(786).
2349 1777 2463 1833 Sed
2495 1795 2624 1834 cum
2652 1779 2866 1834 ibidem
2896 1780 3293 1851 predictorum
3315 1782 3635 1838 sententias
3660 1800 3752 1838 co-

428 1872 611 1926 Deum
643 1886 762 1926 non
787 1869 1129 1926 timentibus
1159 1871 1432 1926 vastatur.
1484 1868 1595 1925 Sed
1625 1870 1735 1924 hoc
1761 1870 2043 1925 damnum

427 1974 646 2031 magna
665 1956 729 2030 (f.
768 1958 884 2030 l2!)
919 1975 988 2014 ex
1018 1959 1181 2031 parte
1212 1974 1310 2013 rex
1357 1973 1487 2012 cum
1509 1957 1858 2028 juramentis
1889 1961 1947 2013 et
1976 1974 2042 2013 ex

425 2063 527 2102 sua
557 2045 910 2120 proprietate
940 2046 1270 2114 restituens,
1295 2063 1367 2102 ne
1407 2045 1546 2119 quid
1578 2054 1671 2088 ωδ
1694 2045 1826 2101 huic
1857 2044 2042 2102 simile

425 2134 743 2203 accidisset,
767 2139 975 2192 cuncto
1009 2133 1280 2191 exercitui
1311 2150 1510 2190 cavere
1532 2134 1807 2207 precepit.
1839 2133 2044 2189 Vineas

422 2227 481 2278 et
510 2223 738 2280 edificia
763 2241 896 2280 cum
925 2225 1222 2280 frumento
1239 2223 1578 2296 caeterisque
1603 2222 1945 2278 utilitatibus
1962 2223 2042 2278 1e-

422 2311 513 2368 sit.
545 2311 672 2368 Vidi
704 2311 1010 2386 epistolam
1043 2329 1160 2368 non
1194 2313 1368 2383 longe
1398 2316 1547 2383 post,
1569 2312 1664 2368 ubi
1686 2311 2045 2385 octingento-

422 2417 556 2455 rum
588 2416 864 2456 numerus
894 2399 1320 2471 mancipiorum
1343 2399 1523 2455 sancti
1547 2399 1825 2471 Stephani
1843 2399 2040 2455 inscri-

423 2490 556 2560 ptus
583 2487 713 2556 fuit,
740 2504 868 2560 quae
888 2490 1128 2559 propter
1150 2488 1369 2542 famem
1396 2496 1489 2530 ιω
1522 2492 1578 2543 et
1594 2488 1770 2544 aliam
1803 2487 2044 2543 necessi-

423 2580 602 2632 tatem
620 2573 1075 2648 apatriisﬁnibus
1087 2591 1317 2647 egressa
1327 2578 1460 2631 sunt
1471 2575 2040 2648 absqueconscientia

423 2663 873 2738 prepositorum,
900 2663 1152 2736 exceptis
1173 2663 1462 2732 omnibus,
1485 2663 1730 2736 quicum
1753 2681 2035 2720 consensu

422 2769 627 2810 eorum
653 2751 937 2808 abierant.
972 2751 1168 2808 Sacius
1199 2756 1346 2808 esset
1392 2751 1524 2808 huic
1557 2751 1846 2820 aecclesise,
1879 2753 2034 2825 quod

420 2856 742 2914 numquam
774 2843 940 2896 natus
970 2839 1167 2896 fuisset
1185 2841 1365 2897 homo
1389 2840 1509 2898 ille.
1546 2841 1873 2896 Describam
1897 2857 2034 2913 quo-

417 2948 528 3005 que
559 2947 741 2987 unum
771 2929 994 2987 facinus
1023 2946 1250 2997 eorum,
1275 2929 1432 3002 quod
1451 2929 1507 2984 in
1532 2930 1745 2985 Adram
1770 2929 1918 3001 (753)
1943 2929 2030 2984 lu-

417 3021 598 3115 gubre
625 3027 720 3063 ιω
740 3022 1120 3115 peregerunt.
1288 3021 1485 3115 autem
1507 3017 1708 3115 habuit
1724 3017 2028 3115 concilium
2058 3055 2106 3115 Ο

417 3108 474 3164 in
505 3107 795 3182 Magontia
819 3107 1067 3175 civitate,
1092 3111 1150 3162 et
1174 3107 1257 3162 hii
1286 3108 1423 3162 tunc
1450 3106 1786 3162 interfuere.
1809 3107 1879 3160 Et
1897 3121 2031 3160 cum

417 3197 615 3254 omnia
633 3195 850 3253 ibidem
883 3195 1201 3252 secundum
1232 3194 1445 3250 suimet
1476 3195 1751 3266 placitum
1790 3209 2029 3265 respon-

417 3285 553 3341 dere
585 3301 704 3341 non
734 3283 1076 3356 potuissent,
1105 3282 1318 3338 reversi
1347 3282 1644 3350 suntirati,
1666 3299 1804 3353 pace
1833 3285 2029 3338 tamen

417 3374 491 3428 ad
528 3377 760 3445 tempus
784 3371 962 3440 facta;
996 3374 1211 3426 etcum
1244 3388 1342 3426 eos
1374 3372 1754 3442 sequerentur
1781 3369 1864 3425 nil
1894 3370 2031 3426 mali

418 3465 715 3532 sperantes
735 3458 939 3515 Heimo
959 3456 1357 3514 Wirdunensis
1381 3458 1678 3530 episcopus
1693 3458 1872 3514 etdux
1888 3458 2031 3532 (754)

414 3547 768 3613 Thiedricus,
800 3545 1294 3602 latentesinsidias
1323 3555 1420 3589 me
1437 3545 1749 3620 improviso
1781 3547 2030 3615 irruunt,

418 3637 475 3689 et
494 3633 688 3708 paucis
708 3633 1098 3706 eﬂ'ugentibus
1116 3649 1247 3690 cum
1268 3635 1570 3708 episcopis,
1595 3634 1883 3691 interfecti
1902 3640 2035 3691 sunt

419 3721 872 3779 innumerabiles
900 3722 1024 3778 viri.
1068 3723 1190 3778 Dux
1236 3723 1331 3779 ille
1383 3722 1555 3778 nimis
1592 3725 1943 3792 vulneratus,
1978 3727 2036 3780 et

420 3821 514 3856 ιω
543 3811 680 3885 quia
714 3810 930 3866 amicus
974 3827 1178 3866 eorum
1213 3811 1342 3880 fuit,
1375 3815 1573 3884 captus
1621 3812 1946 3882 abducitur,
1977 3817 2036 3870 et

419 3901 632 3956 multos
669 3899 791 3956 dies
834 3899 1172 3955 custoditur.
1225 3902 1361 3957 Post
1401 3901 1525 3956 haec
1556 3901 1703 3957 datis
1742 3903 2036 3960 obsidibus

419 3987 676 4057 solvitur,
707 3989 765 4043 et
793 4005 828 4043 a
857 3986 1008 4059 regis
1043 3987 1231 4060 gratia
1257 3989 1330 4044 ob
1351 3988 1461 4044 hoc
1480 4006 1598 4045 non
1611 3994 1893 4048 movetur.
1917 3993 2032 4046 An-

420 4094 496 4134 no
524 4075 840 4134 Dominicaa
869 4076 1285 4134 incarnationis
1331 4077 1708 4136 millesimo...
1747 4081 2035 4138 Bernhar-

422 4166 528 4222 dus
555 4165 668 4221 dux
689 4164 932 4223 Corbeia
951 4165 1096 4222 obiit
1125 4175 1220 4209 m0
1249 4171 1372 4236 (an.
1398 4167 1586 4240 10H).

2143 1864 2353 1921 mitum
2381 1866 2897 1934 animadvertisset,
2931 1870 3162 1940 culpam
3182 1885 3424 1924 omnem
3448 1871 3754 1926 Guncelino

2142 1955 2413 2026 imputat,
2447 1955 2584 2028 quia
2599 1973 2658 2012 se
2676 1957 2736 2012 in
2751 1956 2943 2011 multis
2955 1956 3116 2028 prius
3129 1962 3436 2030 sperneret
3452 1959 3583 2014 etin
3599 1960 3753 2014 illato

2142 2043 2249 2099 sibi
2281 2043 2563 2099 dedecore
2596 2046 2841 2100 ultorem
2866 2062 2983 2101 non
3013 2049 3393 2116 exspectaret.
3422 2047 3753 2118 Adjecitau-

2143 2135 2285 2201 tem,
2319 2133 2474 2204 quod
2499 2133 2746 2188 familias
2771 2135 3087 2188 multorum
3118 2150 3255 2206 sepe
3285 2135 3347 2189 id
3386 2135 3491 2189 sibi
3513 2153 3753 2208 queren-

2141 2218 2289 2275 tium
2319 2221 2512 2276 Judeis
2533 2221 2810 2289 vendidit,
2837 2225 2893 2276 et
2922 2238 3028 2276 nec
3051 2222 3213 2292 jussu
3243 2239 3344 2277 suo
3371 2223 3474 2278 has
3492 2224 3750 2290 reddere,

2143 2325 2250 2364 nec
2277 2309 2580 2365 latrocinia
2608 2309 2804 2364 multis
2828 2327 2860 2365 a
2879 2326 2981 2365 sua
3003 2313 3290 2381 potestate
3327 2312 3599 2366 nocentia
3629 2329 3751 2366 um-

2143 2415 2322 2470 quam
2387 2397 2605 2453 curavit
2653 2414 3035 2470 compescere.
3086 2400 3328 2470 lnsuper
3395 2404 3624 2471 questus
3670 2407 3753 2456 est

2139 2489 2430 2560 majorem
2461 2488 2614 2559 apud
2646 2487 2987 2542 Bolizlavum
3020 2486 3265 2542 fratrem
3291 2489 3545 2560 gratiam
3571 2491 3730 2546 hacte

2139 2593 2249 2632 nus
2278 2575 2564 2639 habuisse,
2579 2592 2753 2648 quam
2769 2575 2821 2629 ei
2836 2583 2927 2618 1³⁸⁸
2941 2575 3177 2630 deceret
3190 2579 3290 2631 aut
3301 2577 3409 2632 sibi
3423 2579 3645 2649 placere
3657 2579 3752 2634 de-

2137 2664 2324 2720 beret.
2349 2663 2434 2718 Hii
2453 2667 2747 2736 presentes
2763 2667 2947 2730 erant,
2970 2663 3219 2736 quicum
3247 2667 3574 2738 semetipsis
3586 2683 3749 2721 reum

2135 2769 2259 2808 esse
2287 2751 2604 2823 majestatis
2629 2767 2893 2806 accusare
2922 2753 3253 2810 voluerunt.
3268 2755 3430 2808 Inter
3442 2756 3749 2810 totlamen-

2135 2841 2384 2896 tationes
2397 2845 2454 2896 et
2465 2841 2514 2911 ej
2526 2841 2724 2895 usdem
2739 2856 3090 2912 suorumque
3103 2843 3530 2909 excusationes,
3546 2843 3742 2916 princi-

2133 2946 2275 3002 pum
2297 2929 2688 2985 communiter
2715 2937 2809 2970 lm
2831 2928 3130 2984 consilium
3154 2947 3190 2984 a
3208 2947 3352 3001 rege
3379 2932 3669 3002 quaeritur,
3689 2938 3742 2986 et

2133 3018 2206 3073 ab
2237 3017 2348 3073 hiis
2377 3017 2472 3072 diu
2503 3019 2613 3073 hoc
2644 3025 2737 3059 ηδτ
2779 3020 2993 3072 secrete
3024 3018 3413 3086 volventibus,
3444 3020 3629 3075 taliter
3656 3036 3742 3074 re-

2130 3108 2479 3180 spondetur:
2513 3105 2723 3160 Scimus
2750 3106 2890 3161 hunc
2917 3121 3044 3175 erga
3073 3123 3161 3160 vos
3194 3108 3614 3163 inexcusabilem
3641 3125 3742 3162 non

2131 3212 2234 3250 esse
2250 3213 2272 3262 ;
2297 3201 2344 3252 et
2375 3200 2434 3251 ut
2461 3201 2644 3249 vestrae
2692 3203 2785 3236 ηδε
2808 3196 3007 3265 pietati
3035 3199 3254 3250 seomui
3281 3197 3625 3252 reluctatione
3665 3215 3741 3251 re-

2132 3290 2279 3338 mota
2305 3284 2502 3350 tradat,
2535 3284 2688 3338 nobis
2713 3283 2905 3336 bonum
2934 3282 3158 3337 videtur.
3192 3283 3601 3348 Ammoneattf.
3621 3286 3734 3355 12!)

2131 3389 2220 3428 vos
2250 3373 2548 3428 misericors
2579 3370 2741 3436 Deus,
2773 3376 2833 3426 ut
2871 3387 2977 3424 non
3014 3370 3281 3442 qualitate
3321 3374 3516 3428 suimet
3555 3374 3736 3437 meriti,

2129 3460 2222 3516 sed
2248 3477 2350 3531 pro
2378 3461 2677 3532 quantitate
2704 3459 2992 3529 ine/[abitis
3031 3459 3322 3514 clementiae
3367 3463 3646 3525 vestrimet,
3675 3459 3738 3512 ad

2132 3549 2426 3620 exemplum
2459 3547 2700 3602 omnibus
2747 3547 2818 3600 ad
2865 3565 2952 3601 vos
2989 3550 3268 3613 conversis,
3323 3551 3381 3601 in
3421 3567 3483 3603 eo
3538 3549 3736 3616 laetati:

2138 3645 2260 3694 ω’.
2278 3638 2492 3692 Horum
2509 3636 2768 3691 consultu
2785 3653 2882 3690 rex
2896 3635 3208 3707 asspirans,
3225 3637 3478 3708 suscepit
3503 3637 3731 3692 eundem

2136 3729 2195 3780 et
2223 3725 2463 3780 Arnulfo
2495 3724 2733 3780 antistiti
2754 3724 2998 3779 firmiter
3017 3725 3468 3781 custodiendum
3497 3725 3730 3788 tradidit,

2135 3813 2372 3884 presidii
2403 3813 2837 3868 continuatione
2869 3812 2942 3866 ab
2971 3812 3233 3866 hostibus
3257 3813 3422 3867 Misni
3464 3813 3727 3872 muniens,

2136 3917 2408 3975 eamque,
2441 3902 2515 3956 ad
2546 3905 2772 3972 tempus
2802 3900 3225 3971 providendum
3255 3901 3571 3957 Fritherico
3598 3917 3728 3956 com-

2135 3991 2374 4046 mittens
2401 3998 2516 4045 1³⁸0.
2546 3989 2816 4045 Proxima
2833 4005 2966 4044 vero
2999 4005 3206 4055 messe,
3236 3989 3567 4046 interventu
3593 3989 3722 4060 regi-

2137 4097 2227 4135 nae
2255 4082 2312 4135 et
2340 4079 2616 4134 instinctu
2651 4077 2767 4133 cari
2805 4077 3137 4149 Taginonis,
3167 4077 3525 4134 Herimanno
3553 4075 3720 4133 comiti

2135 4167 2436 4224 marcham
2477 4167 2636 4222 dedit
2658 4170 2716 4220 et
2742 4164 2976 4221 consilio
3010 4170 3066 4220 et
3094 4165 3265 4220 laude
3294 4175 3387 4208 HM
3425 4167 3715 4239 principum

491 4259 582 4310 86.
645 4255 875 4311 Interea
928 4255 1314 4312 Hcrimannus
1358 4272 1553 4312 comes
1591 4261 1648 4313 et
1689 4257 2096 4316 Guncelinus-
2133 4257 2480 4313 eorundem.

424 4341 682 4398 marchio
703 4341 950 4400 invicem
965 4345 1271 4412 certantes,
1296 4343 1568 4400 inusitato
1587 4345 1645 4400 in
1679 4345 1764 4400 his
1781 4347 2034 4418 regioni-

422 4431 530 4486 bus
557 4447 720 4486 more
745 4431 1056 4489 conﬂixere
1070 4433 1187 4503 (an.
1217 4433 1398 4504 1009).
1419 4433 1680 4507 Namque
1692 4435 2033 4492 Guncelinus

425 4519 672 4574 Strelam
695 4518 986 4576 civitatem
1000 4537 1034 4576 a
1047 4521 1324 4578 militibus
1336 4520 1674 4579 Herimanni
1685 4524 2032 4582 custoditam

2052 4308 2106 4367 D

2205 4351 2292 4403 37.
2336 4347 2569 4402 Interea
2600 4343 2919 4417 predictam
2936 4343 3141 4399 urbem
3163 4343 3314 4398 Brun
3343 4343 3708 4410 comes,frater

2132 4434 2451 4501 Guncelini,
2498 4433 2701 4489 ordine
2740 4431 2873 4486 vicis
2911 4448 3027 4486 suae
3073 4432 3464 4499 custodiebat;
3515 4435 3568 4485 et
3602 4444 3706 4484 ecce

2134 4524 2315 4599 priori
2359 4523 2473 4590 die,
2521 4538 2695 4594 quam
2739 4519 3120 4575 Herimannus
3145 4519 3505 4589 adventaret,
3527 4531 3704 4586 magna

1752 4633 1980 4691 VARLE
2016 4634 2306 4692 LECTION
2315 4631 2415 4686 ES.

501 4722 592 4757 1m
624 4712 828 4770 oﬂ'eret
875 4720 923 4772 t.
1002 4724 1096 4760 m0
1150 4720 1210 4772 at
1271 4720 1320 4773 l.
1397 4725 1490 4760 ιω
1539 4717 1870 4776 interuentu
1925 4729 2007 4782 la.
2087 4733 2179 4768 ιω

2228 4719 2575 4794 principium
2634 4721 2716 4794 -_la.
2749 4716 2992 4794 saepius,
3034 4722 3136 4794 ηρ.
3178 4714 3410 4794 qicqnid
3456 4718 3501 4770 l.
3529 4727 3699 4781 sepius.

430 4785 962 4868 "finiettpnsisla.
1041 4795 1134 4830 ιω
1153 4788 1234 4868 qd
1263 4791 1332 4868 l_..
1393 4796 1487 4868 1:"
1513 4788 1630 4868 iam
1665 4795 1713 4847 1.
1793 4795 2090 4868 1ff'llugtib
2125 4799 2177 4868 l.
2228 4784 2347 4835 ἠδε
2378 4784 2715 4868 insidiantes
2747 4784 2828 4840 la.
2908 4793 3000 4868 Lm
3029 4784 3336 4868 (μωρὸς
3359 4794 3450 4868 ίξιο
3479 4798 3616 4868 anno
3646 4808 3702 4868 -ς

429 4856 573 4914 obiit
600 4855 729 4910 add.
761 4858 818 4910 in
846 4859 958 4912 ima
980 4855 1226 4933 margine
1278 4859 1360 4914 ib.
1397 4857 1669 4933 omissum
1693 4869 1766 4917 est
1803 4865 1942 4921 Xmo
1974 4855 2092 4921 Em
2120 4867 2316 4928 leo,
2348 4878 2450 4933 quo
2489 4873 2628 4933 anan
2673 4858 2860 4910 ducem
2891 4855 3267 4933 Βεταήᾳνιζωη
3299 4855 3594 4933 (ιε’[ωρςιιιηῖ
3618 4865 3700 4933 cf“

427 4934 652 4999 constat.
731 4935 833 4999 mt
876 4925 1198 4985 rochole'nti
1256 4933 1340 4986 la.
1374 4931 1659 4986 rocholezi
1718 4936 1794 4991 lc.
1844 4945 1900 4989 ut
1931 4937 2038 4992 vid.
2072 4925 2420 4992 Rocholerici
2459 4932 2529 4987 A.
2569 4929 2630 4984 S.
2710 4936 2804 4968 im
2843 4927 3098 4999 seruiant
3141 4930 3235 4999 la.
3316 4935 3407 4999 tm
3438 4926 3492 4999 id
3527 4925 3601 4999 est
3629 4926 3693 4999 tq-

431 5009 523 5074 1?“
563 4997 952 5074 discuendat.
1032 5008 1125 5042 ωδ
1154 5000 1280 5055 add.
1314 5001 1396 5056 ib.
1476 5008 1570 5044 1³⁸³
1598 5008 1963 5062 communice
1993 5012 2076 5063 la.
2158 5014 2248 5048 ηδτ
2271 5005 2310 5060 h
2344 5009 2392 5058 1.
2423 5000 2562 5074 quod
2578 4999 2784 5074 pariter:
2801 5005 2957 5074 atque
2986 4997 3022 5050 li
3050 4999 3106 5050 in
3128 4997 3223 5050 hoc
3249 4997 3419 5074 cortice
3444 4994 3695 5074 ᾕρεε-ιζπε-

427 5073 575 5144 ﬁcat.
655 5076 748 5112 ωε
772 5072 958 5144 vestre
989 5087 1100 5144 que
1115 5088 1348 5144 magna
1392 5087 1512 5126 esse
1542 5080 1840 5144 expertum
1881 5083 1984 5134 est.
2019 5083 2050 5135 2
2101 5077 2170 5134 A.
2204 5075 2268 5132 S.
2346 5067 2447 5118 ωδ
2480 5074 2516 5129 i.
2551 5067 2603 5130 θ’.
2637 5069 2677 5123 f.
2713 5068 2838 5122 add.
2863 5067 2961 5124 Ία.
3042 5076 3138 5109 mo
3169 5067 3447 5122 comitens
3485 5070 3525 5117 l.
3563 5077 3692 5116 com-

1979 5219 2202 5279 ΝΟΤιΕ.

431 5143 586 5200 misit
617 5146 670 5200 2.
751 5148 843 5182 ¹²⁶¹
878 5141 1064 5197 laudae
1093 5141 1298 5198 duabus
1329 5142 1516 5198 litteris
1547 5141 1709 5200 erasis
1741 5151 1790 5202 1.

501 5303 651 5374 (750)
693 5303 918 5374 Fratres
949 5301 1309 5374 Cunigundm
1337 5302 1740 5374 imperatricis.

502 5372 652 5440 (7ὕ1)
696 5373 780 5430 Cf.
816 5372 1446 5445 Sigebert.’Gen1blac._,
1479 5392 1528 5429 a.
1565 5380 1721 5432 1009.

432 5516 450 5567 1
845 5445 946 5515 ita,
974 5445 1073 5501 sed
1103 5445 2037 5522 aNortmannis.Conf.Alpertum

431 5585 648 5730 mg?)
689 5585 950 5645 Fortasse
995 5589 1372 5658 Odernheim,
1406 5587 1558 5646 inter
1588 5590 1948 5666 Oppenheim
1979 5597 2036 5650 et

2209 5311 2358 5374 (754)
2402 5302 2786 5374 Lotharingiae
2813 5300 3143 5374 superioris.

2208 5360 2379 5451 (πεδί-
2397 5377 2562 5451 Forte
2583 5360 2709 5451 fuit
2746 5360 3266 5451 castéllu_m,_cujus
3308 5366 3503 5421 rudera
3535 5360 3680 5415 adhuc

2136 5440 2320 5521 prope
2342 5440 2706 5521 'Saalfeldum
2736 5442 3191 5521 cqnspiciuntur.
3222 5440 3354 5521 lius:
3426 5505 3492 5521 η,

2266 5501 2377 5589 tibi
2399 5501 2483 5574 lita
2511 5521 2567 5572 et
2594 5518 2744 5570 Ann.
2777 5501 3107 5589 Quédlinb,
3142 5528 3196 5589 a.
3224 5512 3380 5589 1009:
3407 5501 3678 5589 'Ibiqaefsf.

2138 5592 2196 5648 in
2213 5569 2725 5660 Francia—veracia
2741 5569 2941 5652 aestate,
2960 5569 3119 5640 rediit
3142 5585 3198 5638 in
3214 5569 3505 5638 Samnium:
3528 5569 3674 5627 Novi).

2139 5667 2192 5734 3,
2220 5663 2406 5720 adhuc
2430 5659 2538 5718 fuit
2565 5659 2918 5714 Wormatiaa.
