3994 6180
239 430 362 490 1341

1475 434 1894 495 CHRONICON.
1931 467 2004 482 --
2040 439 2172 497 LIB.
2210 439 2300 497 Vl.

3409 447 3546 505 1342

241 558 428 630 agnita
463 563 593 624 im,-
614 560 668 615 οι
681 557 1013 630 precandum
1036 556 1478 631 (f.l25)mmtm
1495 575 1638 618 nunc
1653 563 1840 634 εὐψυ-
1863 555 1921 620 Δ
1953 576 2092 636 pere
2139 560 2432 638 carpebat,
2489 558 2644 622 bona
2696 579 2940 640 quaeque
2991 564 3253 623 laudans.
3285 565 3410 624 Non
3435 565 3549 625 fuit

240 647 431 702 lariter
440 649 579 703 scire
595 649 851 705 desidero.
882 651 928 704 Α
949 649 1154 720 quibus
1169 650 1278 704 hoc
1300 667 1479 704 unum
1497 651 1727 724 percepi
1747 667 1837 706 re-

233 753 518 809 sponsum
547 754 561 792 :
588 737 926 792 Walter-dum
947 739 1165 793 nobisin
1189 739 1465 793 dominum
1481 748 1529 795 et
1548 740 1839 795 archt‘dnti-

230 827 410 880 slitem
426 826 689 898 eligimus.
724 827 823 881 Hic
857 831 995 882 tunc
1026 828 1403 895 conﬁrmatis,
1445 831 1540 884 ille
1570 829 1832 897 surrexit,

231 918 288 969 et
329 930 528 970 coram
559 918 879 987 prostratus
911 916 1132 971 veniam
1167 917 1350 988 petiit,
1381 917 1632 972 divinam
1656 917 1836 971 inter-

228 1004 457 1075 pellans
481 1002 781 1075 pietatem,
810 1008 873 1059 ut
897 1005 1021 1059 huic
1056 1006 1222 1060 nobis
1247 1007 1518 1061 omnibus
1553 1006 1833 1061 retribue-

229 1108 292 1147 re
324 1092 684 1163 dignaretur,
706 1095 764 1147 et
785 1109 818 1147 a
846 1110 947 1148 sua
959 1097 1124 1164 parte
1146 1095 1300 1148 bona
1321 1094 1587 1164 promisit
1613 1094 1831 1149 omnia.

227 1180 385 1234 Tunc
416 1195 524 1251 ego
547 1196 642 1234 me
661 1179 947 1235 inclinans
976 1183 1174 1254 rogavi
1207 1199 1339 1236 eum
1369 1199 1470 1254 per
1492 1198 1706 1237 nomen
1731 1184 1836 1237 Do-

230 1267 378 1324 mini
408 1270 469 1322 et
491 1284 594 1340 per
618 1285 768 1324 verae
803 1269 1181 1326 fraternitatis
1211 1287 1495 1337 amorem,
1533 1274 1596 1325 ut
1644 1271 1836 1326 recole-

226 1355 326 1411 siaa
361 1354 605 1411 meimet
633 1356 950 1412 admodum
980 1343 1311 1429 despoliatae
1341 1358 1702 1430 parrochiam
1731 1357 1836 1414 sibi

221 1445 375 1515 juste
415 1444 805 1516 pertinentem
828 1446 872 1500 si
901 1448 974 1502 ad
1004 1449 1157 1502 hunc
1185 1448 1512 1520 perveniret
1525 1449 1832 1519 honorem,

227 1532 553 1599 restituere,
577 1535 638 1587 at
655 1533 760 1588 sibi
777 1535 927 1590 hanc
945 1551 1091 1609 cum
1116 1535 1238 1590 aliis
1260 1537 1429 1590 rebus
1458 1536 1594 1590 inde
1622 1536 1838 1590 abstra-

225 1621 334 1676 ctis
354 1621 623 1676 voluisset
637 1623 1014 1678 sacramentis
1037 1624 1293 1678 ﬁrmare.
1322 1623 1437 1678 Hoc
1468 1624 1608 1678 mihi
1631 1625 1689 1676 in
1714 1640 1841 1694 pre~

227 1708 416 1764 sentia
444 1708 706 1764 omnium
738 1709 984 1764 ﬁrmiter
1008 1711 1292 1780 promisit.
1330 1711 1566 1765 Interim
1597 1712 1839 1764 lassatus

227 1797 536 1853 abitinere
593 1799 790 1871 presul
818 1799 1051 1854 Hericus
1101 1797 1394 1864 dormivit,
1439 1801 1496 1852 et
1541 1798 1839 1870 episcopus

227 1885 394 1957 Wigo
426 1886 682 1952 veniens,
737 1887 1079 1942 electionem
1123 1891 1380 1942 nostram
1438 1886 1832 1943 consolidavit.

1940 652 2096 724 apud
2129 654 2442 710 modernos
2471 655 2616 710 ullus
2637 657 2851 727 pastor,
2885 655 2982 728 qui
3011 655 3394 712 cenfratribus
3430 653 3544 712 suis

1939 740 2280 797 familiarior
2300 748 2468 802 esset.
2504 746 2617 799 Hos
2646 744 2862 800 amavit
2891 747 3062 816 atque
3091 759 3287 800 coram
3317 742 3544 818 populis

1935 830 2188 884 laudavit
2217 840 2309 874 1³01
2367 835 2430 886 In
2461 834 2652 904 primo
2680 833 3061 889 ordinationis
3081 850 3195 888 sua!
3214 850 3367 890 anno
3390 836 3543 890 tem-

1935 918 2100 988 plum
2135 919 2384 974 Domine
2417 920 2685 974 ediﬁcare
2703 920 2872 991 cepit.
2909 920 3242 976 Presbiteris
3269 925 3326 975 et
3356 921 3544 978 diaco-

1935 1007 2103 1061 nibus
2129 1007 2396 1064 vestitum
2416 1009 2626 1064 suimet
2646 1014 2678 1066 8
2700 1009 2867 1075 siclis,
2883 1008 3326 1078 subdiaconibus
3344 1014 3540 1066 autem

1935 1097 1994 1150 et
2021 1096 2339 1151 infantibus
2363 1099 2514 1167 (770)
2544 1101 2579 1153 4
2609 1099 2860 1154 adauxit.
2905 1099 3020 1153 Nisi
3051 1099 3357 1154 inﬁrmitas
3385 1099 3540 1155 obSi-

1937 1187 2132 1251 steret,
2166 1185 2325 1239 omni
2382 1185 2474 1240 die
2502 1186 2736 1241 missam
2767 1191 2826 1242 et
2855 1188 3190 1258 psalterium
3244 1186 3538 1257 cantavit;

1936 1276 1994 1326 et
2024 1273 2158 1344 quia
2168 1273 2440 1343 jejunare
2469 1274 2542 1330 ob
2569 1275 2971 1331 lassitudinem
3004 1291 3123 1330 non
3167 1274 3375 1347 potuit,
3419 1277 3538 1332 ele-

1936 1361 2295 1415 mosinarum
2328 1361 2698 1417 multitudine
2723 1363 2991 1417 redemit.
3048 1366 3112 1418 In
3133 1363 3339 1435 vigiliis
3368 1379 3542 1436 supra

1936 1449 2180 1502 modum
2215 1448 2460 1516 laboret,
2495 1451 2554 1503 et
2575 1449 2709 1521 quia
2738 1466 2946 1520 parum
2981 1452 3331 1507 manducare
3348 1452 3541 1521 (£126)

1938 1537 2012 1591 ob
2070 1535 2477 1592 inﬁrmitatem
2517 1538 2780 1593 dentium
2841 1539 3050 1609 potuit,
3095 1542 3237 1610 potu
3282 1538 3544 1612 quamvis

1937 1623 2218 1679 mediocri
2242 1625 2410 1679 facile
2441 1626 2706 1680 saciatur.
2756 1627 2983 1681 Nobiles
3014 1642 3227 1698 genere
3283 1629 3342 1681 et
3372 1626 3546 1683 mori-

1939 1713 2044 1767 bus
2072 1711 2305 1779 amavit,
2335 1713 2619 1784 ignobiles
2657 1717 2853 1768 autem
2885 1729 3003 1769 non
3043 1715 3412 1786 contempsit,
3443 1716 3544 1772 sed

1939 1800 1998 1854 in
2025 1817 2127 1855 sua
2157 1801 2550 1856 familiaritate
2577 1817 2694 1856 non
2730 1810 2825 1844 180!
2857 1801 3351 1858 habuit.Cultores
3381 1802 3542 1858 Chri-

1939 1890 2008 1943 sti
2033 1889 2249 1957 dilexit,
2284 1893 2718 1962 contemptores
2743 1893 2937 1945 autem
2973 1892 3094 1961 ejus
3139 1891 3296 1962 justo
3347 1906 3546 1964 perse-

224 1973 468 2028 Mittitur
520 1991 554 2029 a
580 1975 748 2030 nobis
779 1977 1200 2030 omuibustunc
1227 1979 1415 2030 custos
1443 1975 1712 2031 aecclesiaa
1728 1977 1834 2028 Re-
1862 1968 1913 2026 B
1938 1978 2132 2050 quitur
2163 1978 2316 2033 odio.
2357 1979 2564 2033 Omnia
2593 1979 2701 2033 sibi
2732 1979 3003 2034 divinitus
3037 1979 3347 2034 commissa
3376 1995 3546 2035 exco-

227 2061 440 2133 dingus
480 2069 574 2106 1m
630 2063 702 2117 ad
736 2081 959 2136 regem,
985 2067 1048 2119 ut
1077 2081 1306 2118 memor
1336 2063 1570 2118 Domini
1599 2067 1658 2117 et
1686 2063 1833 2118 anti-

226 2167 360 2222 qua
392 2151 808 2222 promissionis,
841 2153 886 2207 si
917 2169 1195 2225 umquam
1227 2153 1305 2207 sic
1335 2151 1834 2218 accidisset,fami-

224 2240 371 2294 liam
400 2240 582 2295 sancti
614 2241 868 2296 Mauricii
906 2242 1172 2296 orbatam
1205 2244 1264 2295 et
1283 2240 1454 2295 nimis
1471 2240 1694 2295 tristem
1715 2244 1836 2294 tan-

224 2331 284 2382 to
321 2331 486 2398 patre
515 2329 800 2382 consolari
822 2329 1116 2383 voluisset.

297 2417 390 2472 43.
413 2414 628 2471 Sonata
653 2416 778 2487 jam
798 2417 989 2488 prima
1013 2418 1204 2472 Ericus
1239 2419 1475 2473 antistes
1495 2417 1748 2489 evigilat,
1780 2421 1839 2472 et

225 2503 470 2558 missam
489 2520 593 2576 pro
620 2504 906 2559 defunctis
937 2506 1208 2561 cantavit.
1264 2508 1397 2561 Post
1432 2505 1836 2578 euvangelium

226 2593 451 2657 autem,
479 2592 550 2646 ad
574 2591 713 2663 quid
740 2601 834 2635 1m
861 2608 958 2647 rex
977 2610 1107 2648 eum
1125 2595 1236 2648 huc
1263 2594 1538 2660 mitteret,
1556 2593 1836 2665 presenti-

234 2679 348 2735 bus
384 2679 656 2745 innotuit,
687 2682 745 2734 et
773 2680 1044 2736 defuncto
1088 2683 1494 2753 archipresule,
1527 2681 1839 2737 absolutio-

233 2783 379 2823 nem
397 2767 695 2822 nobiscum
714 2767 943 2833 fecit,et
964 2770 1035 2824 ab
1057 2769 1326 2825 omnibus
1350 2770 1472 2823 ﬁeri
1508 2769 1834 2840 postulavit.

230 2854 601 2910 Tertiaenim
634 2859 771 2910 tunc
803 2857 922 2912 dies
937 2861 1081 2926 erat,
1117 2875 1230 2929 qua
1259 2858 1522 2912 sacerdos
1552 2857 1839 2929 predictus

241 2943 494 3010 obierat,
525 2960 652 3015 quae
667 2961 797 3000 cum
811 2945 1057 3017 septima
1077 2949 1247 3018 atque
1269 2945 1557 3000 tricesima
1578 2946 1634 3000 in
1649 2945 1840 2999 unius-

231 3031 518 3104 cujusque
541 3033 723 3088 ﬁdelis
739 3033 1001 3088 m'exitu
1041 3038 1126 3090 est
1143 3034 1485 3089 memoriter
1534 3034 1608 3089 ob
1647 3033 1839 3087 miste-

228 3121 391 3175 rium
425 3121 483 3175 in
509 3137 569 3176 se
600 3121 904 3177 continens
932 3123 1300 3190 celebranda,
1326 3123 1385 3178 id
1414 3126 1499 3177 est
1540 3123 1615 3178 ob
1660 3123 1836 3177 ﬁdem

227 3213 453 3265 sanctae
487 3210 773 3265 trinitatis
801 3213 860 3264 et
887 3211 1286 3283 septiformem
1335 3211 1621 3282 spiritum.
1668 3214 1746 3267 Ac
1771 3211 1833 3282 (f.

226 3297 609 3398 125’)‘deh.inc
647 3313 854 3396 corpus
901 3299 1271 3354 benedictum
1303 3317 1483 3372 usque
1520 3300 1594 3354 ad
1645 3301 1834 3398 locum
1861 3337 1909 3398 Ο

226 3385 527 3457 sepulchri
548 3385 804 3441 carmine
827 3389 886 3440 et
906 3389 1141 3457 planctu
1158 3395 1253 3430 “97
1277 3388 1555 3453 defertur,
1587 3403 1650 3442 ac
1674 3381 1832 3460 posi-

228 3478 364 3528 tum
397 3477 484 3528 est
521 3473 864 3529 occidentali
896 3479 1058 3547 parte
1087 3475 1146 3530 in
1177 3477 1353 3531 choro
1395 3480 1530 3531 ante
1562 3477 1830 3549 criptam,

223 3577 412 3634 quam
428 3561 548 3634 ipse
569 3561 704 3617 fecit
721 3565 779 3618 et
799 3564 1173 3631 consecravit,
1207 3567 1265 3619 et
1287 3565 1347 3619 in
1381 3581 1495 3636 qua
1520 3581 1599 3631 se,
1632 3581 1834 3637 quam-

226 3649 334 3704 diu
363 3649 518 3716 vixit,
570 3666 767 3705 coram
815 3651 983 3706 altari
1012 3653 1236 3722 rogavit
1265 3653 1520 3724 sepeliri;
1551 3653 1644 3708 ubi
1676 3653 1832 3709 idem

221 3737 619 3794 lacrimabiles
632 3737 768 3811 Sepe
788 3739 990 3794 effudit
1010 3740 1320 3795 orationes.
1345 3741 1459 3796 Sed
1476 3741 1832 3796 Waltherdus

223 3827 431 3882 locum
447 3826 622 3891 hunc,
645 3827 703 3882 in
727 3844 842 3900 quo
870 3845 1025 3883 nunc
1039 3825 1262 3900 pausat,
1295 3829 1430 3900 quia
1459 3845 1574 3885 non
1597 3837 1691 3872 im
1710 3832 1836 3884 erat

224 3915 552 3978 dedicatus,
567 3914 779 3972 animae
797 3918 1085 3972 salubrem
1099 3920 1157 3972 et
1171 3916 1596 3974 introeuntibus
1617 3919 1835 3974 cunctis

223 4003 683 4073 conspicabilem
723 4005 930 4059 dilecto
963 4004 1174 4060 suimet
1194 4005 1407 4061 seniori
1423 4005 1691 4076 providit.
1722 4006 1836 4061 Sed

224 4090 370 4163 quia
389 4091 541 4146 beati
568 4107 772 4146 omnes
793 4090 1097 4147 virtutibus
1115 4093 1228 4147 suis
1248 4109 1379 4147 cum
1402 4101 1497 4136 1m
1517 4092 1739 4148 Christo
1756 4094 1833 4148 vi-

225 4182 395 4246 vunt,
424 4179 564 4233 etin
590 4180 701 4234 hoc
724 4181 914 4234 seculo
942 4179 1186 4251 scriptis,
1212 4197 1328 4234 non
1351 4183 1438 4235 est
1456 4181 1677 4236 bonum
1694 4185 1840 4252 tanti

225 4266 411 4341 patris
441 4267 698 4322 inclitam
730 4267 1236 4323 conversacionem
1249 4267 1475 4324 silentio
1497 4273 1717 4341 tegere,
1739 4269 1840 4324 sed

223 4355 489 4412 veritatis
516 4356 641 4411 luce
665 4356 934 4411 omnibus
953 4355 1221 4427 proﬁcuis
1249 4355 1838 4424 innotescere,—erat

224 4445 323 4500 hic
346 4444 536 4514 justus
565 4448 624 4500 et
653 4444 960 4499 timoratus
979 4462 1044 4499 ac
1078 4443 1242 4499 mirae
1263 4444 1537 4512 caritatis,
1565 4447 1764 4517 largus
1780 4448 1839 4500 et

225 4531 438 4600 ﬁdelis,
469 4535 654 4587 castus
679 4548 744 4587 ac
774 4532 948 4599 mitis,
968 4533 1219 4605 prudens
1242 4536 1300 4586 et
1323 4532 1558 4599 stabilis,
1598 4533 1835 4588 canoni-

225 4637 327 4675 cus
351 4628 449 4662 ηοο
479 4620 700 4686 habitu,
731 4619 831 4673 sed
863 4621 1183 4674 monachus
1208 4620 1266 4673 in
1318 4620 1483 4675 omni
1528 4636 1836 4675 conversa-

1935 2066 2043 2120 luit
2082 2069 2139 2120 et
2169 2066 2377 2120 lucrari
2417 2066 2732 2121 contendit.
2776 2068 3102 2139 Antequam
3153 2066 3411 2123 divinum
3443 2083 3548 2140 pe-

1934 2157 2168 2224 rageret
2199 2153 2521 2208 misterium
2554 2163 2672 2221 1808,
2706 2170 2933 2210 severus
2961 2155 3101 2224 fuit;
3149 2157 3208 2210 et
3245 2160 3376 2226 post
3419 2171 3544 2211 om-

1935 2243 2103 2297 nibus
2131 2243 2330 2297 hilaris
2359 2242 2570 2309 arrisit,
2604 2247 2663 2298 et
2686 2259 2926 2316 persepe
2948 2259 3079 2298 cum
3101 2243 3216 2298 suis
3247 2243 3541 2299 kirielison

1936 2332 2204 2386 cantavit.
2238 2332 2470 2402 Nequeo
2501 2347 2564 2385 ex
2613 2335 2779 2401 parte
2819 2347 2950 2387 mea
2983 2347 3315 2397 numerare,
3356 2348 3545 2404 quan-

1936 2422 2061 2473 tum
2093 2418 2322 2490 pietatis
2354 2435 2566 2472 munus
2622 2417 2765 2472 mihi
2817 2419 3058 2490 indigno
3106 2419 3412 2474 studuisset
3435 2419 3544 2474 im-

1939 2507 2227 2580 pendere;
2262 2507 2373 2560 hoc
2395 2509 2622 2560 tantum
2655 2506 2793 2572 scio,
2827 2507 2984 2578 quod
3012 2521 3335 2578 numquam
3356 2506 3436 2560 illi
3459 2507 3543 2560 di-

1938 2610 2056 2665 gna
2083 2593 2556 2648 remuneratione
2587 2594 2656 2647 de
2671 2593 2779 2648 hiis
2794 2593 3090 2664 respondi.
3113 2592 3542 2658 Obedientiam,

1938 2697 2115 2754 quam
2133 2698 2202 2737 eo
2216 2691 2310 2724 ιιοι
2332 2683 2559 2753 suisque
2572 2681 2990 2738 successoribus
3010 2682 3069 2736 in
3107 2682 3543 2738 examinacione

1938 2769 2200 2840 promisi,
2235 2769 2479 2823 minime
2506 2768 2837 2838 adlmplevi.
2867 2769 3210 2840 Harnaburg
3231 2772 3288 2824 et
3312 2771 3542 2826 Frasam

1939 2873 2005 2912 ac
2039 2858 2256 2912 Pretini
2273 2859 2426 2927 (771)
2447 2857 2617 2911 urbes
2637 2873 2767 2911 cum
2785 2859 2945 2911 curta
2967 2873 3101 2922 una,
3127 2873 3256 2928 quae
3280 2857 3543 2912 Eseconis

1938 2944 2047 2999 fuit
2065 2941 2311 3011 comitis,
2339 2959 2456 2999 sua:
2481 2943 2776 3014 acquisivit
2796 2943 3070 2998 ecclesiae
3090 2944 3264 3013 (772).
3285 2945 3545 3016 Appara-

1936 3035 2065 3087 tum
2077 3032 2467 3104 episcopalem
2494 3031 2630 3086 satis
2651 3032 2915 3102 egrejum
2949 3035 3006 3084 et
3031 3031 3372 3086 afﬂuentem
3406 3048 3542 3087 con-

1939 3120 2258 3192 gregavit.8
2270 3135 2453 3175 annos
2464 3124 2521 3174 et
2534 3135 2760 3174 menses
2781 3123 2814 3174 4
2827 3121 2885 3173 et
2897 3120 2928 3174 8
2941 3118 3062 3173 dies
3077 3120 3347 3174 columna
3363 3121 3543 3175 eccle-

1937 3207 2032 3264 siae
2046 3208 2607 3274 sedebat,cadens,ut
2617 3203 3288 3279 predixi,presentialiter
3306 3225 3319 3275 ;
3338 3207 3440 3263 sed
3453 3207 3537 3263 in-

1935 3297 2134 3351 visibili
2163 3297 2380 3369 templo
2409 3295 2640 3352 Domini
2671 3296 2952 3350 translata
2970 3299 3170 3350 manet
3189 3294 3539 3367 perpetuali-

1936 3387 2043 3440 ter.
2061 3384 2278 3440 Eodem
2296 3383 2388 3439 die
2400 3385 2720 3454 Vungerus,
2765 3382 3168 3438 Posuaniensis
3189 3383 3417 3438 cenobii
3440 3398 3544 3456 pa-

1933 3477 2075 3541 stor,
2094 3473 2471 3529 consacerdos
2500 3489 2632 3527 suus
2655 3475 2716 3526 et
2732 3471 3155 3544 suﬁ‘raganeus,
3198 3475 3266 3529 30
3309 3471 3545 3528 ordina-

1933 3561 2106 3617 tionis
2121 3569 2350 3618 suae1m
2370 3577 2524 3616 anno
2546 3561 2709 3616 obiit.
2736 3561 2899 3615 Nunc
2923 3561 3046 3615 haec
3068 3560 3220 3615 dicta
3241 3560 3544 3625 sufﬁtiant,

1933 3654 1992 3707 et
2040 3651 2112 3706 de
2143 3668 2256 3723 quo
2289 3649 2435 3705 mihi
2475 3665 2627 3704 nunc
2662 3666 2858 3704 sermo
2894 3653 3001 3715 est,
3034 3649 3284 3720 amplius
3319 3651 3544 3722 loquar.

2003 3742 2095 3794 44.
2120 3739 2410 3809 Redingus
2432 3737 2505 3792 ad
2521 3752 2723 3808 regem
2742 3737 2999 3802 veniens,
3016 3736 3367 3807 legationem
3379 3753 3544 3794 suam

1933 3826 2264 3897 suppliciter
2302 3825 2563 3894 profert;
2598 3829 2656 3880 et
2685 3823 2947 3896 quamvis
2982 3823 3181 3890 ardue,
3212 3827 3409 3878 tamen
3441 3823 3544 3879 de-

1935 3914 2186 3970 siderata
2212 3913 2277 3985 (f.
2312 3915 2453 3980 126,)
2479 3911 2825 3984 impetrans,
2847 3925 2951 3984 per
2967 3910 3544 3967 internuntiumWal-

1939 4003 2190 4066 tardum,
2240 4001 2299 4055 in
2353 4000 2608 4072 exequiis
2658 3999 2851 4055 dilecti
2905 3997 3146 4054 senioris
3200 3998 3542 4065 studiosum,

1939 4091 2118 4146 etiam
2143 4093 2212 4146 20
2236 4091 2456 4146 talenta
2482 4088 2710 4160 argenti
2727 4087 3050 4153 Thiedrico,
3077 4086 3278 4158 nepoti
3308 4100 3463 4154 meo,
3482 4087 3541 4143 in

1942 4177 2323 4234 elemosinam
2373 4179 2610 4249 excepto
2660 4177 2811 4231 victu
2844 4173 3210 4246 largientem,
3269 4177 3455 4231 vocat.
3502 4173 3544 4229 Ε

1943 4283 2053 4338 ego
2067 4267 2257 4336 jussus
2284 4265 2480 4320 venire
2509 4264 2915 4336 proﬁciscebar
2944 4279 3075 4318 cum
3103 4278 3195 4329 eo,
3227 4276 3292 4317 ac
3339 4261 3398 4316 in
3423 4262 3547 4318 sab

1941 4355 2075 4410 bato
2103 4353 2355 4410 Gronam
2385 4354 2530 4425 (773)
2554 4368 2682 4407 sero
2713 4351 2997 4406 venimus.
3047 4351 3170 4406 Mox
3216 4349 3275 4406 in
3307 4365 3548 4421 presen-

1939 4444 2081 4498 tiam
2125 4442 2276 4513 regis
2307 4441 2628 4508 venientes,
2685 4437 3141 4495 misericorditer
3197 4437 3545 4511 suscipieba-

1940 4548 2090 4598 mur,
2119 4533 2176 4586 et
2196 4545 2379 4603 pauca
2403 4532 2627 4584 locutus
2646 4543 2766 4598 rex,
2798 4543 2907 4582 nos
2955 4527 3028 4582 ad
3082 4525 3406 4598 hospicium
3459 4527 3544 4583 ire

1936 4618 2216 4691 permisit.
2245 4616 2647 4672 Castrametati
2679 4615 2835 4670 enim
2868 4619 3004 4669 tunc
3034 4629 3231 4670 sumus
3257 4618 3420 4671 extra
3448 4630 3548 4670 ur-

226 4709 391 4764 tione
413 4724 535 4762 sua.
565 4707 720 4762 Vicia
745 4707 803 4761 in
835 4707 1051 4762 cunctis
1107 4708 1182 4762 ob
1237 4708 1714 4763 melioracionem
1751 4726 1834 4763 as-
1858 4703 1911 4762 D
1935 4709 2070 4763 bern
2099 4709 2157 4761 et
2180 4706 2345 4776 juxta
2374 4707 2589 4772 lucum,
2623 4703 2717 4760 ubi
2750 4704 2925 4760 modo
2961 4702 3144 4760 sancti
3170 4704 3261 4759 est
3291 4701 3547 4760 ecclesia

1551 4846 1778 4901 VARUE
1819 4845 2109 4902 LECTION
2116 4844 2218 4900 ES.

297 4980 392 5013 1m
425 4970 460 5027 i.
509 4974 548 5024 t.
597 4989 650 5027 a.
700 4971 824 5026 add.
872 4971 952 5026 lb.

1032 4978 1125 5012 ηπ
1175 4970 1481 5040 reedignus
1537 4974 1556 5025 1
1621 4970 1783 5026 altera
1828 4988 1860 5026 e
1904 4987 2076 5028 eraso.
2155 4976 2250 5012 “9°

2294 4965 2435 5041 quid
2487 4971 2538 5041 1.
2618 4969 2738 5009 1296'
2775 4964 2902 5024 add.
2949 4965 3030 5020 Ib.
3075 4971 3204 5041 __m7
3243 4965 3448 5041 plantu
3483 4971 3533 5024 1.

225 5051 322 5118 ωε
343 5035 460 5115 ἤδη
480 5046 497 5097 1
519 5085 532 5098 .
572 5042 712 5118 quod
738 5040 1022 5118 θείᾳωὲᾳυί
1046 5044 1176 5096 ante
1205 5035 1512 5118 (θαίῥολςςεί.
1590 5049 1683 5084 im
1710 5058 1842 5118 cum
1867 5049 1962 5118 aut
1985 5045 2110 5118 tum
2144 5043 2192 5096 1.
2263 5035 2368 5118 ,1³ῑο
2390 5037 2619 5118 canicus
2646 5041 2694 5092 l.
2773 5045 2879 5118 ξξοι.
2902 5035 3138 5118 amavit,
3170 5035 3541 5118 memoraba-

220 5117 319 5168 tur
343 5108 548 5187 eorum
571 5108 790 5187 ubique
820 5113 878 5168 in
909 5108 1150 5187 bunum,
1174 5115 1231 5166 et
1259 5108 1734 5187 eos-coramrege
1760 5117 1818 5168 et
1842 5113 2194 5187 principibus
2222 5113 2281 5166 et
2312 5109 2592 5187 universis
2613 5108 3019 5187 populisintus
3040 5110 3099 5164 et
3119 5108 3365 5165 exterius
3386 5124 3540 5166 sem-

220 5197 331 5256 per
359 5184 613 5240 laudavit
641 5179 716 5242 2.’
773 5192 865 5228 1³0³
890 5197 1099 5241 erasum
1127 5185 1184 5237 in
1208 5189 1254 5239 l.
1282 5181 1373 5237 sed
1397 5189 1542 5240 extat
1570 5186 1622 5238 2.
1667 5179 1796 5226 ’1³0³
1827 5179 2083 5242 ofﬁcium
2109 5187 2162 5239 2.
2239 5190 2333 5226 ίιοι
2361 5180 2414 5237 ei
2448 5181 2559 5238 10.?
2613 5179 2727 5224 ’1³6⁸
2758 5179 2882 5237 add.
2921 5181 3012 5238 lb.

1778 5320 2002 5380 NOTE.

303 5450 429 5509 (770
478 5445 886 5502 Chorknaben.
1932 5446 2064 5502 Jan.
2098 5448 2188 5501 21.
3053 5508 3063 5519 σ

307 5445 457 5587 (771ζ
487 5517 707 5572 Prettin
737 5517 794 5570 in
827 5515 952 5587 ripa
983 5513 1301 5587 aquilonari
1331 5513 1510 5570 Albize
1529 5513 1838 5569 interWit-
1956 5586 1967 5587 ί
2013 5517 2154 5587 (773)
2181 5515 2413 5570 Gronau
2456 5530 2638 5587 prope
2684 5511 2943 5587 fluviu_m__
2973 5511 3233 5578 Leinam,
3253 5509 3420 5587 ju__xta
3449 5510 3510 5587 Hi

307 5511 457 5587 (771)
487 5517 707 5572 Prettin
737 5517 794 5570 in
827 5515 952 5587 ripa
983 5513 1301 5588 aquilonari
1331 5513 1510 5570 Albize
1529 5513 1838 5569 interWit-
2013 5517 2154 5585 (773)
2181 5515 2413 5570 Gronau
2456 5530 2638 5586 prope
2684 5511 2943 5592 ﬁuvium_
2973 5511 3233 5578 Leinam,
3253 5511 3420 5594 juxta
3449 5511 3540 5593 Hi-

229 5585 580 5660 tenberg__et
600 5587 846 5660 fl‘orgau.
1034 5655 1044 5660 _
1281 5659 1288 5660 γ
1395 5657 1402 5660 _
1499 5656 1530 5660 __
1939 5586 2448 5660 desheim,_unu_m_
2469 5584 2724 5660 quinque
2744 5656 2754 5660 _
2772 5584 3121 5660 palatiorum
3147 5583 3448 5660 regalium
3473 5599 3536 5637 in

309 5655 474 5731 (772)
488 5657 552 5715 ν.
583 5655 900 5732 diplomata
924 5655 1098 5731 regis,
1132 5674 1166 5713 θ.
1201 5659 1357 5726 1000,
1377 5656 1557 5731 April.
1585 5663 1648 5727 7;
1676 5660 1833 5726 1012,

1939 5580 2218 5654 desheim,
2251 5601 2433 5640 unum
2456 5580 2476 5586 ’
2550 5580 2606 5640 in
2653 5601 2724 5639 ue
2772 5580 3121 5653 palatiorum
3165 5580 3448 5656 regalium
3473 5582 3536 5637 in

1939 5657 2207 5713 Saxonis.
2225 5600 2839 5713 VKWeddiilluleeten
2867 5653 2936 5713 ll.
2970 5667 3108 5713 vel.
3141 5654 3247 5711 860
3270 5669 3358 5713 ea.

1939 5653 2839 5722 Smenie.'V.WedeldudNeten
2867 5653 2936 5723 ll,
2970 5667 3108 5726 pag.
3141 5653 3256 5711 366
3270 5669 3358 5726 sq.
