3954 6180
201 341 324 402 1389

1391 333 1845 398 ’CHBONICCN.
1888 367 1962 388 -
2003 337 2132 396 LIB.
2171 338 2260 397 VI.

3390 350 3409 402 1
3423 347 3528 416 350

195 469 384 524 ratione
412 475 553 526 mem
596 458 732 530 regis
762 456 1002 522 alienata
1029 465 1103 518 est
1125 475 1163 522 α
1187 457 1364 527 vobis,
1407 473 1464 516 eo
1501 458 1642 536 quod
1667 467 1790 531 post
1809 465 1865 544 ᾼ
1882 474 2078 524 carem
2106 459 2398 536 indignus,
2415 458 2894 534 inMagadaburg
2918 458 3194 534 primitus
3215 463 3276 523 id
3293 471 3519 542 rescivi,

195 548 565 608 ordinationem
620 553 859 604 vestram
916 552 1108 608 contra
1170 565 1288 604 eum
1349 547 1517 602 multa
1583 551 1796 619 operari

194 639 539 694 studuissetz's?
582 638 649 691 Et
678 637 772 690 ille
804 653 817 690 :
855 635 1070 691 Credite
1109 638 1264 703 mihi,
1307 637 1536 702 obsecro,
1578 638 1790 703 credite,

197 727 569 799 ingeminans,
597 728 727 799 quia
760 729 816 780 in
860 727 959 780 hoc
1007 726 1286 799 culpabilis
1321 743 1430 782 non
1474 743 1616 784 sum.
1649 727 1792 782 Cum

197 819 376 874 autem
431 814 760 888 percontari
821 816 978 870 hunc
1035 816 1260 883 vellem,
1316 831 1418 870 cur
1463 817 1623 870 tanto
1680 815 1791 869 cito

197 903 408 970 obierit,
429 902 719 974 .evigilavi,
756 906 814 956 et
842 903 956 957 hoc
982 902 1129 957 scire
1159 920 1275 958 non
1304 902 1464 959 licuit
1495 902 1794 957 mihi..Ac-

193 992 307 1064 cepi
345 995 469 1064 post
505 1008 539 1046 a
565 991 862 1046 veracibus
890 999 1006 1058 ιω,
1053 991 1208 1062 quod
1239 991 1288 1046 is
1318 999 1411 1033 125°
1437 990 1496 1044 in
1528 991 1791 1046 omnium

197 1079 736 1134 commemoratione
749 1081 1087 1136 sanctorum
1109 1079 1315 1136 divinis
1336 1081 1793 1150 elementerpre-

195 1167 395 1224 sentari
426 1169 749 1222 mereretur
795 1167 1112 1222 obtutibus.
1167 1167 1350 1223 Omne
1399 1167 1553 1239 quod
1594 1167 1664 1222 de
1695 1167 1791 1222 illo

199 1254 320 1320 dixi,
350 1271 462 1314 non
495 1255 565 1312 de
589 1254 824 1328 speciali
845 1256 1046 1327 aliqua
1065 1256 1274 1312 suimet
1299 1256 1538 1312 caritate
1555 1255 1789 1328 protuli,

197 1342 318 1416 quia
332 1359 525 1398 verum
551 1347 654 1409 est,
678 1345 838 1415 quod
869 1348 1008 1400 ante
1030 1345 1498 1400 benedictionem
1517 1361 1682 1398 suam
1697 1353 1792 1387 1³⁵0

200 1429 546 1486 mediocriter
575 1431 775 1486 dilexit
804 1447 922 1500 me,
957 1435 1017 1486 et
1047 1433 1121 1487 ob
1153 1432 1551 1488 defensionem
1583 1431 1794 1488 suimet

199 1518 446 1573 ecclesia:
491 1519 714 1590 inpedit
764 1520 953 1574 multa
994 1536 1162 1575 meae.
1196 1519 1463 1575 Veritatis
1509 1521 1697 1592 gratia
1735 1525 1794 1575 et

199 1603 471 1677 obprobrii
488 1607 561 1662 ob
583 1607 972 1662 mutationem
995 1606 1396 1680 subsequuturi
1433 1608 1555 1662 haec
1570 1609 1793 1666 locutus

199 1710 332 1762 sum,
359 1695 584 1752 minora
608 1713 784 1768 quam
815 1696 880 1768 (f.
915 1696 1063 1767 131’)
1099 1695 1338 1762 fuerint,
1383 1695 1520 1767 quia
1561 1699 1691 1767 post
1731 1713 1791 1752 se

1894 552 1954 612 et
1981 565 2114 605 mox
2144 549 2215 605 ad
2247 549 2512 622 reginam
2542 547 2824 604 velociter
2845 547 2982 604 abii.
3013 549 3230 609 Omnes
3261 573 3370 613 nos
3386 576 3524 617 con-

1895 637 2272 709 provinciales
2290 639 2454 709 juxta
2499 638 2744 694 Mildam
2777 637 2984 692 sedere
3015 642 3074 694 et
3103 641 3178 697 ad
3207 644 3524 710 adventum

1894 725 2046 796 regis
2075 725 2197 780 haec
2223 726 2422 782 omnia
2447 725 2791 799 providere,
2825 725 2898 780 ab
2931 743 3000 782 ea
3023 728 3167 799 jussi
3193 750 3412 793 sumus.
3432 741 3526 795 In-

1893 811 2066 868 terim
2100 830 2198 868 rex
2224 814 2296 868 ab
2326 814 2702 884 expeditione
2738 814 3085 874 occidentali
3115 824 3448 893 revertitur,
3469 833 3526 884 et

1894 901 2260 956 Gerenonem
2285 905 2434 974 (789)
2468 901 2686 965 suimet
2713 905 3086 974 capellanum
3107 926 3329 982 ponere
3351 913 3411 968 in
3435 932 3526 971 va-

1896 1004 2068 1043 cuum
2098 997 2192 1032 1³⁸⁸
2223 993 2487 1046 conatur.
2523 991 2665 1046 Huic
2721 993 2918 1063 presul
2948 994 3181 1053 Hericus
3213 1015 3523 1060 occurrens

1896 1078 2429 1148 etimlegationem
2455 1087 2550 1121 ηδτ
2562 1096 2737 1134 suam
2766 1088 2865 1123 1³⁸0
2889 1084 3174 1154 aperiens,
3207 1105 3326 1144 non
3349 1107 3519 1147 exau-

1896 1165 2071 1222 ditur.
2095 1166 2422 1222 Thiedricus
2447 1175 2543 1209 mo
2569 1183 2762 1246 nepos
2798 1185 2964 1224 meus
2989 1175 3128 1236 tunc
3157 1175 3232 1230 ad
3261 1176 3516 1242 Gronam

1894 1256 2127 1309 vocatus
2152 1255 2331 1322 venit,
2364 1257 2423 1309 et
2447 1271 2482 1309 a
2509 1271 2651 1326 rege
2674 1271 2788 1328 per
2812 1273 3019 1314 manus
3039 1262 3365 1336 suscipitur,
3382 1268 3516 1330 etin

1893 1341 2013 1396 vice
2039 1342 2277 1397 Geronis
2305 1343 2575 1414 deinceps
2605 1344 2885 1401 habetur.
2910 1347 2972 1401 In
3004 1349 3180 1406 natali
3209 1353 3391 1407 sancti
3407 1355 3521 1416 Ma-

1894 1430 2016 1485 thei
2059 1431 2298 1501 apostoli
2328 1429 2490 1502 (Sept.
2523 1431 2616 1504 21)
2649 1449 2752 1487 rex
2796 1433 2870 1488 ad
2905 1434 3188 1492 Sehusum
3219 1441 3378 1497 venit
3406 1458 3420 1510 ;
3462 1447 3519 1497 et

1895 1534 2005 1590 ego
2037 1517 2404 1586 accedebam,
2428 1522 2480 1573 et
2512 1536 2645 1574 cum
2671 1522 2806 1591 jam
2835 1525 3064 1594 tempus
3095 1531 3267 1596 esset,
3288 1543 3514 1584 ammo-

1896 1607 1995 1662 nui
2016 1607 2168 1663 hunc
2191 1623 2390 1664 coram
2409 1609 2631 1664 cunctis
2655 1610 3071 1681 residentibus,
3093 1618 3154 1671 ut
3181 1617 3401 1691 aliquid
3423 1628 3517 1663 1m

1895 1696 1968 1751 de
1990 1697 2293 1769 parrochia
2311 1697 2554 1754 meimet
2577 1699 2923 1772 casterisque
2940 1703 3111 1758 rebus
3130 1703 3344 1774 injuste
3364 1709 3518 1776 abla-

199 1785 484 1840 meliorem
521 1787 742 1842 nullum
774 1786 1035 1858 reliquit.
1071 1787 1207 1842 Post
1233 1785 1406 1856 hujus
1435 1786 1790 1857 sepulturam
1819 1769 1874 1838 Β
1896 1783 1968 1839 tis
1992 1788 2126 1840 ante
2159 1786 2641 1842 constitucionem
2676 1787 2739 1856 (f.
2781 1769 2917 1858 1:32’)
2954 1769 3359 1864 archipresulis
3378 1769 3514 1852 cum

197 1873 413 1930 Hericus
455 1875 688 1931 antistes
724 1893 791 1930 ex
835 1879 1037 1931 nostra
1078 1878 1243 1947 parte
1291 1874 1366 1929 ad
1404 1891 1607 1946 regem
1658 1891 1788 1929 cum

197 1966 461 2022 electione
491 1965 759 2033 mittitur,
789 1964 879 2020 cui
915 1980 1050 2018 mox
1079 1963 1387 2036 epistolam
1420 1962 1491 2018 de
1520 1962 1788 2018 mcclesim

197 2055 529 2111 detrimento
549 2069 695 2109 mea:
714 2052 1156 2124 iminscriptam
1173 2054 1231 2107 et
1251 2050 1404 2123 regis
1415 2050 1790 2106 clementiam

193 2147 614 2200 ammonentem
644 2141 927 2198 commisi.

256 2234 340 2287 48.
361 2233 590 2288 Interim
613 2232 924 2287 Bolizlavus
940 2230 1084 2302 (787)
1113 2230 1185 2284 de
1213 2244 1356 2284 nece
1386 2228 1790 2301 archipresulis

191 2325 388 2383 certus,
415 2323 764 2392 congregato
789 2319 1062 2385 exercitu,
1099 2318 1431 2384 Libusuam,
1451 2317 1521 2372 de
1538 2334 1653 2388 qua
1667 2335 1792 2389 pre-

193 2409 319 2477 dixi,
345 2409 545 2481 peciit;
576 2412 634 2462 et
648 2408 785 2480 quia
809 2407 1045 2469 sciebat,
1066 2407 1140 2461 ob
1169 2405 1512 2460 effusionem
1537 2405 1696 2460 Albis
1725 2423 1789 2460 ex

189 2502 380 2556 nostra
411 2499 574 2570 parte
596 2498 818 2552 nullum
852 2495 1092 2552 urbanis
1121 2510 1288 2566 posse
1309 2493 1383 2548 ad
1399 2493 1674 2548 auxilium
1697 2510 1791 2549 ve-

191 2585 311 2641 nire
327 2589 765 2646 castrametatus
792 2587 877 2640 est
911 2583 1010 2639 ibi.
1031 2583 1185 2638 Miles
1214 2582 1338 2653 ejus
1359 2589 1453 2624 ίεδο
1473 2581 1546 2636 ad
1575 2581 1792 2638 bellum

197 2676 454 2736 hortatus
479 2674 733 2740 accessit,
757 2677 816 2728 et
845 2673 1116 2728 defensor
1137 2671 1210 2726 ad
1240 2669 1536 2726 modicum
1560 2670 1792 2731 resistit.

194 2765 457 2835 Magnam
477 2763 635 2818 enim
665 2763 814 2817 hanc
841 2761 1046 2816 urbem
1076 2758 1155 2813 nil
1184 2757 1293 2812 nisi
1326 2758 1483 2812 mille
1527 2758 1796 2814 homines

1895 1889 1964 1929 eo
1986 1874 2253 1930 voluisset
2269 1877 2537 1930 tractare.
2563 1875 2645 1930 lbi
2671 1893 2768 1931 me
2793 1881 2931 1932 tunc
2954 1877 3135 1935 firma
3154 1880 3516 1942 suimetﬁdei

1895 1961 2208 2029 commisit,
2235 1965 2295 2017 ut
2323 1979 2454 2017 cum
2476 1962 2716 2034 justicia
2742 1969 2845 2019 aut
2871 1964 2978 2020 alie
3005 1968 3219 2024 salubri
3240 1971 3364 2027 haec
3386 1973 3516 2032 ﬁni-

1891 2052 2114 2105 rentur.
2148 2051 2382 2105 Postera
2410 2049 2505 2104 die
2530 2067 2630 2105 rex
2652 2050 2728 2106 ad
2756 2052 3151 2128 Magadaburg
3177 2057 3515 2129 veniens,in

1892 2137 2199 2192 refectorio
2231 2137 2477 2192 fratrum
2507 2155 2716 2193 omnes
2754 2156 2861 2195 nos
2886 2144 3198 2199 convenire
3231 2149 3516 2220 precepit.

1894 2225 1977 2280 Ibi
1996 2228 2134 2280 tunc
2161 2225 2340 2297 regali
2370 2226 2682 2297 peticione,
2725 2231 2785 2281 et
2815 2236 2909 2271 m9
2941 2232 3094 2287 salva
3122 2232 3180 2287 in
3213 2239 3516 2305 posterum

1895 2314 2199 2377 electione,
2224 2315 2368 2368 Gero
2396 2316 2793 2370 communiter
2823 2317 3056 2390 eligitur
3096 2320 3264 2393 (Sept.
3289 2323 3373 2395 22)
3401 2342 3415 2392 ;
3458 2329 3518 2380 et

1895 2401 1956 2456 in
1992 2402 2246 2458 mcclesia
2269 2418 2329 2456 se
2358 2401 2632 2474 primitus
2664 2404 2834 2458 altari
2864 2406 3118 2476 tradens,
3148 2414 3207 2464 et
3245 2427 3518 2468 commu-

1898 2490 2136 2545 nionem
2159 2490 2404 2545 fratrum
2439 2493 2503 2544 10
2526 2493 2748 2546 mansis
2765 2494 3072 2566 acquirens
3095 2505 3211 2566 180°,
3243 2499 3518 2556 baculum

1899 2594 2090 2649 arege
2120 2577 2342 2650 accepit
2364 2579 2756 2650 pastoralem;
2802 2583 2862 2634 et
2906 2599 3041 2640 mox
3072 2569 3518 2661 inthronizatus,

1899 2667 1971 2721 ab
2021 2667 2160 2721 Eido
2205 2670 2410 2722 unctus
2451 2668 2537 2720 est
2575 2666 2874 2742 episcOpo,
2911 2671 3080 2726 nobis
3127 2673 3518 2735 confratribus

1901 2755 2172 2827 predictis
2215 2771 2349 2809 eum
2380 2762 2474 2796 im
2499 2755 2590 2825 acti
2603 2759 2927 2815 uvantibus.
2958 2761 3328 2826 Thebeorum
3349 2765 3516 2824 festi-

195 2852 522 2917 tuebantur,
549 2851 640 2905 cui
671 2851 756 2905 vix
777 2853 868 2904 ter
892 2848 1136 2904 totidem
1157 2849 1664 2918 suppeterentmi.
1690 2849 1799 2902 Bo-
1902 2844 2044 2898 vitas
2065 2847 2388 2914 martyrum
2416 2859 2449 2896 a
2489 2858 2627 2914 rege
2658 2844 2739 2898 ibi
2764 2848 2991 2902 celebre
3021 2849 3268 2918 ducitur,
3299 2855 3358 2906 et
3385 2863 3518 2925 post,

193 2942 417 2998 lizlavus
443 2943 518 2996 ad
541 2941 849 3013 prandium
871 2939 1129 3003 sedebat,
1153 2941 1211 2991 et
1227 2937 1503 2990 satellites
1532 2953 1664 2992 suos
1673 2937 1800 3008 jam
1901 2933 2026 2985 haac
2055 2931 2128 2987 ab
2157 2930 2586 3002 archiepiscopo
2616 2935 2942 3005 magniﬁcis
2981 2938 3318 2996 muneribus
3355 2941 3513 3008 idem

195 3031 431 3086 victores
442 3031 644 3084 urbem
663 3027 888 3100 ingredi
904 3026 1162 3098 gaudens
1179 3024 1470 3080 cernebat.
1489 3025 1661 3080 Porta
1671 3042 1796 3097 ape-

1904 3037 2035 3074 cum
2066 3021 2180 3074 suis
2210 3018 2478 3074 omnibus
2505 3018 2852 3076 honoratur.
2882 3024 3020 3078 Inde
3045 3024 3128 3078 hii
3151 3033 3246 3068 1m
3275 3027 3348 3082 ad
3367 3031 3512 3088 Mer-

195 3119 332 3174 ritur
356 3123 418 3175 et
441 3119 764 3176 multorum
789 3115 1019 3187 sanguis
1044 3113 1376 3169 effunditur.
1400 3112 1714 3182 Capiuntur
1735 3131 1801 3170 ex
1833 3109 1836 3118 ’
1903 3109 2080 3179 sburg
2103 3110 2482 3180 properantes
2514 3107 2612 3162 diu
2657 3107 2739 3164 ibi
2780 3113 3120 3182 manebant,
3148 3117 3206 3169 et
3238 3132 3515 3188 procura-

192 3207 294 3264 hiis
316 3217 414 3251 ιω
433 3204 639 3278 optimi
665 3203 1006 3259 Guncelinus
1033 3219 1100 3258 ac
1121 3203 1270 3258 Wiso
1299 3209 1414 3268 nu,
1449 3203 1506 3254 et
1539 3201 1801 3272 ejusdem
1904 3197 2123 3252 tionem
2137 3196 2302 3268 regni
2325 3212 2456 3250 cum
2475 3204 2566 3238 1m
2589 3189 3516 3268 summistractabant.Erluvinus

196 3295 387 3354 infelix
433 3298 622 3350 custos
663 3292 794 3347 Scih
835 3300 928 3335 1854
962 3293 1308 3346 vulneratus.
1341 3291 1392 3344 ls
1418 3306 1670 3363 namque
1704 3308 1800 3347 ur-
1905 3285 2338 3342 Camaracensis
2363 3293 2458 3328 1m
2490 3284 2794 3358 episcopus
2825 3289 2882 3344 in
2915 3290 3024 3346 hoc
3054 3309 3230 3361 anno,
3264 3311 3328 3352 ac
3363 3297 3513 3354 Con-

193 3384 343 3453 hom,
370 3398 805 3458 quamcumque
833 3397 1112 3454 umquam
1145 3380 1218 3435 ad
1250 3378 1529 3436 tuendum
1561 3380 1799 3452 accepit,
1905 3374 2078 3430 radus
2101 3378 2160 3429 et
2188 3373 2573 3429 Herimannus
2599 3390 2745 3445 puer
2778 3377 2948 3434 duces
2979 3380 3198 3452 egregi,
3242 3383 3516 3444 obierunt

195 3490 305 3530 ηοη
333 3481 437 3517 mo
457 3470 685 3545 ignavia
701 3471 808 3538 sui,
831 3467 1267 3525 sedinfortunio
1301 3467 1803 3534 miserabili,sem-
1907 3466 2071 3536 (790).
2109 3463 2354 3527 Quidam
2385 3479 2522 3517 vero
2562 3466 2881 3522 monachus
2929 3467 3268 3526 inﬁrmitate
3297 3489 3515 3548 magna

198 3579 293 3634 per
320 3560 540 3618 amisit.
570 3559 879 3614 Hiiomnes
907 3557 1059 3612 ducti
1091 3556 1307 3612 suntin
1336 3556 1686 3628 presentiam
1708 3576 1800 3613 su-
1906 3554 2227 3624 ἀθρνθεειιε,
2279 3552 2461 3607 multa
2509 3567 2613 3623 P9P
2665 3553 2847 3609 Visum
2896 3556 3004 3612 Sibi
3054 3560 3307 3615 revelata
3350 3563 3514 3635 Vidit,

198 3651 353 3722 perbi
383 3647 854 3720 triumphatoris,
888 3647 1049 3718 cujus
1089 3645 1279 3701 edictu
1324 3660 1458 3699 mox
1509 3645 1582 3700 ad
1615 3651 1803 3702 custo-
1907 3657 2035 3714 quae
2066 3639 2323 3708 interim,
2360 3641 2499 3696 dum
2529 3641 2649 3712 ipse
2679 3659 2749 3696 ea
2791 3661 2986 3700 secum
3016 3647 3294 3719 loquitur,
3325 3667 3360 3704 a
3384 3669 3516 3723 pre-

199 3737 478 3793 diendum
528 3734 760 3790 abducti
804 3737 956 3789 sunt.
1005 3735 1084 3788 Ex
1126 3732 1291 3789 sociis
1335 3735 1530 3786 autem
1561 3735 1806 3805 predicti
1907 3729 2163 3784 sentibus
2192 3729 2416 3800 scriptis
2454 3731 2656 3784 notata
2694 3739 2789 3772 im
2821 3737 2975 3800 sunt,
3016 3736 3074 3788 et
3110 3751 3217 3805 pro
3258 3740 3517 3796 maximo

197 3826 348 3882 ducis
381 3843 506 3882 non
553 3823 745 3879 minus
778 3839 954 3895 quam
1000 3820 1306 3894 quingenti
1328 3821 1388 3891 (f.
1425 3824 1546 3890 l32)
1585 3821 1805 3879 ibidem
1907 3817 2197 3872 habentur
2223 3815 2501 3870 miraculo
2537 3807 2697 3887 (79-1).
2729 3818 2857 3873 Nati
2899 3824 3034 3875 sunt
3077 3826 3273 3876 autem
3319 3825 3378 3879 in
3408 3825 3520 3883 hiis

198 3917 627 3972 remanserunt.
664 3913 835 3968 Facta
856 3915 942 3966 est
973 3926 1106 3965 vero
1131 3911 1256 3965 haec
1278 3908 1622 3965 miserabilis
1642 3912 1809 3968 cedes

203 4006 266 4060 l3
291 4002 582 4059 Kalendas
612 3999 972 4073 Septembris
1007 3998 1181 4070 (788),
1210 3997 1399 4053 Divisa
1425 3999 1560 4053 tunc
1586 3999 1810 4056 inmani

201 4092 376 4164 preda
411 4107 479 4145 ac
518 4090 658 4144 urbe
691 4089 944 4156 incensa,
973 4085 1171 4142 victrix
1219 4085 1388 4141 turba
1421 4102 1554 4144 cum
1584 4088 1810 4146 seniore

203 4196 298 4236 suo
330 4182 471 4237 laeta
488 4178 682 4234 rediit.

263 4269 357 4324 49.
388 4267 482 4322 Ab
509 4262 880 4321 internuntiis
909 4261 1316 4319 festinantibus
1352 4261 1476 4318 haec
1512 4262 1719 4336 regina
1749 4264 1809 4320 in

201 4356 533 4426 Merseburg
559 4357 694 4409 tunc
723 4369 969 4408 manens
1004 4351 1285 4424 conperit.
1320 4351 1436 4422 Ego
1467 4355 1661 4408 autem
1678 4371 1810 4426 pre-

205 4445 371 4517 positi
402 4445 546 4500 dum
570 4446 761 4499 ortatu
791 4441 1044 4513 Redingi
1071 4441 1184 4496 duo
1213 4440 1440 4508 altaria,
1469 4457 1674 4511 unum,
1716 4443 1811 4499 ubi

207 4533 666 4607 archiepiscopus
681 4529 1005 4604 requiescit,
1021 4532 1078 4584 et
1100 4526 1257 4592 aliud
1271 4527 1332 4583 in
1354 4527 1810 4600 septemtrionali

208 4623 467 4694 ejusdem
487 4620 688 4691 templi
709 4622 873 4691 parte
895 4621 913 4674 l
931 4621 951 4673 1
979 4616 1262 4673 Kalendas
1275 4615 1634 4688 Septembris
1648 4615 1811 4671 dedi-

1912 3903 2114 3958 diebus
2157 3903 2270 3958 duo
2317 3903 2525 3958 fratres
2567 3920 2699 3958 cum
2730 3905 3019 3976 dentibus,
3060 3909 3120 3963 in
3154 3925 3254 3964 ore
3304 3911 3519 3969 similes

1912 4009 2089 4059 aucze,
2121 4008 2370 4064 quorum
2402 3993 2548 4048 alter
2569 3993 2753 4048 dextri
2775 3995 3082 4052 dimidium
3101 3997 3343 4067 brachii,
3374 3999 3520 4057 sicut

1913 4083 2004 4137 ala
2032 4097 2209 4148 aucaa,
2252 4079 2503 4136 habebat
2528 4089 2651 4151 1859;
2703 4083 2801 4155 qui
2847 4085 3028 4141 tercia
3066 4085 3158 4139 die
3203 4087 3519 4145 nativitatis

1913 4187 2030 4226 suae
2078 4168 2324 4226 invicem
2364 4170 2623 4226 ridentes
2664 4170 2729 4244 (f.
2782 4172 2930 4245 l33),
2973 4173 3121 4228 civili
3165 4175 3520 4233 dissensione

1915 4258 2247 4316 moriuntur
2274 4260 2451 4332 \79'2).
2493 4259 2741 4324 Quidam
2771 4278 2907 4318 vero
2951 4263 3141 4330 miles,
3181 4280 3314 4320 cum
3365 4265 3524 4324 bona

1914 4346 2097 4405 sancti
2126 4347 2437 4404 Clementis
2473 4349 2526 4404 vi
2557 4349 2806 4418 tolleret,
2834 4354 2893 4406 et
2920 4351 3057 4407 inde
3080 4355 3304 4408 rectum
3327 4353 3519 4412 facere

1913 4435 2208 4505 noluisset,
2236 4436 2297 4492 in
2337 4454 2454 4493 una
2479 4437 2704 4494 dierum
2733 4455 2768 4494 a
2796 4439 3058 4496 muribus
3098 4440 3255 4498 intra
3292 4443 3520 4502 cubicu-

1913 4527 2034 4581 lum
2063 4524 2442 4597 impugnatur
2469 4525 2874 4583 ineﬂ‘abilibus.
2903 4527 3011 4592 Qui
3033 4528 3224 4600 primo
3250 4530 3398 4596 fuste
3429 4547 3521 4588 ar-
3595 4561 3598 4563 -

1913 4618 2078 4687 repto
2100 4629 2197 4669 eos
2220 4615 2528 4686 prohibere
2552 4618 2863 4688 temptans,
2883 4620 3198 4692 posteaque
3216 4620 3521 4693 evaginato

1525 4769 1756 4824 VARIE
1801 4767 2092 4823 LECTION
2100 4765 2205 4822 ES.

278 4899 372 4938 ιω
405 4887 692 4948 veratibus
722 4891 771 4947 l.
850 4893 943 4932 1³⁸0
969 4884 1208 4961 add.__lb.
1287 4894 1378 4928 13M
1404 4886 1680 4961 superent
1711 4887 1796 4961 ta.
1874 4890 1968 4961 1f"
1998 4900 2050 4938 e.
2082 4883 2141 4936 h.
2175 4881 2300 4961 add.
2337 4883 2423 4941 11).
2499 4890 2594 4961 ίξω
2618 4882 2779 4961 wisso
2809 4887 2894 4940 1α.
2913 4886 3101 4961 primo
3134 4906 3160 4944 s
3190 4897 3394 4961 puncto
3426 4911 3527 4950 no-

207 4970 336 5021 tato.
419 4974 513 5012 18M
544 4964 635 5019 cib
670 4967 734 5018 la
780 4961 923 5016 Isich
962 4960 1040 5018 Α.
1076 4957 1142 5016 S.
1219 4966 1313 5001 1³⁵⁸
1343 4974 1416 5013 ua
1445 4953 1584 5013 deest
1629 4957 1858 5012 excisum
1891 4957 1940 5009 1.
2019 4962 2112 4997 im
2151 4957 2208 5008 et
2244 4953 2383 5009 deest
2419 4958 2652 5010 excisum
2686 4960 2734 5011 l.
2814 4953 2985 5014 1857‘s

3171 4963 3523 5033 legationem

207 4975 336 5021 tato.
419 4975 513 5012 13“
544 4975 635 5019 cm
670 4975 734 5018 la
781 4975 923 5016 lelcn
962 4975 1040 5018 Α.
1076 4975 1142 5016 ιδ’.
1219 4975 1313 5001 ιδδδ
1343 4975 1416 5013 ua
1445 4975 1584 5013 aeesz
1629 4975 1858 5036 exorsum
1891 4975 1940 5009 ι.
2019 4975 2112 4997 ιοθυ
2151 4975 2208 5008 et
2244 4975 2383 5036 (west
2419 4975 2652 5010 elusum
2686 4975 2734 5011 1.
2814 4975 2905 4999 1W
2941 4975 3120 5087 auger
3171 4975 3520 5033 legationem

207 5035 402 5106 legitur
425 5053 554 5092 cuu.
634 5042 727 5080 me
780 5031 943 5103 aliqit
998 5035 1046 5106 l.
1126 5038 1219 5106 4³⁵9
1252 5029 1376 5086 add.
1406 5029 1486 5084 lb.
1564 5035 1659 5072 186°
1689 5041 1992 5099 acquirans
2020 5042 2156 5081 corr.
2205 5041 2504 5097 acquirens
2539 5030 2588 5084 1.
2667 5036 2758 5071 ίυοι
2790 5029 2872 5084 ita
2909 5032 2976 5086 Α.
3059 5071 3072 5087 .
3123 5038 3351 5089 excisum
3380 5037 3437 5091 in
3470 5040 3520 5090 1.

1761 5167 1985 5226 NOTAE.

209 5105 301 5151 uia
332 5125 402 5165 ra
435 5110 664 5164 excisum
697 5110 746 5163 1.
825 5111 917 5147 1³⁸³
948 5105 1088 5159 nota
1128 5105 1180 5162 1.

281 5297 428 5372 (787)
458 5298 582 5372 Dux
610 5296 886 5372 P‘oloniae.

280 5361 433 5443 (788')
466 5370 686 5425 Necrol.
709 5369 970 5436 lderseb.,
997 5368 1144 5440 Aug.
1179 5367 1268 5422 20.
1296 5362 1611 5420 Lz'ubusaua
1658 5361 1822 5416 multi

199 5443 436 5516 peremti
466 5449 608 5516 sunt.

2162 5287 2420 5380 ijénn.
2457 5289 2787 5362 Quedlinb.,
2819 5309 2873 5348 a.
2910 5294 3066 5350 1012.

2432 5431 2761 5504 Quedlinb.,
2795 5435 2854 5492 h.
2883 5450 2938 5490 ε..
2960 5433 3058 5490 ubi
3082 5433 3298 5492 melius
3329 5452 3344 5494 :
3377 5438 3524 5497 civil:

282 5515 432 5588 (789)
465 5513 544 5569 De
609 5511 948 5588 parentibus
1017 5507 1256 5568 Geronis
1324 5523 1379 5565 ν.
1439 5509 1592 5564 Ann.
1659 5501 1816 5574 Sax.,
1915 5501 2187 5561 conseruit.

215 5602 268 5644 θ..
294 5585 462 5643 ⁷1023.
