3954 6180
498 340 628 399 1351

1481 330 1851 389 ΤΗΙΕΤΜΑΒΙ
1879 331 2490 392 MERSEBURCENSIS
2535 333 2850 396 EPISCOPI

3615 357 3719 416 l352

493 478 592 520 cos
621 474 916 534 aggressus
940 454 1155 527 gladio,
1187 457 1246 508 et
1282 453 1360 508 sic
1382 461 1475 496 1³⁸⁸
1498 453 1580 509 nil
1599 453 1926 528 proficiens,
1959 471 2092 510 arca
2116 458 2173 518 Α
2199 471 2329 511 eam
2349 455 2520 513 nimis
2543 459 2910 517 laborantem
2932 465 2990 518 et
3006 465 3079 520 ob
3097 464 3207 520 hoc
3226 483 3258 521 a
3277 466 3488 538 psalmis
3504 488 3598 527 non
3611 475 3717 530 deti.

496 553 768 626 quadam,
800 551 862 602 ut
887 546 1005 619 ipse
1035 543 1281 615 rogavit,
1307 542 1639 611 includitur,
1667 561 1732 599 ac
1751 544 1805 598 in
1836 545 2095 599 medium

492 640 630 696 fune
659 634 1026 709 suspenditur
1055 651 1069 702 ;
1099 635 1156 688 et
1182 649 1315 686 cum
1347 633 1592 686 exterius
1607 634 1730 687 haec
1752 634 1925 704 plaga
1938 634 2098 688 seda-

489 731 598 794 ret,
624 725 828 797 hicque
858 723 1006 779 liber
1033 721 1173 777 solvi
1205 719 1512 788 debuisset,
1539 721 1611 774 ab
1631 720 1754 776 aliis
1779 724 1897 762 186"
1918 736 2094 792 usque

489 815 564 871 ad
592 818 847 870 mortem
879 827 1144 867 corrosus
1175 809 1466 864 invenitur
1490 809 1662 882 (793).
1680 810 1851 863 ‘Tunc
1877 809 2094 864 cunctis

485 901 849 976 presentibus
859 903 916 956 et
928 902 1127 971 postea
1137 897 1502 952 venientibus
1516 897 1891 952 manifestum
1905 897 2088 964 fitim,

485 991 642 1066 quod
664 991 818 1046 hunc
848 989 934 1044 ira
958 989 1086 1056 Dei,
1118 987 1323 1043 vindex
1355 986 1596 1058 predicti
1638 986 1930 1050 facinoris,
1971 989 2092 1042 sola

481 1080 860 1153 consumpsit.

554 1172 642 1226 50.
675 1170 904 1224 Interea
922 1164 1257 1232 Jaremirus,
1291 1165 1362 1220 de
1394 1181 1508 1236 quo
1530 1163 1771 1235 predixi,
1801 1165 1946 1235 regis
1962 1181 2091 1236 gra-

477 1259 623 1315 tiam
653 1256 988 1328 suppliciter
1018 1257 1244 1326 petens,
1273 1269 1378 1324 pro
1419 1251 1814 1306 misericordia
1845 1256 1903 1306 et
1932 1253 2091 1307 resti-

479 1347 711 1404 tucione
742 1345 978 1400 exilium
1024 1359 1088 1396 ac
1136 1340 1461 1396 custodiam
1507 1340 1788 1394 Ethelboli
1821 1341 2085 1410 presulis,

478 1433 732 1491 Ansfridi
763 1430 1102 1489 successoris
1140 1430 1412 1500 episcopi,
1437 1429 1708 1498 suscepit,
1758 1429 1854 1500 qui
1894 1429 1954 1483 in
1998 1429 2085 1483 in-

479 1541 684 1580 mensa
712 1520 851 1576 cede
887 1518 1292 1575 Bawariorium
1337 1517 1411 1571 ad
1452 1517 1799 1570 Bolizlavum
1840 1516 1961 1571 sine
1995 1526 2087 1559 1866

478 1611 631 1684 regis
651 1627 716 1665 ac
746 1608 830 1663 sui
859 1606 1099 1661 licencia
1115 1621 1246 1659 cum
1269 1603 1609 1658 muneribus
1631 1603 1740 1658 iter
1755 1605 2084 1675 agencium,

479 1703 539 1755 et
568 1695 959 1754 trucidaciono
1005 1693 1111 1748 sibi
1155 1692 1600 1747 commissorum
1645 1695 1703 1746 et
1740 1709 1861 1748 non
1897 1694 2088 1765 aliqua

2199 544 2537 602 cientem.ln
2549 552 2635 603 ter
2649 566 2790 622 quos
2803 551 2911 607 hoc
2925 555 3107 608 solum
3123 571 3222 610 ore
3235 557 3534 614 volvebatet
3545 568 3714 619 mente:

2195 624 2310 691 Me,
2363 627 2654 699 inquiens,
2711 636 2934 703 suscepit
2989 635 3203 692 dextera
3252 645 3362 704 tua,
3406 639 3610 709 Domine,
3649 647 3720 713 ipsi

2195 729 2315 768 vero
2355 717 2410 768 in
2435 733 2637 772 vanum
2665 723 2976 790 quesierunt
2996 727 3235 778 animam
3260 743 3418 780 meam
3443 727 3586 798 (Psal.
3605 747 3714 792 Lxm,

2195 804 2248 866 9,
2289 806 2394 869 10).
2429 804 2558 859 Haec
2595 808 2820 863 nullum
2853 811 3093 866 omnino
3121 813 3196 867 ad
3233 831 3324 868 me
3352 817 3611 886 proferens
3633 835 3717 872 ver-

2191 888 2331 944 bum
2364 908 2496 946 cum
2529 911 2562 948 a
2591 911 2684 949 me
2715 896 3200 970 interrogaretur,
3242 903 3284 956 si
3314 905 3493 956 sancto
3516 905 3716 960 voluisset

2194 980 2332 1051 ungi
2365 982 2516 1049 oleo,
2543 985 2842 1055 respondit
2865 1003 2877 1040 :
2911 986 3177 1055 Libenter,
3197 993 3318 1061 quia
3339 997 3449 1061 post
3475 992 3556 1046 hoc
3569 991 3720 1048 Christi

2189 1068 2437 1124 voluntas
2481 1074 2584 1126 cito
2618 1074 2900 1144 perﬁcitur
2945 1079 2999 1130 in
3048 1095 3149 1132 me.
3181 1079 3241 1150 (ἰ.
3283 1081 3394 1140 134)
3430 1080 3717 1136 Vestimeutis

2193 1158 2327 1212 tunc
2357 1163 2561 1229 parata
2581 1162 2744 1215 novis
2761 1180 2854 1217 me
2889 1165 3108 1220 vocavit
3131 1185 3145 1231 ;
3171 1170 3230 1220 et
3245 1167 3494 1238 perfectis
3513 1169 3721 1224 omnibus

2190 1245 2264 1299 ad
2289 1248 2625 1303 unctionem
2649 1250 2805 1320 juste
2836 1252 3263 1322 pertinentibus
3288 1273 3300 1310 :
3331 1255 3493 1321 Quam
3508 1257 3663 1328 pulcra
3685 1276 3722 1311 es

2189 1335 2365 1389 nunc!
2396 1334 2512 1390 dixi
2541 1337 2612 1391 ad
2667 1355 2819 1406 eam,
2873 1344 2927 1395 et
2973 1341 3116 1396 illa:
3157 1343 3313 1406 Vide,
3359 1343 3496 1412 inﬁt,
3529 1346 3722 1414 juvenem

2187 1420 2484 1492 formosum
2534 1423 2604 1477 ad
2649 1425 2938 1496 dexteram,
2985 1429 3164 1483 oculis
3200 1429 3499 1501 designans
3533 1433 3583 1485 in
3608 1449 3722 1486 eam.

2189 1509 2324 1564 Post
2349 1510 2474 1565 hinc
2513 1511 2821 1584 digressus,
2854 1515 2925 1570 ob
2968 1515 3374 1587 fatigationem
3405 1519 3630 1573 intineris
3652 1520 3724 1574 diu

2189 1596 2458 1662 dormivi,
2493 1604 2550 1655 et
2583 1604 2720 1656 tunc
2751 1603 3148 1675 expergiscens
3176 1606 3366 1660 audivi
3397 1624 3515 1661 eam
3557 1624 3639 1679 pre
3662 1608 3724 1661 ni-

2189 1685 2308 1741 mio
2337 1687 2537 1743 dolore
2555 1690 2808 1758 graviter
2829 1690 3344 1763 ingemiscentem;
3374 1698 3428 1748 et
3454 1695 3650 1766 propius
3665 1711 3726 1748 ac-

474 1784 1001 1860 regisinﬁdelitate,
1025 1783 1206 1836 talem
1222 1781 1546 1852 promeruit
1567 1782 1876 1836 ulcionem.
1897 1781 2084 1837 Nostri
2104 1776 2158 1836 B
2189 1775 2420 1842 cedenS,
2453 1778 2677 1831 cantavi
2711 1780 3067 1848 psalterium,
3094 1799 3276 1854 usque
3303 1783 3438 1837 dum
3457 1799 3571 1838 eam
3593 1784 3639 1837 in
3657 1801 3728 1837 ex-

473 1877 586 1932 hoc
612 1874 908 1931 audientes
926 1869 1144 1925 inimici
1167 1869 1502 1937 irriserunt;
1532 1869 1713 1924 nostri
1742 1874 1936 1925 autem
1953 1889 2085 1926 con-

477 1965 628 2020 cives
659 1971 754 2006 im
778 1965 839 2017 ut
869 1960 972 2014 sibi
1004 1959 1371 2030 profuturum
1413 1958 1755 2013 timuerunt.
1789 1961 1857 2012 Et
1884 1959 1991 2013 hiis
2015 1961 2080 2014 li-

476 2057 605 2110 ceat
631 2052 691 2108 in
724 2049 1050 2120 semetipsis
1089 2049 1196 2102 hoc
1226 2047 1445 2101 factum
1482 2063 1854 2118 cognoscere,
1895 2048 1994 2120 qui
2024 2049 2084 2103 id

471 2141 781 2199 consilium
814 2139 936 2210 regi
967 2138 1164 2192 nostro
1193 2151 1476 2207 umquam
1517 2135 1750 2190 dedere.
1784 2137 1918 2191 Post
1959 2138 2082 2191 haec

479 2230 820 2296 Othelricus,
851 2228 1032 2281 frater
1063 2232 1155 2267 m7
1179 2224 1322 2294 ejus,
1367 2224 1440 2277 ad
1482 2224 1809 2295 Merseburg
1864 2241 1898 2279 a
1943 2241 2080 2296 rege

469 2323 705 2375 vocatus
730 2315 906 2383 venit,
953 2317 1011 2368 et
1058 2327 1328 2382 regnum,
1371 2311 1527 2381 quod
1556 2311 1661 2365 sibi
1691 2311 1898 2382 injuste
1925 2313 2082 2383 prius

470 2405 786 2479 usurpavit,
814 2401 1065 2474 gratuito
1095 2415 1342 2454 munere
1390 2400 1658 2469 suscepit.
1692 2400 1907 2454 Eadem
1935 2404 2080 2455 tem-

472 2495 695 2568 pestate
723 2490 1077 2546 inundantes
1121 2486 1329 2559 pluvia:
1381 2502 1446 2540 ac
1481 2503 1540 2540 se
1569 2487 1628 2556 (f.
1666 2487 1806 2553 133’)
1841 2505 2080 2560 surgen-

471 2587 559 2639 tes
588 2583 791 2656 pirataa
833 2580 1118 2644 multum,
1153 2592 1260 2646 pro
1303 2575 1506 2630 dolor!
1543 2593 1792 2633 nocuere
1823 2578 1988 2650 (794).
2019 2582 2081 2634 1n

471 2673 569 2728 illo
607 2675 878 2742 tempore
934 2665 1262 2722 inundante
1306 2664 1571 2720 Danubio
1621 2666 1680 2720 in
1721 2667 1987 2721 Bawariis
2025 2673 2083 2723 et

469 2762 778 2834 stagnante
815 2758 1000 2824 Reno,
1032 2755 1113 2810 ita
1142 2763 1234 2796 13“
1254 2753 1560 2808 ineffabilia
1591 2755 1786 2825 populi
1809 2771 1872 2810 ac
1911 2774 2080 2828 peco-

467 2851 568 2921 ris,
609 2847 970 2906 edificiorum
1025 2859 1256 2916 quoque
1297 2846 1356 2896 et
1395 2842 1666 2897 silvarum
1717 2844 1815 2898 tali
1860 2844 2082 2916 impetu

469 2943 766 2997 erutarum
797 2932 1108 2990 multitudo
1134 2931 1326 3002 periit,
1344 2931 1500 3002 quod
1521 2947 1724 2987 omnes
1752 2933 1958 2987 harum
1978 2935 2079 2989 ha-

2185 1862 2390 1918 tremis
2403 1879 2524 1918 esse
2539 1870 2833 1935 presentes
2859 1870 3237 1939 testarentur;
3255 1875 3315 1926 et
3343 1874 3469 1925 tunc
3490 1871 3727 1942 completis

2188 1968 2315 2022 quae
2336 1953 2407 2007 ad
2438 1955 2561 2008 haec
2591 1955 2835 2010 dicenda
2855 1961 3189 2023 erant,cum
3221 1959 3347 2031 ipsa
3363 1961 3728 2015 sanctorumin-

2185 2039 2472 2096 vitacione
2501 2044 2732 2098 transiit
2757 2045 2888 2099 felix
2920 2046 3120 2102 anima
3139 2049 3266 2118 ejus
3285 2049 3469 2103 Idibus
3481 2050 3728 2104 Novembr.

2185 2128 2260 2182 ad
2292 2131 2488 2200 sponsi
2515 2133 2760 2188 cmlestis
2795 2135 3113 2190 thalamum
3145 2137 3322 2207 (795).
3355 2138 3521 2209 Hujus
3559 2138 3730 2193 obitum

2184 2219 2424 2289 quidam
2456 2221 2651 2289 laicus,
2687 2223 2820 2278 civis
2850 2226 3418 2297 Partenopolitanus,
3446 2243 3564 2281 cum
3595 2226 3643 2280 in
3667 2227 3730 2279 in-

2184 2307 2461 2363 ﬁrmitate
2496 2310 2735 2380 jaceret,
2788 2313 3132 2384 predicens:
3176 2313 3303 2382 Est,
3349 2315 3543 2387 inquit,
3583 2314 3733 2368 damna

2183 2397 2458 2467 Liudgerd
2509 2401 2573 2455 de
2620 2401 2716 2455 hoc
2763 2402 2932 2456 seculo
2981 2404 3320 2468 transitura;
3365 2412 3411 2457 et
3463 2422 3566 2458 vere
3598 2405 3735 2456 beatas

2185 2493 2258 2540 est
2301 2488 2389 2541 ille
2431 2492 2525 2560 qui
2567 2507 2683 2543 eam
2732 2497 2960 2544 meret-ur
3005 2492 3245 2546 incedere
3298 2495 3460 2547 viam.
3489 2493 3613 2547 Cum
3639 2493 3734 2562 jam

2185 2574 2377 2647 primo
2407 2577 2780 2645 illucesceret,
2814 2595 3020 2651 corpus
3064 2579 3137 2634 ad
3178 2581 3454 2636 Wallibizi
3501 2580 3643 2635 nobis
3665 2595 3737 2633 co-

2185 2663 2528 2720 mitantibus
2559 2666 2841 2734 defertur,
2856 2670 2914 2722 et
2939 2667 2998 2722 in
3010 2668 3282 2739 proxima
3304 2669 3394 2724 die
3413 2670 3564 2740 juxta
3583 2684 3737 2722 mona-

2184 2752 2425 2808 sterium
2461 2754 2518 2808 in
2542 2754 2866 2826 aquilonari
2907 2760 3094 2826 parte,
3131 2757 3228 2811 ubi
3265 2758 3592 2812 Liutherdus
3614 2761 3740 2827 pater

2184 2840 2335 2912 (796)
2359 2845 2424 2896 26
2456 2859 2639 2897 annos
2655 2842 2903 2898 inclusus
2924 2852 3018 2886 186°
3036 2845 3458 2916 requiescebat,
3486 2845 3740 2916 deponitur

2183 2932 2241 2982 et
2271 2945 2305 2983 a
2329 2930 2449 2985 viro
2491 2930 2702 2986 suimet
2730 2932 3075 2988 Wirinhario
3107 2934 3485 2990 inetfabiliter
3523 2934 3739 2989 deﬂetur.

468 3030 745 3086 bitatores
774 3023 1035 3097 parcium
1070 3037 1174 3075 sua
1209 3021 1295 3074 vel
1325 3023 1756 3075 antecessorum
1798 3024 2081 3078 memoria
2113 3035 2162 3095 α
2184 3017 2391 3073 Fuerat
2422 3020 2579 3074 enim
2613 3021 2858 3076 haecvite
2888 3024 3010 3094 ejus
3025 3023 3318 3079 etanima:
3352 3025 3583 3096 diligens
3600 3028 3740 3078 custo-

465 3118 529 3174 id
557 3131 859 3188 nunquam
893 3110 1176 3168 accidisse
1199 3109 1658 3178 ﬁrmabant,hoc
1687 3115 1986 3180 gementes
2012 3128 2079 3166 ex

465 3205 636 3264 variis
677 3201 1018 3260 criminibus
1061 3198 1175 3253 suis
1222 3200 1359 3252 tunc
1386 3197 1662 3264 evenisse,
1695 3201 1754 3253 et
1781 3201 1910 3271 post
1957 3200 2079 3254 haec

467 3295 684 3371 aliquid
701 3306 983 3364 magnum
1009 3289 1281 3343 timentes
1309 3286 1416 3341 sibi
1435 3302 1556 3341 esse
1571 3291 1896 3342 venturum.
1915 3288 2080 3360 Equi-

469 3388 603 3442 dem
634 3387 808 3453 longe
833 3380 1122 3450 digressus
1158 3383 1252 3418 1⁵⁸8
1279 3375 1540 3430 redeam.

537 3478 626 3529 51.
656 3472 772 3526 Rex
795 3486 829 3523 a
850 3466 1146 3535 Mersburg
1173 3463 1492 3528 discedens,
1518 3464 1745 3536 navigio
1768 3465 1841 3520 ad
1863 3465 2078 3521 Harne-

465 3563 618 3632 burg
642 3557 824 3613 venit.
849 3555 930 3610 lbi
964 3569 1096 3606 cum
1139 3551 1348 3606 Sclavis
1375 3553 1801 3608 conﬂuentibus
1828 3555 2079 3624 plurima

468 3645 814 3712 discuciens,
864 3657 1005 3715 pace
1056 3656 1190 3694 vero
1227 3648 1322 3682 1m
1351 3640 1430 3694 ibi
1479 3641 1732 3708 ﬁrmata,
1783 3642 1973 3710 rediit,
2020 3648 2078 3699 et

466 3739 732 3799 omnium
755 3735 903 3791 festa
926 3733 1259 3786 sanctorum
1273 3729 1330 3784 in
1345 3729 1721 3784 Helmanstidi
1739 3731 2074 3802 celebravit;

464 3829 791 3900 deindeque
823 3820 1209 3880 occidentales
1233 3817 1766 3890 properatinvisere
1786 3819 2073 3892 regiones.

460 3924 689 3978 Interea
716 3916 936 3970 domna
970 3907 1240 3980 Ludgerd
1271 3907 1444 3961 nimis
1474 3907 1789 3977 inﬁrmata,
1821 3926 1915 3964 me
1941 3911 2077 3982 quia

462 4009 632 4066 unice
661 4003 878 4070 dilexit,
899 4002 976 4066 et,
995 3999 1058 4052 ut
1081 4012 1254 4068 supra
1283 3996 1623 4064 memoravi,
1651 3996 1804 4051 linea
1829 4014 2076 4054 consan-

2182 3107 2297 3174 dia,
2340 3111 2398 3162 et
2423 3109 2480 3163 in
2504 3108 2695 3164 divino
2724 3110 2974 3166 maxime
3005 3112 3218 3167 sudans
3246 3113 3654 3183 famnlatu,pro
3672 3111 3742 3165 illo

2182 3196 2308 3266 plus
2333 3213 2508 3268 quam
2535 3213 2642 3268 pro
2672 3215 2754 3266 se,
2778 3199 3014 3270 jejuniis
3060 3200 3120 3254 in
3157 3200 3384 3273 frigore
3437 3205 3493 3257 et
3521 3200 3738 3256 oracione

2181 3286 2456 3342 continua
2498 3287 2743 3359 peractis
2781 3291 2839 3342 et
2872 3289 3227 3356 elemosinis,
3275 3292 3350 3346 ab
3397 3290 3622 3346 omniun
3657 3289 3741 3343 huc

2182 3390 2360 3446 usque
2381 3376 2878 3432 tuebaturinsidiis
2897 3378 3171 3434 hostium.
3193 3381 3340 3436 Dico
3374 3385 3561 3436 autem
3573 3377 3745 3433 cunctis

2181 3466 2540 3536 presentibus
2561 3468 2732 3536 atque
2757 3465 2985 3533 futuris,
3009 3468 3283 3540 quicquid
3311 3470 3454 3526 boni
3473 3469 3531 3524 in
3545 3469 3638 3522 hoc
3655 3472 3744 3530 ηπ,

2180 3557 2369 3610 seculo
2399 3572 2503 3626 pro
2525 3554 2762 3624 alicujus
2791 3557 3077 3611 memoria
3103 3575 3137 3611 a
3165 3557 3446 3614 fidelibus
3473 3557 3742 3616 exhibetur,

2183 3642 2244 3714 (f.
2271 3646 2408 3713 134’)
2433 3645 2477 3700 si
2509 3661 2626 3699 non
2645 3643 2778 3699 licet
2808 3644 2858 3698 ei
2885 3645 3156 3716 prodesse
3180 3655 3300 3716 137i,
3326 3664 3434 3720 pro
3449 3663 3555 3721 quo
3576 3645 3744 3717 agitur,

2180 3749 2482 3804 nunquam
2508 3751 2541 3788 a
2570 3734 2686 3788 Deo
2738 3732 2790 3786 ei
2836 3731 3094 3788 irritatur
3128 3735 3302 3806 (797),
3339 3737 3439 3808 qui
3464 3737 3568 3791 hoc
3593 3735 3742 3788 facere

2180 3819 2466 3875 studiosus
2513 3823 2754 3875 conatur
2785 3828 2900 3874 1372.
2949 3823 3010 3875 ln
3047 3823 3239 3892 primo
3277 3833 3382 3867 1878
3413 3822 3642 3879 Heinrici
3673 3836 3744 3873 re-

2179 3908 2411 3978 gnantis
2422 3925 2576 3964 anno
2609 3907 2869 3979 predicta
2881 3907 3167 3980 Liudgard
3187 3916 3326 3983 post
3346 3917 3592 3968 mortem
3604 3907 3743 3982 patris

2178 3997 2264 4051 sui
2295 3997 2367 4052 ad
2388 3996 2574 4051 virum
2602 4013 2787 4065 suum,
2817 4014 2851 4051 a
2881 4014 2994 4069 quo
3015 3998 3226 4070 injuste
3255 4002 3489 4057 tamdiu
3513 3999 3743 4070 disjuucta

460 4094 760 4174 guinitatis
783 4091 929 4147 mihi
947 4088 1178 4143 fuerant
1201 4085 1497 4155 conjunta,
1522 4101 1624 4158 per
1641 4085 2070 4144 interuuncium
2175 4086 2384 4154 fuerat,
2415 4102 2613 4141 mense
2640 4085 2911 4141 Januario
2944 4087 3115 4142 rediit
3134 4090 3290 4157 (798)
3310 4135 3324 4149 .

457 4186 704 4246 vocavit.
719 4182 831 4238 Sed
847 4194 982 4235 cum
997 4180 1127 4248 post
1152 4174 1553 4247 crepusculum
1573 4174 1647 4230 ad
1661 4175 2068 4247 Walmerstidi,

2247 4178 2335 4231 52.
2368 4175 2436 4229 Et
2465 4179 2594 4247 post
2623 4175 2850 4246 nuptias
2877 4177 3134 4231 marchio
3179 4178 3516 4235 Liutharins
3545 4180 3595 4234 in
3624 4175 3742 4232 occi-

457 4276 557 4334 ubi
584 4275 685 4331 illa
703 4269 907 4345 jacuit,
940 4266 1220 4334 venirem,
1237 4263 1592 4320 caminatam
1623 4263 1937 4334 ingressus,
1950 4266 2071 4321 vidi
2092 4265 2146 4325 D
2174 4263 2348 4319 dente
2361 4263 2686 4318 infirmatus
2701 4267 2757 4318 et
2767 4263 3011 4335 pocione
3027 4266 3268 4322 Paulina
3283 4267 3444 4341 (799)
3457 4264 3744 4324 inebriatus‘

1773 4388 2008 4444 VARl/E
2059 4389 2348 4445 LECTlON
2355 4387 2457 4442 ES.

535 4507 630 4544 μοι
659 4494 785 4550 add.
829 4491 910 4548 lb.
989 4491 1109 4533 180"
1141 4488 1257 4543 luis
1272 4491 1368 4541 aut
1398 4484 1513 4540 suis
1546 4489 1634 4541 1a.
1714 4494 1807 4528 18“
1833 4485 1967 4542 fecit
2000 4492 2021 4541 1
2055 4505 2106 4543 a.

2186 4495 2281 4530 1m
2301 4505 2348 4543 s.
2377 4503 2424 4542 r.
2453 4502 2506 4541 a.
2537 4504 2579 4541 s.
2609 4484 2650 4538 i.
2677 4483 2802 4542 add.
2839 4486 2919 4540 lb.
2999 4496 3094 4530 1867
3123 4487 3165 4543 f.
3199 4506 3252 4544 e.
3285 4491 3419 4548 add.
3456 4498 3474 4546 1
3514 4493 3561 4547 b.
3628 4497 3744 4539 Wa

461 4569 643 4644 ceptis
667 4570 902 4633 tempus
930 4564 1014 4616 est
1044 4563 1106 4615 ut
1129 4559 1253 4614 add.
1285 4563 1335 4614 2.
1417 4565 1510 4600 im
1541 4557 1792 4613 inculsus
1812 4575 1949 4615 corr.
1985 4558 2238 4616 incuisus
2271 4563 2320 4616 l.
2382 4565 2476 4600 1³⁷0
2506 4556 2632 4614 add.
2666 4555 2749 4611 lb.
2828 4562 2917 4599 1³η
2943 4561 3192 4630 prodere
3229 4566 3278 4616 1.
3346 4572 3444 4605 i=7!
3475 4565 3684 4618 canatur
3706 4563 3740 4610 1.

459 4637 556 4689 mi
582 4638 770 4715 prima
803 4637 887 4690 la.

553 4825 678 4889 793)
707 4824 787 4876 Ex
809 4820 959 4873 Ann.
1003 4815 1426 4889 Quedlinb.,_h.
1462 4831 1516 4868 a.

555 4887 684 4956 7943
712 4895 794 4947 Ex
812 4893 960 4944 Ann.
991 4887 1324 4956 Quedlinb.,
1354 4887 1412 4944 h.
1443 4901 1500 4942 a.

557 4897 661 4956 794
712 4895 794 4947 Ex
812 4895 960 4944 Ann.
991 4895 1324 4956 Quedlinb.,
1354 4895 1412 4944 h.
1443 4901 1500 4942 a.

557 4895 684 5039 795i
710 4959 950 5039 Kalend.
999 4958 1264 5024 Μαι-εθῦη
1315 4955 1622 5011 Novembr.
1678 4961 1760 5016 13.
1817 4956 2072 5014 Livlcierd

461 5033 736 5102 cometissa
764 5033 946 5111 obii‘t._
1066 5102 1076 5111 _
1424 5098 1528 5111 η,
1591 5100 1606 5111 ε
1738 5099 1776 5111 ῃ

533 5105 955 5188 (796).Βεξηοῐθῐ
987 5102 1220 5188 patrem,
1255 5099 1437 5154 soceri
1471 5099 1827 5171 Liudgerdis,
1859 5101 2070 5156 funda-

457 5175 874 5247 torcm'ipsius‘
890 5175 1247 5247 monasterii.

553 5241 679 5324 797)
701 5241 754 5324 Ῑ.
775 5265 828 5304 e.
860 5243 1091 5324 irritum
1127 5241 1212 5295 ﬁt.

556 5315 684 5395 798)
711 5315 1048 5395 V.Asupra_l.
1079 5329 1153 5379 1v,
1187 5317 1358 5395 qui},
1388 5317 1478 5367 25.

533 5383 679 5471 i799
695 5383 975 5471 IaPol'xc-
993 5383 1381 5471 Lsxsfrjﬂist-
1402 5387 1706 5471 PPstaalm
1720 5387 1794 5471 at
1821 5401 2062 5471 ροθιξξες

2009 4701 2235 4758 ΝΟΤίΕ.

2169 4817 2485 4896 pharmaca
2502 4831 2559 4896 p.
2583 4815 2689 4896 629
2704 4813 2787 4895 ibi
2817 4816 3082 4896 occurrit,
3113 4821 3175 4896 ut
3196 4818 3641 4896 ill.Adelungius
3653 4817 3741 4892 pri-

2172 4904 2299 4942 mus
2329 4889 2546 4940 notavit

2549 4927 2566 4948 ,
2600 4885 2756 4948 potio
2788 4886 2968 4940 sancti
2999 4889 3160 4943 Pauli
3193 4908 3210 4945 :

2277 4956 2420 5033 Quos
2449 4956 2745 5033 apoplegriw
2763 4960 2928 5033 pestis
2951 4959 3182 5033 violenta
3202 4965 3492 5033 procellat,

2275 5027 2597 5104 Quos/urar
2625 5027 2834 5104 invadit
2863 5031 3074 5104 maniam
3101 5027 3232 5104 quos
3262 5037 3433 5091 insita
3465 5027 3631 5092 nervis

2272 5099 2528 5171 Sensi/Sci
2551 5105 2720 5152 motus
2750 5101 2827 5152 vis
2847 5103 3077 5171 sopitiva
3105 5099 3340 5171 resolvit,

2272 5170 2433 5242 Potio
2467 5172 2696 5225 restituit
2710 5169 2949 5239 gaudens
2973 5179 3288 5242 cognomine
3303 5169 3483 5233 Pauli
3504 5196 3522 5242 ;

2269 5241 2572 5314 4_smaticos
2603 5248 2790 5295 cantus
2813 5241 3106 5314 compescit,
3124 5255 3395 5302 menstrua
3427 5249 3600 5314 solvit,

2268 5311 2434 5367 Hanc
2455 5314 2610 5367 annis
2626 5318 2775 5382 potes
2804 5311 3031 5369 illaesum
3057 5334 3267 5373 servare
3290 5319 3514 5374 duobus.

2164 5385 2383 5456 Pagina
2394 5384 2804 5456 sequente630,
2819 5384 2914 5438 ubi
2938 5386 3144 5442 eadem
3163 5390 3452 5445 medicina
3465 5388 3736 5445 Paulinum

459 5454 798 5530 tuiﬁrmedii
827 5454 929 5517 aevi
959 5477 1015 5532 p.
1050 5454 1297 5539 502-69?
1334 5458 1534 5521 exstat,
1569 5454 2053 5539 IEgidii,_medici
2159 5460 2217 5510 et
2253 5454 2424 5539 potio,
2456 5454 2676 5510 Paulini
2700 5459 2982 5539 “vocatur,
3033 5460 3271 5539 ejusque
3306 5463 3458 5539 vires
3488 5461 3558 5515 ad
3580 5462 3731 5539 caput

461 5525 775 5602 ὲῦίῧηεω
809 5549 938 5588 πο,
960 5525 1350 5607 ’χηῌνίνθηιί8,
1384 5543 1619 5607 carmen
1649 5525 1721 5581 de
1752 5527 2055 5607 virtutibus
2153 5525 2860 5607 ventriculumquepituita
2874 5525 3730 5607 obducturrf,etc.,deprredican:

463 5597 807 5676 atlaudibus
821 5599 1274 5674 compositorum
1287 5597 1763 5656 medicaminum.
1780 5599 1934 5654 Inter
1944 5599 2057 5654 alia
2153 5604 2268 5668 tur,
2291 5598 2350 5656 in
2375 5598 2490 5654 line
2511 5614 2546 5654 a

2589 5596 2762 5667 ditur,
2779 5611 2910 5654 eam
2939 5615 3043 5672 per
3062 5607 3306 5676 quatuor
3327 5596 3517 5658 annos
3539 5597 3727 5657 servari
