4012 6180
485 403 622 460 1355

1438 397 1811 455 ἸῊΙΕΤΜΑΗΙ
1844 394 2456 455 MERSEBURGENSIS
2498 395 2814 454 EPISCOPI

3643 405 3755 460 1356

483 522 646 591 tistes
673 529 782 576 1389.
817 522 885 575 Et
932 517 1284 590 interpositis
1331 517 1531 573 diebus
1580 517 1794 592 paucis,
1851 518 2087 586 Miseco,
2116 522 2170 581 Α
2191 518 2683 590 ponitur(809),et
2702 517 3039 573 succedente
3057 518 3414 591 sibiPopoue
3445 529 3758 576 conversoet

487 610 745 668 Bolizlavi
796 609 964 678 filius,
1002 625 1133 663 cum
1185 607 1414 681 magnis
1452 609 1689 663 veniens
1731 609 2087 673 muneribus,

485 701 637 770 regis
685 697 930 752 efficitur
969 700 1027 752 et
1071 697 1244 751 fidem
1291 713 1421 751 cum
1467 702 1830 751 sacramento
1872 697 2088 750 ﬁrmat.

486 787 701 842 Dehinc
721 802 849 840 cum
875 787 1098 840 honore
1131 802 1344 857 magno
1375 786 1862 852 remittitur,etut
1880 786 2090 840 iterum

486 875 706 929 veniret
737 875 1073 928 delectatur.
1104 876 1167 927 In
1194 874 1302 927 hiis
1323 873 1522 928 diebus
1547 876 1856 943 tempestas
1879 889 2093 943 magna

483 965 615 1035 post
629 963 763 1016 solis
775 978 1041 1016 occasum
1063 961 1326 1032 contigit,
1342 978 1405 1016 ac
1427 978 1630 1015 omnes
1654 977 1759 1015 nos
1773 960 2090 1014 admodum

486 1051 756 1105 turbavit.
809 1051 996 1105 Diruit
1049 1067 1302 1122 namque
1339 1050 1652 1104 zecclesiam
1698 1055 1858 1104 extra
1887 1049 2091 1102 urbem

485 1141 757 1211 positam,
789 1156 916 1212 quae
948 1139 1019 1193 de
1051 1140 1226 1193 rubro
1279 1140 1430 1194 facta
1475 1143 1558 1194 est
1596 1139 1775 1210 ligno,
1809 1141 2090 1207 regnante

485 1229 676 1300 primo
711 1229 939 1282 Ottone.
975 1227 1318 1281 Incendium
1359 1244 1587 1298 quoque
1631 1227 1883 1297 plurima
1909 1225 2091 1279 archi-

485 1317 727 1387 presulis
753 1317 909 1371 bona
937 1315 1316 1387 consumpsit.
1342 1318 1581 1386 Insuper
1609 1315 1797 1385 regias
1830 1313 2094 1386 pervenit

484 1408 560 1462 ad
583 1423 748 1461 aures
779 1405 935 1476 quod
958 1421 1138 1475 nepos
1164 1421 1328 1458 meus
1355 1404 1732 1458 Wirinharius
1759 1419 1891 1457 cum
1919 1402 2089 1456 Ekki-

484 1495 667 1549 hardo
714 1493 778 1564 (f.
815 1492 954 1561 136’)
994 1492 1320 1546 Hirimanni
1373 1492 1723 1546 marchionis
1771 1492 1969 1557 fratre,
2019 1491 2093 1544 ad

487 1582 827 1637 Bolizlavum
861 1581 984 1635 sine
1015 1581 1256 1635 licencia
1300 1583 1570 1653 pergeret
1610 1589 1726 1647 1390,
1759 1579 2090 1650 ibidemque

485 1672 670 1725 multa
695 1669 897 1740 gratiae
925 1669 1137 1724 suimet
1161 1669 1452 1722 contraria
1473 1670 1806 1741 loqueretur
1828 1676 1944 1733 1390,
1977 1667 2092 1736 eju-

2190 611 2327 661 tunc
2360 607 2783 661 Laressemensi
2824 615 2912 648 1394
2954 611 3205 676 pastore,
3235 609 3348 662 hoc
3381 612 3756 666 monasterium

2191 696 2578 751 confratribus
2608 696 2719 748 late
2741 696 3182 762 discedentibus,
3207 715 3239 750 a
3271 696 3457 767 priori
3498 702 3632 751 statu
3659 716 3761 752 mu-

2192 787 2534 852 ἰδίω-(810).
2579 786 2641 837 ln
2674 783 2899 837 civitate
2931 784 3248 838 Bernhardi
3279 785 3468 850 ducis,
3519 786 3760 858 Liunberg

2195 873 2364 939 dicta,
2399 874 2605 927 eodem
2639 890 2794 926 anno
2839 874 2983 927 aeris
3031 873 3094 926 ﬁt
3146 874 3295 928 mira
3337 875 3588 927 mutacio
3625 881 3763 946 atque

2193 963 2398 1025 motio,
2422 965 2480 1014 et
2507 961 2823 1015 immensus
2856 965 3021 1015 terra:
3052 962 3238 1016 hiatus
3268 962 3447 1032 (811).
3473 963 3586 1016 Hoc
3612 967 3766 1034 stupet

2194 1053 2388 1105 accola
2418 1053 2475 1102 et
2500 1066 2557 1103 se
2591 1049 2749 1119 prius
2790 1067 3106 1120 numquam
3141 1051 3347 1104 vidisse
3393 1054 3646 1104 testatur.
3680 1052 3770 1104 Rex

2193 1144 2386 1193 autem
2421 1140 2494 1193 ad
2519 1137 2900 1192 occidentales
2921 1154 3171 1207 pergens
3200 1139 3500 1209 regiones,
3518 1138 3619 1192 iter
3631 1155 3769 1191 suum

2193 1228 2266 1282 ad
2289 1226 2754 1298 Longabardiam
2785 1227 3078 1296 disposuit,
3099 1231 3155 1279 et
3179 1227 3394 1280 iterum
3418 1226 3495 1280 ad
3517 1243 3613 1280 nos
3631 1242 3772 1296 repe-

2195 1318 2378 1382 davit;
2413 1320 2470 1371 et
2499 1316 2633 1370 inde
2658 1319 2715 1369 11
2748 1316 3030 1369 Kalendas
3059 1315 3321 1369 Octobris
3351 1315 3665 1380 discedens,
3691 1331 3774 1386 per

2195 1405 2578 1460 Bawariorum
2593 1404 2690 1477 .fin
2701 1421 2760 1458 es
2787 1407 2954 1474 atque
2978 1404 3305 1458 Swevorum
3327 1420 3515 1475 usque
3537 1403 3775 1457 adlocum

2195 1494 2293 1565 qui
2323 1494 2623 1552 dicitur....
2650 1501 2766 1556 1³9⁵,
2804 1491 3149 1562 properavit.
3180 1492 3298 1546 Huc
3324 1492 3608 1546 exercitus
3635 1491 3778 1544 undi-

2195 1600 2305 1653 que
2336 1581 2595 1647 cnnlluit,
2620 1584 2677 1634 et
2706 1581 2854 1634 bene
2876 1579 3272 1649 adjuvantium
3306 1582 3578 1633 voluntas
3603 1578 3778 1649 patuit.

2195 1672 2261 1724 Et
2287 1671 2421 1724 hinc
2450 1687 2628 1740 usque
2659 1670 2732 1723 ad
2765 1670 3007 1723 Romam
3039 1685 3138 1722 rex
3177 1669 3300 1722 sine
3347 1669 3518 1723 omni
3549 1670 3779 1740 scrupulo

485 1775 624 1830 sque
656 1757 894 1812 nuncios
930 1759 1022 1812 hic
1049 1773 1182 1829 sepe
1220 1757 1279 1810 in
1315 1761 1533 1812 secreto
1569 1758 1807 1810 haberet
1829 1765 1940 1810 1390.
1976 1756 2163 1815 HocB
2193 1759 2399 1828 regina
2429 1758 2744 1812 comitante
2776 1757 2945 1811 venit.
2996 1758 3079 1810 Ad
3116 1758 3592 1827 supplementum
3640 1757 3781 1826 hujus

486 1864 662 1903 omne
690 1863 788 1902 rex
822 1846 1075 1918 graviter
1116 1845 1450 1917 suscipiens,
1503 1848 1775 1915 utrosque
1823 1845 1878 1896 in
1928 1859 2090 1897 suam

485 1936 680 1992 venire
694 1933 1298 2008 presentiamjussit.ld
1310 1951 1440 1987 cum
1455 1934 1643 1987 facere
1658 1950 1774 1986 non
1789 1931 2089 1998 auderent,

483 2024 920 2096 comprehensis
946 2024 1213 2079 omnibus
1240 2023 1452 2077 suimet
1489 2022 1676 2087 bonis,
1703 2025 1764 2076 ut
1791 2021 1964 2092 regiae
1996 2036 2094 2090 po-

484 2114 677 2170 testati
693 2113 1044 2179 resisterent,
1060 2112 1454 2166 ditl'amantur.
1467 2111 1724 2165 Tandem
1741 2127 1919 2181 nepos
1932 2125 2092 2162 meus

485 2203 735 2276 gratiam
768 2204 824 2255 et
853 2201 1166 2256 incolatum
1195 2217 1328 2254 cum
1354 2199 1558 2268 predio
1610 2199 1822 2252 suimet
1865 2201 1922 2250 et
1951 2210 2090 2250 auro

486 2291 859 2364 comparavit.
896 2291 1052 2343 Alter
1079 2305 1211 2342 vero
1245 2290 1416 2358 longe
1468 2290 1598 2357 post
1642 2303 1771 2340 cum
1817 2285 1971 2339 fideli
2003 2284 2092 2337 in-

485 2383 751 2434 terventu
766 2378 1104 2434 restituitur.
1122 2377 1337 2431 Eodem
1361 2392 1514 2430 anno
1538 2375 1783 2441 Wonlef,
1809 2373 2095 2428 heremita

487 2471 547 2522 et
571 2483 740 2521 verus
767 2466 1083 2528 Israhelita,
1123 2468 1186 2517 15
1219 2464 1340 2517 Kal.
1369 2462 1578 2532 Aprilis
1609 2462 1753 2516 obiit
1793 2471 1884 2503 1391
1917 2462 2088 2533 (804).

559 2558 646 2609 55.
686 2555 748 2607 1n
780 2553 1045 2624 proxima
1072 2550 1516 2622 quadragesima
1553 2568 1650 2605 rex
1683 2551 1757 2604 ad
1788 2549 1977 2604 Werlu
2004 2567 2094 2604 ve-

487 2641 674 2706 niens,
701 2641 797 2696 diu
821 2641 999 2695 colica
1025 2639 1380 2711 passioneibi
1404 2647 1495 2680 1³9³
1518 2639 1846 2692 infirmatur
1865 2639 2008 2709 (805)
2036 2641 2094 2691 et

487 2733 672 2787 multa
705 2739 800 2772 139!
822 2746 923 2802 per
950 2728 1230 2783 visionem
1255 2727 1364 2782 sibi
1384 2729 1634 2781 revelata
1654 2730 1804 2781 sunt.
1849 2727 1932 2780 Ad
1959 2728 2091 2781 ulti-

486 2835 650 2875 mum
672 2817 923 2872 lacrimis
953 2821 1010 2872 et
1037 2816 1306 2872 oracione
1326 2817 1642 2871 multorum
1666 2817 2088 2883 convalescens,

485 2907 624 2980 quia
654 2906 710 2961 in
735 2911 858 2961 tam
883 2904 1038 2960 brevi
1070 2905 1366 2959 intervallo
1398 2903 1472 2958 ad
1492 2904 1948 2975 predestinatum
1972 2920 2089 2957 non

482 2996 658 3052 valuit
688 2994 988 3068 pervenire
1018 2994 1210 3048 locum
1229 2996 1390 3063 (806},
1416 2994 1686 3048 Paschale
1715 2993 1924 3047 festum
1958 3008 2089 3045 cum

2195 1846 2415 1899 itineris
2446 1846 2756 1900 Bolizlavus
2786 1849 2958 1900 antea
2985 1845 3257 1898 invitatus
3300 1846 3381 1898 nil
3434 1845 3713 1915 aspiravit,
3738 1849 3782 1898 ct

2194 1935 2252 1988 in
2285 1936 2436 1989 bene
2457 1935 2751 2006 promissis
2770 1952 2929 1988 more
2947 1935 3113 1988 solito
3137 1934 3390 1988 mendax
3409 1935 3690 2005 apparuit.
3710 1937 3782 1987 lu-

2194 2039 2367 2093 super
2393 2029 2564 2077 antea
2591 2023 2806 2078 domno
2839 2039 3001 2094 papas
3034 2025 3269 2093 questus
3293 2027 3383 2076 est
3416 2039 3527 2094 per
3553 2024 3784 2095 epistola.

2194 2113 2631 2184 portitorem,ut
2648 2129 2764 2166 non
2782 2112 2980 2165 liceret
2999 2111 3102 2164 sibi
3124 2115 3369 2181 propter
3392 2113 3644 2166 latentes
3656 2111 3784 2180 regis

2195 2200 2258 2271 (f.
2299 2201 2437 2272 137)
2472 2201 2728 2264 insidias,
2765 2200 3106 2269 promissum
3133 2199 3385 2271 principi
3412 2201 3788 2270 apostolorum

2197 2291 2366 2344 Petro
2390 2290 2714 2360 persolvere
2733 2306 2985 2342 censum.
3000 2289 3157 2342 Tunc
3171 2305 3307 2343 vero
3324 2289 3520 2342 missis
3539 2289 3633 2343 illo
3665 2305 3793 2342 nun-

2200 2378 2290 2432 tiis
2314 2378 2485 2432 tacite
2511 2378 2772 2443 limatur,
2798 2377 3041 2448 qualiter
3072 2393 3170 2430 rex
3203 2377 3263 2430 in
3287 2377 3400 2430 hiis
3425 2385 3526 2418 1393
3559 2377 3793 2448 partibus

2193 2467 2525 2533 haberetur;
2541 2482 2929 2537 quoscumque
2947 2465 3131 2535 potuit
3153 2466 3227 2519 ab
3243 2466 3365 2534 ejus
3383 2466 3583 2537 gratia
3598 2481 3693 2537 per
3707 2466 3795 2518 hos

2195 2571 2467 2609 amovere
2488 2557 2743 2609 conatus.
2765 2554 2976 2607 Tantus
2997 2553 3104 2607 fuit
3127 2553 3261 2606 huic
3279 2558 3586 2625 respectus
3610 2553 3720 2617 Dei,
3750 2555 3798 2606 et

2194 2643 2271 2696 sic
2298 2643 2526 2714 piorum
2549 2641 2790 2714 quesivit
2810 2641 3222 2708 interventum,
3255 2657 3321 2695 ac
3349 2641 3432 2695 ita
3462 2643 3692 2696 cluebat
3713 2642 3802 2694 mi-

2193 2731 2306 2785 litis
2345 2731 2524 2785 incliti
2559 2731 2727 2784 firma
2778 2729 2940 2795 fides,
2997 2732 3053 2783 et
3099 2729 3171 2783 de
3219 2731 3616 2785 sacramentis
3656 2729 3801 2784 terri-

2192 2819 2402 2874 bilibus
2427 2819 2569 2873 adeo
2601 2817 2857 2873 curavit!
2903 2817 3171 2884 Attende,
3211 2819 3416 2885 lector,
3477 2818 3622 2890 quid
3666 2819 3800 2872 inter

2194 2911 2280 2962 tot
2303 2907 2530 2979 flagicia
2557 2908 2600 2962 is
2629 2906 2819 2961 faciat.
2855 2907 2995 2960 Cum
3026 2922 3086 2959 se
3116 2906 3373 2960 multum
3420 2923 3690 2978 peccasse
3714 2909 3798 2960 aut

2193 2995 2311 3066 ipse
2357 2996 2532 3050 sentit
2559 2998 2657 3049 aut
2700 2995 2890 3066 aliqua
2930 2994 3083 3048 fideli
3128 2994 3527 3064 castigatione
3565 3012 3799 3066 perpen-

483 3084 920 3142 Meinvercosibi
935 3083 1251 3138 admodum
1271 3082 1617 3137 familiariin
1640 3082 2089 3136 Pathebrunnan
2120 3097 2168 3157 α
2196 3086 2301 3152 dit,
2332 3101 2583 3138 canones
2609 3100 2805 3137 coram
2835 3100 2893 3136 se
2926 3082 3083 3154 poni,
3117 3083 3497 3153 qualiterque
3527 3083 3588 3136 id
3619 3083 3803 3137 debeat

489 3175 665 3247 digna
715 3173 1093 3230 veneracione
1148 3173 1375 3244 peregit
1425 3172 1568 3242 (807)
1615 3171 1834 3242 (Α])ν·.);
1886 3172 2092 3224 Pente-

488 3268 684 3319 costen
723 3266 918 3318 autem
949 3261 1106 3332 (Mai.
1136 3262 1222 3324 24)
1253 3260 1575 3314 nobiscum.
1624 3262 1686 3313 ln
1715 3261 1873 3330 cujus
1903 3257 2096 3327 vigilia

488 3353 798 3409 Bolizlavus
825 3368 955 3405 cum
986 3350 1288 3403 securitate
1320 3349 1582 3403 obsidum
1608 3349 1758 3420 apud
1783 3366 1842 3401 se
1868 3347 2096 3401 relicto-

487 3457 623 3497 rum
639 3440 815 3505 venit,
835 3442 892 3492 et
913 3438 1130 3510 optime
1150 3437 1454 3508 suscipitur
1493 3438 1554 3489 In
1581 3437 1671 3490 die
1689 3440 1886 3491 sancto
1907 3436 2094 3490 mani-

490 3529 600 3584 bus
629 3527 924 3598 applicatis
955 3525 1120 3579 miles
1167 3525 1433 3591 efﬁcitur,
1481 3528 1536 3578 et
1569 3527 1700 3596 post
1731 3528 2096 3579 sacramenta

491 3617 618 3687 regi
646 3616 719 3670 ad
755 3613 1070 3670 aecclesiam
1108 3616 1312 3667 ornato
1364 3612 1653 3668 incedenti
1699 3614 1953 3683 armiger
1993 3614 2096 3668 ha-

494 3706 683 3761 betur.
713 3706 775 3758 In
807 3708 840 3759 2
871 3701 1014 3758 feria
1043 3701 1210 3774 (Mai.
1246 3705 1334 3766 25)
1362 3717 1564 3772 regem
1613 3701 1842 3773 magnis
1891 3719 2098 3756 mune-

491 3793 653 3850 ribus
683 3811 717 3848 a
744 3810 803 3848 se
835 3795 892 3847 et
922 3808 956 3845 a
979 3790 1283 3846 contectali
1309 3807 1409 3844 sua
1431 3789 1635 3844 oblatis
1662 3791 1924 3861 placavit,
1945 3790 2102 3845 dein-

494 3882 682 3956 deque
707 3882 868 3953 regia
888 3880 1154 3952 largitate
1183 3879 1266 3934 his
1300 3879 1544 3934 meliora
1571 3895 1637 3933 ac
1668 3880 1847 3933 multa
1877 3879 2103 3950 majora

495 3989 630 4028 cum
667 3969 942 4027 beneﬁtio
973 3969 1070 4024 diu
1120 3968 1440 4023 desiderato
1473 3967 1719 4039 suscepit
1750 3977 1842 4010 1393
1877 3968 1942 4032 (f.
1977 3966 2101 4038 137)

496 4065 556 4117 et
584 4061 810 4117 obsides
830 4074 962 4114 suos
986 4075 1119 4112 cum
1145 4059 1366 4112 honore
1398 4059 1455 4110 et
1480 4056 1684 4111 lazticia
1713 4057 1950 4111 remisit.
1969 4059 2104 4111 Post

492 4151 619 4208 haec
661 4166 793 4205 vero
838 4147 1098 4209 Buciam,
1137 4145 1347 4200 nostris
1391 4145 1463 4199 ad
1512 4145 1620 4199 hoc
1674 4145 2100 4210 auxiliantibus,

496 4240 699 4312 petiit;
734 4243 791 4293 et
815 4253 1031 4309 magna
1057 4235 1310 4307 regionis
1339 4234 1486 4288 illius
1517 4236 1680 4304 parte
1711 4237 1949 4301 vastata,
1969 4250 2101 4287 cum

497 4327 813 4382 commotio
844 4325 997 4380 inter
1025 4340 1156 4378 suos
1199 4327 1256 4378 et
1298 4322 1552 4394 hospites
1597 4323 1928 4395 Pezineigos
1959 4326 2102 4391 (808)

496 4416 683 4483 ﬁeret,
710 4415 946 4471 eosdem
978 4412 1240 4486 quamvis
1269 4412 1478 4468 suimet
1523 4413 1776 4468 fautores
1811 4413 1982 4483 jussit
2015 4412 2105 4466 in-

500 4503 682 4558 terﬁci
711 4521 936 4560 omnes.

574 4595 660 4649 56.
693 4594 756 4647 In
787 4591 984 4647 diebus
1005 4591 1113 4647 illis
1137 4593 1426 4664 Bronhag,
1461 4591 1638 4648 abbas
1665 4591 1980 4661 Vuldensis,
2011 4592 2107 4647 de-

2195 3173 2591 3238 emendari,ut
2619 3174 2930 3243 quaeratur,
2952 3170 3217 3242 precipit,
3247 3188 3313 3225 ac
3333 3173 3671 3226 secundum
3699 3172 3802 3224 haec

2197 3261 2408 3332 scripta
2438 3277 2570 3315 mox
2604 3261 2784 3314 scelus
2826 3263 3122 3330 peractum
3165 3276 3427 3330 purgare
3493 3259 3801 3315 contendit.

2196 3351 2376 3420 Major
2424 3353 2618 3404 tamen
2666 3352 2751 3402 est
2795 3348 2844 3401 ei
2893 3348 3250 3402 consuetudo
3284 3348 3622 3418 periculose
3651 3349 3809 3402 delin-

2198 3439 2413 3510 quendi
2445 3453 2618 3509 quam
2649 3436 2708 3490 in
2737 3436 2972 3490 salutari
3019 3434 3342 3508 penitentia
3389 3436 3799 3508 permanendi.

2269 3532 2358 3583 57.
2393 3528 2568 3597 Hujus
2594 3541 2810 3597 conpar
2838 3527 2895 3579 et
2932 3525 3090 3596 quasi
3124 3526 3353 3596 collega
3383 3527 3754 3598 Hardwigus,
3779 3542 3806 3579 a

2200 3617 2592 3688 Longabardis
2619 3616 2761 3669 falso
2782 3631 2879 3669 rex
2905 3615 3246 3685 appellatus,
3263 3615 3602 3671 adventum
3625 3615 3802 3685 magni

2200 3709 2354 3779 regis
2383 3711 2441 3761 et
2467 3705 2789 3778 potentiam
2817 3704 3128 3760 excercitus
3168 3705 3388 3772 doluit;
3448 3711 3514 3762 et
3549 3707 3687 3779 quia
3713 3705 3809 3759 suis

2203 3795 2416 3850 viribus
2445 3795 2574 3849 huic
2603 3811 2636 3848 a
2679 3793 3007 3848 nocendum
3040 3792 3273 3860 diffidit,
3300 3793 3361 3848 in
3391 3792 3809 3850 castelli‘muni-

2201 3883 2424 3938 tionem
2454 3900 2512 3937 se
2542 3883 2802 3954 protinus
2821 3881 3383 3952 recepit,hocsolum
3409 3882 3812 3955 ingemiscens,

2205 3972 2360 4043 quod
2391 3988 2487 4025 rex
2521 3971 2592 4026 ad
2619 3970 2901 4040 majorem
2926 3972 3059 4023 tunc
3101 3973 3338 4024 vocatus
3367 3973 3625 4026 accessit
3650 3973 3811 4026 hono—

2203 4077 2351 4114 rem.
2382 4062 2516 4114 Post
2541 4061 2776 4130 longam
2807 4057 2985 4112 animi
3018 4066 3110 4100 1898
3139 4061 3511 4115 exestuantis
3543 4061 3809 4116 delibera-

2203 4148 2432 4204 cionem
2445 4149 2664 4218 legatos
2681 4147 2749 4201 ad
2765 4163 2967 4217 regem
2981 4145 3261 4218 misit,qui
3275 4149 3645 4204 comitatum
3659 4164 3812 4219 quen-

2204 4237 2340 4291 dam
2372 4235 2475 4290 sibi
2499 4235 2620 4289 dari
2647 4236 2706 4304 (f.
2746 4238 2869 4305 l38)
2898 4237 3188 4306 peterent,
3214 4238 3273 4289 et
3301 4253 3598 4292 coronam
3627 4237 3812 4290 suimet

2204 4342 2334 4380 cum
2355 4324 2481 4378 filiis
2501 4325 2552 4378 ei
2573 4323 2932 4378 redditurum
2955 4324 3238 4379 veraciter
3249 4326 3703 4394 promitterent.
3721 4325 3815 4378 Hoc

2207 4431 2338 4469 cum
2361 4412 2597 4468 consilio
2621 4412 2986 4484 quorundam
2999 4412 3378 4484 acquiescens
3396 4414 3604 4470 facere
3622 4431 3713 4468 rex
3728 4427 3816 4465 no-

2128 4496 2182 4556 D
2207 4503 2423 4568 luisset,
2450 4505 2512 4555 ut
2542 4501 2601 4555 in
2647 4501 3016 4573 sequentibus
3047 4501 3395 4568 enucleabo,
3431 4505 3514 4558 ad
3550 4516 3816 4574 magnum

2209 4592 2322 4649 suis
2336 4591 2715 4646 familiaribus
2739 4590 3045 4662 provenire
3068 4590 3397 4662 dampnum
3415 4593 3480 4647 id
3504 4598 3707 4665 postea
3717 4606 3812 4661 per

1825 4720 2055 4775 VAHUE
2093 4720 2384 4777 LECTION
2390 4720 2491 4777 ES.

573 4847 665 4884 1³8⁸
692 4838 1016 4896 archiantes
1039 4857 1176 4901 corr.
1203 4840 1571 4897 archiantites
1605 4842 1622 4894 l
1646 4883 1660 4897 .

1737 4850 1831 4916 1390
1862 4844 2172 4916 pergerent
2190 4841 2650 4913 —loquerentur
2673 4871 2736 4916 -έ
2747 4841 3034 4916 haberent
3061 4856 3200 4916 corr.
3235 4846 3617 4916 pergeret—
3635 4843 3817 4916 loque-

501 4913 661 4969 retur
697 4943 744 4952 -
769 4912 1010 4965 haberet
1040 4915 1088 4966 1.
1166 4921 1257 4956 1³91
1291 4913 1506 4968 Eodem
1537 4945 1607 4956 --
1642 4913 1783 4969 obiit
1805 4912 1926 4968 add.
1961 4912 2045 4969 tb.
2122 4923 2217 4956 1m
2249 4912 2522 4968 multa—
2549 4915 2682 4966 sunt
2717 4914 2773 4968 in
2799 4912 2908 4967 loco
2947 4929 3064 4965 raso
3096 4913 3179 4968 ib.
3237 4912 3366 4956 ’1⁸³³⁷
3384 4915 3529 4972 add.
3575 4917 3662 4971 1ὸ.
3710 4912 3816 4954 ’ωδ

500 4982 992 5041 lareshirsemensi
1024 4985 1108 5041 1α.
1186 4991 1280 5027 im
1305 4983 1514 5040 Nomen
1539 4986 1698 5058 hujus
1723 4986 1828 5041 loci
1857 4985 2076 5042 librarii
2104 4987 2422 5055 negligentia
2451 4986 2703 5039 omissum
2735 5000 2841 5039 esse
2863 4982 3096 5040 videtur.

2058 5106 2102 5160 Ν
2108 5103 2285 5163 ΟΤίΕ.

569 5226 715 5301 (804)
741 5228 891 5301 ann.
909 5223 1246 5301 Quedlinb.,
1275 5243 1334 5301 7a.
1370 5228 1522 5282 1013.
1561 5227 1802 5284 Kalend.
1833 5227 2094 5296 Merseb.,

493 5298 719 5358 Necrol.
750 5298 990 5366 Luneb.,
1024 5298 1191 5354 Mart.
1233 5300 1316 5353 18.

592 5374 714 5438 805)
745 5370 910 5426 Conf.
942 5370 1100 5425 Ann.
1135 5368 1384 5424 Hildesh.
1409 5370 1468 5422 et
1491 5367 1821 5437 Quedlinb.,
1853 5370 1914 5428 h.
1949 5386 2000 5424 a.

588 5445 713 5510 806)
747 5443 836 5514 Sc.
868 5441 1244 5514 Aquisgrani;
1277 5457 1327 5495 γ.
1358 5441 1507 5494 Ann.
1538 5439 1841 5502 Quedlinb.

570 5459 713 5512 (δυσ)
747 5459 836 5498 ac.
868 5459 913 5497 A
958 5460 972 5497 ι

565 5515 712 5584 1807)
739 5512 803 5569 V.
829 5459 972 5569 Ibid.

418 5635 422 5638 .
565 5582 706 5668 (808)
720 5585 759 5636 Α
778 5585 1288 5668 ξριηρὴγζρεθηθιρ
1303 5582 1610 5668 Patzinatai
1623 5586 1916 5668 vocantur.
1927 5583 2095 5668 bind:

493 5655 719 5734 prando
749 5654 989 5731 aliisque
1014 5654 1164 5714 illius
1200 5657 1386 5715 aetatis
1426 5654 1800 5730 scriptoribus
1846 5655 2092 5712 audiunt

2199 5227 2477 5307 Pizenaci,
2509 5225 2850 5307 “Picsinegi,
2883 5225 3294 5307 _Petsch_inegi.
3343 5255 3415 5307 ῖ-
3479 5225 3811 5307 Incolebant

2197 5302 2378 5354 terras
2407 5299 2479 5371 ad
2505 5298 2744 5371 flumina
2775 5299 3038 5371 iWolgam
3065 5301 3124 5352 et
3151 5298 3299 5365 Jaik,
3350 5299 3690 5371 Russosque
3721 5300 3808 5351 ha-

2196 5371 2409 5426 bebant
2442 5370 2736 5426 finitimos.
2772 5370 2906 5424 Uas.

2270 5443 2416 5513 (809)
2440 5443 2517 5495 De
2535 5457 2624 5505 eo,
2639 5444 2838 5513 postea
2852 5439 3119 5513 episcopo
3144 5441 3541 5510 Halberstad.,
3568 5459 3624 5498 v.
3641 5441 3782 5498 Chro
3797 5467 3815 5478 -

2196 5512 2312 5569 nic.
2348 5512 2705 5569 Halberstad.

2267 5584 2411 5655 (810)
2441 5583 2615 5655 Conf._
2638 5585 2788 5641 Ann.
2823 5582 3156 5653 Quedlinb.,
3185 5601 3238 5642 a.
3279 5585 3433 5640 1013.

2269 5655 2351 5727 (81
2367 5653 2419 5729 ι)
2443 5655 2507 5713 v.
2542 5653 2686 5712 ibid.
