4012 6180
306 295 435 354 1361

1539 274 1964 337 CHRONICON.
1984 304 2063 320 --
2082 275 2214 335 LIB.
2235 275 2356 333 VII.

3505 280 3645 339 I362

309 413 581 471 omnibus
609 409 781 467 curtis
811 425 952 480 quas
981 407 1041 463 in
1084 405 1404 476 Thuringia
1450 406 1507 458 et
1555 403 1618 457 in
1671 400 1920 457 Saxonia
1944 403 2001 463 A
2104 398 2448 454 Heinricum
2478 415 2679 472 regem
2715 398 2970 455 dicentes
2996 395 3343 471 inperialem

306 503 527 566 habuit,
555 503 701 557 duas
732 499 891 555 nobis
942 496 1181 553 tradidit
1236 494 1486 550 familias
1522 495 1682 563 (823).
1733 492 1918 546 Evan-

307 591 521 663 gelium
548 606 690 644 auro
713 592 769 644 et
798 588 991 642 tabula
1013 588 1286 641 ornatum
1309 584 1565 638 eburnea
1594 584 1652 634 et
1679 579 1916 634 calicem

307 696 549 737 aureum
602 681 776 749 atque
832 676 1191 747 gemmatum
1241 689 1368 728 cum
1416 670 1616 742 patina
1660 668 1818 723 dedit
1859 670 1919 722 et

307 768 495 823 fistula
521 766 698 837 (824),
752 780 941 819 cruces
982 763 1120 817 duas
1172 763 1234 817 et
1264 760 1526 830 ampulas
1564 774 1631 812 ex
1672 757 1916 826 argento

305 856 483 911 factas
523 858 584 909 et
603 869 887 924 magnum
912 851 1144 906 calicem
1176 866 1245 905 ex
1272 848 1478 904 eodem
1515 847 1750 901 metallo
1782 861 1915 899 cum

305 944 503 1017 patina
533 943 708 997 simul
750 958 814 996 ac
861 940 1046 994 fistula
1077 939 1256 993 dedit.
1292 936 1571 1007 Quicquid
1608 935 1669 989 in
1704 932 1916 1005 prediis

306 1032 376 1088 ab
404 1028 868 1085 antecessoribus
914 1025 1054 1082 meis
1095 1027 1429 1097 neglectum
1465 1026 1609 1091 erat,
1641 1023 1912 1094 precepto

313 1119 646 1184 renovaret,

375 1206 438 1278 (f.
479 1205 617 1277 141’)
648 1203 832 1269 Quem
880 1202 1116 1258 laudant
1160 1200 1375 1272 superi,
1425 1217 1771 1256 veneremur
1809 1216 1917 1256 nos

1467 1301 1718 1362 [quoque
1743 1290 1912 1358 servi,

375 1384 721 1438 Promentes
746 1380 947 1452 dignas
975 1378 1184 1434 nostris
1216 1395 1283 1434 ex
1313 1377 1581 1434 cordibus
1611 1379 1769 1433 odas.

379 1472 476 1526 Est
497 1471 592 1526 hic
616 1486 869 1540 namque
891 1470 1039 1523 Deus
1058 1468 1263 1536 trinus,
1298 1468 1357 1521 in
1393 1467 1605 1523 deitate
1629 1468 1729 1522 sed
1748 1484 1913 1535 unus,

380 1561 447 1615 Et
471 1558 597 1614 sine
629 1574 744 1630 quo
776 1558 965 1611 nullus
995 1558 1221 1627 regnat,
1271 1558 1422 1611 Deus
1463 1556 1557 1610 ille
1607 1554 1913 1627 benignus.

380 1650 569 1720 Atque
613 1647 837 1702 bonum
889 1662 1205 1713 summum,
1256 1645 1553 1716 depellens
1595 1661 1773 1700 omne
1818 1660 1919 1700 no-

1611 1734 1844 1806 (σίνηαι,

385 1824 654 1897 Largitur
666 1826 809 1880 ccelo
830 1840 956 1897 quae
977 1825 1220 1895 prosunt
1245 1822 1515 1879 omnibus
1531 1825 1666 1878 alto.

386 1913 563 1969 Verus
586 1913 902 1968 mendaces
921 1912 1263 1967 confuderat
1275 1911 1370 1967 hic
1386 1912 1562 1967 modo
1585 1915 1779 1979 testes,

2102 486 2317 542 Curam
2347 505 2467 543 non
2492 491 2911 561 suscepturum,
2940 505 3048 544 nec
3080 490 3330 564 denique
3354 494 3533 567 longo

2095 577 2382 653 Tempore
2419 581 2807 652 regnandum,
2839 579 2941 635 sed
2970 596 3103 635 seva
3144 586 3332 638 morte
3364 600 3637 655 premen-

3381 672 3567 741 (dum.

2096 756 2260 810 Nunc
2291 760 2425 812 sunt
2452 757 2687 824 bisseni,
2711 759 2867 832 quod
2893 776 3075 832 regno
3104 759 3338 832 prefuit,
3370 759 3529 828 anni,

2100 844 2404 899 Scandens
2428 861 2729 902 cesaream
2765 851 2895 920 post
2922 852 3114 905 rector
3140 849 3324 903 clarus
3341 847 3402 902 in
3419 849 3636 918 aulam,

2094 935 2198 988 Illo
2232 950 2452 1001 mense,
2479 952 2675 990 meam
2702 953 2817 1008 quo
2848 939 3093 993 solverat
3120 937 3241 1009 ipse
3277 937 3635 995 cathedram.

2090 1024 2206 1078 Ista
2259 1022 2382 1078 dies
2432 1023 2673 1094 pulchro
2712 1024 2972 1098 signetur
3018 1028 3173 1082 clara
3226 1025 3422 1098 lapillo
3453 1025 3639 1099 (Mar-

3185 1114 3326 1184 [tiaL
3356 1131 3419 1182 ιι,
3449 1115 3563 1187 53),

2095 1200 2221 1264 Qua
2249 1201 2371 1272 regi
2399 1203 2594 1256 nostro
2625 1217 2686 1257 se
2712 1202 2905 1258 subdit
2934 1204 3120 1258 Roma
3146 1201 3424 1273 benigno,

2085 1290 2274 1360 Atque
2304 1289 2524 1361 liquore
2553 1306 2717 1347 sacro
2741 1291 3006 1363 perfusus
3029 1290 3262 1364 gaudet,
3293 1292 3351 1344 et
3381 1292 3538 1347 almo

2089 1379 2223 1432 Fert
2253 1381 2446 1449 grates
2476 1380 2748 1447 Domino,
2783 1379 2882 1452 qui
2911 1396 2970 1435 se
3000 1379 3244 1434 visitavit
3267 1380 3339 1434 ab
3370 1380 3508 1448 alto,

2085 1468 2165 1521 Ac
2209 1467 2617 1539 Cunigundam
2655 1470 3040 1524 contectalem
3085 1467 3193 1523 sibi
3219 1483 3438 1523 caram.

2089 1556 2365 1611 Summus
2417 1559 2615 1629 pastor
2668 1561 2798 1613 ovat
2845 1566 2961 1624 1m,
3015 1558 3226 1612 chorus
3282 1559 3455 1628 atque
3504 1573 3639 1613 suus

2386 1652 2389 1657 ‘
3050 1658 3308 1717 [quoque
3347 1646 3563 1712 cantat,

2093 1734 2261 1799 Quod
2293 1737 2427 1790 sunt
2453 1733 2660 1805 securi,
2689 1736 2852 1790 tanto
2883 1737 3111 1789 rectore
3140 1733 3333 1804 potiti.

2091 1824 2444 1896 Merseburg,
2478 1827 2536 1879 et
2562 1825 2624 1879 tu
2651 1823 2963 1880 concinnes
2984 1821 3254 1878 omnibus
3285 1822 3416 1877 actu
3445 1828 3562 1876 im.

1472 2080 1822 2167 LIBER
1902 2067 2468 2172 SEPTIMUS

384 2289 430 2339 1.
454 2283 519 2356 (f.
566 2281 690 2356 142)
716 2284 982 2340 Decursis
1016 2300 1048 2339 a
1070 2284 1370 2340 Dominica
1402 2283 1925 2340 incarnacioneim

311 2377 437 2446 post
464 2373 779 2429 millenarii
811 2373 1234 2445 plenitudinem
1253 2374 1484 2429 numeri
1507 2383 1601 2416 “84
1626 2373 1792 2429 annis
1808 2376 1924 2428 tre-

313 2462 519 2530 decim,
554 2465 612 2518 et
641 2462 702 2517 in
730 2462 1128 2534 subsequentis
1156 2463 1295 2517 anni
1323 2463 1576 2518 secundo
1622 2479 1822 2517 mense
1858 2479 1925 2518 ac

313 2551 640 2606 ebdomada
682 2547 882 2617 tercia,
932 2567 1086 2605 anno
1124 2554 1326 2615 autem
1369 2552 1535 2622 regni
1581 2552 1704 2621 ejus
1742 2550 1922 2606 tercio

308 2640 531 2696 decimo
564 2639 732 2710 (825),
764 2642 822 2693 et
851 2639 944 2693 die
976 2639 1379 2706 Dominica,ac
1414 2644 1476 2694 16
1508 2648 1602 2682 “85
1628 2640 1752 2695 Kal.
1782 2640 1925 2693 Mar-

315 2729 382 2783 cii
410 2732 529 2796 (an.
567 2731 725 2794 1014,
755 2726 915 2782 Febr.
953 2728 1061 2798 14),
1092 2727 1410 2795 Heinricus,
1453 2728 1553 2783 Dei
1604 2726 1793 2799 gratia
1823 2745 1922 2786 rex

312 2818 561 2884 inclitus,
594 2834 628 2871 a
656 2816 1019 2872 senatoribus
1049 2817 1357 2871 duodecim
1382 2819 1621 2871 vallatus
1644 2824 1758 2883 i486,
1785 2832 1924 2887 quo-

312 2923 439 2961 rum
471 2911 504 2963 6
547 2906 659 2961 rasi
692 2906 895 2972 barba,
929 2903 1023 2959 alii
1054 2905 1276 2975 prolixa
1313 2904 1534 2959 mistice
1572 2904 1924 2959 incedebant

309 3010 437 3048 cum
468 2992 689 3049 baculis
731 3000 848 3060 ηδτ,
882 3009 1016 3047 cum
1044 2992 1253 3047 dilecta
1284 2993 1494 3047 suimet
1531 2993 1780 3063 conjuge
1812 2990 1923 3046 Cu-

310 3082 571 3153 nigunda
587 3081 658 3136 ad
672 3080 993 3136 {ecclesiam
1014 3080 1192 3135 sancti
1208 3081 1541 3152 Petri,papa
1556 3083 1921 3152 expectante,

307 3170 458 3225 venit
486 3177 586 3212 N88
610 3187 625 3238 ;
668 3172 728 3224 et
753 3172 1069 3239 antequam
1090 3168 1578 3235 introduceretur,
1618 3168 1688 3222 ab
1716 3168 1923 3222 eodem

309 3257 699 3330 interrogatus
730 3258 773 3311 si
800 3256 985 3311 fidelis
1004 3258 1175 3311 vellet
1203 3258 1480 3312 Romanas
1502 3260 1784 3328 patronus
1803 3273 1922 3311 esse

309 3350 365 3402 et
393 3348 666 3402 defensor
698 3344 990 3410 zecclesiee,
1023 3344 1130 3399 sibi
1162 3349 1357 3401 autem
1381 3347 1610 3418 suisque
1643 3362 1923 3400 successo—

304 3435 459 3491 ribus
471 3452 579 3508 per
592 3434 792 3490 omnia
806 3433 1221 3500 fidelis,devota
1233 3435 1589 3506 professione
1602 3434 1921 3504 respondit,

307 3527 362 3579 et
388 3528 533 3579 tunc
562 3524 633 3578 ab
665 3522 875 3577 eodem
910 3521 1249 3576 unctionem
1284 3531 1376 3564 1439
1410 3527 1466 3577 et
1495 3526 1922 3595 coronam1826)

307 3629 434 3667 cum
465 3610 777 3667 contectali
809 3626 909 3664 sua
933 3609 1213 3680 suscepit;
1246 3610 1505 3682 priorem
1536 3614 1731 3665 autem
1753 3628 1923 3666 coro-

311 3717 444 3756 nam
475 3716 651 3771 super
682 3702 861 3754 altare
908 3698 1187 3771 principis
1219 3701 1613 3770 apostolorum
1651 3700 1922 3770 suspendi

309 3789 588 3862 precepit.
620 3789 839 3843 Eodem
875 3788 966 3843 die
996 3804 1147 3859 papa
1182 3787 1261 3842 eis
1293 3804 1497 3842 cenam
1531 3788 1604 3843 ad
1630 3788 1925 3843 Lateranis

306 3876 441 3932 fecit
463 3877 784 3948 copiosam.
818 3878 881 3930 In
915 3878 1115 3931 octava
1138 3892 1271 3929 vero
1311 3875 1403 3929 die
1435 3875 1619 3947 (Febr.
1659 3876 1749 3944 21)
1774 3875 1923 3930 inter

310 3965 605 4021 Romanos
634 3968 692 4020 et
729 3968 1014 4020 nostrates
1046 3980 1261 4034 magna
1308 3963 1491 4018 oritur
1517 3960 1837 4018 commocio
1864 3964 1924 4019 in

311 4058 485 4127 ponte
508 4054 867 4121 Tiberino,et
886 4052 1178 4124 utrimque
1198 4051 1365 4106 multi
1385 4054 1923 4118 corruerunt,nocte

311 4159 412 4198 eos
444 4143 525 4199 ad
555 4144 825 4198 ultimum
860 4141 1193 4197 dirimente.
1230 4141 1406 4212 Hujus
1423 4142 1506 4196 rei
1529 4144 1791 4196 auctores
1812 4156 1945 4210 ger-

2027 2286 2187 2342 mani
2225 2289 2340 2342 tres
2386 2287 2627 2343 extitere
2653 2287 2826 2359 (827),
2854 2288 3002 2360 Hug,
3033 2287 3187 2343 Hecil
3219 2302 3283 2342 ac
3314 2285 3493 2342 Ecilin
3519 2294 3635 2356 ιιιο,

2024 2374 2122 2446 qui
2154 2378 2353 2448 postea
2381 2377 2533 2447 capti
2562 2379 2696 2430 sunt
2713 2379 2772 2430 et
2799 2376 2855 2430 in
2875 2375 3400 2441 custodiadetenti;
3422 2392 3488 2430 ex
3512 2373 3638 2447 qui-

2024 2463 2130 2519 bus
2162 2481 2307 2518 unus
2334 2472 2426 2506 1m
2458 2464 2517 2518 in
2550 2464 2660 2519 hiis
2687 2463 2946 2536 partibus
2991 2462 3187 2532 evasit,
3237 2463 3521 2518 secundus
3545 2471 3641 2505 im

2023 2554 2221 2607 autem
2254 2552 2327 2606 ad
2352 2552 2530 2608 Fuldu
2562 2552 2840 2607 deductus
2886 2554 2972 2606 est
3019 2559 3135 2621 im,
3183 2552 3243 2606 in
3281 2552 3637 2607 lvicanstene

2024 2643 2221 2695 autem
2255 2650 2349 2683 ωε
2380 2643 2613 2696 castello
2638 2640 2842 2696 tertius
2874 2650 2969 2683 1M
3001 2640 3099 2696 diu
3128 2644 3408 2696 servatur.

2094 2733 2146 2787 2.
2180 2730 2487 2784 Arnuli‘um
2510 2731 2755 2785 fratrem
2783 2746 2972 2797 suum,
2999 2746 3175 2802 quem
3206 2729 3524 2786 Ravennati
3547 2738 3642 2772 NH

2023 2817 2755 2888 anteaprefecittecclesim,
2778 2833 2938 2872 cesar
2968 2817 3157 2872 denuo
3184 2817 3645 2872 inthronizatum

2025 2906 2098 2960 ab
2122 2904 2436 2978 apostolico
2469 2905 2685 2960 ibidem
2719 2912 2813 2946 ιιιε
2843 2905 3162 2960 consecrari
3187 2904 3465 2977 precepit.
3494 2905 3642 2961 Sub-

2024 2996 2419 3066 plantatorem
2451 2994 2873 3048 JEtbelbertum
2902 3001 2996 3035 “‘5
3025 2996 3219 3048 autem
3263 2994 3386 3065 ejus
3412 2993 3476 3065 (f.
3514 2994 3642 3064 142)

2023 3082 2237 3153 injuste
2278 3082 2360 3136 ibi
2393 3081 2489 3135 diu
2510 3081 2833 3149 sedentem,
2867 3081 3055 3153 primo
3082 3080 3263 3135 voluit
3296 3080 3642 3152 degradare,

2024 3172 2125 3225 sed
2157 3169 2384 3225 assidua
2414 3170 2643 3240 piorum
2695 3169 2949 3224 devictus
2992 3169 3427 3234 intercessione,
3479 3169 3648 3225 alteri

2024 3261 2270 3333 prefecit
2295 3259 2588 3322 aecclesiee,
2613 3258 2851 3314 nomine
2881 3257 3086 3315 Aricia.
3112 3259 3174 3312 ln
3208 3259 3481 3315 Ravenna
3501 3260 3647 3315 duos

2024 3353 2084 3404 et
2108 3351 2307 3405 Romae
2328 3348 2571 3403 totidem
2594 3346 2837 3402 sinodali
2858 3346 3076 3417 judicio
3099 3363 3251 3419 papa
3273 3348 3647 3420 deposuit,ab

2025 3438 2456 3511 archiepiscopo
2505 3437 2694 3491 Leone
2734 3437 2855 3508 jam
2889 3439 3055 3491 muto
3078 3435 3227 3508 (828)
3260 3444 3646 3494 consecratos.

2024 3528 2378 3584 Sanctorum
2422 3525 2681 3581 instituta
2728 3529 2983 3596 patrum,
3035 3524 3093 3579 in
3149 3525 3323 3581 sacris
3350 3527 3650 3583 ordinibus

2023 3615 2247 3672 ibidem
2279 3619 2337 3670 et
2367 3614 2521 3687 apud
2552 3630 2657 3667 nos
2678 3612 2796 3679 diu,
2832 3629 2936 3685 pro
2970 3612 3165 3669 dolor!
3203 3616 3492 3687 neglecta,
3517 3631 3650 3671 cum

2024 3700 2634 3760 excommunicatione
2661 3700 3061 3772 redintegrata
3073 3710 3168 3743 ωδ
3184 3703 3501 3759 renovavit.
3516 3706 3652 3759 Pro-

2022 3793 2230 3847 hibent
2248 3806 2501 3860 namque
2528 3804 2800 3855 canones,
2817 3792 2880 3842 ut
2896 3792 3032 3843 ante
3049 3791 3115 3843 25
3144 3805 3330 3844 annos
3350 3790 3649 3859 diaconus,

2024 3880 2313 3951 presbiter
2334 3880 2529 3932 autem
2559 3879 2617 3931 et
2643 3878 2943 3948 episcopus
2960 3880 3096 3931 ante
3128 3880 3195 3933 3O
3216 3894 3402 3934 annos
3429 3895 3648 3951 nequa-

2027 3985 2204 4041 quam
2239 3966 2558 4022 ordinetur.
2594 3965 2708 4018 Hoc
2739 3963 2875 4035 quia
2909 3980 3027 4020 non
3056 3964 3426 4035 servavimus,
3451 3966 3647 4022 miseri

2026 4056 2482 4128 prevaricatores
2510 4069 2726 4119 sumus,
2759 4051 3543 4127 excommunicationemque
3563 4054 3649 4111 in-

2027 4145 2202 4200 cidim
2212 4162 2274 4199 us
2303 4151 2419 4199 1H7.

1632 4261 1861 4314 VARUE
1903 4262 2197 4320 LECTION
2202 4264 2303 4319 ES.

387 4339 481 4375 ίιδί
512 4333 685 4386 hovat
711 4335 796 4385 1a.

314 4401 431 4456 dem
460 4406 630 4457 etiam
687 4402 918 4455 carmmi
952 4403 1310 4472 praemittitur
1348 4401 1513 4455 rubra
1558 4401 1855 4471 Prologus.

318 4551 411 4586 m7
442 4542 695 4600 auorum
728 4575 798 4584 —
828 4543 1045 4599 baculis
1075 4544 1199 4597 add.
1237 4542 1319 4596 1b.

501 4656 514 4667 .
546 4616 610 4669 Η.
640 4630 723 4669 ac.
757 4615 817 4670 E.
854 4615 977 4668 add.
1009 4615 1092 4668 1b.

316 4622 413 4657 mo
444 4613 514 4669 Η.
546 4616 610 4669 n.
640 4630 723 4669 ac.
757 4615 817 4670 E.
854 4615 977 4668 add.
1009 4615 1092 4668 1b.
1160 4684 1166 4685 ί
1243 4621 1337 4655 mo
1365 4613 1451 4668 ita
1495 4614 1575 4668 ib.
1619 4615 1738 4685 bus

1785 4622 1880 4669 aut
1926 4617 2071 4689 hecil
2116 4621 2180 4672 1a
2232 4619 2491 4689 scripsisse
2522 4617 2748 4673 videtur.

948 4338 1041 4373 1m
1073 4331 1155 4407 Da
1180 4328 1438 4407 jubilum
1478 4304 2353 4407 nopi'riaj'BEr‘EITiZEﬁvﬁbiiéiq
2380 4332 2588 4388 videris
2618 4333 2741 4391 add.
2784 4337 2837 4390 2.
2890 4333 2987 4388 ubi
3027 4334 3220 4405 legitur
3256 4353 3269 4389 :
3305 4351 3372 4407 ac
3402 4337 3485 4390 tu.
3514 4333 3648 4407 Ibi-

319 4407 431 4456 dem
460 4407 630 4457 etiam
687 4407 918 4455 carmmz'
952 4407 1310 4472 praemittitur
1348 4407 1513 4455 rubra
1558 4407 1855 4471 Prologus.
2007 4414 2101 4448 1m
2146 4407 2474 4460 incarcione
2518 4407 2566 4457 1.
2718 4413 2813 4447 1m
2904 4408 2977 4460 ost

319 4481 413 4516 ωε
445 4474 558 4528 XVI
574 4475 755 4543 primo
785 4474 975 4527 habuit
1017 4476 1036 4526 1
1064 4490 1077 4539 ;
1111 4472 1200 4525 sed
1236 4471 1287 4543 Χῖ
1308 4489 1519 4526 erasum
1537 4479 1633 4526 est.
1666 4473 1750 4525 Vl.
1787 4474 1890 4526 Kal
1934 4476 2094 4530 Mart.
2129 4480 2287 4531 etiam
2313 4476 2511 4530 habent
2535 4474 2690 4530 Ann.
2722 4420 2977 4531 Hildgsh.

1471 4552 1565 4586 “88
1601 4560 1732 4597 cum
1755 4544 1907 4600 clero
1941 4547 2065 4600 add.
2097 4551 2129 4603 2
2157 4547 2233 4603 A.
2266 4547 2329 4602 S.
2356 4565 2401 4600 a.
2435 4548 2589 4602 1014.

2718 4413 2813 4447 im
2862 4407 2994 4473 post
3032 4401 3102 4446 -ἒ
3136 4406 3366 4461 numeri
3399 4401 3520 4461 add:
3558 4409 3643 4473 1b,

3130 4484 3223 4519 “3°
3251 4478 3535 4533 uuallatus
3554 4483 3643 4547 1a,

2742 4555 2837 4590 im
2863 4547 3262 4604 inunctionem
3290 4550 3550 4613 regalem
3586 4555 3641 4613 2.

2901 4626 2996 4661 1m
3026 4621 3101 4673 ita
3146 4620 3230 4674 1b.
3276 4623 3332 4674 in
3362 4620 3470 4675 loco
3501 4639 3644 4688 raso,

314 4693 408 4728 1m
444 4686 573 4740 add.
606 4685 688 4740 1b.
769 4694 864 4727 im
889 4684 1172 4740 raventati
1202 4688 1254 4742 1.
1334 4692 1429 4726 ωε
1453 4685 1576 4740 add.
1602 4684 1684 4744 1b.
1708 4684 1723 4685 ί
1764 4688 2214 4761 1Mredingrata
2243 4693 2291 4743 1.
2326 4684 2345 4689 “
2370 4696 2465 4731 m7
2484 4688 2723 4744 nomine
2742 4688 2931 4745 Aricia
2954 4720 3027 4731 —
3054 4690 3367 4747 incidimus
3394 4691 3519 4747 add.
3555 4684 3640 4763 1b;

1878 4785 2105 4843 ΝΟΤΛΕ.

381 4870 546 4938 (823)
573 4871 636 4945 ν.
675 4872 940 4945 chartam
971 4870 1355 4945 imperatoris
1373 4871 1437 4945 d.
1477 4872 1533 4925 d.
1580 4872 1929 4945 Merseburg,

314 4959 367 4997 a.
408 4943 729 5014 1010,7Jul,
748 4944 814 4998 28
843 4942 996 5013 apud
1030 4942 1382 4996 H6ferl.1t.
1418 4944 1461 5009 Ι,
1497 4960 1553 5014 p.
1591 4946 1713 4997 160.

384 5013 530 5081 (824)
560 5013 773 5068 Fistula
805 5016 878 5068 a1.
927 5015 1180 5067 calamus
1218 5013 1526 5084 suctorius’,
1556 5014 1715 5084 cujus
1754 5030 1933 5084 opera

315 5082 517 5139 vinum
565 5103 596 5138 e
642 5084 814 5139 calice
863 5100 898 5138 a
932 5083 1496 5139 communicantibus
1534 5082 1930 5151 hauriebatur,

316 5171 429 5226 quo
454 5155 899 5226 intelligendum
926 5159 1014 5209 est
1026 5155 1096 5209 de
1117 5156 1531 5210 communione
1547 5156 1651 5210 sub
1668 5158 1930 5226 utraque.

314 5225 601 5298 Diaconus
623 5225 780 5298 enim
798 5230 1011 5298 tenens
1031 5226 1283 5298 ﬁstulam
1306 5226 1458 5298 intra
1477 5225 1936 5298 calicem,propi-

316 5296 496 5349 nabat
520 5295 714 5367 vinum
737 5296 1022 5360 ﬁdelibus,
1044 5299 1106 5349 ut
1132 5296 1371 5367 quisque
1393 5296 1629 5351 admoto
1654 5295 1760 5350 ore
1773 5295 1935 5365 suge-

316 5368 406 5437 ret
435 5382 501 5418 ex
520 5367 629 5420 alio
653 5366 853 5421 ﬁstulae
878 5366 1379 5437 capite,hodieque
1396 5384 1657 5421 summus
1679 5368 1935 5437 pontifex

318 5384 406 5420 νει
435 5384 501 5418 ex
520 5384 629 5420 ano
653 5384 853 5421 nswiee
878 5384 1264 5437 capite,noaie
1309 5384 1379 5422 ue
1396 5384 1657 5421 summus
1679 5384 1934 5437 pomuex

318 5435 854 5519 Romanussacram
865 5437 1109 5519 synaliin
1124 5384 1516 5519 accegens‘tali
1528 5439 1720 5519 fistula
1738 5439 1934 5519 utitur,

323 5506 490 5565 Piam
521 5506 591 5565 de
620 5508 732 5565 hoc
772 5506 947 5566 calice
999 5509 1341 5566 Henriciano
1390 5509 1648 5567 fabulam
1679 5509 1939 5583 exposuit

2028 4874 2336 4930 Gobelinus
2364 4876 2616 4931 Persona
2644 4875 2705 4931 in
2736 4876 3139 4934 Cosmodrom.
3172 4878 3339 4935 Apud
3365 4878 3643 4935 Meibom-

2108 4947 2149 5012 Ι,
2183 4964 2238 5017 p.
2436 4946 2567 5032 Uss.
2604 4948 2908 5032 Ignorasse
2934 4948 3172 5032 videtur.
3200 4946 3437 5032 Ursin_us
3472 4960 3643 5032 pecu-

2029 5017 2236 5071 liarem
2270 5017 2482 5090 librum
2511 5020 2589 5072 Io.
2627 5019 2814 5090 Vogtii
2844 5020 2986 5073 Hist.
3023 5020 3228 5076 ﬁstulas
3253 5017 3644 5075 eucharistiam

2032 5118 2099 5163 πῖ
2132 5105 2197 5163 ex
2228 5087 2575 5163 antiquitate
2605 5087 2807 5145 eccles.
2836 5093 2896 5146 et
2926 5091 3301 5163 scriptoribus
3333 5090 3513 5146 medii
3540 5090 3646 5146 aevi

2032 5158 2334 5213 illustrata.
2368 5160 2582 5228 Brem.,
2622 5165 2780 5229 1772,
2807 5166 2861 5217 4.
2894 5158 3052 5216 WAG.

2104 5230 2247 5299 (825)
2279 5230 2505 5284 Rectius
2535 5232 2767 5286 dixisset
2800 5236 2997 5288 noster
3029 5249 3042 5287 :
3077 5231 3445 5286 duodecimo.

2281 5300 2447 5384 Eonf.
2483 5302 2642 5384 Glab.
2677 5304 2960 5384 Radulph.
3060 5319 3102 5367 1,
3133 5318 3196 5384 c._
3231 5304 3282 5356 5.
3305 5370 3343 5384 υ

2100 5371 2248 5447 (827)
2289 5372 2541 5427 Fuerunt
2599 5374 2804 5447 fratres
2858 5371 2938 5447 illi
2952 5371 3368 5447 Langobardi,
3412 5382 3475 5428 ut
3520 5372 3642 5447 ipse

2032 5439 2395 5512 Thietmarus
2416 5447 2613 5499 noster
2643 5446 2682 5500 l.
2712 5460 2834 5512 vm,
2862 5441 2986 5499 init.
3019 5439 3465 5509 commemorat.

2108 5511 2259 5586 (820)
2284 5512 2334 5571 1.
2360 5530 2406 5570 e.
2435 5516 2692 5583 mortuo,
2822 5511 2826 5512 ⁷
3398 5514 3412 5525 ⁸
