4012 6180
401 266 540 328 1363

1360 262 1756 320 THIETMARI
1797 261 2414 322 MERSEBURGENSIS
2453 265 2768 325 EPISCOPl

3572 278 3690 337 1364

479 395 534 450 3.
567 386 2092 460 DominicamresurrectionemimperatorinPapiaA
2115 387 2191 443 sis
2251 389 2530 444 decorans
2577 398 2671 433 Im
2719 392 3031 449 ornatibus.
3069 394 3247 465 Hujus
3294 394 3516 452 obitum
3551 399 3698 470 signa

404 482 638 540 civitate
665 482 962 538 celebrans
991 480 1156 550 (Apr.
1189 477 1648 548 26),instabilem
1681 477 2013 548 Longobar-

407 573 615 629 dorum
636 579 730 615 ωδ
750 571 1008 624 mentem
1037 567 1276 622 caritate
1307 566 1525 622 cunctis
1555 564 2013 620 exhibitaﬁrma-

406 660 504 717 vit.
545 660 762 715 Dehinc
791 657 1001 712 sedatis
1033 656 1372 712 tumultibus
1410 653 1707 720 universis,
1757 669 2016 707 reversus

405 750 492 803 est
520 748 592 803 ab
619 746 779 802 Italia
809 762 970 801 cesar
999 754 1121 814 1N9;
1152 748 1209 800 et
1236 743 1562 815 I-Iardvigus
1595 743 1667 797 ob
1685 743 1794 796 hoc
1811 741 2014 795 admo-

407 837 545 891 dum
569 835 814 908 gavisus,
832 832 1472 890 Fercellenseminvasit
1492 832 1804 898 civitatem,
1826 831 2017 884 Leone

407 925 671 996 ejusdem
700 925 969 996 episcopo
1002 922 1090 977 vix
1125 922 1457 994 effugiente.
1489 921 1736 976 Omnem
1790 934 2018 990 quoque

404 1013 556 1069 hanc
589 1013 886 1068 civitatem
919 1011 1444 1085 comprehendens,
1487 1009 1696 1063 iterum
1723 1005 2018 1077 superbire

406 1101 590 1173 cepit;
616 1119 791 1174 quem
821 1105 883 1155 ut
901 1101 958 1156 in
982 1096 1818 1173 sequentibusexpono,divina
1838 1093 2018 1163 maje-

405 1193 521 1244 stas
554 1190 728 1246 nimis
757 1190 1134 1246 humiliatum
1182 1205 1240 1243 se
1283 1186 1628 1259 culpabilem
1674 1197 2022 1254 cognoscere

405 1279 596 1350 coegit
632 1287 745 1334 “3°.
778 1282 840 1334 lu
875 1279 984 1333 hiis
1013 1277 1274 1350 partibus
1302 1292 1462 1331 cesar
1487 1283 1580 1317 H51
1607 1273 2021 1344 episcopatum,

409 1367 569 1438 quod
603 1369 727 1423 erat
753 1367 996 1422 tercium
1029 1364 1216 1421 devoti
1253 1364 1442 1437 cperis
1468 1363 1551 1418 sui
1588 1363 2021 1418 ornamentum:

408 1453 468 1509 in
492 1455 668 1510 Bobia
691 1457 830 1524 (829)
851 1455 1101 1519 civitate,
1129 1452 1588 1508 ubiChristicolaz
1613 1449 1791 1505 sancti
1813 1451 1869 1502 et
1887 1463 2023 1501 con-

407 1541 662 1599 fessores
692 1542 874 1598 incliti
917 1543 1307 1598 Columbanus
1336 1543 1392 1594 et
1422 1540 1610 1595 Attala
1647 1536 2026 1608 corporaliter

423 1635 814 1705 requiescunt,
842 1629 1393 1688 communiconsilio
1420 1632 1476 1684 et
1505 1628 1736 1683 licentia
1762 1641 2027 1697 comprO'

410 1721 740 1776 vincialium
789 1718 1194 1792 episcoporum
1244 1716 1584 1783 construxit;
1632 1715 1769 1788 quia
1796 1731 2026 1770 summa

420 1809 752 1877 necessitas,
779 1811 858 1874 et,
881 1825 1009 1880 quas
1031 1824 1161 1862 eam
1183 1807 1462 1879 precellit,
1491 1804 1696 1860 Christi
1717 1804 1922 1858 caritas
1952 1804 2028 1858 ad

412 1899 523 1954 hoc
570 1897 887 1970 instigavit.
937 1897 1035 1950 Hic
1079 1912 1211 1950 cum
1256 1894 1510 1950 maxima
1557 1893 1939 1966 prosperitate
1966 1895 2025 1946 et

410 1985 596 2058 gloria
616 1986 850 2056 Alpinas
880 1987 1117 2057 superat
1137 1983 1501 2038 difﬁcultates
1523 1998 1587 2036 ac
1607 1985 1819 2036 nostrae
1832 1980 2021 2051 regio-

409 2075 497 2130 nis
518 2074 660 2129 adiit
680 2073 1039 2140 serenitates,
1056 2072 1189 2144 quia
1204 2071 1350 2126 aeris
1371 2071 1540 2142 hujus
1557 2073 1614 2124 et
1630 2069 2021 2124 habitatorum

411 2162 721 2236 qualitates
755 2161 966 2217 nostris
992 2177 1111 2214 non
1143 2160 1503 2215 concordant
1532 2158 1808 2231 partibus.
1837 2157 2022 2213 Multae

410 2254 562 2317 sunt,
588 2267 692 2323 pro
715 2249 912 2306 dolor!
948 2249 1008 2304 in
1033 2248 1320 2304 Romania
1340 2251 1512 2319 atque
1533 2247 1592 2301 in
1617 2245 2025 2317 Longobardia

410 2339 670 2406 insidiae;
721 2337 941 2394 cunctis
983 2338 1094 2391 huc
1146 2335 1582 2390 advenientibus
1613 2334 1817 2405 exigua
1867 2336 2027 2405 patet

412 2427 622 2483 caritas
646 2443 660 2494 ;
698 2443 875 2482 omne
893 2424 1132 2498 quodibi
1162 2423 1416 2496 hospites
1445 2423 1686 2492 exigunt
1704 2422 1900 2476 venale
1919 2424 2022 2488 est,

411 2518 471 2570 et
501 2514 612 2570 hoc
631 2530 763 2569 cum
801 2513 955 2582 dolo,
983 2511 1267 2584 multique
1300 2510 1486 2566 toxico
1520 2519 1613 2553 NH
1646 2509 1737 2564 hic
1780 2512 2027 2581 pereunt

417 2603 704 2660 adhibito.

482 2693 538 2747 4.
571 2692 637 2764 (f.
683 2689 809 2763 143)
842 2689 1061 2745 Eodem
1114 2706 1269 2744 anno
1315 2691 1350 2744 4
1403 2690 1689 2744 Kalendas
1723 2687 1852 2743 Mai.
1886 2686 2028 2742 obiit

417 2781 657 2837 Karolus
709 2795 904 2836 comes
946 2779 1119 2849 (830‘,
1157 2777 1396 2850 Riedagi
1454 2777 1804 2832 marchionis
1857 2775 2024 2844 ﬁlius,

412 2869 510 2943 qui
543 2885 721 2925 omne
769 2868 980 2924 suimet
1011 2867 1350 2923 beneﬁtium
1396 2866 1604 2937 injuste
1635 2864 2026 2921 accusantium

2047 1679 2097 1737 B

2114 478 2574 548 prenuntiabant
2594 479 2726 538 ista.
2745 480 3026 536 Vivarium
3053 491 3171 549 “5°,
3199 485 3355 554 quod
3378 485 3438 538 in
3464 485 3698 542 orientali

2115 568 2279 636 parte
2313 565 2469 619 urbis
2492 570 2576 621 est
2603 569 2872 638 positum,
2897 587 3071 642 usque
3095 571 3153 625 in
3177 572 3435 626 mediam
3459 573 3601 628 diem
3621 591 3702 645 ap-

2115 653 2309 724 paruit
2335 654 2741 725 sauguineum,
2767 660 2824 711 et
2844 662 2972 729 post
2992 659 3160 713 viridi
3184 669 3276 701 ίιθο
3306 663 3503 715 colore
3530 665 3606 715 est
3620 680 3702 717 va-

2117 741 2355 796 riatum.
2405 743 2593 798 Multis
2640 749 2726 799 est
2777 746 2958 801 visum
2991 756 3084 788 1m
3125 749 3284 819 quod
3317 749 3538 803 meritis
3569 751 3705 806 istius

2121 831 2310 902 neptis
2340 848 2472 886 mea
2511 850 2568 887 se
2611 849 2741 888 cum
2777 836 2972 906 palma
2999 836 3347 908 virginitatis
3374 837 3704 908 precederet.

2123 918 2358 990 Sepulta
2389 923 2474 974 est
2501 923 2695 975 autem
2723 924 2916 994 egreia
2941 924 3150 977 Christi
3177 924 3240 995 (f.
3275 926 3438 993 143’),
3471 941 3658 995 sponsa
3679 943 3707 981 a

2123 1007 2735 1080 BernhardoAntiqute
2759 1009 2994 1064 civitatis
3010 1012 3156 1081 (833)
3177 1012 3474 1083 episcopo,
3492 1031 3601 1069 non
3627 1014 3708 1068 ubi

2126 1096 2310 1166 petiit,
2342 1098 2440 1151 sed
2465 1099 2562 1152 ubi
2590 1115 2832 1169 gemens
2860 1101 3238 1171 congregatio
3266 1118 3370 1157 sua
3400 1104 3632 1173 rogavit,
3660 1104 3708 1158 in

2126 1184 2319 1238 medio
2346 1186 2614 1241 mcclesite
2646 1204 2840 1242 coram
2868 1193 3079 1244 sanctas
3106 1189 3292 1244 crucis
3324 1191 3494 1245 altari
3517 1200 3600 1233 N61
3629 1191 3714 1246 ubi

2126 1273 2497 1343 postmodum
2533 1292 2634 1346 per
2659 1276 2780 1344 ejus
2807 1276 2998 1331 nobile
3042 1277 3323 1331 meritum
3355 1278 3603 1349 quodam
3633 1287 3711 1322 ω’

2126 1359 2246 1414 viro
2278 1361 2375 1416 diu
2407 1363 2580 1418 debili
2614 1368 2672 1419 et
2713 1381 2846 1419 cum
2872 1366 3135 1420 scabellis
3162 1366 3260 1420 diu
3289 1376 3386 1408 m5
3419 1368 3713 1422 ambulanti

2126 1448 2332 1503 tribuit
2361 1452 2732 1522 omnipotens
2761 1453 2907 1507 Deus
2926 1453 3159 1508 facilem
3189 1471 3482 1526 gressum.

2283 1542 3176 1613 Inperatorautem,transcensis
3197 1545 3463 1616 Alpibus,
3485 1546 3710 1600 casteris-

2126 1646 2236 1700 que
2269 1630 2666 1700 adjacentibus
2699 1631 3004 1701 provinciis
3023 1634 3287 1703 regendo
3331 1633 3596 1698 decursis,
3626 1650 3713 1687 na-

2126 1719 2238 1772 tale
2267 1717 2503 1773 Domini
2550 1720 2857 1774 celebravit
2880 1719 2938 1774 in
2977 1721 3207 1776 Palithi.
3253 1723 3321 1775 Et
3353 1724 3485 1792 post
3512 1723 3621 1775 haec
3647 1722 3711 1776 ad

2123 1808 2457 1879 Merseburg
2469 1809 2720 1874 veniens,
2748 1809 3008 1864 Bolizlavi
3030 1810 3208 1864 ﬁdem
3231 1814 3289 1864 et
3313 1810 3588 1865 auxilium
3615 1810 3712 1866 suis

2122 1893 2378 1949 innotuit
2405 1895 2761 1962 ﬁdelibus,et
2789 1900 2850 1950 ut
2879 1898 2950 1951 ab
2985 1897 3067 1952 eis
3098 1899 3173 1952 ad
3196 1898 3715 1954 excusationemaut

2122 1983 2352 2038 indictae
2382 1984 2469 2038 rei
2499 1985 2970 2040 emendationem
2999 1987 3046 2040 is
3075 1990 3406 2052 vocaretur,
3442 1988 3715 2041 unanimes

2123 2071 2326 2143 poscit.
2357 2072 2594 2125 Interim
2643 2089 2824 2145 nepos
2871 2090 3056 2140 meus,
3107 2091 3307 2128 comes
3340 2073 3715 2140 Wirinharius,

2122 2157 2399 2212 instinctu
2436 2168 2530 2201 1468
2563 2161 2895 2215 malesuasae
2940 2161 3266 2230 juventutis
3310 2165 3374 2217 et
3415 2163 3717 2216 dolosarum

2125 2248 2599 2304 machinamento
2630 2250 2936 2304 mulierum
2956 2267 3090 2306 cum
3108 2252 3307 2324 paucis
3332 2261 3430 2295 ιω
3453 2252 3524 2306 ad
3543 2251 3714 2306 urbem

2126 2337 2405 2408 Bichlingi
2443 2342 2702 2392 vocatam
2737 2339 3039 2393 Dominica
3067 2339 3158 2394 die
3204 2341 3370 2395 venit
3396 2341 3554 2409 (Nov.
3587 2341 3721 2408 7),et

2126 2425 2406 2479 domnam
2425 2426 2680 2495 ejusdem
2705 2427 3026 2482 Reinildam
3043 2428 3201 2499 prius
3217 2445 3253 2482 a
3273 2445 3337 2483 se
3357 2429 3720 2482 desideratam

2125 2511 2404 2567 fraudatis
2431 2514 2758 2569 custodibus
2789 2515 2979 2586 rapuit
3001 2515 3267 2570 invitam.
3289 2517 3554 2588 Namque
3581 2515 3721 2586 inpe-

2126 2601 2327 2668 ratori,
2360 2605 2422 2656 ut
2461 2603 2616 2656 nullo
2641 2611 2734 2644 H63
2761 2603 2975 2674 absque
3007 2603 3249 2658 scientia
3278 2608 3342 2658 et
3367 2603 3600 2658 consilio
3624 2602 3720 2656 sui-

2127 2691 2248 2742 met
2268 2705 2548 2760 umquam
2569 2689 2882 2744 sociaretur
2906 2690 3139 2756 marito,
3155 2692 3282 2746 haec
3304 2695 3485 2746 antea
3502 2691 3722 2745 ﬁrmiter

2127 2776 2424 2847 promisit;
2450 2781 2507 2831 et
2536 2778 2607 2831 ob
2626 2779 2735 2832 hoc
2754 2795 2886 2832 cum
2911 2781 3165 2834 clamore
3182 2784 3242 2834 et
3259 2781 3309 2851 ej
3323 2783 3488 2836 ulatu
3512 2779 3719 2834 deduci-

2126 2867 2239 2919 tur.
2261 2866 2376 2921 Hoc
2396 2866 2696 2920 audientes
2714 2884 2845 2921 cum
2877 2867 3184 2923 clientibus
3203 2871 3511 2936 satellites,
3534 2868 3720 2924 armati

411 2958 642 3030 turgida
683 2957 982 3012 inﬂatione
1008 2959 1065 3011 et
1094 2957 1253 3011 nulla
1275 2956 1357 3010 sui
1389 2963 1484 2998 ωδ
1515 2956 1680 3027 culpa
1720 2953 1879 3025 prius
1904 2969 2029 3024 per-
2053 2967 2105 3029 ε
2126 2955 2496 3021 conveniunt,
2533 2958 2590 3009 et
2619 2971 2684 3008 ex
2735 2955 2822 3009 his
2863 2973 3006 3009 unus
3045 2957 3278 3010 Vullerd
3320 2957 3586 3019 nomine,
3617 2957 3722 3009 vul-

413 3046 578 3114 didit,
607 3050 666 3102 et
694 3045 918 3102 illatum
951 3045 1179 3100 facinus
1203 3043 1610 3116 aequanimiter
1631 3043 1894 3114 portavit.
1919 3045 2028 3096 Eo-

414 3136 549 3191 dem
576 3135 669 3190 die
700 3135 890 3207 neptis
915 3151 1050 3190 mea
1068 3133 1353 3188 Mathildis
1376 3133 1542 3202 (831),
1559 3149 1686 3203 quin
1713 3131 1772 3185 in
1789 3130 2029 3186 Geronis

415 3223 563 3278 saltu
587 3240 718 3278 cum
753 3223 974 3278 domna
996 3221 1208 3276 Hathui
1234 3219 1521 3276 abbatissa
1531 3220 1660 3290 jure
1685 3217 2029 3289 consangui-

417 3311 610 3368 nitatis
659 3311 757 3366 diu
816 3310 1199 3376 nutriebatur,
1257 3307 1514 3363 animam
1560 3315 1656 3349 ωδ
1705 3306 2026 3374 exhalavit;

417 3415 592 3470 quam
643 3398 781 3469 quia
810 3397 916 3453 sibi
948 3413 1336 3451 successuram
1384 3394 1725 3449 venerabilis
1760 3398 2031 3450 matrona

419 3503 649 3558 semper
666 3485 906 3557 optavit,
926 3483 1212 3538 insolabili
1228 3500 1459 3539 merore
1479 3486 1770 3539 mortuam
1782 3484 1958 3550 ﬂevit,
1974 3487 2032 3539 et

419 3573 569 3629 hanc
595 3574 652 3628 in
686 3573 953 3646 proximo
986 3589 1187 3628 mense
1227 3573 1372 3628 Julio
1397 3575 1451 3628 4.
1481 3573 1672 3627 Nonas
1699 3573 1901 3628 eadem
1937 3582 2028 3615 1m

2127 3061 2266 3098 nere
2298 3043 2420 3098 diro
2447 3044 2727 3098 tardatur.
2756 3043 2867 3098 Sed
2893 3060 3006 3098 una
3027 3061 3095 3098 ex
3127 3044 3356 3098 ancillis
3388 3062 3522 3100 cum
3555 3061 3609 3099 se
3637 3061 3722 3115 pa-

2127 3132 2268 3187 riter
2294 3131 2498 3186 abduci
2527 3140 2620 3173 i466
2640 3135 2894 3202 rogaret,
2927 3135 2984 3186 et
3007 3133 3169 3202 jussu
3208 3133 3464 3187 senioris
3497 3134 3577 3188 sui
3597 3135 3722 3186 hanc

2129 3238 2356 3277 sumere
2383 3220 2631 3275 Alwinus
2657 3221 2866 3275 nobilis
2887 3221 3174 3285 voluisset,
3187 3222 3446 3277 vallatur
3472 3222 3724 3294 undique,

2130 3313 2188 3364 et
2205 3313 2476 3380 nepotem
2494 3309 2754 3376 meum(f.
2777 3309 3033 3379 l44)jam
3049 3312 3186 3363 tunc
3203 3327 3512 3382 egressum
3526 3313 3724 3364 revocat

2129 3397 2186 3452 in
2205 3396 2647 3452 auxilium.Hinc
2659 3399 2972 3468 antequam
2995 3396 3045 3451 ei
3065 3405 3157 3438 N67
3175 3403 3722 3461 succurrereturim,

2130 3503 2235 3558 pro
2267 3484 2458 3540 dolori
2487 3485 2749 3557 oppetiit.
2769 3486 2835 3538 Et
2861 3485 3131 3540 dominus
3154 3486 3280 3556 ejus
3307 3487 3642 3551 adveniens,
3659 3485 3727 3538 in.

2129 3573 2219 3629 fra
2247 3573 2554 3640 clauditur,
2595 3575 2654 3627 et
2697 3574 2767 3628 ab
2820 3590 2933 3628 uno
2960 3591 3259 3630 servorum
3288 3583 3393 3618 H69
3426 3575 3722 3640 sauciatur;

421 3659 804 3734 subsequitur.
828 3662 911 3717 De
940 3662 1100 3734 cujus
1124 3662 1399 3718 laudabili
1419 3661 1534 3717 vita
1559 3662 1826 3734 quaedam
1843 3661 2032 3718 brevi-
2132 3679 2307 3734 quem
2333 3662 2595 3734 protinus
2619 3663 2819 3716 lancea
2850 3661 3175 3730 perfossum
3230 3679 3410 3718 muro
3461 3663 3653 3725 inﬁxit,
3679 3663 3726 3714 et

420 3754 510 3807 ter
538 3766 836 3823 percurro.
891 3749 1017 3806 Fuit
1061 3752 1184 3806 haec
1222 3750 1438 3823 reginae
1489 3751 1772 3806 Mahtildis
1817 3750 2034 3817 jinclita
2132 3754 2392 3816 caeteros,
2434 3753 2496 3804 ut
2537 3749 2642 3805 sibi
2674 3750 2909 3823 propius
2955 3750 3231 3806 accedere
3281 3768 3410 3807 non
3451 3752 3722 3814 auderent,

421 3839 628 3912 neptis,
661 3856 726 3895 ac
760 3848 856 3883 ωδ
892 3839 950 3894 in
981 3843 1045 3896 13
1089 3839 1275 3895 aetatis
1319 3857 1434 3895 suae
1465 3855 1619 3894 anno
1650 3839 1888 3894 Geronis
1914 3839 2030 3894 ﬁlio
2135 3840 2371 3906 terruit;
2406 3842 2465 3893 et
2497 3847 2591 3882 ιιτο
2616 3855 2750 3894 cum
2788 3856 2917 3894 suos
2947 3841 3121 3911 longe
3152 3856 3287 3895 cum
3323 3845 3600 3897 matrona
3619 3841 3722 3911 jam

421 3929 776 3986 marchionis
805 3928 1080 4000 Sigifrido
1103 3933 1399 4002 nupserat,
1428 3932 1487 3984 et
1522 3937 1614 3971 ηδε
1641 3945 1772 3984 cum
1808 3945 1876 3983 eo
1902 3933 2030 3983 tan-
2135 3936 2230 3971 N70
2243 3929 2444 3996 exisse,
2462 3928 2570 3983 sibi
2587 3931 2780 3983 autem
2798 3929 3022 3983 nullum
3040 3928 3330 3986 evadendi
3350 3931 3542 3986 locum
3555 3932 3719 4001 patere

421 4021 545 4075 tum
576 4025 608 4076 7
640 4035 825 4074 annos
855 4017 1167 4088 conjuncta
1198 4021 1342 4073 erat.
1375 4019 1512 4073 Post
1556 4018 1716 4088 cujus
1741 4033 2032 4073 excessum
2133 4017 2386 4082 vidisset,
2412 4017 2613 4073 relicto
2653 4017 2915 4090 protinus
2943 4033 3114 4089 equo,
3146 4035 3206 4072 se
3237 4019 3465 4074 dimisit
3502 4037 3534 4073 a
3561 4031 3719 4080 muro,

421 4107 496 4163 ob
522 4107 621 4164 Dei
655 4122 920 4162 amorem
946 4109 1003 4161 et
1031 4104 1208 4161 tristis
1237 4105 1507 4161 solatium
1536 4105 1774 4160 senioris
1808 4122 2032 4161 sacrum
2136 4111 2192 4161 et
2217 4124 2250 4161 a
2274 4106 2466 4177 lapide
2493 4105 2754 4178 sequenti
2772 4105 3090 4160 admodum
3113 4103 3717 4178 depressus,tristesvix

423 4209 456 4247 a
493 4193 828 4251 Bernbardo
860 4193 1118 4250 antistite
1146 4194 1286 4265 (832)
1310 4194 1572 4249 velamen
1597 4197 1654 4247 et
1683 4210 1815 4248 mox
1838 4210 2035 4249 conse-
2054 4228 2116 4291 Β
2135 4196 2400 4268 pervenit
2420 4196 2493 4250 ad
2513 4195 2714 4250 socios.
2735 4195 2781 4247 Α
2810 4193 3012 4266 quibus
3046 4211 3228 4268 usque
3250 4197 3341 4250 Wi
3370 4204 3462 4239 177!
3489 4195 3558 4249 ad
3577 4191 3718 4247 villici

425 4285 769 4350 orationem,
811 4285 872 4339 ut
903 4281 1144 4356 predixi,
1170 4283 1436 4356 suscepit,
1483 4283 1688 4337 sedens
1731 4287 1795 4337 55
1827 4300 2030 4352 annos,
2054 4277 2110 4291 ”
2137 4285 2346 4339 cesaris
2375 4285 2617 4338 domum
2645 4281 3016 4352 portatus,ibi
3047 4298 3184 4336 cum
3213 4284 3413 4354 paucis
3433 4291 3525 4325 Νη
3545 4284 3622 4335 est
3649 4277 3718 4332 di-

427 4376 545 4427 tam
568 4373 794 4427 assidua
811 4373 867 4426 in
892 4371 1100 4427 Christi
1122 4371 1350 4427 servitio
1374 4375 1432 4425 ut
1444 4371 1613 4426 Anna
1629 4380 1742 4438 ωδ,
1772 4375 1829 4426 et
1861 4375 2034 4427 tanta
2137 4373 2367 4439 missus;
2388 4375 2446 4426 et
2467 4370 2769 4439 dominam
2785 4387 2913 4424 cum
2929 4370 3715 4439 magnafestinationeavexe-

421 4459 706 4531 largitatis
734 4464 797 4514 ut
825 4461 1206 4533 Sareptbena,
1238 4460 1296 4515 in
1325 4460 1587 4515 castitate
1609 4463 1666 4514 et
1688 4461 2036 4515 abstinentia
2134 4464 2292 4527 runt,
2313 4475 2465 4513 nunc
2489 4459 2580 4512 hic
2612 4474 2764 4512 nunc
2787 4458 2898 4512 illic
2921 4473 3051 4511 cum
3079 4473 3150 4510 ea
3177 4457 3502 4525 latitantes,
3534 4456 3717 4510 adven-

424 4546 626 4602 similis
645 4545 839 4601 Judith
863 4554 978 4615 ηδτ,
997 4548 1298 4604 ecclesiam
1323 4548 1430 4603 sibi
1451 4548 1823 4603 commissam
1844 4549 2032 4604 diver~
2135 4552 2260 4602 tum
2279 4545 2738 4602 dominisolliciti
2764 4543 3291 4616 prestolantes.Sed
3310 4545 3529 4600 villicus
3548 4540 3720 4612 iniqui-

1747 4647 1976 4701 VARLE
2018 4645 2308 4701 LECTION
2315 4643 2415 4700 ES.

496 4741 590 4776 1“!
610 4733 996 4807 tangebarum
1023 4750 1161 4788 corr.
1185 4735 1569 4807 longobarum
1594 4741 1642 4790 1.
1665 4745 1734 4779 N9
1756 4753 1966 4790 erasum
1992 4740 2042 4792 1.
2087 4743 2184 4777 ιιδο
2210 4751 2384 4807 quem
2407 4733 2667 4807 —_c_oegi_t
2690 4734 2745 4786 in
2776 4733 3210 4807 ramrascripsit
3242 4732 3326 4807 lb.
3352 4739 3448 4773 m1
3479 4728 3719 4807 Henricus

424 4800 863 4860 secundus'add.
897 4808 974 4859 lc.
1052 4813 1146 4847 ιω
1177 4800 1422 4861 toxicato
1443 4805 1572 4862 cibo
1596 4811 1650 4861 2.
1730 4816 1822 4850 ωδ
1845 4823 1946 4862 sua
1973 4824 2109 4862 corr.
2138 4814 2195 4860 ut
2221 4800 2381 4860 Etiam
2411 4804 2543 4859 alibi
2568 4800 2675 4872 sui,
2683 4810 2868 4874 postea
2898 4802 3028 4874 (lc?)
3055 4800 3160 4856 sua
3189 4805 3495 4857 restitutam
3531 4805 3597 4874 l._r
3642 4804 3716 4840 1‘“

423 4875 616 4932 eidem
645 4890 782 4931 corr.
812 4876 1060 4930 eandem
1091 4893 1228 4933 corr.
1250 4877 1455 4932 eadem
1480 4883 1528 4934 l.
1607 4886 1698 4920 “55
1727 4895 1788 4933 ac
1824 4885 1884 4934 la
1961 4887 2054 4920 μισ
2085 4877 2255 4931 vidua
2282 4876 2409 4930 add.
2435 4879 2468 4930 2
2492 4876 2561 4932 Α.
2585 4875 2647 4932 S.
2684 4871 2700 4874 ”
2730 4882 2822 4916 M7
2853 4871 2975 4929 Hoc
3003 4871 3220 4927 nomine
3249 4877 3480 4944 spatium
3507 4871 3717 4944 relictum

423 4947 648 5022 explevit
689 4946 772 5001 lb.
787 4954 898 5022 1‘58
927 4947 1216 5022 decqravit
1251 4953 1332 5022 ta.
1382 4957 1509 5022 _M°
1539 4950 1802 5004 uuarium
1859 4954 1945 5022 la.
1971 4949 2288 5022 vivuarium
2327 4949 2406 5004 ib.
2439 4949 2623 5022 primo
2654 4964 2690 4999 u
2722 4963 2892 5022 eraso.
2931 5017 2944 5022 _
2975 4942 3286 5022 f‘0°_virido
3321 4949 3408 5022 l_a.
3446 4951 3533 5022 If“

427 5012 551 5102 1ιὶ.⁹
593 5027 688 5062 1m
711 5017 941 5099 cuidam
972 5017 1076 5073 lc?
1148 5027 1240 5061 μου
1263 5018 1501 5074 instintu
1539 5025 1622 5102 la.
1702 5029 1794 5063 μοι
1826 5021 1982 5102 pacis
2004 5024 2052 5075 1.
2090 5021 2185 5089 (cf.
2222 5027 2332 5074 not.
2359 5012 2513 5143 H752);
2551 5034 2687 5100 cum
2713 5017 2868 5087 pacis
2895 5016 3156 5071 obtentu.
3191 5055 3204 5068 .
3236 5015 3294 5070 d.
3325 5015 3382 5069 d.
3413 5014 3485 5068 ad
3517 5030 3566 5066 u.
3596 5012 3646 5066 b.
3673 5023 3713 5061 ν.

427 5094 582 5143 venit
608 5107 743 5143 cum
767 5105 962 5143 nauem
993 5093 1042 5143 2.
1066 5089 1144 5143 Α.
1175 5089 1238 5143 S.
1319 5099 1412 5132 “65
1445 5092 1582 5143 nulli
1619 5095 1696 5143 lc.
1734 5101 1826 5134 H66
1858 5092 1985 5143 dum
2020 5095 2104 5143 la.
2185 5099 2277 5133 U67
2309 5094 2384 5143 ita
2421 5094 2439 5143 1
2490 5131 2501 5143 .
2539 5106 2595 5142 ιη
2621 5088 2734 5143 loco
2780 5103 2918 5142 raso.
2997 5094 3092 5128 “68
3120 5089 3485 5140 succurretur
3519 5088 3562 5138 1.
3637 5085 3713 5122 ι⁴⁶⁹

423 5091 582 5149 venit
608 5107 743 5147 cum
766 5089 962 5164 paucis
993 5093 1042 5145 2.
1066 5089 1238 5164 Αε-ις.
1274 5161 1286 5164 Α
1319 5099 1412 5132 ίισι
1445 5091 1696 5164 nulli-lc.
1725 5085 1841 5164 μεθ’
1858 5091 1985 5146 duci
2020 5085 2104 5146 la.
2137 5085 2145 5089 ’
2185 5099 2277 5164 H97
2309 5094 2384 5144 ita
2407 5085 2595 5164 ibrin
2621 5085 2734 5164 loco
2780 5103 2918 5142 raso.
2997 5094 3092 5128 “68
3120 5089 3485 5164 succurretur
3519 5088 3562 5164 l_.
3617 5085 3714 5164 _“”

423 5154 873 5222 servuorum'la.
955 5167 1051 5204 “7°
1070 5160 1196 5216 add.
1233 5161 1314 5216 lb.
1395 5169 1483 5204 H7!
1507 5163 1630 5216 Vui.
1664 5163 1788 5218 add.
1824 5164 1906 5218 Η).
1941 5181 2128 5217 nomen
2160 5163 2300 5217 villa:
2328 5162 2475 5215 nobis
2506 5161 2804 5229 incognitae.
2887 5166 2980 5202 ιω
3022 5157 3178 5228 pacis
3217 5173 3356 5211 corr.
3402 5154 3582 5228 paucis
3612 5156 3652 5204 1.

1973 5259 2198 5315 NOTAE.

2208 5358 2354 5424 (832)
2385 5352 2872 5411 Holberstadensi.

2205 5423 2346 5497 (833)
2374 5426 2710 5497 Aldenburg
2741 5425 2799 5480 in
2837 5423 3086 5497 Wagria.

490 5359 644 5430 (829)
672 5359 913 5417 Bobbio.

493 5431 646 5570 ἓξὲξ)
678 5432 850 5511 [teet
875 5430 1098 5488 Necrol.
1129 5429 1458 5500 Luneburg.

624 5500 639 5573 )
667 5500 734 5556 V.
757 5499 898 5558 ibid.

418 5705 930 6047 Ἠ
