4012 6180
311 288 331 347 1
343 289 446 346 365

1554 269 1976 332 CHRONICON.
2007 303 2078 313 —
2111 270 2246 328 LIB.
2284 269 2400 328 VII.

3517 275 3538 331 1
3551 275 3653 336 366

313 411 443 468 tatis
458 405 743 479 hospitem
768 403 1066 459 inﬁrmum
1094 399 1419 474 inperatori
1431 409 1663 455 moxu'm
1675 397 1931 471 prodidit
1947 399 2000 458 Α
2035 397 2385 452 invincibile
2411 396 2543 453 dam
2552 413 2734 470 pnum
2750 393 3105 468 relinquens.
3131 394 3214 452 0b
3234 396 3346 454 hoc
3360 415 3460 454 rex
3475 399 3662 458 ιιιίεια.

311 505 366 556 et
385 500 506 570 ejus
544 496 801 551 mentem
831 491 1165 546 fecitnimis
1196 489 1466 545 hilarem.
1491 489 1743 560 Speravit
1768 487 1926 543 enim

310 604 442 644 eum
477 587 537 640 in
560 600 719 638 suam
747 581 1080 636 venientem
1123 581 1484 651 potestatem
1509 578 1566 631 in
1599 579 1926 648 exemplum

305 685 396 720 ίιτδ
414 675 538 730 aliis
556 681 650 714 ίιτο
684 671 1145 743 periturum,aut
1174 667 1375 738 precio
1411 667 1691 721 ineffabili
1718 667 1788 721 ab
1820 667 1927 720 hoc

305 764 762 834 redempturum.
799 759 913 811 Nox
931 757 1060 828 jam
1086 759 1212 810 erat
1233 764 1301 798 H7
1320 767 1360 821 ί,
1380 759 1437 809 et
1469 755 1832 809 Bernhardus
1863 769 1928 808 ac

304 851 646 907 Guncelinus
676 852 730 903 et
751 846 1146 900 Willehelmus
1165 843 1406 899 comites
1438 860 1568 897 cum
1589 843 1702 897 suis
1725 843 1927 896 militi-

303 943 401 997 bus
433 958 464 994 a
493 955 688 993 cesare
707 934 882 1002 missi,
907 933 1004 988 ubi
1029 937 1267 1005 egrotus
1281 933 1491 1003 jacuit,
1511 932 1818 986 veniebant
1838 949 1851 998 ;
1870 934 1929 1005 et

302 1032 400 1085 hos
419 1027 670 1083 adfuisse
689 1021 1236 1097 (834)Wirinharius
1266 1039 1299 1075 a
1327 1021 1442 1075 suis
1478 1022 1785 1093 presciens,
1820 1004 1927 1073 sibi

303 1117 653 1174 familiarem
689 1113 1104 1166 Wilehelmum
1153 1111 1389 1178 salutat,
1447 1110 1673 1163 caeteris
1702 1109 1926 1164 duobus

302 1208 578 1273 indicens,
617 1205 659 1259 si
688 1202 943 1275 gladium
979 1203 1214 1255 elevare
1246 1200 1552 1272 potuisset,
1575 1200 1730 1271 quod
1753 1215 1922 1252 num-

303 1314 467 1372 quam
490 1297 553 1350 in
581 1310 776 1350 eorum
796 1293 1153 1364 potestatem
1172 1290 1484 1344 incolumis
1502 1288 1695 1342 venire
1715 1289 1926 1342 voluis~

303 1391 381 1442 set
418 1393 531 1439 ηπ.
573 1383 960 1437 Willehelmus
1005 1396 1158 1434 vero
1201 1379 1322 1450 ejus
1365 1377 1832 1448 vulneraligans,
1867 1380 1925 1431 et

304 1476 448 1552 quod
494 1474 575 1529 ad
603 1471 947 1542 Merseburg,
982 1472 1044 1523 ut
1080 1469 1188 1523 sibi
1208 1470 1435 1538 jussum
1466 1467 1675 1532 fuerat,
1701 1466 1761 1536 (f.
1799 1466 1922 1537 144)

305 1564 488 1619 venire
501 1563 668 1616 nullo
687 1559 860 1614 modo
874 1558 1169 1624 valuisset,
1192 1557 1560 1626 intellegens,
1587 1572 1619 1608 a
1648 1555 1763 1609 suis
1787 1554 1924 1608 fecit

2036 489 2169 553 tur,
2223 488 2281 538 et
2299 485 2630 542 Thiedricus
2659 486 2836 542 hostis
2867 484 2989 554 ejus
3017 485 3373 546 lacrimatur.
3405 491 3522 546 Hoc
3551 509 3658 564 ego

2032 574 2438 644 comperiens,
2469 576 2770 630 Thiedrico
2801 573 3002 644 nepoti
3044 591 3175 629 meo
3205 576 3456 632 abeundi
3480 580 3658 636 licen-

2029 664 2182 718 tiam
2225 661 2383 733 petii,
2409 667 2468 718 et
2513 681 2716 735 corpus
2758 662 2931 717 amici
2967 677 3072 733 per
3097 665 3368 720 satellites
3394 685 3555 723 meos
3586 671 3657 727 de

2027 751 2386 817 Miminlevo,
2424 753 2521 807 ubi
2554 757 2690 807 tunc
2730 750 2974 806 abbacia
3009 752 3200 806 fuerat
3235 755 3404 828 (837),
3438 759 3494 811 et
3524 758 3652 812 Rei-

2031 841 2250 896 noldus
2273 841 2532 910 ejusdem
2560 840 2823 912 provisor
2855 841 3125 912 egregius
3156 843 3348 898 debita
3384 845 3492 899 hoc
3522 861 3654 916 pro-

2029 933 2338 984 curaverat
2368 929 2753 995 humanitate,
2795 928 2870 982 ad
2903 929 3148 1003 Helpithi
3189 931 3359 1002 (838),
3405 934 3503 988 ubi
3541 935 3652 989 hoc

2030 1018 2433 1090 expectabam,
2485 1017 2705 1072 reduxi.
2743 1016 2858 1072 Sed
2909 1019 3116 1072 eodem
3153 1021 3278 1089 jam
3310 1023 3447 1076 tunc
3477 1022 3650 1078 nimis

2024 1107 2278 1172 fetente,
2308 1106 2516 1160 exsolvi
2547 1105 2813 1176 protinus
2845 1105 3058 1161 viscera
3073 1107 3234 1178 jussi,
3261 1109 3424 1179 juxta
3450 1114 3646 1168 aaccle-

2025 1197 2170 1251 siam
2191 1197 2404 1267 jubens
2431 1195 2664 1267 sapeliri
2699 1211 2918 1260 meam,
2963 1199 3020 1250 et
3054 1215 3230 1268 usque
3263 1199 3337 1253 ad
3366 1199 3640 1256 Wallibiz".

2025 1286 2172 1340 illud
2197 1285 2615 1356 prosequebar,
2648 1299 2876 1355 ponens
2905 1285 2976 1339 ad
3021 1287 3203 1341 levam
3241 1288 3461 1344 dilectae
3506 1306 3645 1345 con-

2021 1375 2179 1446 jugis
2203 1373 2354 1446 (839)
2385 1375 2521 1428 Post
2560 1375 2624 1427 14
2655 1372 2778 1427 dies
2814 1373 3034 1428 domna
3075 1375 3421 1444 Swonehild,
3453 1395 3646 1434 socrus

2027 1464 2314 1534 ejusdem,
2362 1464 2554 1516 morte
2607 1461 2911 1516 subitanea
2943 1465 2973 1516 6
3002 1464 3287 1519 Kalendas
3315 1467 3644 1523 Decembris

2025 1551 2170 1607 obiit
2200 1558 2296 1593 H77
2339 1551 2508 1621 (840).

304 1669 428 1707 eum
449 1649 675 1722 portari
704 1648 776 1704 ad
797 1647 1130 1718 proximam
1155 1645 1355 1699 villam
1381 1643 1800 1714 Elerstidi(835)
1834 1643 1921 1696 di-
1957 1675 2010 1734 B
2097 1640 2400 1694 6.1nterim
2423 1640 2660 1694 cesarin
2684 1641 3127 1715 Alstidipopulis
3133 1644 3265 1714 jura
3277 1644 3452 1699 dabat
3465 1645 3641 1713 (VIRG.

304 1747 469 1807 ctam,
495 1739 698 1809 ibique
733 1736 791 1790 in
825 1735 1001 1789 domo
1030 1733 1210 1788 nimis
1232 1733 1517 1804 lapidibus
1549 1733 1779 1785 ﬁrmata
1795 1748 1925 1802 pre-

305 1829 445 1900 cepit
464 1824 763 1891 custodiri,
778 1823 898 1896 ipse
913 1839 1044 1877 cum
1074 1822 1190 1875 suis
1211 1821 1283 1875 ad
1306 1821 1722 1890 imperatorem
1735 1835 1925 1873 rever-

307 1936 410 1972 sus.
442 1917 670 1971 Eodem
702 1914 792 1968 die
819 1930 931 1983 nos.
963 1920 1059 1954 H70
1089 1911 1163 1965 ad
1200 1908 1553 1982 presentiam
1587 1904 1793 1960 cesaris
1821 1922 1921 1958 vo-

307 2005 431 2067 cati,
452 2004 612 2076 quali
637 2001 1078 2074 presumptione
1099 2014 1264 2053 suum
1290 2013 1470 2068 nepos
1490 2011 1653 2049 meus
1671 1995 1922 2049 interru-

310 2095 451 2167 perit
471 2095 699 2156 votum,
724 2091 793 2144 ab
813 2089 1020 2143 eodem
1049 2087 1225 2141 flebili
1247 2083 1664 2140 lamentatione
1684 2084 1923 2154 percipi-

310 2200 448 2237 mus.
492 2183 759 2251 Namque
792 2195 925 2232 cum
959 2179 1112 2230 Brun
1146 2193 1179 2229 a
1205 2175 1408 2238 Milone
1443 2173 1677 2226 inimico
1711 2173 1832 2242 ejus
1861 2173 1921 2227 in

309 2271 475 2325 domo
506 2268 771 2340 propria,
790 2267 884 2320 ubi
915 2265 1185 2320 omnibus
1217 2266 1301 2317 est
1327 2279 1433 2333 pax
1462 2261 1751 2327 habenda,
1772 2261 1920 2315 occi-

314 2360 565 2423 deretur,
590 2357 764 2427 idque
793 2355 864 2409 ab
884 2354 1154 2408 omnibus
1177 2351 1467 2422 indigenis
1496 2350 1812 2421 inperatori
1835 2353 1923 2405 lu-

312 2447 570 2518 gubriter
601 2444 991 2504 intimaretur,
1033 2442 1284 2495 multum
1316 2442 1551 2509 rogatus
1595 2444 1657 2493 ut
1686 2456 1920 2494 suorum

313 2551 469 2589 more
504 2534 939 2588 antecessorum
969 2533 1089 2584 tam
1117 2527 1405 2583 sceleratis
1427 2527 1761 2582 hominibus
1791 2545 1922 2600 pre-

312 2622 466 2676 dium
498 2637 635 2676 cum
663 2620 914 2674 incolatu
947 2618 1302 2689 prohiberet,
1341 2616 1513 2686 idque
1545 2618 1923 2671 sacramentis

314 2711 545 2765 ﬁrmare
594 2726 662 2763 ex
713 2724 812 2761 sua
841 2710 1005 2777 parte
1045 2705 1327 2775 jussisset,
1383 2704 1615 2758 elevatis
1653 2706 1924 2760 manibus

319 2797 710 2869 omnipotenti
762 2798 877 2850 Deo
923 2798 980 2848 et
1035 2793 1253 2849 cunctis
1285 2791 1646 2863 presentibus
1691 2793 1831 2847 illud
1863 2811 1921 2846 se

314 2886 588 2959 quamdiu
609 2885 824 2939 viveret
843 2883 1218 2956 impleturum
1253 2881 1540 2952 promisit.
1561 2882 1628 2933 Et
1650 2881 1784 2951 quia
1804 2882 1921 2935 sci-

307 2993 428 3031 mus
482 2976 673 3029 multo
725 2974 906 3027 sacius
945 2990 1066 3028 esse
1111 2975 1332 3027 bonum
1379 2987 1498 3024 non
1540 2987 1745 3025 vovere
1801 2973 1918 3026 Deo

305 3081 475 3136 quam
526 3067 734 3135 postea
782 3062 1092 3128 declinare,
1124 3059 1450 3131 rogitemus
1490 3076 1645 3125 eum,
1679 3060 1768 3114 cui
1795 3062 1919 3114 haec

303 3154 456 3208 dedit
486 3150 798 3223 promissa,
846 3151 1026 3204 sicubi
1070 3166 1138 3203 ea
1185 3147 1560 3203 humanitatis
1591 3149 1780 3217 gratia
1820 3166 1917 3203 seu

305 3243 450 3295 malo
478 3242 524 3294 is
558 3239 801 3309 fregerit
829 3241 1042 3304 ortatu,
1076 3236 1487 3292 emendatione
1517 3237 1807 3308 condigna
1824 3254 1917 3291 re-

302 3329 547 3400 sipiscat.
597 3329 733 3381 Post
764 3327 818 3379 in
831 3326 1179 3397 peratoriam
1207 3324 1684 3379 lamentationem
1705 3325 1913 3397 optimi

302 3419 508 3489 quique
531 3415 750 3470 dedere
767 3415 1090 3480 consilium,
1106 3412 1626 3485 ut,comprehensis
1643 3416 1914 3469 omnibus

303 3506 506 3560 suimet
532 3503 728 3570 bonis,
758 3503 975 3558 domna
1000 3505 1388 3566 revocaretur,
1424 3504 1480 3554 et
1515 3501 1682 3572 hujus
1703 3504 1786 3556 rei
1810 3521 1908 3557 au-

300 3598 482 3650 ctores
513 3596 621 3649 aut
641 3592 788 3664 capti
826 3594 1279 3662 presentaretur,
1302 3589 1704 3660 autfugieutes
1732 3609 1908 3662 usque

303 3685 371 3738 ad
391 3686 652 3738 mortem
680 3681 1144 3751 persecutionem
1173 3681 1539 3749 paterentur;
1575 3678 1695 3749 ipse
1713 3683 1908 3735 autem

301 3787 488 3826 comes
513 3772 790 3842 superata
816 3767 1175 3835 inﬁrmitate,
1200 3767 1244 3820 si
1267 3766 1562 3838 culpabilis
1587 3767 1910 3822 efﬁceretur

301 3868 411 3928 N73,
443 3858 640 3931 capite
671 3856 1000 3928 privaretur
1029 3875 1042 3922 ;
1101 3856 1146 3910 si
1180 3859 1376 3910 autem
1405 3856 1526 3910 haec
1558 3857 1757 3911 omnia
1777 3874 1907 3911 cum

300 3963 583 4004 consensu
631 3947 914 3999 matronas
969 3948 1097 4001 acta
1135 3944 1399 4012 fuissent,
1429 3944 1485 4012 (f.
1524 3943 1646 4015 145)
1693 3945 1912 4014 optime

301 4039 556 4103 uteretur
590 4049 820 4105 sponsa.
843 4033 1040 4087 Frater
1064 4049 1229 4087 meus
1248 4048 1442 4087 comes
1464 4032 1772 4087 Heinricus
1790 4034 1914 4089 haec

301 4125 370 4178 ad
391 4122 699 4196 implenda
728 4121 858 4175 ilico
905 4121 1174 4187 mittitur,
1199 4124 1258 4175 et
1288 4124 1348 4174 ut
1371 4121 1444 4174 ad
1472 4121 1674 4176 Alstidi
1705 4122 1776 4175 ad
1807 4137 1915 4192 pu-

299 4212 507 4266 blicum
540 4210 812 4265 venirent
829 4209 1587 4280 colloquium,jubetur.lllo
1616 4212 1753 4264 tunc
1780 4225 1914 4280 pro-

299 4302 613 4366 ﬁciscente,
657 4299 898 4370 predicti
955 4299 1195 4354 comites
1230 4300 1607 4365 advenerunt,
1649 4302 1707 4354 et
1736 4301 1913 4354 cesari

300 4407 422 4461 qua:
454 4390 612 4444 facta
635 4391 766 4442 sunt
791 4388 1231 4442 nuntiaverunt.
1261 4389 1498 4442 Postera
1520 4387 1631 4454 die,
1663 4387 1719 4440 id
1750 4391 1837 4441 est
1856 4389 1912 4442 in

299 4479 476 4532 sancti
551 4475 857 4530 festivitate
923 4475 1170 4542 Martini,
1232 4475 1610 4530 Wirinharius
1667 4477 1914 4546 pacienti

299 4566 494 4620 animo
526 4564 768 4619 adversa
797 4580 1040 4635 quaeque
1073 4563 1360 4619 sustinens
1390 4565 1686 4631 hactenus,
1724 4566 1912 4635 exspi-

301 4654 440 4707 ravit
482 4654 653 4725 (836),
704 4654 928 4707 nullum
975 4653 1239 4707 hostibus
1282 4654 1528 4721 lucrum,
1571 4655 1684 4709 suis
1714 4657 1908 4709 autem

1945 3019 1992 3079 C

2023 1730 2173 1784 En.
2212 1747 2311 1795 vn,
2355 1731 2504 1796 246),
2535 1731 2611 1796 et,
2650 1733 2711 1784 ut
2749 1734 3048 1800 presentes
3077 1732 3468 1799 afﬁrmabant,
3499 1735 3644 1788 meis

2025 1819 2146 1873 haec
2181 1817 2386 1872 amicis
2442 1818 2788 1888 denegabat.
2823 1821 3012 1874 Insula
3053 1837 3180 1892 qua:
3205 1821 3478 1876 Porci“78
3509 1821 3643 1876 dici-

2023 1912 2119 1962 tur
2148 1908 2318 1978 (841),
2355 1906 2490 1978 quia
2515 1907 2671 1976 prius
2693 1924 2888 1963 comes
2923 1910 3287 1964 Bernhardus
3317 1909 3639 1981 predictum

2024 1996 2202 2052 voluit
2236 1995 2503 2051 occidere
2553 1997 2990 2065 Wirinharium,
3023 2015 3127 2070 per
3156 1998 3398 2070 injustos
3417 1999 3641 2070 judices

2025 2085 2133 2140 sibi
2159 2104 2290 2141 eam
2319 2103 2481 2139 cesar
2501 2086 2758 2157 precepit
2806 2087 3105 2158 assignari.
3136 2091 3250 2144 Hoc
3291 2089 3642 2145 Vicmannus

2023 2192 2218 2229 comes
2250 2175 2544 2246 prohibet,
2562 2179 2616 2229 et
2641 2175 2916 2245 injustam
2939 2185 3033 2219 N79
3056 2194 3177 2231 esse
3209 2178 3491 2247 afﬁrmat;
3518 2195 3640 2234 om-

2027 2280 2128 2316 nes
2153 2264 2351 2335 populi
2376 2267 2638 2317 mussant
2658 2267 2714 2317 et
2735 2265 3010 2319 Christum
3035 2266 3264 2320 Domini
3283 2283 3522 2338 peccare
3543 2285 3636 2323 oc-

2022 2353 2171 2406 culte
2196 2353 2475 2406 clamant.
2496 2352 2575 2405 lbi
2597 2355 2730 2406 tunc
2754 2361 2850 2394 “80
2862 2355 3025 2408 stella
3039 2355 3303 2410 multisin
3323 2356 3513 2412 medio
3535 2373 3638 2428 ap-

2021 2441 2364 2513 paruit(Dec
2419 2441 2580 2510 ’7)die
2613 2441 2671 2509 (f.
2715 2444 2857 2512 145).
2891 2444 2952 2496 ln
2986 2446 3186 2498 octava
3207 2445 3390 2498 sancti
3409 2445 3638 2500 Andree

2027 2530 2392 2601 Rigmannus
2424 2530 2710 2601 presbiter
2732 2539 2844 2598 1481,
2865 2531 2961 2602 qui
2983 2531 3252 2586 aecclesiae
3290 2533 3503 2603 prefuit
3522 2550 3638 2589 suta

2022 2622 2087 2674 85
2125 2636 2330 2680 annos,
2347 2619 2409 2672 in
2431 2620 2654 2673 Christo
2679 2620 2821 2674 obiit
2839 2630 2951 2675 N83.
2975 2623 3042 2674 Et
3064 2620 3198 2675 inde
3217 2623 3431 2690 exiens,
3446 2623 3638 2677 natale

2021 2707 2389 2762 Dominicum
2424 2709 2483 2761 in
2517 2709 2723 2763 Palithi
2755 2710 2949 2776 coluit,
2975 2715 3032 2764 et
3059 2711 3116 2765 in
3146 2713 3180 2765 4
3210 2712 3356 2766 feria
3386 2717 3520 2768 ante
3535 2714 3637 2767 Pa-

2021 2796 2156 2848 scha
2187 2802 2296 2863 (an.
2320 2797 2476 2857 10155)
2509 2797 2581 2848 ad
2608 2797 2936 2851 Mersburch
2953 2797 3124 2851 venit.
3147 2800 3210 2851 In
3239 2815 3382 2853 cena
3402 2800 3634 2854 Domini

2021 2883 2228 2937 crisma
2245 2882 2304 2934 in
2331 2883 2453 2951 ejus
2466 2884 2758 2954 presentia
2773 2884 2973 2954 indign
2984 2901 3044 2937 us
3061 2885 3348 2939 benedixi.
3364 2888 3424 2940 In
3439 2887 3634 2958 vigilia

2021 2976 2214 3026 autem
2243 2979 2336 3011 μεθ
2377 2975 2590 3024 sancta:
2636 2971 3092 3038 resurrectionis,
3121 2989 3250 3042 quas
3299 2978 3436 3028 tunc
3466 2973 3575 3029 fuit
3599 2979 3630 3028 5

2021 3061 2153 3114 ldus
2182 3057 2411 3128 Aprilis.
2449 3059 2708 3112 Redbald
2735 3059 2912 3113 abbas
2951 3059 3347 3115 Wirdunensis
3377 3062 3540 3129 obiit,
3575 3065 3634 3116 et

2018 3147 2395 3204 Hethenricus
2408 3147 2667 3218 ejusdem
2682 3149 2907 3204 cenobii
2927 3150 3250 3220 prepositus
3266 3151 3500 3222 eligitur
3513 3160 3629 3208 “81.

2021 3240 2080 3292 ln
2111 3238 2202 3291 die
2233 3239 2429 3290 sancto
2443 3236 2903 3308 archiepiscopus
2920 3239 3064 3292 Gero
3085 3239 3324 3294 missam
3339 3241 3592 3296 cantavit
3612 3259 3627 3310 ;

2016 3330 2073 3381 et
2097 3325 2333 3380 interim
2363 3325 2703 3391 Othelricus,
2734 3326 3104 3381 Boemiorum
3137 3327 3272 3394 dux,
3303 3329 3632 3398 advenit,et

2014 3415 2139 3470 dies
2173 3415 2278 3468 hos
2307 3413 2616 3467 sollemnes
2648 3414 2910 3468 duximus
2944 3415 3265 3470 admodum
3287 3418 3520 3477 hilares.
3536 3421 3628 3473 In-

2013 3508 2172 3559 terea
2199 3501 2571 3573 Hirimannus
2599 3502 2856 3557 marchio
2873 3504 3084 3574 pascha
3101 3505 3261 3559 duxit
3280 3522 3413 3561 cum
3431 3523 3629 3562 socero

2009 3597 2182 3680 (842),
2217 3594 2275 3646 et
2313 3589 2448 3644 inde
2487 3591 2577 3680 vir
2607 3593 2846 3658 solutus,
2897 3591 2972 3646 ad
3025 3592 3448 3666 imperatorem
3497 3613 3630 3651 cum

2009 3677 2215 3740 nuntio
2243 3681 2504 3752 ejusdem
2547 3677 2877 3751 Stoignewo
2929 3681 3026 3735 diu
3065 3687 3422 3755 exspectatus
3450 3685 3626 3741 venit.

2009 3775 2168 3829 Idem
2191 3771 2436 3839 legatus,
2453 3767 2686 3822 mentiri
2709 3783 2940 3839 semper
2956 3770 3176 3836 solitus,
3204 3772 3278 3825 ad
3293 3788 3555 3840 cesarem
3567 3773 3628 3826 in

2012 3856 2354 3916 occidentali
2385 3858 2570 3926 parte,
2605 3858 2731 3928 plus
2761 3856 2832 3910 ad
2865 3858 3331 3927 perturbandum
3355 3863 3631 3931 quam,ut

2013 3947 2403 4010 simulaverat,
2429 3945 2500 4000 ad
2540 3944 2983 4016 paciﬁcandum,
3013 3945 3085 4000 ab
3112 3945 3370 4001 instabili
3401 3947 3628 4002 seniore

2014 4055 2116 4092 suo
2147 4035 2351 4091 missus
2375 4037 2478 4089 est.
2499 4032 2681 4097 Quem
2703 4049 2835 4087 cum
2863 4033 3144 4088 consociis
3164 4033 3377 4090 suimet
3397 4035 3626 4106 inpera-

2013 4129 2107 4180 tor
2135 4123 2249 4180 suis
2270 4121 2647 4177 familiaribus
2665 4119 3058 4189 committens,
3077 4137 3328 4193 generos
3339 4139 3471 4178 suos
3486 4139 3628 4194 gra-

2015 4214 2156 4268 tiam
2191 4212 2448 4283 ejusdem
2469 4210 2638 4265 nudis
2661 4209 2901 4282 pedibus
2921 4212 3231 4282 querentes
3248 4210 3629 4267 misericordi-

2017 4306 2106 4356 ter
2123 4301 2394 4373 suscepit,
2408 4303 2466 4354 et
2482 4303 2618 4353 tunc
2637 4300 2874 4353 demum
2889 4297 3265 4369 nugigerulus
3285 4303 3348 4353 ut
3363 4300 3486 4355 hinc
3501 4316 3624 4356 cer-

2017 4393 2182 4445 neret
2206 4388 2525 4460 presentari
2546 4386 2735 4456 jussit,
2764 4387 2821 4439 et
2851 4385 3078 4455 publice
3111 4386 3353 4441 domino
3381 4389 3504 4458 ejus
3535 4404 3626 4442 re-

2015 4477 2267 4550 spondit.
2295 4477 2391 4530 Hic
2407 4491 2536 4530 cum
2560 4475 2689 4541 alia,
2706 4489 2883 4545 quam
2906 4489 3066 4528 cesar
3083 4475 3430 4545 preceperit,
3466 4475 3622 4530 domi

2015 4565 2321 4630 retulisset,
2361 4581 2490 4618 cum
2520 4563 2744 4634 prefato
2777 4561 2989 4617 comite
3021 4569 3116 4604 “85
3147 4578 3353 4634 pacem
3389 4563 3626 4618 ﬁrmare

2009 4654 2269 4726 cupienti
2297 4656 2458 4726 jussu
2496 4652 2655 4707 ducis
2686 4652 2920 4707 infausti
2951 4650 3286 4718 remittitur,
3313 4655 3370 4706 et
3401 4652 3460 4706 in
3492 4668 3626 4707 con-

1614 4743 1848 4798 VARle
1898 4743 2187 4802 LECTION
2195 4744 2297 4799 ES.

373 4820 465 4854 i378
495 4813 877 4867 exsemnlum.

300 4882 558 4950 1V,522.
601 4881 765 4948 V111,
793 4886 881 4938 26.
963 4890 1054 4924 N75
1081 4883 1501 4939 uoluissentla.
1581 4881 2013 4942 1m‘efﬁciretur
2055 4890 2102 4940 1.

993 4819 1086 4854 N74
1119 4828 1231 4884 nox
1262 4815 1388 4867 erat
1415 4817 1473 4867 et
1519 4817 1636 4869 loto
1668 4815 2174 4884 fulgebantsidera
2199 4817 2325 4871 celo
2350 4830 2483 4869 cum
2509 4830 2640 4868 ecce
2665 4812 2874 4884 add.‘2.
2894 4813 2970 4883 cf.
2998 4811 3149 4884 Virg.
3182 4811 3335 4869 (En.
3359 4811 3620 4884 111,147.

2185 4895 2280 4928 ητα
2312 4889 2441 4941 Post
2469 4915 2541 4926 —
2565 4884 2710 4939 obiit
2738 4882 2861 4938 add.
2886 4885 2969 4939 1b.
3050 4882 3144 4928 “‘18
3171 4883 3334 4940 Porci
3364 4884 3441 4939 Α.
3470 4882 3532 4940 S.
3564 4903 3619 4942 α.

301 4957 566 5028 -101Ϋ4Αη
634 4955 963 5028 ίιῖξῂυξιιιω
1000 4958 1085 5010 1α.
1131 4963 1258 5028 ᾼξιθο
1279 4957 1320 5028 l.
1356 4959 1397 5010 t.
1428 4955 1551 5013 add.
1591 4957 1672 5011 1b.
1752 4965 1843 5000 ιιει
1875 4964 1953 5016 ita
1974 4961 2107 5014 etin
2130 4956 2372 5012 Kalend.
2406 4956 2638 5010 Merseb.
2682 4955 2961 5011 Decembr.
3005 4961 3144 5028 ἍῙΕ
3172 4959 3220 5011 1.
3301 4963 3395 4999 ίιθε
3427 4957 3490 5010 In
3519 4971 3612 5011 oc-

303 5028 428 5080 tava
451 5025 596 5082 obiit
621 5025 754 5081 add.
789 5026 864 5082 1b.
947 5034 1041 5069 “88
1074 5025 1198 5081 add.
1238 5027 1320 5082 1b.
1401 5035 1496 5070 H81
1527 5029 1602 5081 ita
1636 5029 1718 5095 1b,
1754 5031 1810 5082 z'n
1840 5030 1949 5086 loco
1976 5046 2115 5085 raso.
2199 5037 2293 5072 “88
2321 5028 2521 5083 comiti
2550 5032 2599 5083 1.

1839 5111 2064 5167 ΝΟΤᾸΞ.

371 5176 520 5246 (834)
554 5176 780 5231 Rectius
810 5195 822 5231 :
859 5177 1074 5232 adesse.

371 5247 524 5320 (835)
550 5248 892 5320 Allerstaedt
930 5265 1109 5320 prope
1130 5247 1517 5320 Memlebium.
1561 5250 1690 5304 Uas.

373 5317 524 5389 (836)
559 5319 804 5376 Kalend.
833 5317 1072 5374 Merseb.
1100 5319 1402 5376 Novembr.
1442 5324 1525 5375 11.
1562 5319 1707 5377 Obiit
1751 5321 1909 5378 Wer-

305 5390 455 5462 nicho
478 5405 666 5462 comes.
717 5460 731 5462 _
986 5458 994 5462 _

375 5459 525 5603 (837)
548 5459 608 5516 V.
642 5459 795 5516 infra
825 5478 872 5516 c.
899 5464 986 5516 22.

377 5531 500 5601 (837
550 5530 732 5588 Helfte
758 5531 817 5588 in
850 5547 986 5588 com.

377 5530 525 5602 (837)
550 5530 732 5588 Helfte
758 5531 817 5588 in
850 5530 1131 5589 comitatu
1159 5532 1582 5602 Mansfeldensi,
1628 5533 1758 5591 Uas.

2077 5180 2223 5250 (839)
2244 5179 2584 5251 Liutgerdis.
2628 5179 2758 5233 Uas.

2076 5246 2225 5324 (840)
2259 5246 2499 5307 Kalend.
2545 5251 2807 5319 Merseb.,
2862 5249 3136 5305 Novemb.
3191 5250 3259 5306 26
3307 5246 3610 5318 Suonehz'l.,

2003 5325 2286 5380 cometissa
2316 5324 2468 5378 obiit.

2077 5397 2222 5466 (841)
2249 5397 2452 5466 Parey,
2481 5393 2670 5466 insula
2712 5390 3115 5458 Albim/haud
3157 5393 3357 5462 procul
3410 5391 3609 5448 aJeri-

2005 5465 2167 5522 chov.
2201 5464 2260 5522 et
2287 5464 2556 5522 Genthin.

2075 5536 2218 5612 (842)
2249 5538 2525 5595 Bolislavo
2550 5539 2790 5594 Polono.
