4012 6180
194 385 320 447 1869

1442 377 1862 439 CHRONICON.
1882 405 1958 427 -—
1975 377 2114 441 LIB.
2152 376 2269 435 VH.

3392 391 3550 461 ’13το

330 500 828 567 οοᾱεεῖαιιάἰάἰιε
853 499 1004 567 Quia
1026 517 1164 559 vero
1190 500 1365 573 hujus
1382 500 1627 558 coenobii
1644 518 1807 559 men-
1827 503 1885 569 Α
1925 499 2285 570 exemplum,
2332 502 2540 558 fratres
2566 501 2627 558 in
2657 501 2908 568 Christo,
2938 499 3147 573 capite,
3177 506 3240 560 et
3266 508 3543 569 morbum

325 579 554 636 cionem
581 574 772 646 sepius
804 574 939 641 feci,
970 574 1112 630 libet
1126 575 1321 645 aliqua
1342 573 1412 628 de
1433 573 1807 646 ejusinchoa-

321 652 481 706 cione
514 651 574 703 et
606 643 927 701 rectoribus
956 646 1209 699 breviter
1225 643 1443 707 dicere,
1475 643 1609 716 quia
1626 661 1806 698 unum

322 740 383 777 ex
414 716 831 790 antiquissimis
864 722 970 790 est.
1006 715 1807 790 Ann0_Dominice_in_carna-

318 791 499 848 cionis
521 786 1016 858 octingentesimo
1038 786 1310 853 vicesimo
1333 786 1805 858 secundorLiudo-

314 864 481 918 wicus
508 856 837 930 imperator
858 860 1155 930 angustus.
1207 859 1397 911 Karoli
1420 857 1606 930 Magni
1637 856 1806 930 filius,

312 932 541 1005 imperii
568 927 650 985 sui
678 945 838 1005 anno
867 927 1810 1005 d‘ecimo,pe_r_ve_nerabilemAdel-

314 999 562 1080 bardum
595 1000 850 1080 antique
880 999 1595 1080 Corbeie’aobbatem,‘hoc
1634 1015 1808 1080 ceno-

314 1077 469 1131 bium
513 1068 800 1136 fundavit,
835 1070 900 1123 in
952 1068 1326 1134 memoriam,
1359 1068 1514 1122 unde
1544 1068 1805 1138 cepisset,

316 1145 556 1202 Gorbeia
588 1158 733 1198 nova
766 1142 903 1196 loco
938 1157 1153 1194 nomen
1177 1139 1511 1210 imponens.
1546 1141 1669 1209 lpse
1689 1144 1805 1210 trag-

315 1217 454 1272 didit
476 1216 670 1271 eidem
704 1213 840 1266 loco
881 1211 1067 1265 multa
1099 1209 1319 1282 predia,
1356 1210 1571 1282 scilicet
1600 1209 1807 1282 ﬂuxeri

314 1288 524 1349 villam,
566 1282 855 1351 Eresburg
888 1286 948 1335 et
985 1280 1267 1352 Meppiam
1313 1280 1599 1352 abbﬁacias,
1639 1280 1808 1350 Hujus

317 1374 444 1412 vero
484 1356 638 1409 ﬁlius
684 1350 1013 1407 Liudwicus
1045 1350 1286 1405 contulit
1338 1351 1530 1405 nobile
1564 1350 1804 1417 donum,

320 1428 614 1481 abbaciam
640 1422 862 1478 scilicet
888 1422 952 1476 in
985 1420 1235 1483 Visbike,
1260 1425 1316 1475 et
1335 1421 1590 1475 decimas
1610 1421 1668 1473 in
1692 1420 1809 1489 epi-

321 1500 551 1568 scopatu
573 1492 1505 1568 Asnebruggicumdecimalibus
1532 1491 1803 1545 ecclesiis.

317 1563 573 1623 Tradidit
614 1563 869 1637 quoque;
912 1563 1297 1637 piscacionem
1326 1563 1385 1637 in
1411 1563 1649 1637 Wisera,
1679 1578 1806 1632 quae

321 1638 524 1692 dicitur
558 1633 810 1691 Ho'cwar.
848 1633 1159 1688 Lotharius
1190 1636 1338 1693 1849)
1373 1634 1694 1701 imperator
1718 1648 1809 1685 ve-

320 1708 403 1763 nit
433 1725 563 1761 cum
596 1705 983 1761 orientalibus
1008 1703 1240 1757 Francis
1298 1703 1356 1756 in
1399 1701 1704 1767 Sclaviam,
1752 1704 1810 1755 et

323 1795 518 1833 eorum
551 1792 751 1846 regem
775 1774 1163 1846 Gestimulum
1201 1773 1429 1846 occidit,
1446 1843 1454 1846 _
1470 1776 1806 1846 ceterosque

318 1849 539 1915 subegit
570 1842 812 1903 et’dedit
851 1845 1092 1898 ecclesie
1124 1842 1623 1915 Corbeiensi,ipso
1650 1858 1806 1896 anno

324 1914 699 1974 dediCationis
720 1917 866 1985 eius,
896 1918 959 1969 ut
980 1915 1211 1969 cronica
1257 1917 1517 1985 testatur.
1568 1914 1808 1985 Insuper

323 2006 483 2061 reges
545 1983 930 2068 etprin‘cipes
958 1989 1015 2039 et
1042 1985 1218 2068 ceteri
1242 1985 1477 2068 nobiles
1506 1983 1692 2068 ipsum
1720 1983 1805 2068 lo:

323 2054 446 2114 cuin
483 2054 680 2113 multis
742 2054 957 2110 divitiis
1004 2059 1062 2126 et
1119 2054 1715 2126 prcdiisditavcrunt,
1750 2056 1809 2106 et

322 2130 561 2207 Romani
581 2126 884 2207 pontifices
898 2142 953 2179 m
964 2125 1083 2207 agis
1092 2124 1405 2207 privilegiis
1419 2128 1474 2177 et
1487 2124 1808 2207 honoribus

326 2194 672 2255 extulerunt.
708 2197 804 2251 Hic
824 2194 1135 2266 requiescit
1151 2194 1381 2250 inclitus
1404 2194 1609 2248 martir
1623 2194 1804 2266 _Vitus,

322 2270 615 2340 septennis
641 2284 806 2340 puer,
832 2263 1142 2340 translatus
1182 2284 1251 2321 eo
1307 2266 1401 2340 de
1435 2263 1674 2318 Francia
1702 2281 1807 2340 per

322 2335 659 2404 W'arinum;
700 2339 822 2408 ejus
850 2338 966 2409 loci
1004 2338 1259 2409 primum
1312 2336 1603 2399 abbatem,
1646 2335 1807 2405 cujus

324 2410 581 2465 martiris
636 2408 963 2479 patrocinio
1010 2408 1272 2463 'Saxonia
1319 2421 1517 2479 rerum
1550 2422 1803 2479 _s‘uarum

357 2475 703 2553 rosperila'te
740 2479 799 2533 in
844 2480 1201 2553 immensum
1234 2476 1501 2553 excrevit.
1544 2475 1699 2553 Situs
1720 2480 1807 2553 est

316 2498 703 2605 prosperitate
740 2498 799 2533 1n
848 2498 1201 2533 Immensum
1234 2498 1501 2531 εχει-ενα.
1545 2498 1699 2529 altus
1720 2498 1807 2531 Θδῐι

356 2552 404 2605 ic
440 2553 600 2605 locus
629 2566 804 2620 super
832 2550 1071 2603 ﬂuvium
1096 2549 1374 2602 Wiseram
1392 2547 1449 2600 in
1472 2546 1807 2620 episcopatu

321 2618 743 2676 Pabrunnensi.
773 2619 985 2674 Eadem
1016 2625 1069 2676 2.
1098 2621 1298 2673 iterum
1327 2635 1509 2672 versus
1546 2619 1707 2686 ﬁnem
1738 2618 1804 2673 li-

318 2692 395 2746 bri
436 2692 573 2746 VII.
612 2693 818 2761 repetit.
856 2690 1021 2761 Conf.
1052 2690 1123 2747 A.
1151 2690 1213 2745 S.
1248 2708 1299 2743 α.
1335 2693 1459 2744 8'22.

256 2783 331 2836 10.
363 2782 424 2835 In
458 2780 571 2834 hiis
617 2778 820 2834 diebus
844 2780 1061 2833 festivis
1086 2780 1294 2833 Ernost
1315 2775 1653 2830 H98inclitus
1671 2775 1803 2831 Ale-

191 2868 422 2923 manniee
462 2869 598 2935 dux,
647 2867 813 2937 pueri
852 2883 1143 2922 successor
1168 2864 1530 2926 Hcrimanni,
1562 2879 1695 2917 cum
1744 2862 1803 2918 in

189 2955 314 3011 silva
332 2957 584 3029 quadam
606 2956 800 3011 illicite
818 2958 1148 3022 venaretur,
1164 2956 1235 3009 ab
1258 2972 1372 3009 uno
1408 2953 1661 3007 militum
1688 2951 1801 3006 sui-

186 3049 292 3100 met
313 3048 434 3116 plus
455 3044 794 3117 ignorantia
821 3061 993 3115 quam
1028 3045 1324 3099 voluntate
1356 3045 1700 3115 spontanea,
1740 3044 1804 3096 ut

1921 590 2169 646 interius
2200 589 2479 646 latentem
2514 592 2744 648 medico
2778 589 2993 646 caelesti
3012 598 3108 635 "0°
3128 594 3548 665 aperite,etan-

1916 677 2159 749 titotum
2180 685 2273 719 ιιοτ
2300 679 2423 750 ejus
2445 681 2676 736 salubre
2704 679 3037 735 nullatenus
3064 682 3406 754 spernite,et
3424 689 3545 759 qui-

1915 782 2167 837 cumque
2196 765 2269 821 sit
2302 768 2361 821 in
2392 768 2508 824 ﬁne
2536 772 2741 827 nostro
2770 769 3087 838 confessor,
3132 787 3252 827 non
3283 778 3543 831 moretur

1913 858 1973 913 in
2005 855 2263 928 gementi
2293 856 2657 928 professione
2682 860 2978 930 peccator,
3012 860 3076 914 ut
3096 859 3169 916 ab
3198 877 3269 917 eo
3302 860 3363 918 in
3387 864 3543 921 oculis

1911 945 1973 1001 in
2004 943 2268 1000 veniatur
2290 945 2584 1017 propicius
2604 945 2908 1002 remissor.

1985 1110 2070 1163 11.
2095 1106 2182 1161 Ad
2210 1108 2793 1178 supramemoratam
2836 1108 3330 1179 sollempuitatem
3374 1115 3432 1169 et
3465 1112 3537 1169 ad

1910 1195 2238 1267 predictum
2269 1195 2462 1249 locum
2494 1193 2741 1266 quidam
2774 1194 3022 1250 rusticus
3052 1196 3123 1251 de
3163 1199 3414 1255 occiduis
3440 1216 3535 1257 ve-

1910 1283 2078 1337 niens
2103 1280 2382 1353 partibus,
2417 1298 2628 1337 novam
2673 1282 3021 1354 imperatori
3052 1284 3403 1357 legationem
3438 1289 3541 1345 de-

1910 1372 2060 1438 tulit,
2089 1375 2142 1425 et
2166 1373 2317 1426 hanc
2346 1372 2503 1425 nullo
2536 1377 2631 1413 1'07
2666 1370 2785 1425 nisi
2826 1388 2897 1426 eo
2952 1380 3048 1414 "08
3104 1374 3209 1429 soli
3258 1393 3539 1449 umquam

1910 1460 2137 1531 aperire
2163 1459 2360 1526 voluit,
2387 1461 2627 1531 portans
2677 1459 2873 1514 adhuc
2926 1459 3228 1517 stimulum
3247 1472 3342 1507 ίδοο
3360 1466 3538 1533 hunc,

1910 1563 2025 1619 quo
2056 1551 2193 1601 tunc
2219 1562 2395 1617 pecus
2418 1562 2589 1601 arans
2625 1546 2898 1615 minavit,
2932 1565 3063 1603 cum
3095 1549 3205 1605 hoc
3236 1551 3290 1606 ei
3321 1552 3540 1610 caelitus

1910 1651 2017 1707 per
2042 1634 2377 1689 columbam
2412 1642 2506 1676 1⁵10
2525 1634 2760 1705 jussum
2794 1636 2906 1690 fuit
2926 1645 3042 1691 1⁸11.
3069 1639 3137 1692 Et
3166 1639 3260 1694 hic
3288 1649 3384 1684 1m
3416 1647 3545 1707 erat

1910 1704 2089 1777 tanta:
2116 1720 2515 1792 longitudinis,
2534 1704 2607 1776 ut
2639 1739 2855 1777 omnes
2879 1724 2977 1795 qui
2993 1741 3124 1778 eum
3157 1734 3253 1769 1⁸1³
3279 1704 3545 1786 viderant

1838 1816 1891 1879 Β
1911 1810 2088 1866 nimis
2116 1809 2585 1865 ammirarentur.
2617 1812 2749 1882 Ipse
2769 1818 2870 1853 ιω
2893 1828 3027 1868 vero
3051 1812 3306 1883 rediens,
3324 1817 3546 1875 cunctis

1910 1898 2410 1969 interrogantibus
2431 1897 2671 1965 indicat,
2698 1898 2870 1969 jussu
2900 1901 3129 1970 cesaris,
3154 1919 3213 1958 se
3238 1904 3312 1959 ad
3347 1908 3546 1979 Aqua-

1911 1985 2109 2057 sgrani
2143 1989 2271 2056 post
2298 1984 2743 2057 expedicionem
2764 1989 3169 2056 venturum,et
3199 2007 3545 2063 responsum

1911 2075 1988 2130 ab
2020 2090 2087 2129 eo
2118 2073 2333 2128 ibidem
2364 2076 2765 2144 accepturum.
2798 2076 2869 2129 Et
2900 2074 3036 2146 quia
3087 2076 3237 2133 hanc
3268 2080 3544 2138 admoni-

1910 2163 2142 2219 cionem
2174 2165 2231 2217 et
2259 2162 2460 2217 crebro
2501 2161 2680 2217 aliam
2718 2162 3212 2222 innumerabilem
3242 2167 3547 2240 inperator

1909 2251 2147 2323 sprevit,
2180 2249 2496 2305 vindictam
2544 2251 2751 2306 sensit.
2788 2252 2855 2307 In
2885 2253 3186 2311 nativitate
3214 2258 3396 2313 sancti
3441 2260 3542 2317 Jo-

1908 2338 2122 2394 hannis
2153 2338 2438 2409 baptista,
2469 2353 2598 2408 qua:
2631 2341 2776 2393 tunc
2802 2342 3073 2410 proxima
3102 2347 3249 2412 erat,
3296 2346 3369 2401 ad
3412 2348 3545 2405 Gos-

1908 2424 2016 2481 leri
2047 2441 2207 2479 cesar
2236 2423 2494 2489 veniens,
2528 2424 2762 2480 Ernasti
2802 2426 3081 2483 ducatum
3119 2432 3279 2502 nepti
3322 2448 3437 2490 suae
3482 2440 3543 2492 et

1908 2514 2030 2569 ﬁlio
2060 2512 2181 2583 ejus
2216 2511 2411 2576 dedit;
2451 2514 2508 2565 et
2532 2511 2673 2567 inde
2726 2514 2805 2570 ad
2841 2517 3261 2593 Magathaburg
3280 2522 3541 2595 proﬁcis-

1910 2620 2066 2669 cens,
2090 2602 2484 2656 interventum
2538 2601 2710 2657 Cristi
2751 2605 2956 2661 militis
2982 2608 3236 2663 Mauricii
3265 2610 3339 2666 ad
3376 2629 3541 2671 exsu-

1910 2691 2232 2765 perandam
2286 2689 2466 2743 hostis
2515 2690 2789 2747 Bolizlavi
2830 2697 3255 2753 contumatiam
3277 2703 3543 2773 supplici-

1907 2784 1998 2835 ter
2027 2777 2270 2849 rogavit.
2330 2777 2547 2832 Dehinc
2599 2779 2675 2833 ad
2719 2780 2918 2836 locum
2963 2784 3061 2855 qui
3121 2784 3539 2849 Sclancisvordi

1908 2866 2057 2938 (851)
2083 2868 2338 2929 vocatur,
2372 2881 2501 2918 cum
2534 2866 2793 2923 exercitu
2826 2871 3151 2941 glomerato
3174 2876 3446 2945 perrexit,
3478 2883 3539 2935 et

1906 2970 2191 3025 magnum
2250 2952 2838 3025 comprovincialibus
2872 2961 2930 3012 et
2978 2960 3300 3016 marchioni
3332 2979 3534 3023 eorum

1905 3044 1965 3111 (ἰ.
1990 3041 2130 3113 148’)
2162 3040 2373 3096 Geroni
2404 3040 2598 3093 intulit
2645 3041 2953 3105 [damnum
2998 3051 3142 3111 πίη,
3177 3051 3210 3104 8
3238 3050 3367 3106 [dus
3394 3052 3532 3116 Julii

186 3149 393 3188 cervam
447 3135 722 3205 sagittare
772 3141 865 3175 1500
897 3133 1117 3199 debuit,
1146 3149 1251 3204 pro
1285 3129 1486 3188 dolor!
1530 3132 1798 3184 vulnera-
1834 3134 1970 3225 Cﬁt
1998 3134 2195 3185 nostra
2225 3129 2622 3200 congregatio,
2671 3134 2731 3185 et
2780 3150 2886 3205 pro
2945 3135 3281 3192 defensione
3334 3139 3531 3201 debita

184 3222 266 3276 tur
283 3229 390 3275 ίδοι.
427 3222 525 3276 Hic
562 3221 699 3293 quia
725 3223 976 3275 mortem
1013 3220 1119 3275 sibi
1146 3220 1451 3274 imminere
1483 3218 1795 3289 perspexit,

185 3307 347 3363 socios
368 3312 557 3374 vocat,
590 3312 648 3363 et
666 3311 729 3363 ut
744 3325 844 3364 reo
866 3311 1176 3379 parcerent
1196 3307 1571 3379 supplicatur;
1592 3307 1649 3359 et
1660 3305 1797 3377 quia

184 3395 265 3449 hic
282 3399 412 3452 tunc
434 3396 972 3469 presbiterum,quo
996 3405 1089 3439 1503
1113 3413 1214 3451 sua
1244 3395 1620 3451 conﬁteretur
1658 3410 1791 3465 pec-

187 3486 432 3551 cata,non
448 3484 864 3550 habuit,unum
879 3502 943 3538 ex
960 3484 1236 3539 militibus
1250 3484 1418 3555 hujus
1429 3483 1546 3537 vice
1560 3481 1794 3553 propius

186 3579 266 3613 ίιοε
290 3574 559 3628 accedere
580 3572 774 3644 jussit.
809 3572 993 3636 Quem
1026 3589 1157 3627 cum
1187 3573 1385 3627 adesse
1404 3570 1787 3642 perspiceret:

188 3657 377 3732 Omnes,
413 3660 649 3734 inquid,
701 3661 949 3727 accedite,
1000 3667 1051 3715 et
1110 3660 1474 3715 commortalis
1510 3661 1680 3714 vestri
1732 3681 1793 3719 ac

177 3752 449 3818 peccatoris
476 3750 637 3820 facta
680 3766 816 3804 aure
845 3749 1017 3803 cordis
1044 3751 1327 3821 percipite,
1371 3754 1420 3803 et
1448 3750 1677 3820 qualiter
1696 3769 1791 3810 cu-

185 3844 376 3905 rentur,
404 3839 741 3893 unanimiter
755 3840 1081 3900 succurrite;
1122 3836 1521 3908 absentibusque
1543 3846 1635 3880 1⁵04
1658 3857 1793 3896 cun-

188 3928 270 3979 ctis
291 3926 530 3995 ﬁdelibus
552 3928 911 3999 peccatricem
942 3927 1153 3980 meimct
1187 3927 1423 3978 animam
1448 3942 1603 3997 queso
1649 3945 1794 3983 com-

187 4015 419 4082 mendate,
454 4023 505 4071 et
529 4032 753 4069 uxorem
784 4032 978 4081 meam,
1030 4021 1088 4068 ut
1125 4014 1375 4069 honorem
1421 4031 1579 4070 suum
1623 4025 1795 4073 servet

188 4108 227 4154 et
250 4106 343 4157 mei
367 4120 474 4158 non
524 4103 879 4158 obliviscatur
923 4119 1166 4158 ammone
1184 4110 1250 4156 te.
1300 4103 1428 4155 Haec
1482 4104 1699 4174 dicens,
1733 4107 1792 4162 in

189 4204 528 4264 quocumque
564 4208 849 4262 umquam
889 4209 947 4246 se
988 4190 1205 4263 aliquid
1248 4190 1554 4262 deliquisse
1606 4211 1796 4249 recor-

189 4275 294 4332 dari
316 4280 522 4349 potuit,
553 4279 778 4333 cunctis
808 4279 1172 4350 presentibus
1192 4278 1467 4346 innotuit,
1492 4283 1549 4334 et
1570 4298 1703 4336 mox
1724 4283 1794 4338 de

1900 3218 2323 3276 habitatoribus
2364 3216 2472 3270 hiis
2506 3218 2771 3289 predatio
2805 3238 3040 3293 magna.
3080 3225 3395 3297 Postquam
3421 3246 3528 3287 no-

1900 3308 2001 3364 stri
2030 3306 2218 3360 Albim
2246 3304 2623 3373 transierunt,
2659 3306 2979 3380 inperatrix
3018 3313 3076 3366 et
3120 3328 3228 3383 ego
3261 3330 3393 3371 cum
3424 3316 3528 3373 illa

1900 3397 1973 3453 ad
2017 3396 2309 3465 Mersburg
2345 3396 2676 3466 pergentes,
2738 3399 2947 3453 cesaris
3001 3400 3315 3457 adventum
3343 3403 3403 3460 in
3437 3404 3524 3463 his

1897 3484 2158 3558 partibus
2185 3483 2631 3556 expectavimus.
2662 3483 2852 3541 Nostri
2884 3492 3086 3543 autem
3117 3492 3179 3543 ut
3204 3490 3278 3545 ad
3307 3507 3525 3565 pagum

1898 3572 2079 3629 Lusici
2100 3572 2318 3627 dictum
2349 3574 2652 3638 venerunt,
2717 3590 2751 3628 a
2789 3574 3041 3644 presidio
3073 3593 3142 3631 ex
3189 3576 3353 3634 Ciani
3383 3582 3525 3640 urbe

1894 3661 2042 3733 (852)
2077 3676 2309 3732 egresso
2346 3667 2445 3702 1m
2484 3662 2881 3730 temptantur;
2931 3664 3087 3734 quod
3143 3672 3527 3736 agnoscentes

1894 3764 2174 3821 magnam
2202 3764 2268 3802 ex
2293 3763 2361 3801 eo
2395 3745 2835 3803 multitudinem
2865 3750 3154 3818 occidunt,
3177 3755 3237 3806 et
3256 3753 3522 3815 Hericum

1895 3836 1993 3910 qui
2025 3835 2322 3890 dicebatur
2359 3833 2673 3906 Superbus,
2704 3840 2762 3891 et
2787 3837 2886 3908 qui
2928 3854 2997 3892 ex
3045 3842 3245 3894 nostra
3280 3842 3523 3913 regione

1896 3926 1970 3981 ob
1997 3922 2333 3978 omicidium
2364 3921 2461 3976 illo
2489 3921 2659 3993 fugit,
2706 3926 2939 3995 captum
2967 3926 3026 3980 in
3074 3925 3314 3983 vinculis
3339 3934 3518 3988 cesari

1895 4011 2328 4087 presentabant.
2382 4009 2522 4065 Inde
2562 4027 2741 4084 usque
2796 4012 2870 4068 ad
2924 4013 3177 4070 Oderam
3218 4012 3522 4089 inperator

1897 4100 2207 4174 profectus,
2238 4099 2310 4154 ad
2331 4100 2525 4154 locum
2556 4098 2654 4170 qui
2689 4100 2907 4155 Crosna
2932 4101 3140 4157 dicitur
3160 4103 3333 4175 (853),
3364 4105 3515 4178 opti-

1895 4205 2022 4243 mos
2056 4187 2126 4241 ab
2158 4187 2411 4242 exercitu
2442 4194 2535 4229 m7
2568 4187 2641 4241 ad
2679 4188 3023 4245 Miseconem
3080 4188 3158 4245 ibi
3208 4191 3513 4250 turmatim

1899 4277 2197 4333 sedentem
2221 4276 2392 4344 misit,
2421 4279 2485 4331 ut
2514 4292 2649 4330 eum
2684 4276 2755 4331 de
2785 4276 3074 4348 promissa
3102 4277 3210 4333 sibi
3240 4278 3358 4336 ﬁde
3387 4298 3516 4338 am-

188 4364 294 4420 luce
309 4367 409 4422 hac
424 4377 520 4411 ιδοδ
540 4374 575 4424 2
602 4367 1052 4422 Kalendaslunii
1073 4368 1327 4423 discessit
1350 4368 1517 4437 (850),
1542 4372 1795 4442 sepultus
1815 4366 1868 4427 D
1899 4368 2228 4434 monerent,
2273 4368 2330 4419 et
2359 4383 2432 4420 ne
2462 4368 2703 4438 propter
2744 4381 2879 4421 eum
2922 4365 2994 4421 ab
3051 4366 3383 4439 imperatore
3412 4388 3515 4428 sua

189 4447 239 4504 in
259 4454 586 4527 Warciburg
606 4455 773 4525 juxta
790 4458 1017 4526 patrem
1036 4472 1203 4509 suum
1234 4455 1633 4511 marchionem
1666 4458 1794 4514 Liu-

190 4540 428 4611 poldum,
459 4548 521 4597 ut
549 4542 674 4614 ipse
703 4542 947 4614 rogavit.
969 4542 1068 4596 Hic
1088 4543 1335 4614 juvenis,
1370 4547 1427 4597 ut
1454 4560 1646 4615 spero,
1678 4545 1798 4601 feli.

192 4639 300 4682 cem
323 4630 493 4685 habet
523 4630 812 4699 animam,
848 4630 957 4698 cui,
997 4630 1141 4685 sicut
1177 4634 1297 4703 ipse
1327 4631 1519 4686 vivens
1552 4635 1791 4689 testatus

1895 4455 2209 4529 perderent
2230 4454 2409 4521 bona,
2439 4471 2571 4509 cum
2610 4452 2911 4510 dedicione
2971 4472 3074 4510 sua
3123 4473 3512 4531 preoccupare

1896 4544 2183 4611 voluisset,
2210 4543 2569 4598 unanimiter
2597 4545 2892 4615 rogarent.
2942 4542 3157 4608 Quibus
3206 4544 3252 4601 is
3303 4547 3512 4605 talibus

1895 4631 2195 4705 respondit
2224 4649 2236 4687 :
2277 4633 2528 4705 Agnosco
2561 4649 2643 4687 me
2672 4632 2852 4705 gratia
2877 4639 2972 4675 1⁸1³
2996 4636 3187 4689 cesaris
3210 4636 3276 4690 ab
3304 4636 3516 4695 inimici

192 4719 278 4783 est,
314 4720 435 4788 plus
452 4718 690 4791 placuit,
717 4735 916 4773 coram
938 4719 1133 4775 multis
1154 4719 1246 4774 hic
1262 4721 1595 4776 erubescere
1616 4739 1790 4793 quam
1881 4728 2145 4795 potestate
2171 4729 2403 4793 ereptum
2435 4738 2497 4775 ac
2532 4720 2679 4776 vobis
2696 4720 2855 4790 ﬁdem
2879 4724 3182 4792 promisisse
3197 4731 3279 4791 ;et
3299 4741 3416 4784 eam
3442 4727 3508 4782 li-

191 4817 364 4862 coram
393 4807 791 4881 omnipotenti
851 4809 971 4862 Deo
1022 4809 1224 4865 latere.
1286 4810 1350 4881 (f.
1387 4811 1513 4882 448)
1554 4811 1635 4864 De
1684 4811 1793 4866 hoc

1898 4811 2073 4865 benter
2103 4811 2160 4864 in
2192 4810 2441 4865 omnibus
2465 4806 2827 4880 adimplerem,
2843 4811 2892 4863 si
2905 4809 3034 4866 liber
3050 4812 3511 4872 existerem.Nunc

1492 4897 1728 4953 VARIAE
1777 4896 2188 4953 LECTIONES.

252 4969 561 5037 imrernest
593 4966 697 5023 lc?
809 4974 905 5009 "0°
944 4966 1194 5037 sagitare
1238 4970 1287 5023 1.

1402 4976 1495 5010 ίιοί
1526 4971 1862 5025 vulneretur
1895 4972 1980 5023 ta.

2096 4976 2190 5051 nos
2341 4966 2502 5055 hic?“
2540 4968 2946 5055 I‘Iffpropu’t.
2974 4976 3073 5055 ξιοξ
3102 4986 3214 5055 que
3262 4972 3390 5055 add.
3418 4973 3503 5030 tb.

195 5039 274 5077 ιιοῑ
301 5036 419 5092 add.
455 5039 545 5095 lb.
635 5046 729 5079 ιδοι
755 5039 965 5092 celeste
990 5036 1074 5092 la.
1155 5046 1249 5081 1507
1273 5039 1605 5094 antitodum
1641 5044 1690 5095 l.
1770 5049 1867 5085 "08
1898 5039 2043 5096 nulli
2067 5039 2175 5095 nisi
2196 5039 2250 5094 ei
2280 5040 2368 5095 lc?
2409 5046 2504 5082 ιδοο
2533 5036 3155 5097 stimulum—minuit
3178 5045 3235 5097 in
3259 5043 3367 5098 loco
3383 5058 3502 5098 raso

196 5105 267 5159 lb.
338 5116 429 5151 1³10
458 5125 565 5181 per
590 5124 648 5183 _c.
685 5109 811 5164 add.
850 5111 936 5167 ib.
1014 5116 1106 5150 1⁸11
1141 5109 1262 5163 fuet
1299 5128 1436 5164 corr.
1478 5111 1587 5165 fuit
1616 5114 1667 5183 1.
1748 5120 1843 5154 1m
1881 5112 1988 5168 hec
2012 5115 2096 5166 la.
2165 5120 2272 5183 1³1³
2315 5127 2446 5167 eam
2480 5114 2565 5165 la.
2599 5118 2693 5153 1W
2732 5112 2856 5183 Ipse
2885 5144 2953 5154 —
2977 5113 3156 5171 sensit
3186 5114 3270 5170 ib.
3301 5115 3364 5170 in
3392 5113 3503 5170 loco

195 5189 361 5236 vacuo.
439 5179 535 5221 ιω
566 5179 709 5234 deest
743 5184 793 5235 1.
874 5189 967 5221 1⁵1⁸
994 5196 1195 5250 egreso
1230 5185 1276 5235 l.
1356 5189 1450 5223 1⁵1⁷
1487 5182 1736 5237 exertitu
1764 5186 1816 5239 1.
1895 5191 1991 5227 1⁸1⁸
2030 5181 2278 5254 gratiam
2311 5186 2361 5238 1.

256 5319 394 5399 (_849)
419 5321 970 5378 Lotharius—dedica
981 5322 1145 5391 tionis
1164 5324 1301 5393 ejus]
1333 5340 1400 5378 ex
1420 5323 1573 5379 Ann.
1596 5254 2253 5399 QuegPTﬁuterendus.

198 5385 436 5464 linbur'g.
450 5408 651 5464 supra.

197 5463 484 5591 “Ov.
516 5463 669 5519 Ann.
706 5463 979 5531 Hildesh.,
1013 5480 1063 5519 a.
1104 5467 1259 5521 1015.
1283 5464 1521 5520 Kalend.
1546 5466 1781 5522 Merseb.

258 5602 396 5673 (861)
416 5604 596 5664 Locus
626 5605 793 5664 nobis
818 5605 1071 5682 ignotus,
1099 5606 1255 5679 haud
1271 5606 1473 5683 procul
1497 5623 1534 5669 ι
1558 5605 1786 5685 Torgau

1957 5390 2105 5478 $8532)
2130 5394 2355 5478 .Zinnitz
2380 5390 2534 5453 inter
2570 5396 2752 5461 Kalau
2793 5397 2853 5452 et
2878 5392 3107 5457 Luckau
3160 5392 3220 5453 in
3274 5392 3502 5459 Lusatia

1884 5466 2164 5523 inferiori.

1955 5538 2105 5612 (853)
2132 5539 2399 5611 Crossen,
2425 5537 2521 5597 ubi
2547 5539 2752 5597 ﬂuvius
2778 5536 2964 5597 Bober
3005 5534 3257 5601 Oderam
3279 5536 3490 5603 inﬂuit.
