4012 6180
544 373 671 440 1371
1521 369 1897 431 ΤΗΙΕΤΜΑΒῙ
1923 369 2545 431 MERSEBURGENSIS
2569 370 2886 429 EPISCOPI
3644 385 3734 446 mg

545 508 743 569 autem,
775 505 836 555 ut
863 498 972 570 ipsi
990 497 1154 565 scitis,
1176 512 1292 552 sum
1321 497 1427 551 mei
1445 499 1618 568 patris
1637 496 1875 552 dominio
1913 504 2004 539 Im
2028 495 2219 558 διώ-Δ
2254 512 2382 552 rem
2413 512 2531 552 non
2573 496 3010 558 comitarentur,
3036 495 3232 551 tamen
3263 495 3419 554 ﬁdele
3435 499 3738 563 servitiumsua

535 592 698 657 ditus,
741 595 790 644 et
841 589 967 661 quia
1000 585 1087 640 ille
1127 586 1224 642 ἦοσ
1253 586 1520 658 prohibet,
1579 592 1629 640 et
1677 587 1766 640 sui
1805 585 2006 639 milites
2061 583 2144 638 Iu'c
2271 585 2563 640 vicinitate
2626 585 2773 656 (856)
2830 585 3138 640 ostendunt
3224 585 3464 659 Namque
3512 589 3741 649 Othelricus

560 679 715 734 modo
729 685 990 750 presentes
1032 677 1161 731 talia
1180 677 1296 745 ﬁeri
1321 693 1424 730 non
1439 677 1753 747 paciuntur,
1779 676 1978 730 invitus
1995 679 2148 728 omzt-
2269 675 2560 745 quandam
2619 675 2823 729 urbem
2856 690 3152 744 magnam,
3198 675 3392 729 Businc
3432 677 3554 746 (857)
3578 679 3741 749 dictam,

546 774 621 822 to.
653 767 930 830 Patriam,
953 783 1113 839 quam
1141 766 1383 839 queritis,
1413 781 1608 832 meam,
1640 767 1686 818 si
1697 781 1933 835 possum,
1967 763 2148 833 defen-
2246 764 2430 836 petiit,
2465 767 2522 818 et
2551 763 2606 818 in
2639 781 2708 818 ea
2740 781 2859 819 non
2890 764 3080 818 minus
3106 780 3280 835 quam
3323 764 3462 819 mille
3506 766 3622 822 viros
3657 770 3741 824 abs-

528 857 656 912 dere
689 872 856 929 usque
875 855 947 910 ad
972 857 1258 912 adventum
1290 857 1393 909 mei
1414 855 1586 926 patris
1621 853 1758 919 volo,
1791 860 1839 907 et
1877 860 2003 907 tunc
2025 867 2146 905 eum
2258 869 2367 923 que
2391 851 2728 906 mulieribus
2749 856 2807 906 et
2828 853 3020 906 liberis
3052 852 3301 923 capiens,
3329 852 3553 908 incendit
3574 857 3743 911 eandem

531 947 605 1002 ad
673 947 908 1017 gratiam
946 948 1134 1000 cesaris
1191 952 1240 999 et
1277 945 1347 998 ad
1367 959 1599 999 amorem
1627 949 1860 997 vestrum
1886 940 2147 996 inclinare
2250 943 2307 994 et
2335 941 2515 995 victor
2534 941 2834 995 remeavit.
2888 940 3180 995 Heinricus
3209 945 3416 1007 autem,
3463 942 3744 1000 Orientalium

528 1037 703 1107 cupio.
743 1035 861 1089 Hoc
890 1033 1070 1089 nostri
1103 1033 1421 1100 audientes,
1460 1031 1704 1103 regressi
1743 1032 1894 1098 sunt,
1941 1032 1997 1082 et
2025 1029 2147 1082 haec
2255 1031 2535 1099 marchio,
2565 1048 2695 1085 cum
2739 1030 3022 1096 Bawariis,
3049 1031 3421 1102 comperiens,
3445 1031 3749 1088 Bolizlavimi-

530 1122 850 1194 inperatori
887 1139 1163 1193 responsa
1194 1122 1544 1176 detulerunt.
1597 1119 1832 1174 Interim
1865 1118 2145 1172 Bernhar-
2249 1118 2376 1173 lites
2428 1121 2590 1190 juxta
2618 1135 2674 1174 se
2711 1119 2955 1188 predam
2986 1119 3205 1186 fecisse,
3232 1119 3479 1192 protinus
3497 1119 3746 1192 insequitur,

534 1211 640 1266 dus
661 1210 728 1283 (f.
768 1211 893 1282 149)
927 1210 1038 1264 dux
1065 1227 1198 1264 cum
1253 1211 1366 1265 suis
1411 1210 1748 1275 fautoribus,
1781 1205 2060 1278 episcopis
2090 1209 2148 1260 et
2251 1210 2309 1261 et
2335 1224 2402 1261 ex
2425 1207 2535 1261 hiis
2564 1207 2792 1261 fortiter
2837 1207 3231 1262 resistentibus
3266 1207 3589 1280 octingentos
3611 1209 3752 1263 occidit

529 1298 872 1367 comitibus,
914 1303 972 1352 et
1015 1298 1393 1369 profanorum
1441 1299 1610 1353 turba
1653 1294 2043 1361 Liuticiorum,
2074 1296 2146 1350 ab
2252 1297 2724 1368 impredamque
2753 1312 2992 1350 omnem
3016 1295 3269 1351 resolvit.

528 1386 813 1459 aquilone
846 1387 1188 1441 Bolizlavum
1236 1387 1429 1458 peciit,
1482 1390 1539 1440 et
1584 1387 1737 1439 hunc
1792 1386 2142 1456 presentem,
2324 1387 2409 1438 13.
2442 1383 2679 1437 Interim
2701 1382 3756 1455 Redingus,Magadaburgensispreposi-

532 1475 762 1529 munita
790 1475 1238 1547 undiquessecus
1277 1475 1482 1540 Odera,
1513 1473 1730 1529 habuit.
2254 1473 2366 1538 tus,
2399 1472 2591 1526 Nonas
2619 1473 2858 1543 Augusti
2914 1473 2972 1526 in
3022 1472 3246 1527 Christo
3303 1472 3433 1527 obiit
3465 1475 3596 1543 (858).
3625 1471 3754 1527 Hense

606 1567 692 1620 12.
725 1563 896 1618 Cesar
922 1566 1118 1618 autem
1141 1563 1197 1617 in
1226 1563 1558 1618 inventione
1583 1562 1789 1617 Christi
1819 1565 2146 1633 protomar-
2250 1560 2457 1614 eodem
2486 1563 2544 1614 et
2568 1563 2633 1615 14
2655 1561 2940 1616 Kalendas
2971 1561 3332 1633 Septembris
3352 1561 3479 1628 Eila,
3503 1562 3760 1616 venerabilis

537 1652 664 1707 tiris
708 1653 877 1722 (Aug.
918 1654 975 1716 3)
1022 1652 1272 1707 Oderam
1329 1655 1713 1718 transmeans,
1744 1651 2145 1705 reductantem
2253 1647 2580 1715 cometissa,
2606 1649 2750 1704 obiit
2779 1649 2930 1720 (859)
2967 1653 3024 1702 et
3053 1649 3114 1704 in
3146 1651 3506 1715 monasterio,
3534 1649 3655 1721 quod
3677 1649 3759 1720 ipsa

544 1739 918 1796 Poleniorum
951 1740 1387 1794 multitudinem
1415 1740 1728 1795 admodum
1747 1737 2071 1810 prostravit,
2090 1739 2149 1790 et
2168 1809 2201 1810 ί
2253 1737 2757 1808 construxit(860),
2783 1737 2854 1791 ab
2887 1738 3212 1793 Everhardo
3238 1739 3481 1792 antistite
3503 1737 3616 1808 (861)
3639 1736 3761 1792 tradr

549 1844 724 1884 nemo
756 1845 822 1882 ex
852 1828 1064 1883 nostris
1127 1827 1232 1882 nisi
1279 1829 1439 1882 llodo
1493 1827 1716 1881 inclitus
1748 1809 1986 1897 juvenis
2014 1809 2216 1878 cumB
2252 1828 2344 1879 tur
2366 1826 2658 1895 sepulture
2685 1834 2799 1879 1⁸2⁵.
2841 1825 2950 1881 Sed
2986 1831 3306 1898 antequam
3334 1829 3448 1881 haec
3476 1826 3764 1880 omniacesar

544 1916 791 1972 Ekkrico
815 1919 873 1972 et
904 1915 1013 1970 alio
1045 1916 1341 1970 Guncelini
1386 1914 1611 1970 comitis
1665 1914 1906 1970 satellite
1944 1911 2149 1967 cecidit
2249 1914 2619 1983 comperiret,
2647 1915 2895 1968 multum
2914 1915 3467 1988 sollicitus,quamvis
3482 1916 3764 1986 parvoutere-

527 2006 698 2076 (854).
742 2005 840 2059 Hic
877 2021 1008 2059 cum
1049 2004 1344 2077 Sigifrido,
1369 2005 1620 2059 Hodonis
1649 2005 1766 2058 ﬁlio
1798 2002 2148 2058 marchionis
2248 2004 2350 2055 tur
2381 2001 2652 2070 exercitu,
2685 2006 2886 2058 tamen
2909 2003 3271 2076 potestative,
3298 2003 3554 2076 quamdiu
3575 2002 3764 2066 voluit,iu

528 2096 602 2151 ab
633 2094 987 2167 imperatore
1020 2097 1335 2161 accusatus,
1367 2111 1435 2149 eo
1468 2095 1623 2166 quod
1649 2093 1928 2148 Bolizlavo
1953 2091 2145 2145 moni-
2254 2091 2364 2146 hiis
2396 2091 2652 2164 partibus
2683 2091 2809 2158 fuit,
2851 2096 2908 2146 et
2938 2096 3076 2146 tunc
3102 2109 3362 2147 reversus
3391 2093 3458 2146 ad
3497 2107 3670 2163 pagum
3702 2089 3768 2160 qui

535 2182 648 2238 mis
671 2182 973 2237 familiaris
995 2185 1231 2237 actenus
1255 2182 1454 2236 fuisset
1475 2191 1588 2249 1W,
1623 2182 1827 2236 eodem
1861 2180 1952 2234 die
1973 2179 2148 2234 virili-
2258 2180 2535 2236 Diadesisi
2557 2180 2782 2248 dicitur,
2811 2182 2966 2235 venit
2997 2182 3054 2235 in
3096 2184 3366 2253 angusto,
3395 2197 3493 2253 pro
3516 2178 3676 2233 dolor!
3706 2194 3770 2230 ca-

533 2276 622 2328 ter
675 2289 734 2328 se
767 2273 1091 2343 expurgant
1118 2280 1231 2338 1m,
1264 2275 1321 2325 et
1350 2288 1381 2324 a
1413 2272 1527 2326 snis
1545 2273 1703 2326 Hodo
1730 2273 1902 2341 longe
1925 2270 2148 2342 digres-
2264 2273 2636 2325 strametatus
2668 2272 2815 2333 loco,
2845 2271 2938 2324 ubi
2974 2271 3182 2334 nullus,
3207 2274 3442 2340 excepto
3470 2284 3616 2340 apum
3639 2265 3769 2338 magi-

536 2378 652 2427 sus,
684 2377 816 2415 cum
846 2361 1038 2414 hostes
1089 2361 1241 2414 solus
1297 2360 1583 2430 fugientes
1619 2360 2036 2432 insequeretur,
2064 2375 2145 2412 sa-
2251 2363 2401 2425 stro,
2440 2358 2534 2430 qui
2567 2359 2784 2414 ibidem
2815 2362 2951 2413 tunc
2981 2359 3324 2414 interfectus
3345 2363 3444 2422 est,
3470 2358 3613 2421 sedit,
3629 2356 3775 2426 (1.150)

545 2449 697 2519 gitta
726 2464 831 2518 per
862 2446 1290 2517 caputinmissa
1319 2448 1508 2517 primo
1540 2451 1766 2502 oculum
1807 2451 1863 2501 et
1910 2451 2038 2519 post
2066 2447 2144 2501 vi-
2248 2449 2563 2504 Bolizlavus
2637 2452 2830 2502 autem
2895 2448 3154 2513 audiens,
3205 2449 3597 2520 imperatorem
3633 2444 3771 2506 aliam,

531 2537 653 2590 tam
684 2534 940 2608 perdidit
966 2535 1160 2593 istam.
1195 2534 1309 2590 Sed
1342 2551 1470 2589 cum
1498 2535 1698 2592 Miseco
1731 2536 1987 2605 ejusdem
2018 2553 2144 2591 cor-
2247 2554 2424 2609 quam
2483 2538 2748 2603 intraret,
2781 2536 2933 2590 viam
2984 2537 3118 2591 hinc
3157 2537 3468 2602 exiturum,
3517 2537 3652 2606 juxta
3676 2531 3778 2585 Ode-

533 2639 640 2694 pus
662 2625 1059 2694 cognosceret.
1087 2623 1222 2694 quia
1253 2624 1374 2694 ejus
1404 2624 1557 2694 apud
1595 2640 1700 2678 nos
1729 2624 1916 2679 fuerat
1957 2627 2146 2679 custos
2245 2641 2371 2679 ram
2407 2624 2760 2680 omnimodis
2779 2641 2881 2678 sua
2914 2633 3006 2666 1W
3029 2625 3304 2679 ﬁrmavit.
3363 2625 3470 2680 Sed
3519 2639 3629 2677 cum
3669 2620 3775 2673 hunc

533 2715 591 2766 et
613 2711 844 2780 sodalis,
883 2712 1130 2766 multum
1172 2712 1349 2780 ﬂevit,
1387 2716 1445 2766 et
1479 2712 1537 2768 id
1574 2713 1724 2768 bene
1770 2716 2143 2786 proauratum
2239 2714 2361 2785 jam
2398 2713 2579 2768 abisse
2606 2712 2975 2784 comperiret,
3038 2729 3323 2784 magnam
3383 2711 3616 2786 peditum
3639 2705 3779 2762 multi.

533 2800 607 2855 ad
639 2808 732 2842 ιω
759 2801 1073 2856 exercitum
1106 2801 1282 2858 misit.
1316 2803 1526 2856 Eorum
1552 2806 1770 2869 autem,
1805 2802 1902 2874 qui
1932 2819 1999 2856 ex
2018 2818 2146 2873 par-
2243 2802 2508 2856 tudinem
2541 2803 2614 2856 ad
2651 2803 2868 2870 locum,
2897 2802 2989 2856 ubi
3023 2804 3220 2856 noster
3250 2801 3507 2857 consedit
3544 2796 3772 2857 exercitus,

531 2891 587 2942 te
615 2888 807 2942 hostili
838 2889 1234 2961 oppecierunt,
1298 2907 1413 2945 non
1464 2891 1657 2944 minor
1700 2894 1824 2945 erat
1870 2907 2144 2944 numerus
2247 2890 2542 2962 premisit:
2578 2890 2902 2962 precipiens
2931 2889 3031 2957 eis,
3055 2890 3098 2943 si
3131 2889 3331 2962 aliqua
3363 2887 3681 2962 oportunitas
3702 2880 3777 2936 sibi

536 2993 712 3048 quam
756 2978 1027 3046 sexcenti,
1052 2980 1294 3050 predam
1331 2970 1960 3052 relinquentes'nostris
1997 2979 2142 3034 inef-
2249 2979 2567 3045 accidisset,
2594 2980 2762 3050 hujus
2793 2979 2999 3032 saltem
3054 2978 3316 3049 aliquam
3381 2981 3590 3050 partem
3639 2971 3780 3026 ledere

530 3063 790 3120 fabilem.
821 3067 936 3122 Hoc
963 3067 1292 3136 Bolizlavus,
1323 3069 1418 3123 ubi
1443 3071 1581 3122 tunc
1613 3069 1852 3135 mansit;
1887 3068 2144 3122 abinter-
2168 3088 2216 3148 ο
2246 3070 2579 3139 temptaret.
2627 3069 2866 3139 Insuper
2908 3067 3177 3120 abbatem
3201 3083 3398 3133 suum,
3427 3064 3560 3119 Tuni
3584 3059 3777 3148 nomine}

535 3152 751 3208 nuntiis
782 3154 1188 3210 festinantibus
1228 3172 1362 3211 mox
1402 3157 1662 3226 rescivit;
1697 3161 1754 3212 et
1785 3156 2045 3228 quamvis
2076 3172 2144 3212 eo
2180 3145 2204 3148 ⁷
2247 3157 2516 3210 simulata
2537 3171 2676 3227 pace
2708 3155 2780 3208 ad
2806 3170 3081 3209 caasarem
3111 3154 3298 3222 misit,
3345 3153 3441 3226 qui
3476 3151 3699 3223 protinus
3733 3145 3780 3199 ab

530 3239 779 3297 libenter
807 3259 1049 3314 pergere
1083 3243 1369 3311 voluisset,
1421 3247 1619 3298 tamen
1650 3246 2012 3315 presentibus
2041 3243 2147 3299 ini-
2247 3261 2316 3301 eo
2349 3247 2680 3316 explorator
2710 3261 2830 3298 esse
2857 3243 3246 3315 cognoscitur,
3298 3247 3357 3299 et
3384 3242 3603 3306 ibidem,
3626 3251 3780 3310 quous-

535 3330 698 3384 micis
722 3329 1026 3386 introitum
1046 3334 1338 3403 patescere
1365 3349 1536 3387 ausus
1566 3350 1683 3387 non
1717 3337 1818 3387 est.
1854 3334 2146 3398 Quocum-
2249 3351 2359 3406 que
2387 3333 2575 3388 omnis
2616 3349 2763 3403 pene
2791 3333 3091 3400 exercitus,
3122 3333 3294 3387 factis
3316 3333 3374 3387 in
3404 3327 3785 3404 precedentino-

535 3435 645 3490 que
676 3418 858 3473 nostri
889 3419 948 3473 in
970 3419 1214 3474 navibus
1244 3420 1633 3488 declinabant,
1657 3421 1787 3476 illuc
1843 3421 1962 3494 ipse
2011 3439 2143 3478 cum
2245 3426 2334 3477 cte
2359 3421 2646 3493 pontibus.
2675 3421 2944 3491 paludem
2975 3422 3418 3477 transcenderet
3445 3417 3782 3492 prejacentem,

536 3507 652 3562 suis
678 3523 827 3578 equo
849 3507 1196 3581 sequebatur
1219 3511 1372 3564 alato
1404 3509 1497 3577 (cf.
1527 3509 1699 3565 OVID.
1719 3508 1872 3565 Fast.
1897 3510 2140 3583 111,415).
2248 3511 2538 3567 detinetur
2569 3511 2731 3582 (Sept.
2771 3513 2839 3577 1).
2894 3511 3052 3565 Tunc
3104 3509 3222 3577 ille,
3289 3509 3597 3565 monachus
3621 3502 3784 3563 habitu,

533 3597 628 3652 Ad
660 3596 932 3652 ultimum
961 3614 1096 3653 vero
1126 3598 1328 3654 erectis
1355 3597 1618 3654 celeriter
1646 3599 1804 3668 velis,
1845 3600 2026 3656 nostri
2041 3616 2144 3670 per
2247 3600 2348 3654 sed
2378 3601 2578 3656 dolosa
2604 3599 2784 3672 vulpis
2814 3599 2871 3652 in
2895 3602 3045 3666 actu,
3072 3601 3130 3652 et
3155 3599 3230 3654 ob
3261 3600 3374 3654 hoc
3393 3587 3783 3653 amatusadomi-

537 3701 774 3741 omnem
815 3702 996 3741 unam
1053 3686 1404 3759 navigabant
1441 3687 1618 3754 diem,
1665 3691 1724 3742 et
1769 3687 2016 3742 inimicis
2045 3705 2144 3743 eos
2248 3706 2347 3757 no,
2363 3690 2567 3757 rediit;
2598 3693 2654 3743 et
2677 3689 2996 3760 imperator
3024 3688 3236 3744 Geroni
3275 3697 3375 3731 1m
3411 3683 3784 3756 archiepiscopo,

534 3775 673 3828 tunc
711 3771 978 3831 Comitari
1009 3791 1127 3830 non
1153 3775 1492 3842 valentibus,
1521 3775 1655 3830 litus
1681 3777 1944 3849 optatum
1961 3777 2144 3832 securi
2247 3781 2306 3834 et
2333 3778 2541 3834 Geroni
2588 3786 2681 3821 1m
2706 3777 2902 3832 inclito
2930 3776 3283 3844 marchioni,
3317 3793 3387 3832 ac
3413 3771 3702 3831 Burchardo
3718 3781 3785 3818 co-

535 3864 1044 3935 comprehendunt
1075 3863 1133 3934 (f.
1177 3863 1338 3936 149’),
1363 3867 1422 3918 et
1439 3865 1702 3936 proxima
1727 3864 2047 3920 incendunt
2065 3866 2144 3922 lo-
2246 3866 2374 3921 miti
2399 3865 2654 3937 palatino
2689 3873 2802 3933 Im,
2829 3865 3090 3920 residuos
3114 3865 3518 3930 committens,
3555 3851 3783 3932 progredi-

537 3967 622 4006 ca.
665 3949 831 4016 Quod
863 3967 996 4008 cum
1050 3951 1276 4007 eminus
1325 3953 1438 4007 dux
1495 3952 1750 4022 prefatus
1781 3956 2141 4025 agnosceret,
2247 3958 2360 4023 tur,
2393 3959 2450 4010 et
2475 3958 2538 4009 ut
2566 3971 2626 4010 se
2654 3953 2821 4008 solito
2870 3953 3090 4009 cautius
3145 3952 3659 4026 circumspicerent,
3683 3944 3784 3998 orta-

535 4056 699 4096 more
729 4040 898 4096 solito
927 4039 1092 4112 fugit.
1123 4043 1181 4095 et
1205 4040 1414 4096 nostris
1434 4040 1708 4096 ﬁduciam
1735 4043 1792 4096 et
1812 4043 2003 4096 locum
2036 4058 2144 4097 no-
2247 4047 2358 4099 tur.
2390 4045 2525 4099 Post
2553 4045 2662 4100 hoc
2688 4043 2760 4098 ab
2790 4043 3048 4098 hostibus
3077 4059 3262 4114 prope
3294 4043 3358 4098 in
3393 4042 3529 4098 silva
3551 4031 3787 4094 latentibus

535 4130 703 4186 cendi
722 4129 932 4186 invitus
966 4129 1248 4184 concessit
1296 4132 1418 4185 Dux
1447 4145 1582 4184 vero
1609 4131 1973 4186 Bernhardus
2013 4146 2143 4186 cum
2246 4150 2493 4205 magnus
2515 4135 2735 4188 clamor
2765 4132 2942 4187 ternis
2969 4132 3292 4205 mugitibus
3323 4131 3614 4194 attollitur,
3635 4129 3680 4179 et
3696 4133 3786 4176 mox

537 4219 650 4275 suis
678 4218 1017 4290 imperatori
1047 4219 1120 4273 ad
1145 4219 1440 4287 auxilium,
1481 4218 1625 4274 sicut
1655 4219 1708 4273 ei
1741 4220 1899 4291 prius
1919 4221 2144 4292 jussum
2247 4225 2509 4277 nostrum
2541 4239 2778 4294 agmen,
2807 4221 3118 4294 sagittariis
3165 4219 3552 4277 intermixtim
3580 4206 3788 4272 currenti-

535 4310 638 4376 est,
661 4307 857 4364 venire
895 4324 1025 4363 cum
1047 4307 1416 4381 nequivisset,
1447 4325 1554 4381 per
1577 4308 1799 4380 pedites
1822 4310 1972 4364 clam
2004 4308 2144 4364 mis-
2167 4370 2212 4381 _
2245 4311 2370 4379 bus,
2405 4311 2475 4364 ab
2506 4311 2617 4366 hiis
2645 4309 2954 4381 appetitur.
2997 4309 3214 4374 Quibus
3244 4310 3444 4381 primo
3476 4305 3707 4364 conﬂictu
3729 4313 3787 4351 se-

535 4410 626 4448 sos
655 4395 708 4450 ei
734 4397 1008 4451 eventum
1052 4394 1139 4451 rei
1183 4400 1240 4451 et
1296 4396 1698 4452 necessitatem
1735 4395 2142 4452 inobedieutiae
2166 4370 2220 4430 D
2243 4401 2547 4472 cundoque
2575 4408 2669 4442 im
2697 4399 2923 4453 fortiter
2951 4399 3242 4465 resistunt,
3295 4403 3358 4453 et
3409 4416 3475 4453 ex
3513 4396 3586 4450 eis
3635 4387 3788 4446 multos

537 4480 817 4550 indicens,
870 4484 1104 4538 vastatis
1146 4486 1594 4557 circumquaque
1618 4485 1943 4557 jacentibus
1985 4489 2140 4556 locis,
2243 4489 2507 4561 palantes
2536 4488 2830 4544 occidunt.
2898 4487 2996 4542 Set
3035 4487 3399 4558 fugientibus
3425 4481 3723 4558 quibusdam
3743 4488 3787 4524 ει

537 4567 778 4624 domum
803 4568 994 4625 rediit.
1027 4570 1344 4627 Othelricus
1373 4589 1624 4646 quoque,
1652 4576 1749 4647 qui
1779 4590 1911 4631 cum
1947 4578 2143 4633 Bawa-
2243 4576 2472 4645 nostris,
2503 4574 2815 4630 confortati
2840 4575 3034 4630 hostes
3063 4576 3493 4646 glomerantur,
3525 4575 3578 4625 et
3619 4565 3787 4621 nostros

535 4655 634 4711 riis
661 4655 736 4711 ad
763 4672 1023 4713 cesarem
1043 4658 1244 4714 venire
1265 4660 1482 4728 debuit,
1508 4662 1580 4718 ob
1611 4665 1822 4718 multas
1839 4680 2140 4721 causarum
2241 4666 2452 4721 iterum
2481 4665 2841 4720 incurrentes
2876 4663 3173 4734 dissipant,
3215 4667 3275 4716 et
3315 4666 3605 4735 separatos
3628 4647 3790 4735 sagittis

536 4743 838 4817 qualitates
859 4747 1007 4817 (855)
1034 4746 1273 4802 dimisit.
1317 4747 1384 4803 Et
1414 4750 1674 4820 quamvis
1714 4751 1793 4806 hii
1830 4753 2144 4825 imperato-
2241 4754 2569 4810 fallentibus
2599 4753 2664 4822 (f.
2697 4753 2835 4825 150’)
2865 4751 3136 4824 perdunt.
3159 4750 3310 4805 Gero
3345 4734 3542 4804 autem
3577 4734 3787 4808 archiePi‘

1859 4879 2089 4934 VARIrE
2121 4880 2518 4937 LECTIONES.

606 4948 807 5030 {m‘ita
833 4948 1004 5030 A._
1034 4949 1274 5030 dominp
1306 4956 1356 5008 1.
1433 4961 1528 5030 1⁵ξο
1558 4954 1836 5030 bolizlovo
1879 4962 1929 5013 1.
2006 4967 2099 5002 im
2122 4960 2436 5015 familiares
2461 4978 2515 5016 a.
2541 4959 2784 5014 fuissent
2815 4962 2904 5030 1a.
2978 4965 3072 5030 17m
3111 4957 3195 5030 ita
3221 4960 3270 5011 1.
3306 4951 3641 5030 expurgavit

533 5027 630 5102 12f
658 5023 717 5077 et
749 5023 832 5076 1a.
859 5090 874 5102 .
896 5022 1162 5102 Pffadd.
1199 5022 1282 5076 1b.
1361 5032 1455 5067 1m
1485 5025 1726 5082 Interim
1754 5060 1823 5069 ——
1851 5031 2143 5102 sepulture
2169 5031 2294 5088 add.
2339 5031 2446 5086 16.1
2593 5037 2689 5073 im
2718 5031 2798 5084 ita
2851 5029 2934 5084 1b.
2980 5027 3174 5100 jeroni
3218 5031 3309 5083 1a.
3386 5015 3404 5030 ³
3465 5015 3786 5094 157jeronit-

538 5099 633 5136 sm
663 5108 777 5167 que
799 5090 928 5149 add.
957 5091 1042 5146 1b.
1913 5090 1932 5102 ·
2077 5173 2286 5229 Nom

606 5250 760 5333 ςξὸᾇ)
808 5249 1052 5308 Kalend.
1081 5250 1454 5333 Mersebtlrgq
1477 5253 1734 5333 _._August.
1770 5261 1807 5333 ξ
1836 5275 1849 5313 :
1883 5257 2045 5333 _Hodo
2097 5269 2146 5316 et
2243 5261 2438 5333 Busin,
2469 5260 2722 5333 Budisin.

539 5321 812 5403 git/tricas
859 5321 1207 5403 eummattis
1244 5321 1522 5403 interfecti.
1570 5321 1709 5403 an;
1770 5329 1934 5385 Conf.
1991 5334 2142 5387 Ann.
2315 5321 2462 5400 (858)
2486 5332 2546 5388 ν.
2571 5331 2812 5386 Kalend.
2842 5331 3107 5400 Merseb.,
3139 5333 3286 5403 Aug.
3323 5335 3378 5386 5.

543 5391 877 5474 09911119,,
905 5396 1130 5474 a_.__101_5_
1158 5391 1467 5474 etﬂNecrol.
1503 5393 1718 5451 Luneb.
1941 5472 1948 5474 ξ
2317 5391 2659 5474 (859)1bid.,
2685 5405 2830 5474 Aug.
2864 5405 2949 5458 19.
2979 5391 3151 5462 Cant.
3191 5391 3262 5458 de
3304 5417 3380 5458 ea
3407 5402 3495 5456 An
3522 5397 3721 5457 Saxon.,
3753 5400 3788 5438 ι

787 5461 1062 5546 Similiter
1085 5465 1153 5546 ll,
1185 5465 1270 5532 16,
1301 5463 1486 5519 multae
1507 5483 1791 5524 causarum
1809 5472 2019 5542 species.
2249 5461 2405 5531 1015.

915 5535 1231 5619 Bohemiaa.
1257 5608 1268 5619 _
1291 5607 1308 5619 ἱ
1353 5610 1364 5619 _
1639 5609 1656 5619 _
1825 5533 1842 5542 ’
1962 5613 2028 5619 ___
2086 5616 2102 5619 _
2319 5544 2456 5619 (860)
2483 5543 2573 5619 S_c.
2598 5543 2659 5619 in
2694 5543 3090 5619 Schweinfurt.

641 5603 765 5676 857)
796 5603 957 5662 Idem
999 5607 1168 5664 nobis
1218 5607 1462 5679 videtur,
1503 5609 1660 5681 quod
1739 5626 1875 5685 supr
1962 5613 2049 5683 VI,
2082 5616 2148 5672 3'7
2319 5603 2466 5688 (861)
2493 5614 2908 5689 Bambergensi
2943 5618 3196 5674 1007-39.
