4012 6180
222 402 341 464 ’1373
1410 396 1806 458 CHRONICON

1939 431 1940 436 η
1974 397 2106 455 LIB.
2136 396 2253 455 VII.
3385 408 3523 472 l3?!

229 544 396 604 scapus
419 528 469 584 et
495 523 853 583 Burchardus
877 540 1072 581 comes
1091 524 1420 583 vulneratus
1432 526 1521 581 vix
1540 529 1786 584 evaden-
1812 526 1870 587 Α
1895 526 2113 585 neinici
2163 534 2259 570 uno
2294 527 2443 602 (855)
2484 525 2910 599 conspicientes
2939 540 3117 600 seque
3150 530 3304 586 tueri
3353 549 3524 607 posse

229 621 315 686 tes,
353 617 506 673 cesari
525 617 648 671 haec
664 614 1012 670 referebant.
1037 615 1330 670 Liudulfus
1351 619 1544 671 autem
1561 617 1789 688 juvenis
1889 619 2289 688 desperantes,
2318 616 2700 689 superpositae
2719 614 2965 670 civitatis
2990 617 3412 690 municionem,
3435 641 3528 680 re-

229 724 339 763 cum
365 706 538 778 paucis
567 705 807 776 capitur,
838 704 894 756 et
915 702 1060 757 Gero
1078 720 1143 758 ac
1166 704 1496 758 Folcmarus
1525 705 1784 775 comites,
1888 706 2040 763 lictis
2069 721 2220 776 pene
2253 708 2529 764 omnibus
2581 705 2722 771 suis,
2769 706 3109 760 ascendunt.
3150 706 3234 763 0b
3270 709 3383 765 hoc
3418 713 3526 768 ho-

226 812 334 852 cum
351 797 440 850 200
455 793 726 848 militibus
746 793 981 863 optimis
997 792 1186 857 occisi,
1212 792 1439 863 spoliati
1461 796 1594 847 sunt
1615 793 1781 863 (862),
1887 798 2006 850 stes
2033 793 2092 859 (f.
2120 792 2258 858 151’)
2283 795 2611 850 admodum
2632 791 2819 865 gavisi
2839 793 3177 850 suburbium
3197 797 3422 854 intrant
3438 817 3530 855 re-

224 900 432 957 quorum
464 882 698 937 nomina
724 885 780 935 et
797 881 1020 936 animas
1051 884 1197 936 Deus
1219 882 1590 951 omnipotens
1613 882 1785 937 mise—
1887 884 2117 948 lictum,
2150 883 2207 934 et
2231 881 2346 936 hoc
2379 882 2589 937 ablatis
2611 883 2792 936 rebus
2825 881 3072 936 inventis
3097 882 3436 954 incendunt,
3469 893 3527 944 et

226 971 483 1028 ricorditer
511 970 795 1042 respiciat,
831 972 888 1024 et
919 987 1043 1036 nos,
1075 986 1324 1040 quorum
1356 972 1524 1042 culpa
1539 970 1618 1024 hii
1648 974 1783 1025 tunc
1887 969 2158 1043 superius
2187 972 2491 1026 castellum
2523 971 2586 1025 in
2628 970 2856 1024 duobus
2886 971 3025 1026 locis
3048 988 3352 1029 accensum
3373 975 3522 1032 infa-

228 1060 506 1132 oppetiere,
533 1058 637 1113 sibi
663 1074 766 1128 per
797 1057 1083 1112 Christum
1102 1058 1453 1125 reconciliet,
1481 1062 1538 1113 et
1556 1059 1784 1130 nequid
1883 1057 2214 1132 tigabiliter
2226 1058 3521 1130 aggrediuntur.Hirimannusveroimoomes

219 1151 317 1204 tale
345 1148 558 1202 ulterius
582 1147 878 1219 paciamur
898 1148 1151 1200 clemens
1182 1147 1486 1201 custodiat.
1884 1149 2088 1203 videns
2119 1146 2494 1202 auxiliatores
2537 1164 2677 1202 suos
2717 1147 3036 1203 admodum
3054 1167 3266 1221 paucos
3276 1152 3401 1223 jam
3428 1154 3523 1210 de-

283 1239 355 1293 14.
383 1237 687 1305 Imperator
719 1238 781 1288 ut
808 1235 916 1288 hoc
937 1234 1096 1289 triste
1119 1234 1396 1289 nuncium
1431 1234 1664 1302 audivit,
1708 1236 1782 1291 ad
1882 1236 2089 1292 fecisse
2121 1243 2237 1301 1³³7,
2271 1236 2482 1290 Christi
2505 1236 2794 1308 pietatem
2821 1242 2880 1293 et
2899 1239 3212 1309 ejusincliti
3251 1246 3519 1315 martyris

215 1328 437 1383 tollenda
466 1325 899 1380 interfectorum
939 1339 1184 1394 corpora
1222 1323 1414 1377 redire
1459 1324 1663 1392 voluit;
1697 1326 1782 1379 set
1880 1324 2095 1380 Donati
2124 1324 2608 1379 intercessionem
2660 1329 2924 1380 sanctam
2951 1332 3269 1398 prostratus
3326 1335 3518 1403 postu-

214 1418 493 1472 multorum
509 1413 766 1468 tardatus
789 1411 1048 1478 consilio,
1072 1412 1131 1466 id
1147 1411 1310 1482 quasi
1329 1411 1542 1466 invitus
1563 1413 1776 1481 omisit,
1879 1416 2028 1482 lans,
2058 1413 2336 1468 mulieres
2367 1413 2440 1467 ad
2461 1415 2924 1470 succurrendum
2936 1418 3215 1472 hortatur.
3238 1419 3375 1482 Quae
3388 1437 3518 1491 pro-

214 1512 266 1561 et
281 1505 483 1560 {Eidum
506 1502 841 1568 antistitem,
872 1501 968 1573 qui
999 1502 1080 1555 eis
1109 1501 1343 1555 licentia
1367 1501 1780 1557 infaustiducis
1880 1502 2210 1575 pugnacula
2257 1501 2644 1572 attingentes,
2696 1502 2988 1573 lapidibus
3026 1505 3177 1559 viros
3220 1507 3514 1577 adjuvant,

213 1595 528 1666 sepulturam
547 1590 911 1662 impenderet
928 1593 985 1643 et
1004 1589 1241 1644 Geronis
1261 1605 1468 1659 corpus
1489 1590 1778 1645 marchio-
1879 1591 2079 1662 ignem
2101 1588 2469 1660 impositum,
2485 1591 2627 1660 quia
2641 1591 2857 1645 defecit
2868 1608 3018 1662 aqua
3029 1601 3146 1661 1m,
3161 1595 3414 1651 medone
3427 1613 3519 1651 ex-

211 1681 291 1735 nis
311 1679 647 1751 imploraret,
679 1675 900 1731 remisit
952 1676 1307 1731 Venerabilis
1335 1693 1470 1730 vero
1503 1685 1595 1719 1529
1616 1680 1782 1748 pater
1881 1681 2140 1749 tingunt,
2165 1680 2223 1732 et
2259 1679 2383 1732 Deo
2412 1677 2662 1748 gratias!
2697 1679 2921 1734 inimici
2958 1681 3216 1738 furorem
3255 1690 3314 1740 et
3341 1688 3514 1743 auda-

209 1768 370 1823 cesari
398 1775 483 1810 "80
500 1764 815 1820 voluntarie
837 1765 1223 1831 consentiens,
1244 1764 1470 1819 concito
1493 1781 1659 1818 cursu
1690 1783 1784 1820 re-
1819 1843 1823 1845 _
1884 1768 2033 1824 ciam
2068 1765 2363 1820 minuunt.
2397 1767 2514 1820 Hoc
2541 1768 2743 1821 totum
2786 1767 2990 1823 Miseco
3023 1769 3093 1824 de
3125 1774 3324 1827 monte
3347 1774 3512 1845 juxta

206 1855 451 1921 vertitur;
482 1855 538 1907 et
569 1856 630 1905 ut
656 1851 1042 1906 miserabilem
1075 1850 1294 1922 aspexit
1323 1853 1602 1922 stragem,
1621 1852 1783 1907 flebi-
1809 1843 1861 1905 B
1887 1855 2075 1928 posito
2105 1869 2371 1920 cernens,
2404 1853 2590 1908 socios
2630 1854 3012 1910 adventantes
3061 1843 3369 1929 exspectat.
3404 1861 3511 1926 Qui

203 1942 328 1997 liter
352 1940 620 2012 ingemuit
650 1943 708 1994 et
728 1938 1017 2009 supliciter
1041 1955 1146 2009 pro
1179 1949 1274 1982 ιω
1307 1939 1417 1994 hiis
1450 1948 1542 1982 ιω
1581 1940 1783 1994 oravit.
1889 1943 2330 2014 depOpulantes,
2351 1945 2412 1995 et
2427 1941 3319 2014 ubiignisinveniebaturomnia
3334 1965 3510 2022 usque

201 2031 365 2085 Hunc
390 2045 511 2083 cum
537 2027 778 2083 victores
806 2030 864 2082 et
888 2030 1025 2081 tunc
1048 2028 1108 2081 in
1137 2028 1320 2100 preda
1342 2029 1526 2081 solum
1550 2043 1788 2082 moran-
1889 2032 1964 2087 ad
1978 2032 2201 2086 Ganam
2215 2030 2562 2085 imﬂuvium
2580 2031 2727 2100 (866)
2740 2038 3198 2101 concremantes,
3212 2037 3514 2093 serolassis

198 2117 495 2172 teseminus
509 2115 790 2184 viderunt,
810 2117 881 2170 de
899 2115 1583 2187 consequentibustimidi
1598 2116 1786 2186 primo
1890 2120 2260 2175 revertuntur
2297 2119 2478 2190 equis,
2524 2121 2585 2172 et
2629 2117 2712 2173 ibi
2742 2135 2875 2174 cum
2897 2121 3124 2176 seniore
3153 2139 3254 2178 suo
3280 2139 3406 2178 cras
3437 2126 3510 2180 ad

195 2207 477 2277 fugerunt,
513 2205 835 2275 deindeque
858 2204 1095 2275 propius
1123 2204 1497 2258 accedentem
1515 2204 1790 2260 salutave-
1891 2210 2098 2264 urbem
2127 2207 2439 2279 pugnaturi
2469 2210 2912 2276 pernoctarent,
2954 2209 3013 2263 ni
3032 2210 3222 2264 Albim
3253 2228 3511 2268 crescere

193 2299 324 2348 runt
345 2297 398 2347 et
421 2293 536 2346 sine
558 2292 717 2347 omni
746 2292 1062 2347 offensione
1084 2309 1217 2346 eum
1237 2293 1309 2346 ab
1337 2308 1398 2346 re
1420 2292 1783 2362 permittunt.
1887 2299 2171 2354 viderent.
2216 2298 2460 2366 Propter
2492 2296 2605 2348 hoc
2648 2295 2936 2350 exercitus
2967 2297 3140 2352 nimis
3165 2299 3510 2370 defatigatus

191 2382 287 2436 Hic
303 2399 337 2436 a
357 2380 640 2447 Bolizlavo,
657 2381 907 2434 multum
925 2381 996 2435 de
1009 2381 1262 2452 pernicie
1277 2382 1475 2434 nostra
1487 2381 1784 2451 gaudenti,
1888 2403 2019 2441 cum
2043 2384 2346 2439 securitate
2363 2382 2669 2453 inopinata
2690 2385 2994 2447 remeavit,
3013 2389 3071 2440 et
3100 2385 3257 2441 ducis
3296 2387 3380 2442 sui
3410 2404 3511 2443 cor

202 2470 353 2542 quod
385 2472 629 2541 postutat
659 2469 976 2540 inpetrans,
1016 2469 1140 2522 sine
1165 2484 1336 2523 mora
1363 2467 1556 2533 rediit,
1585 2472 1642 2523 et
1665 2485 1788 2524 cor-
1888 2472 2125 2529 anxium
2170 2473 2277 2526 hac
2310 2469 2696 2542 prosperitate
2740 2477 2838 2512 1m
2867 2471 3158 2526 relevavit.
3188 2474 3509 2543 Imperator

191 2574 328 2630 pora
356 2556 629 2611 sociorum
657 2573 788 2610 cum
821 2573 1039 2628 magno
1080 2565 1171 2598 mi
1195 2556 1396 2610 labore
1425 2556 1674 2611 inimicis
1699 2558 1784 2612 fa-
1887 2566 2084 2617 autem
2115 2561 2238 2615 haec
2266 2563 2329 2612 ut
2353 2556 2588 2623 audivit,
2624 2574 3028 2630 quoscumque
3061 2563 3198 2614 tunc
3235 2559 3506 2632 colligere

189 2645 442 2701 ventibus
466 2653 557 2686 1m
577 2645 838 2716 sepelivit
879 2646 942 2715 (f.
983 2645 1105 2716 151)
1128 2646 1523 2699 Funusautem
1544 2646 1787 2716 predicti
1887 2649 2094 2723 potuit,
2129 2647 2203 2702 ad
2248 2644 2704 2700 succurrendum
2748 2663 2853 2700 suo
2893 2646 3217 2702 marchioni
3257 2664 3504 2720 propere

191 2731 530 2789 marchionis
547 2736 604 2786 et
624 2733 761 2787 socii
784 2734 832 2804 ej
845 2733 1172 2788 usWidredi
1187 2749 1364 2805 usque
1379 2732 1787 2803 adMysnifecit
1887 2737 2090 2803 mittit,
2123 2737 2180 2789 et
2207 2732 2544 2788 suburbium
2577 2748 2696 2786 non
2744 2735 2923 2805 longe
2950 2737 3081 2805 post
3103 2735 3505 2807 redintegrare

181 2821 397 2878 reduci.
424 2822 548 2876 Haec
565 2822 779 2877 ibidem
800 2821 1787 2878 Hirimannuscomesﬂebilitersus—
1885 2823 2163 2897 precepit.
2194 2821 2280 2876 Ad
2301 2821 2468 2890 hujus
2490 2819 2683 2889 operis
2713 2822 3188 2894 supplementum
3222 2826 3280 2877 et
3314 2828 3504 2878 custo-

180 2909 416 2982 cipiens,
440 2913 494 2962 et
515 2927 688 2982 usque
712 2911 784 2964 ad
817 2911 1033 2964 Novam
1051 2911 1280 2976 urbem,
1306 2911 1403 2965 ubi
1423 2911 1588 2978 Gero,
1619 2912 1783 2982 Agri-
1885 2912 2043 2967 diam
2060 2911 2204 2964 Gero
2229 2906 2689 2978 archiepiscopus
2701 2911 2761 2961 et
2778 2908 3050 2962 Arnulfus
3062 2909 3252 2980 presul
3272 2909 3313 2962 f.
3336 2910 3499 2979 (152).

177 2997 541 3070 pinensisim
554 2998 1033 3070 archiepiscopus.
1049 3001 1107 3053 et
1128 2998 1488 3053 Thietmarus
1503 2999 1782 3068 marchio,
1886 2999 2085 3056 8.1dus
2119 2996 2378 3052 Octobris
2399 3011 2528 3048 cum
2553 2994 2866 3050 comitibus
2885 2996 3220 3067 caeterisque
3238 2997 3498 3065 complu-

174 3087 362 3141 frater
391 3085 530 3156 ejus,
559 3086 792 3140 vitricus
821 3086 1004 3152 istius,
1030 3091 1197 3157 pater
1222 3090 1417 3142 autem
1449 3086 1784 3159 interempti
1807 3121 1856 3182 α
1887 3089 2046 3144 ribus
2077 3084 2512 3140 conveniebant.
2541 3081 2656 3136 Hiis
2671 3083 3246 3154 omuibusegolonge
3259 3081 3503 3139 inferior

174 3173 422 3239 comitis,
452 3174 510 3228 in
540 3175 762 3229 honore
788 3175 888 3229 Dei
916 3175 1213 3246 genitricis
1244 3178 1300 3229 et
1318 3175 1499 3230 sancti
1518 3177 1785 3248 martyris
1813 3171 1856 3182 “
1885 3175 2139 3234 interfui.
2173 3177 2234 3228 ln
2255 3177 2321 3227 14
2338 3171 2782 3242 diebusincepta
2796 3172 3136 3244 adunguem
3160 3179 3254 3213 1⁵ιο
3274 3187 3378 3226 nos
3405 3179 3500 3214 1m

174 3262 470 3336 Cypriani,
498 3267 778 3334 regnante
802 3264 1052 3318 secundo
1082 3264 1315 3330 Ottone,
1338 3263 1637 3319 abbaciam
1653 3281 1786 3320 con-
1886 3257 3500 3338 perducentes,abivimus,committentesﬁrbemFrithe-

170 3355 511 3407 struxerunt
536 3353 706 3423 (863),
729 3368 863 3406 cum
893 3351 1169 3406 fratribus
1213 3351 1326 3405 suis
1367 3352 1664 3408 Guntterio
1691 3362 1784 3396 1⁸³4
1886 3354 2006 3408 rico
2047 3349 2244 3406 comiti
2276 3348 2349 3402 ad
2378 3349 2412 3402 4
2442 3347 2819 3405 ebdomadas.

167 3456 240 3495 ac
264 3439 597 3494 Ekkihardo
624 3440 951 3494 comitatur.
989 3441 1126 3504 Quae
1159 3440 1303 3494 Gero
1327 3441 1787 3514 archiepiscopus
1962 3443 2045 3496 16.
2075 3439 2220 3494 Gero
2249 3435 2650 3491 archiantistes
2669 3443 2761 3477 im
2780 3439 2838 3490 et
2850 3435 3256 3506 ego,ejusdem
3280 3449 3497 3501 comes,

162 3533 312 3584 tunc
352 3533 523 3582 terra:
551 3528 997 3595 commendans,
1040 3527 1320 3582 domnam
1359 3528 1784 3586 IEthelheidam
1885 3531 1959 3586 ad
1990 3530 2204 3593 locum,
2237 3525 2334 3596 qui
2366 3523 2677 3580 Mucherini
2701 3524 2847 3595 (867)
2864 3522 3499 3592 dicitur,veniebamus.

165 3625 267 3660 Im
292 3617 532 3688 ejusque
557 3616 741 3672 filium
760 3615 1158 3672 Thietmarum
1184 3619 1241 3670 et
1260 3620 1550 3672 merentes
1569 3619 1786 3675 amicos
1885 3618 1967 3674 lbi
2002 3621 2138 3671 tunc
2167 3629 2275 3685 ego
2304 3613 2373 3667 de
2397 3611 2692 3686 promissis
2703 3611 2962 3667 dulcibus
2979 3628 3115 3667 eum
3130 3626 3498 3676 ammonens,

157 3721 231 3760 ac
256 3703 477 3760 milites
514 3705 747 3759 solatur.
1885 3704 2119 3779 percepi
2146 3703 2218 3757 ab
2248 3701 2457 3756 eodem
2475 3716 2607 3755 cum
2626 3700 2832 3755 baculo
2847 3700 2896 3771 ej
2906 3716 2991 3767 us,
3013 3715 3190 3772 quem
3209 3698 3382 3752 hodie
3417 3701 3500 3754 te-

239 3797 330 3850 15.
366 3792 608 3848 Interim
639 3810 816 3849 caesar
859 3809 993 3848 cum
1023 3794 1138 3848 suis
1180 3793 1255 3848 ad
1285 3792 1534 3849 Strelam
1581 3795 1785 3853 urbem
1886 3810 2020 3862 neo,
2049 3789 2418 3864 parrochiam
2447 3804 2619 3862 super
2633 3788 2995 3855 hasburbes,
3029 3784 3496 3853 Scudizi,Cotuh,

149 3881 470 3956 pervenit;
531 3883 589 3936 et
637 3881 980 3937 Miseconem
1029 3896 1163 3936 cum
1213 3881 1462 3936 exercitu
1519 3883 1787 3957 subsequi
1885 3878 2519 3949 BichinietVurcin,de
2540 3874 2780 3932 residuis
2799 3879 2852 3944 5,
2880 3871 3494 3946 Ilburg,Pauc,Dibni,

149 3973 360 4028 sciens
384 3970 803 4026 Herimannum
825 3969 1229 4025 marchionem
1252 3970 1324 4024 ad
1348 3970 1660 4042 Mysnensis
1686 3973 1784 4028 de-
1887 3966 2174 4026 Liubanizi
2205 3969 2266 4021 et
2294 3966 2584 4023 Geserisca
2603 3973 2698 4008 ιω
2719 3967 2886 4039 (868),
2913 3963 3184 4020 differens
3212 3977 3277 4016 ac
3306 3960 3365 4015 in
3387 3975 3496 4031 po-

140 4057 504 4114 fensionem
552 4057 791 4112 civitatis
840 4072 1156 4128 properare
1172 4055 1360 4126 jubet.
1396 4057 1519 4126 Ipse
1549 4075 1682 4114 vero
1713 4059 1787 4114 ad
1887 4064 2106 4116 sterum
2136 4056 2332 4111 dicens
2351 4057 2687 4113 relicturum
2733 4063 2849 4125 ιω,
2876 4057 2908 4110 8
2933 4051 3219 4109 Kalendas
3248 4050 3491 4104 Novem-

136 4145 509 4216 Merseburg
524 4149 678 4200 recto
694 4145 940 4200 tetendit
957 4145 1186 4199 itinere.
1207 4143 1408 4200 Miseco
1427 4148 1622 4201 autem
1640 4164 1786 4220 apa-
1887 4148 2024 4215 bris,
2053 4140 2414 4219 presentibus
2442 4145 2552 4201 hiis
2579 4143 2846 4199 testibus:
2875 4140 3199 4208 Heribaldo,
3232 4139 3488 4209 Hepone,

131 4239 240 4289 tre
275 4232 518 4288 nefario
550 4233 880 4295 instructus,
914 4235 974 4287 ut
1003 4232 1195 4304 primo
1227 4235 1454 4286 nostros
1485 4235 1669 4290 abisse
1701 4237 1785 4290 di-
1887 4237 2083 4306 lbone,
2119 4232 2370 4289 Cristino
2397 4236 2569 4306 atque
2585 4231 2848 4288 Seberto.
2869 4231 3085 4286 Eodem
3099 4229 3190 4284 die
3203 4226 3490 4283 adurbem

130 4322 309 4378 visos
343 4321 686 4393 nullamque
725 4325 856 4391 post
898 4337 959 4374 se
1007 4319 1325 4374 custodiam
1368 4337 1488 4376 esse
1526 4323 1786 4378 relictam
1887 4321 2113 4380 Curbici
2138 4322 2286 4390 (869)
2311 4322 2526 4377 dictam
2553 4319 2833 4388 venimus,
2874 4317 2972 4374 ubi
3018 4314 3492 4374 convenientibus

125 4408 366 4473 sensit,
403 4407 598 4462 Idibus
628 4407 983 4479 Septembris
1013 4407 1205 4462 Albim
1228 4407 1394 4478 juxta
1427 4409 1630 4465 urbem
1661 4428 1789 4484 pre—
1809 4405 1864 4465 D
1888 4409 2320 4468 archiantistitis
2370 4419 2462 4454 15“
2502 4408 2776 4464 militibus
2800 4408 2859 4463 id
2899 4403 3284 4467 manifestavi,
3315 4417 3489 4474 quam

125 4498 382 4552 dictam
417 4496 566 4568 (864)
594 4512 727 4550 cum
747 4502 777 4553 7
821 4496 1147 4566 legionibus
1197 4495 1255 4548 in
1287 4495 1407 4567 ipsa
1433 4499 1789 4554 transcendit
1886 4497 2336 4555 misericorditer
2367 4514 2507 4568 erga
2534 4513 2629 4552 me
2661 4496 2854 4552 senior
2878 4510 3010 4548 suus
3047 4491 3250 4565 egerit.
3291 4491 3488 4562 Ibique

119 4600 400 4647 aurora,
439 4585 721 4655 quosdam
775 4585 1222 4656 circumquaque
1255 4584 1513 4654 jacentia
1539 4591 1781 4656 vastare,
1886 4585 2310 4642 deinﬁrmitate
2325 4583 3028 4640 venerabilisFritherunas
3045 4579 3490 4654 comperivimus

113 4672 288 4729 alios
315 4686 469 4726 vero
485 4672 692 4728 urbem
721 4671 1046 4744 precipiens
1075 4672 1422 4744 inpugnare.
1461 4673 1626 4737 Quod
1654 4677 1778 4731 We-
1877 4676 1950 4731 ad
1981 4675 2140 4745 cujus
2170 4671 2495 4745 hospicium
2516 4675 2654 4728 tunc
2679 4688 2784 4728 nos
2819 4670 3061 4738 fuimus;
3089 4683 3237 4742 quae,
3253 4681 3357 4739 pro
3385 4666 3486 4722 do-

1507 4764 1741 4820 VARIIE
1769 4761 2165 4820 LECTIONES.

197 4839 321 4874 ιη’
355 4829 495 4904 add.
535 4835 555 4884 1
563 4832 618 4904 _b.
697 4839 793 4873 mo
821 4846 1013 4885 cesare
1046 4833 1132 4904 1a,.
1215 4837 1305 4872 1m
1335 4847 1553 4904 magna
1585 4837 1670 4888 la.
1748 4844 1843 4878 ηδε
1873 4853 1931 4890 se
1960 4835 2072 4889 fav.
2107 4836 2191 4887 1α.
2268 4841 2363 4875 1m
2389 4834 2474 4888 ita
2500 4835 2588 4904 la.
2618 4829 3123 4904 habuisgvz'detur,
3148 4824 3488 4904 coloniensis

103 4909 210 4959 lc.
312 4910 427 4945 ιδεμ
455 4902 470 4956 i
504 4902 760 4958 adrasum
794 4906 842 4956 1.
922 4909 1017 4944 Im
1048 4903 1168 4956 ath.
1201 4904 1280 4958 lc.
1359 4898 1464 4944 1⁵οό
1486 4903 1865 4962 WeneniciA.
1898 4905 1961 4962 S.
1985 4904 2239 4959 Fortasse
2270 4908 2291 4958 1
2327 4902 2649 4958 Wenetnici
2676 4905 2784 4958 sive
2810 4898 3374 4958 Wetheniciscribcre
3395 4915 3491 4952 vo-

94 4975 252 5058 ίελτῖο
354 4981 465 5015 ’³³⁷
497 4974 796 5058 demisisse
827 4974 1436 5058 4a:__.“:°Grsnam.2-
1466 4974 1662 5058 Αεδο.
1709 4978 2251 5058 ίδθθιξτρερθτειιεε.ί.ο
2330 4982 2424 5017 ¹⁶⁴⁰
2453 4991 2840 5058 Ρςςιξτξευειρ
2871 4972 2996 5058 αίέἀ-
3032 4977 3153 5058 ίςιν,
3195 4978 3287 5058 ’Ψ
3316 4969 3487 5058 Mai?

89 5044 820 5170 geburgﬁnsiiugdklc.
898 5051 993 5084 1⁵42
1024 5043 1317 5098 Gezerisca
1344 5047 1422 5098 1ο.
1503 5054 1597 5088 1m
1630 5047 1702 5102 de
1728 5043 2058 5104 residuis—
2074 5046 2416 5103 relicturum
2444 5043 2569 5102 add.
2603 5043 2692 5102 ib:
2715 5044 3032 5120 quibusdam
3051 5045 3109 5098 in
3134 5047 3279 5098 textu
3303 5043 3484 5095 eram.

251 5132 376 5170 are
432 5132 531 5170 Ian
563 5133 610 5170 is
635 5133 683 5170 ιε
752 5155 766 5170 .

1714 5188 1939 5246 ΝΟΤᾸΕ.

210 5273 375 5348 862)
412 5273 660 5329 Kalend.
686 5273 1208 5348 Merseburg.,_l{al.
1247 5273 1542 5348 Septemb.
1576 5273 1715 5334 Gem
1731 5283 1781 5331 et
1878 5277 2099 5333 Slavica
2121 5276 2354 5348 Vojnik,
2379 5274 2647 5348 Polonice
2661 5274 3008 5342 Woiownik,
3026 5272 3296 5348 bellator.

191 5338 517 5428 hlczéarqs
559 5346 773 5428 comites
805 5361 928 5428 cu‘m"
970 5338 1123 5428 ξοὸίίε
1179 5338 1372 5428 fama:
1415 5351 1520 5404 200
1548 5349 1784 5418 peremti
1951 5348 2099 5419 (866)
2125 5338 2228 5428 Die
2263 5338 2464 5428 Jahne,
2499 5347 2664 5428 annis
2700 5338 3114 5428 p‘arvulus,'qui
3142 5355 3324 5414 prOpe
3350 5338 3478 5394 Rie-

308 5415 512 5492 Qonf.
543 5417 694 5492 ann.
730 5414 1062 5492 Quedlinb.,
1093 5431 1145 5469 a.
1187 5418 1378 5492 lOl5._
1438 5490 1446 5492 _
1548 5414 1568 5418 ⁷
1879 5435 2002 5474 sam
2034 5414 2773 5492 oppidum‘Albimginfluit.

171 5486 375 5558 (863)
414 5485 590 5558 Conf.
624 5486 945 5558 Chronogr.
978 5485 1134 5554 Sax.,
1167 5502 1322 5541 anno
1355 5489 1477 5544 971.
1945 5481 2091 5558 (867)
2111 5481 2450 5558 Mokrehna,
2481 5489 2614 5546 villa
2643 5489 2793 5544 inter
2815 5489 3040 5557 Torgau
3060 5485 3118 5538 et
3147 5481 3477 5554 Eilenburg.

170 5556 366 5633 (864)
398 5557 499 5633 S_c_.
537 5556 794 5633 Meissen.
864 5556 881 5558 “
1095 5627 1158 5633 ___
1203 5629 1235 5633 Α
1343 5628 1354 5633 _
1396 5629 1406 5633 _
1949 5556 2091 5633 (868)
2125 5561 2288 5633 Conf.
2314 5556 2486 5633 supra
2516 5561 2589 5618 ad
2613 5560 2652 5615 l.
2682 5575 2764 5626 ιιι,
2797 5574 2852 5616 c.
2890 5558 2942 5609 8.

173 5629 378 5702 (865)
424 5628 749 5685 Weinenici
766 5628 803 5683 i.
823 5645 880 5700 q.
903 5644 1078 5700 supra
1095 5627 1432 5700 Wethenici,
1457 5645 1558 5686 seu
1587 5646 1622 5686 a
1640 5644 1778 5686 voce
1949 5627 2096 5704 (869)
2128 5627 2391 5704 Ζοθιὼὶεζ
