4012 6180
533 372 674 430 i375

1526 371 1906 432 THIETMARI
1940 371 2558 434 MERSEBURGENSIS
2595 377 2911 435 EPISCOPI

3656 389 3757 448 MC

536 488 656 544 lorl
689 489 746 546 in
769 488 1030 562 sequenti
1059 489 1175 558 die,
1205 489 1266 546 id
1295 494 1381 546 est
1406 494 1436 547 6
1466 493 1750 549 Kalendas
1779 495 2132 563 Novembris,
2152 500 2207 559 A
2239 503 2463 574 gabant
2493 508 2608 555 1m.
2638 500 2812 556 Nobis
2840 501 3365 572 contemporalibus
3385 501 3491 558 suis
3517 503 3581 559 ob
3593 504 3757 563 crimen

541 578 837 633 hominem
870 578 1024 633 exuit
1050 579 1385 636 interiorem
1421 590 1515 624 1³η
1541 583 1710 654 (870).
1750 584 1888 638 Inde
1935 584 2130 639 Archio

533 667 838 739 episcopus
864 668 938 722 ad
988 675 1083 711 1⁵η
1111 670 1498 743 Magadaburg
1527 673 1834 744 profectus,
1868 675 2131 728 omnium

527 755 897 811 festivitatem
923 759 1257 814 sanctorum
1278 761 1605 828 celebravit,
1630 764 1686 815 et
1705 778 1812 834 ego
1844 762 1902 816 in
1932 761 2131 817 Walli-

527 843 658 900 bici.

601 936 688 988 I7.
733 933 972 989 Interim
999 936 1336 1008 Hardvigus,
1359 937 1592 993 nomine
1610 941 1835 993 tantum
1857 954 1975 1005 rex,
2007 954 2131 1010 per-

538 1021 658 1077 dita
683 1023 824 1078 urbe
847 1024 1206 1094 Fercellensi,
1239 1043 1413 1097 quam
1439 1027 1535 1082 diu
1550 1029 1779 1098 expulso
1807 1027 1994 1081 Leone
2012 1026 2130 1098 epi-

534 1125 704 1181 scopo
718 1110 928 1182 injuste
938 1114 1210 1183 possedit,
1226 1115 1852 1176 inﬁrmatur,etradens
1865 1115 2102 1168 barbam
2117 1155 2131 1181 ,

533 1199 852 1254 monachus
876 1203 962 1254 est
985 1202 1236 1268 effectus,
1265 1203 1555 1274 terciaque
1581 1203 1866 1257 Kalendas
1890 1203 2136 1256 Novem-

527 1287 645 1344 bris
679 1288 842 1355 obiit,
858 1291 1114 1360 sepultus
1134 1292 1191 1345 in
1206 1292 1579 1358 monasterio,
1602 1293 1923 1364 Imperator
1937 1293 2132 1346 autem

534 1374 920 1430 occidentales
963 1385 1057 1419 1W
1091 1378 1339 1434 invisens
1381 1379 1666 1451 regiones,
1706 1397 1833 1452 quae
1876 1379 1954 1433 ibi
1999 1383 2135 1433 tunc

540 1465 706 1517 erant
735 1465 1105 1519 emendanda
1125 1468 1387 1522 correxit.

612 1552 697 1604 I8.
721 1553 856 1606 Post
873 1553 997 1606 haec
1028 1555 1222 1607 autem
1248 1555 1372 1618 Eid,
1412 1556 1647 1610 antistes
1693 1555 1935 1625 egreius,
1967 1571 2001 1608 a
2028 1557 2137 1609 Po-

527 1637 692 1692 lenia
713 1640 917 1693 saltem
932 1655 1062 1694 cum
1078 1643 1414 1696 muneribus
1438 1643 1667 1711 magnis
1685 1660 1960 1710 reversus,
1978 1660 2141 1713 egro-

2237 595 2500 646 nostrum
2557 591 2678 662 ejus
2729 590 3087 644 conversacio
3121 590 3423 660 displicuit,
3449 596 3504 646 et
3529 594 3574 647 ei
3597 599 3758 652 nostra.

2238 681 2306 733 23
2334 696 2518 733 annos
2551 683 2606 734 et
2635 679 2882 750 amplius
2911 678 3104 732 labore
3133 678 3406 733 ineffabili
3432 679 3616 746 vivens,
3631 685 3760 740 ﬁnem

2240 775 2406 813 suum
2439 762 2572 813 ante
2596 759 2864 829 predixit,
2887 761 3021 812 etut
3041 775 3360 830 numquam
3379 761 3448 814 ad
3465 760 3604 815 Misni
3630 778 3763 832 pone-

2234 852 2414 914 retur,
2444 850 2687 902 multum
2702 846 2944 917 rogavit.
2961 846 3021 899 Id
3040 863 3294 918 namque
3320 865 3538 919 semper
3557 849 3604 903 in
3618 855 3765 906 mente

2240 939 2313 991 ob
2336 936 2610 991 timorem
2637 938 2846 994 futurae
2879 935 3245 991 desolationis
3283 936 3618 1004 desideravit,
3655 940 3765 993 utad

2236 1028 2425 1080 locum
2461 1025 2696 1079 Colidici
2714 1033 2809 1067 1⁵³0
2823 1025 3056 1089 dictum,
3085 1024 3184 1079 ubi
3204 1025 3412 1079 Christi
3429 1041 3768 1096 magnusmar-

2242 1116 2335 1183 tyr
2367 1114 2746 1186 corporaliter
2773 1113 3095 1184 requiescit,
3118 1113 3309 1185 etipse
3322 1116 3618 1169 mereretur
3633 1119 3772 1169 tum!»

2235 1202 2362 1259 lari.
2421 1202 2533 1256 Sed
2592 1218 2784 1256 comes
2839 1203 3248 1269 Herimannus,
3306 1217 3532 1274 sperans
3573 1203 3775 1274 precibus

2240 1292 2504 1361 ejusdem
2557 1293 2745 1344 locum
2793 1291 2897 1344 sibi
2929 1308 2960 1344 a
3003 1293 3123 1346 Deo
3164 1294 3431 1362 paratum
3469 1291 3706 1362 adjuvari,
3731 1295 3776 1346 ut

2237 1379 2495 1452 prefatus
2517 1396 2668 1446 sum,
2701 1379 2917 1434 ibidem
2951 1380 3082 1433 fecit
3114 1397 3246 1434 eum
3271 1379 3501 1450 deponi.

2313 1472 2397 1523 I9.
2421 1470 2482 1521 In
2515 1467 2705 1537 vigilia
2735 1467 2939 1521 natalis
2953 1468 3187 1522 Domini
3217 1469 3597 1538 Meingaudus,
3622 1469 3778 1522 'l‘reveo

2237 1557 2370 1610 ricae
2401 1555 2642 1610 civitatis
2670 1555 3152 1627 archiepiscopus,
3183 1556 3326 1610 obiit
3353 1557 3412 1610 in
3443 1557 3572 1611 urbe
3593 1573 3679 1610 sua
3700 1557 3782 1611 Co-

2238 1645 2502 1715 phelenci
2521 1644 2669 1698 dicta
2692 1644 2854 1709 (8’72),
2879 1644 3127 1698 sedens8
3146 1661 3336 1700 annos
3353 1648 3410 1699 et
3430 1651 3459 1698 7
3481 1661 3680 1699 menses
3697 1652 3782 1707 15",

528 1727 648 1790 tare
680 1725 850 1797 cepit.
887 1727 950 1783 (f.
1003 1728 1143 1791 I52’)
1163 1729 1293 1783 etin
1333 1731 1471 1785 urbe
1493 1731 1638 1785 Libzi
1675 1735 1874 1786 vocata
1905 1732 2136 1785 ﬁdelem
2165 1782 2214 1804 η
2240 1732 2490 1803 indeque
2517 1748 2724 1803 corpus
2746 1749 2910 1786 suum
2947 1732 3020 1786 ad
3041 1733 3240 1786 sedem
3266 1732 3556 1804 propriam
3586 1733 3784 1786 delatum

535 1813 757 1870 Christo
781 1815 1038 1871 animam
1066 1819 1129 1871 I3
1145 1819 1428 1873 Kalendas
1440 1819 2134 1890 Januariireddidit(87l).

528 1904 597 1956 Et.
623 1903 978 1959 Hilliwardus
1014 1905 1307 1960 Citicensis
1348 1907 1666 1979 episcopus,
1698 1909 1771 1962 ad
1803 1908 1970 1977 hujus
2001 1923 2133 1976 pro-

543 1991 902 2047 curationem
922 1997 1170 2059 vocatus,
1188 2011 1322 2049 mox
1335 1996 1535 2062 adfuit,
1557 1999 1613 2050 et
1635 1995 1896 2061 domum,
1920 2011 2033 2065 qua
2051 1995 2135 2048 vir

533 2083 764 2134 sanctus
777 2080 1018 2148 abierat,
1035 2081 1268 2153 optimis
1283 2083 1543 2138 redolere
1563 2083 1833 2139 odoribus
1856 2082 2136 2137 introiens

534 2168 796 2238 agnovit;
830 2172 888 2225 et
913 2186 1120 2243 corpus
1147 2172 1405 2242 ejusdem
1443 2188 1621 2243 usque
1652 2172 1726 2226 ad
1751 2171 1911 2226 Misni
1941 2187 2134 2241 prose-

530 2255 744 2326 quitur.
805 2256 1076 2327 Sepelivit
1117 2258 1258 2312 illud
1296 2275 1492 2313 coram
1537 2259 1702 2313 altari
1757 2267 1873 2325 1548,
1927 2258 2135 2313 auxilio

535 2343 762 2398 comitis
783 2344 1149 2400 Willehelmi.
1202 2347 1299 2416 qui
1345 2347 1547 2400 ordine
1581 2363 1680 2401 suo
1725 2347 1971 2401 eandem
2004 2351 2138 2402 tunc

535 2431 838 2486 custodivit
873 2432 1182 2490 civitatem.
1243 2435 1354 2488 Sed
1408 2435 1542 2505 quia
1587 2437 1843 2506 superius
1899 2435 2138 2506 promisi

536 2534 632 2573 me
659 2519 730 2573 de
752 2520 875 2590 ejus
894 2519 1009 2574 vita
1033 2522 1090 2575 in
1113 2522 1483 2592 sequentibus
1495 2522 1802 2588 dicturum,
1827 2524 1896 2577 de
1913 2523 2140 2592 magnis

530 2624 715 2680 pauca
739 2609 964 2679 loquar.
1000 2609 1137 2663 Erat
1189 2610 1273 2662 vir
1322 2611 1608 2681 predictus
1652 2611 1860 2666 nobilis
1901 2627 2136 2681 genere,

529 2698 685 2752 dives
706 2695 765 2750 in
799 2696 1032 2768 prediis,
1083 2698 1180 2752 sed
1233 2701 1574 2770 paupertate
1629 2700 1857 2771 spiritus
1886 2701 2008 2754 haec
2031 2717 2136 2771 pro

532 2785 715 2841 nihilo
744 2787 978 2840 ducens.
1012 2787 1161 2840 Ante
1190 2786 1653 2843 benedictionem
1679 2789 2140 2860 inMagadaburg

529 2890 660 2930 cum
705 2873 930 2928 caeteris
959 2875 1340 2930 eonfratribus
1389 2878 1732 2948 regulariter
1784 2894 1847 2931 ac
1890 2879 2136 2931 multum

2164 1782 2214 1840 B

2237 1821 2557 1875 honorifice
2581 1820 2652 1874 ad
2685 1825 3074 1875 antecessores
3098 1837 3229 1876 suos
3261 1823 3503 1877 locatur.
3534 1824 3788 1894 lmperator

2236 1909 2360 1963 hinc
2395 1909 2653 1975 audiens,
2679 1910 2749 1963 de
2783 1913 3078 1966 tantorum
3101 1912 3458 1966 detrimento
3477 1915 3679 1982 patrum
3702 1914 3787 1963 tur-

2235 1997 2425 2065 batur,
2445 1998 2689 2067 qualiter
2710 2013 2819 2067 que
2839 2001 2962 2054 loca
2991 2001 3141 2054 bene
3172 2001 3474 2071 suppleret
3508 2014 3789 2064 vaeua,cum

2238 2085 2620 2142 familiaribus
2645 2089 2757 2142 suis
2786 2087 3079 2155 tractavit;
3111 2091 3171 2142 et
3183 2096 3279 2130 1⁵³³
3301 2089 3553 2142 natalem
3581 2087 3790 2141 Domini-

2240 2192 2370 2229 cum
2404 2175 2464 2230 in
2489 2177 2965 2232 Pathebrunnum
2995 2184 3089 2219 15"
3117 2175 3339 2230 festivis
3361 2176 3579 2247 peregit
3603 2175 3793 2246 gaudiis.

2241 2267 2308 2319 Et
2340 2267 2468 2336 post
2487 2266 2634 2320 hanc
2657 2269 3013 2338 Popponem,
3029 2264 3794 2337 Liupoldimarchionisﬁlium

2239 2358 2298 2408 et
2319 2359 2454 2410 tunc
2478 2355 2964 2426 Bavenbergensis
3003 2354 3241 2409 ecclesiae
3255 2353 3796 2425 prepositum,'l‘reve-

2239 2443 2392 2497 rensi
2410 2446 2728 2516 prefecerat
2746 2445 2893 2511 urbi;
2910 2448 3111 2498 etcum
3133 2445 3180 2498 is
3195 2451 3290 2486 1'“
3305 2447 3382 2499 ab
3396 2444 3798 2500 Erkanbaldolm

2240 2532 2653 2601 Magociacensi
2666 2532 3116 2604 archiepiscopo,
3131 2534 3193 2602 (f.
3217 2535 3367 2605 I53’)
3382 2535 3542 2605 jussu
3573 2531 3752 2588 cesaris
3763 2534 3804 2585 et

2243 2620 2475 2674 licentia
2505 2620 2879 2675 Virdunensis
2927 2621 3196 2692 episcopi,
3252 2623 3353 2694 qui
3405 2624 3615 2694 primus
3639 2622 3804 2674 horum

2242 2707 2303 2761 in
2335 2708 2538 2762 ordine
2572 2709 2678 2763 fuit
2706 2710 3087 2778 confratrum,
3119 2711 3456 2765 consecrari
3490 2709 3763 2775 debuisset,
3784 2723 3809 2760 a

2240 2796 2598 2870 Thiederico,
2633 2797 2864 2870 Metensi
2897 2798 3188 2870 antistite,
3222 2815 3293 2853 eo
3329 2800 3488 2870 quod
3514 2817 3547 2853 a
3574 2816 3628 2852 se
3649 2797 3808 2870 justius

2238 2867 2362 2922 haec
2395 2868 2688 2924 ordinacio
2721 2869 2847 2923 ﬁeri
2877 2869 3133 2935 deberet,
3167 2867 3405 2925 assidua
3447 2869 3807 2925 acclamatione

527 2963 902 3020 laudabiliter
929 2963 1144 3032 vivens,
1178 2966 1236 3019 et
1265 2970 1396 3036 post
1431 2965 1491 3019 in
1521 2965 1726 3020 divinis
1751 2966 2023 3037 gregibus
2049 2967 2135 3020 lu-
2162 2999 2209 3059 Ο
2241 2960 2298 3057 et
2329 2957 2533 3059 humili
2555 2959 2920 3059 peticioneid
2944 2960 3230 3059 incassum
3254 2957 3810 3059 prohibebatur-ﬁam

530 3053 760 3110 orandis
779 3053 954 3108 alcius
994 3053 1318 3125 insurgens,
1341 3071 1446 3126 pro
1476 3055 1846 3125 possibilitate
1869 3073 1969 3109 sua
2005 3073 2136 3126 apo-

524 3141 787 3198 stolicam
835 3141 1093 3196 imitatus
1134 3145 1220 3197 est
1257 3143 1625 3197 vitam.Nulla
1667 3161 1926 3214 unquam
1957 3146 2136 3199 utitur

525 3231 761 3286 camisia
786 3247 974 3302 neque
1013 3232 1208 3293 braca,
1241 3231 1344 3285 nisi
1395 3234 1530 3285 tunc
1561 3248 1691 3285 cum
1736 3232 1968 3286 missam
1996 3249 2132 3288 can-

525 3318 693 3384 tavit;
727 3334 903 3389 quam
934 3317 1143 3372 idcirco
1171 3319 1360 3388 sepius
1400 3319 1647 3384 demisit,
1687 3320 1819 3391 quia
1844 3337 1902 3374 se
1929 3320 2132 3376 adhoc

525 3405 836 3476 indignum
860 3403 1155 3475 judicavit.
1190 3405 1401 3460 Hiemis
1425 3407 1794 3477 asperitatem
1825 3407 2132 3478 qualiteris

529 3509 806 3563 umquam
838 3492 1164 3554 sustineret,
1196 3494 1362 3547 multi
1406 3494 1884 3549 ammirabantur.
1918 3496 2129 3552 Crebro

426 3645 432 3650 ι
524 3597 558 3635 ει
589 3579 704 3634 suis
723 3595 872 3651 pene
904 3580 1257 3651 desperatus,
1304 3585 1364 3636 in
1393 3583 1558 3637 stuba
1611 3582 1700 3636 vix
1732 3585 2126 3654 recreabatur;

526 3683 733 3740 corpus
757 3684 922 3723 suum
955 3668 1126 3723 nimis
1155 3668 1355 3723 afﬂixit
1387 3670 1648 3741 jejuniis,
1672 3673 1799 3742 plus
1838 3673 2003 3727 nudis
2028 3690 2128 3743 pe-

520 3757 686 3814 dibus
730 3772 906 3830 quam
933 3774 1082 3829 equo
1125 3758 1412 3814 laborans.
1460 3759 1602 3814 Cum
1628 3759 1734 3814 sibi
1755 3761 1991 3815 etsociis
2017 3763 2130 3817 late

521 3847 857 3919 vagantibus
905 3845 1117 3902 victum
1171 3847 1444 3904 defecisse
1495 3853 1581 3903 vel
1617 3849 1836 3921 aliquid
1882 3851 2128 3906 arduum

526 3951 825 3992 occurrere
856 3935 1094 4002 videret,
1118 3936 1236 3992 Deo
1277 3936 1492 4007 gratias
1529 3938 1666 4008 egit,
1699 3943 1757 3992 et
1786 3955 1989 3993 omnes
2019 3940 2127 3994 hoc

523 4024 712 4080 dicere
736 4027 922 4097 jussit.
966 4025 1029 4080 In
1061 4025 1403 4097 baptizando
1435 4031 1493 4082 et
1521 4028 1913 4099 predicatione
1942 4028 2126 4082 conti-

523 4130 639 4170 nua
653 4114 1166 4170 etconﬂrmatione
1185 4132 1302 4170 non
1323 4116 1498 4170 modo
1517 4133 1632 4170 suae
1656 4117 1807 4170 utilis
1827 4119 1951 4172 erat
1969 4119 2129 4172 aeole-

519 4202 636 4271 size,
664 4205 764 4258 sed
786 4203 910 4258 aliis
931 4220 1105 4275 quam
1128 4204 1409 4275 pluribus.
1443 4205 1503 4273 (f.
1532 4205 1650 4274 I53)
1678 4206 1758 4259 De
1789 4205 1896 4258 hiis
1924 4206 2129 4276 quibus

517 4291 637 4363 ipse
665 4308 796 4347 cum
819 4291 930 4346 suis
960 4291 1148 4347 vivere
1180 4292 1429 4347 debebat
1455 4292 1650 4359 rebus,
1695 4293 1800 4347 sibi
1828 4294 2129 4347 subtractis

2237 3046 2535 3118 inperator
2582 3049 2734 3101 hunc
2747 3047 2958 3118 scripta
2983 3050 3500 3104 demonstrantem
3523 3048 3757 3103 etbanno
3771 3041 3811 3096 id

2238 3135 2681 3189 interdicentem
2705 3153 2820 3189 non
2839 3137 3140 3204 exaudivit,
3155 3138 3256 3192 sed
3268 3138 3614 3193 unctionem
3630 3143 3817 3189 “Won-

2233 3223 2380 3294 pleri
2427 3224 2695 3296 precepit.
2743 3226 2804 3279 In
2855 3225 2966 3280 hiis
3009 3225 3208 3280 diebus
3268 3226 3400 3281 vice
3450 3225 3575 3280 Eidi
3625 3220 3814 3296 presulis

2233 3314 2562 3381 Eilwardus,
2603 3313 2915 3368 Thietmari
2947 3313 3301 3368 marchionis
3334 3315 3716 3387 cappellanus,
3751 3325 3818 3365 oro

2234 3406 2357 3456 tatu
2393 3402 2731 3456 Herimanni
2762 3403 3064 3457 confratris
3094 3419 3128 3456 a
3163 3418 3368 3458 cesare
3397 3401 3754 3463 constituitur,
3780 3401 3819 3449 et

2233 3489 2294 3544 in
2330 3481 2630 3547 Dominica
2649 3491 2737 3546 die
2760 3495 2892 3546 ante
2915 3493 3134 3562 palmas
3156 3491 3213 3544 in
3238 3491 3821 3563 MerseburgaGerone

2236 3580 2665 3652 archiepiscopo
2735 3580 2903 3636 nobis
2949 3579 3276 3635 faventibus
3334 3580 3695 3637 benedicitur
3736 3580 3818 3642 (an.

2246 3669 2606 3736 IOl6,1lIart.
2639 3670 2741 3740 18).

2307 3760 2395 3812 20.
2419 3759 2740 3813 Proximam
2764 3758 3086 3828 palmarum
3095 3757 3542 3828 jucunditatem
3585 3756 3823 3827 inperator

2213 3861 2371 3922 cum
2405 3847 2670 3902 Heinrico
2702 3847 3017 3901 venerabili
3043 3845 3565 3918 Wirciburgiensis
3586 3853 3669 3888 ηδτ
3699 3841 3821 3896 arcte-

2233 3933 2330 3988 sim
2370 3935 2664 4007 epiSCOpo,
2692 3936 3009 4006 complens,
3028 3939 3060 3989 4
3083 3933 3227 3988 feria
3242 3936 3320 3989 ad
3339 3936 3682 4004 Bavanberg
3693 3931 3822 3988 venit,

2231 4022 2432 4094 ibique
2484 4026 2698 4079 Cenem
2730 4025 2959 4079 Domini
2990 4028 3046 4079 et
3075 4023 3428 4079 Passionem
3461 4041 3595 4080 cum
3625 4015 3820 4095 paschali

2229 4112 2483 4185 tripudio
2515 4113 3179 4184 honorabiliterperegit
3203 4112 3416 4180 (Mart.
3442 4114 3682 4183 25,Apr.
3711 4107 3824 4170 Ij:.Et

2230 4202 2370 4272 quia
2396 4203 2716 4268 Rothulfus,
2744 4202 3206 4272 Burgundiorum
3235 4218 3368 4268 rex,
3398 4201 3704 4256 avunculus
3726 4197 3820 4266 ejus

2230 4291 2401 4362 (873),
2435 4291 2578 4346 sicut
2623 4295 2852 4346 vocatus
2897 4293 3036 4358 erat,
3081 4292 3194 4346 huc
3243 4294 3461 4347 venire
3512 4309 3628 4347 non
3655 4286 3818 4361 potuit.

522 4397 670 4451 pene
702 4381 977 4435 ducentos
1044 4381 1281 4435 melesiae
1311 4381 1522 4436 suimet
1551 4382 1846 4454 acquisivit
1875 4399 2124 4437 mansos.
2156 4381 2210 4440 D
2233 4385 2507 4451 nepotem
2539 4380 2646 4434 sibi
2673 4380 2944 4434 dilectum
2967 4379 3196 4433 obviam
3221 4378 3334 4434 sibi
3353 4396 3606 4452 pergere
3621 4372 3818 4446 rogavit-

520 4469 739 4525 Crisma
768 4472 828 4523 et
877 4473 1096 4528 clerum
1135 4487 1291 4539 raro,
1319 4471 1540 4544 templa
1571 4475 1766 4526 autem
1796 4472 2030 4527 Domini
2059 4474 2131 4526 li-

516 4557 725 4613 benter
743 4560 1117 4626 consecravit,
1140 4564 1198 4614 et
1221 4563 1356 4615 tunc
1381 4561 1585 4615 crebro
1610 4560 1733 4616 sine
1756 4560 1948 4616 missa.
1971 4561 2131 4615 Oculi

525 4644 573 4716 ej
585 4661 647 4700 us
673 4647 748 4703 ob
776 4646 1066 4704 assiduam
1094 4649 1259 4704 ﬂetus
1287 4649 1454 4704 nimii
1483 4649 1823 4706 effusionem
1847 4651 1974 4722 jam
1997 4651 2130 4705 cali-

2233 4469 2320 4522 Fit
2346 4477 2440 4511 “58
2471 4469 2790 4522 eorundem
2819 4467 3123 4522 conventio
3156 4468 3213 4520 in
3249 4470 3405 4524 urbe
3439 4466 3825 4540 Argentius!“

2235 4559 2293 4612 et
2321 4560 2518 4613 mutue
2547 4558 2800 4612 caritatis
2831 4556 3077 4611 invicem
3099 4557 3263 4627 larga
3294 4558 3642 4629 benignitas
3659 4565 3822 4608 conso-

2236 4647 2337 4704 ciis
2370 4657 2464 4691 156°
2477 4647 2670 4703 arrisit
2684 4646 2959 4718 utrisque.
2979 4644 3104 4699 Fuit
3121 4662 3362 4718 quoque
3375 4647 3604 4702 ibidem
3623 4636 3829 4699 Bothum

1832 4771 2060 4826 νΑΗΙΑῖ
2125 4769 2415 4826 LECTION
2424 4768 2524 4824 ES.

592 4860 688 4924 tu:
719 4853 892 4924 Lego;

935 4854 1304 4912 exteriorem.
1339 4856 1468 4928 (Sed
1519 4857 1595 4914 ila
1624 4874 1826 4929 semper
1867 4859 1992 4924 Th.)
2016 4890 2086 4900 —
2112 4868 2208 4903 me
2237 4875 2321 4914 ac.
2360 4864 2408 4913 I.

2597 4863 2690 4899 m7
2742 4857 3061 4926 Harduigus
3091 4887 3160 4895 —
3205 4856 3466 4913 occiden
3518 4855 3645 4912 add.
3677 4851 3824 4908 15.56--

514 4922 676 4999 verbq
718 4922 1039 4999 Harduigus
1097 4945 1152 4981 η.
1199 4922 1426 4983 tantum
1466 4930 1522 4983 in
1564 4922 1771 4996 rasurb,
1824 4922 2012 4984 caetera
2050 4933 2105 4983 in
2149 4932 2428 4999 margine,-
2485 4933 2570 4983 Ia.
2616 4927 2867 4982 habuisse
2919 4922 3128 4999 videtur
3174 4942 3186 4999 ξ
3231 4929 3497 4983 Interim
3561 4927 3828 4997 imperator

521 4994 961 5052 occidentalesf
1077 5007 1172 5041 1548
1195 5000 1373 5056 altare
1409 5004 1490 5053 Ia.

515 5083 602 5122 ses
624 5067 753 5122 add.
793 5067 874 5121 Ib.
952 5075 1045 5109 1“!
1076 5070 1200 5124 (uid.
1238 5071 1320 5126 Ib.

1609 5009 1702 5043 1549
1734 5000 1856 5072 sine
1879 5033 1944 5042 -—
1974 5002 2307 5072 caligabant
2333 5000 2459 5058 add.
2498 5000 2578 5053 Ib.

1439 5078 1531 5143 1⁵δὲ
1562 5070 1621 5124 in
1655 5073 1714 5124 P.
1749 5071 1873 5125 add.
1913 5073 1994 5126 Ib.
2021 5075 2074 5126 in
2099 5070 2280 5143 ‘spatio
2309 5079 2444 5143 ante,
2465 5087 2633 5123 vacuo
2667 5071 2865 5123 relicto.

2735 5007 2830 5040 1‘50
2862 4998 3060 5052 coldic.
3093 4998 3193 5053 Ic?
3233 5007 3327 5040 1⁵η
3367 5001 3592 5054 sedens
3614 5027 3679 5037 —
3702 5008 3826 5048 men-

2980 5077 3073 5109 tm
3108 5086 3240 5123 cum
3275 5069 3319 5122 is
3359 5071 3450 5125 Ib.
3487 5072 3548 5125 in
3591 5071 3698 5123 101:0
3724 5078 3826 5116 m9-

517 5145 611 5180 ωδ
642 5137 984 5194 erkinbajdo
1021 5142 1103 5195 1a_
1183 5148 1275 5183 me
1314 5141 1714 5196 inunctionem
1751 5146 1833 5195 Ia.
1915 5151 2006 5185 1557
2039 5134 2196 5198 ila‘I.
2231 5144 2270 5198 i.
2303 5142 2448 5195 haud
2474 5158 2643 5194 eraso.
2727 5149 2821 5182 1⁵⁵⁸
2853 5140 3040 5209 Pergit
3097 5140 3206 5194 alia
3261 5157 3494 5206 manus,
3539 5156 3654 5211 quae
3681 5134 3828 5188 muttis

511 5212 775 5267 commisit
805 5225 1024 5265 errores.
1106 5218 1198 5252 im
1229 5211 1529 5283 argentiva
1557 5216 1604 5267 I.

1689 5220 1783 5255 1560
1817 5213 2160 5269 consosociis
2194 5219 2242 5270 I.
2277 5213 2481 5267 duabus
2515 5212 2682 5267 lineis.

2019 5316 2030 5360 .'
2073 5301 2296 5359 NOTIE.

591 5386 734 5460 (810)
762 5386 1004 5460 Kalend.
1038 5387 1390 5459 Merseburg.
1443 5391 1502 5442 et
1554 5387 1899 5460 Leneburg.,
1930 5390 2129 5447 Octob.

525 5457 614 5520 28,
639 5455 933 5512 irit/tamn
954 5464 1244 5518 comitism.

596 5526 748 5599 (871)
776 5529 1017 5606 Kalend.
1033 5531 1380 5602 Merseburg.
1394 5571 1409 5602 ,
1435 5529 1706 5587 Deoemb.
1736 5534 1824 5592 20.
1845 5532 2015 5589 (Eid.
2031 5535 2135 5606 epi-

518 5597 712 5671 scopus
728 5597 886 5656 ’obiit.

2307 5391 2457 5454 (872)
2489 5389 2752 5443 Coblenz.
3803 5453 3808 5456 ι

2312 5461 2456 5530 (873)
2522 5459 2652 5514 Scil.
2722 5461 2897 5516 frater
2945 5459 3130 5526 Gislie,
3185 5459 3318 5514 filia:
3382 5458 3661 5529 Conradi,
3713 5468 3831 5523 regis

2236 5531 2604 5604 Burgundiae.
2629 5533 2689 5587 V.
2725 5547 2894 5604 supra
2929 5532 2967 5585 l.
2991 5549 3043 5602 v,
3080 5531 3207 5588 init.
3240 5547 3289 5583 v.
3319 5532 3384 5595 4,
3419 5549 3511 5605 sq.
