4012 6180
271 380 391 437 ίθπ
1480 375 1901 436 CHRONIGON.
1935 396 2010 422 '-—
2037 375 2170 434 LIB.
2200 377 2315 435 VII.
3447 402 3586 461 {378

268 499 401 569 regis
419 498 608 554 inclita
625 497 1036 590 conjunx,quse
1065 495 1475 590 familiaritatis
1488 499 1658 571 hujus
1681 501 1844 572 adju-
1868 505 1924 566 Α
1947 501 2142 566 natus,
2165 499 2342 590 bona,
2357 518 2490 574 quae
2522 505 2717 578 nepoli
2740 505 2959 561 suimet
2988 508 3277 581 promisit,
3292 513 3584 590 impedire

268 589 362 644 trix
387 590 448 659 (f.
485 590 603 657 154)
633 589 780 644 ﬁlios
807 587 1020 642 suimet
1051 589 1214 655 duos,
1243 589 1482 644 senioris
1531 593 1728 644 autem
1760 593 1844 647 sui
1947 603 2158 644 eorum
2214 587 2494 647 instinctu
2538 594 2736 661 voluit,
2787 594 2998 666 quibus
3039 598 3296 656 relaxato
3333 587 3584 674 justicias,

266 678 551 748 privignos,
581 676 756 732 cesari
782 678 1248 744 commendavit;
1284 678 1504 732 dilectis
1517 678 1624 733 sibi
1646 679 1842 733 militi-
1946 679 2120 732 freno
2142 676 2309 731 velud
2333 677 2550 736 infelici
2570 681 2744 737 vitulo
2761 697 2871 752 per
2893 683 3077 738 latum
3106 687 3318 744 liberos
3349 708 3585 752 currere

266 767 359 819 bus
379 767 482 820 hoc
512 769 694 819 totum
726 765 882 819 dedit
907 765 966 819 in
1004 766 1374 834 beneﬁcium,
1420 767 1578 839 quod
1617 767 1722 822 sibi
1771 769 1842 822 ab
1945 765 2168 838 placuit
2205 767 2372 836 (876).
2417 769 2559 824 Cum
2605 788 2741 826 vero
2789 771 3007 825 iterum
3055 776 3233 846 ceptis
3274 781 3582 850 persistere

267 855 524 908 avunculo
555 862 643 895 1W
670 855 878 908 suimet
917 858 1054 908 tunc
1098 857 1184 909 est
1212 871 1570 923 concessum,
1598 859 1655 910 et
1690 857 1844 927 quod
1946 853 2189 921 studuit,
2219 870 2428 911 eorum
2450 859 2806 914 conﬂacione
2842 861 3166 930 etpessima
3195 851 3581 929 reluctacione

264 942 1446 1013 WillehelmusPictaviensis(874)hactenus
1463 945 1666 998 habuit
1685 943 1843 1015 regio
1947 959 2070 997 non
2096 944 2304 1012 potuit.
2341 946 2540 1001 Nullus
2568 949 2751 1015 enim,
2789 950 2853 1001 ut
2873 949 3068 1018 audio,
3088 953 3186 1023 qui
3209 963 3302 998 ms
3333 958 3415 1012 sic
3443 975 3576 1030 pre.

262 1046 486 1085 munere
515 1031 833 1102 prestitum.
854 1034 1176 1103 Imperator
1195 1032 1441 1104 sapienti
1459 1050 1589 1088 usus
1606 1032 1843 1088 consilio
1945 1031 2020 1085 sit
2056 1031 2115 1084 in
2146 1048 2369 1103 regno;
2403 1050 2618 1089 nomen
2638 1039 2875 1090 tantum
2909 1039 2966 1090 et
2991 1054 3268 1098 coronam
3287 1044 3486 1116 habet,
3517 1052 3577 1103 et

262 1118 380 1186 hoc,
408 1119 575 1174 voluit
603 1136 733 1174 cum
765 1119 871 1174 hiis
902 1119 960 1174 id
987 1120 1094 1174 sibi
1147 1121 1366 1175 firmius
1393 1121 1660 1190 subdere,
1691 1121 1846 1193 quod
1947 1119 2315 1189 episcopatus
2328 1121 2439 1176 hiis
2462 1122 2745 1194 dat,quia
2767 1123 3124 1196 principibus
3137 1129 3570 1206 hiiseliguntur;

259 1207 418 1279 longe
445 1208 596 1279 prius
621 1225 717 1262 rex
743 1209 1036 1280 predictus
1064 1208 1117 1263 ei
1138 1210 1518 1264 sacramentis
1538 1215 1666 1280 post
1688 1227 1846 1266 mor—
1947 1207 2021 1260 ad
2062 1224 2228 1261 suam
2254 1225 2393 1263 vero
2424 1209 2482 1269 (f.
2524 1212 2641 1281 155)
2677 1212 2991 1267 utilitatem
3028 1231 3213 1285 pauca
3247 1221 3470 1290 tenens,
3505 1240 3575 1278 ex

258 1299 371 1352 tem
397 1312 550 1351 suam
581 1297 883 1353 sancierat.
929 1299 1181 1354 Omnem
1215 1315 1468 1369 namque
1501 1300 1845 1370 Burgundiae
1945 1296 2225 1368 impensis
2253 1297 2582 1353 antistitum
2615 1307 2708 1340 1569
2741 1299 2896 1368 vivit,
2943 1305 3003 1355 et
3047 1304 3152 1360 hos
3182 1307 3270 1361 vel
3311 1311 3452 1365 alios
3511 1311 3572 1366 in

256 1383 492 1456 regionis
515 1385 830 1456 primatum
855 1403 959 1458 per
981 1403 1188 1441 manus
1214 1387 1284 1441 ab
1316 1388 1596 1442 avunculo
1616 1396 1706 1429 1³³1
1731 1388 1844 1442 sui-
1946 1385 2142 1457 aliquo
2165 1385 2520 1441 extrinsecus
2548 1387 2883 1442 laborantes
2912 1389 3135 1460 eripere
3169 1395 3390 1466 nequit.
3412 1399 3572 1452 Unde

258 1476 370 1528 met
393 1473 622 1544 accepit,
641 1477 699 1527 et
730 1474 800 1528 de
828 1475 1096 1528 maximis
1117 1475 1287 1530 rebus
1307 1475 1432 1529 sine
1456 1476 1577 1545 ejus
1607 1476 1843 1530 consilio
1944 1471 2029 1525 hii
2060 1471 2334 1526 manibus
2385 1473 2740 1544 complicatis
2771 1476 2995 1530 cunctis
3023 1479 3373 1549 primatibus
3404 1483 3572 1538 velud

257 1577 366 1616 non
380 1561 574 1615 ﬁendis
592 1562 959 1617 securitatem
972 1563 1222 1618 firmam.
1246 1563 1649 1632 Episcopatum
1665 1562 1724 1617 in
1739 1563 1846 1618 hac
1945 1559 2185 1630 regisuo
2205 1559 2487 1629 serviunt,
2511 1561 2658 1615 etsic
2673 1578 2815 1632 pace
2834 1564 3122 1619 fruuntur.
3149 1567 3232 1622 Ob
3252 1569 3363 1623 hoc
3379 1571 3568 1625 solum

255 1650 477 1721 regione
509 1650 758 1721 quodam
782 1659 877 1691 ιω
901 1651 1080 1705 nobili
1099 1651 1218 1704 viro
1244 1651 1626 1722 dedit,dequo
1640 1653 1846 1720 postea
1947 1647 2076 1701 talis
2105 1651 2298 1702 rector
2330 1651 2484 1701 inter
2500 1665 2596 1702 eos
2629 1650 2986 1719 dominatur,
3013 1657 3075 1708 ut
3096 1671 3166 1709 eo
3195 1656 3569 1713 iiberiusma-

253 1738 334 1791 vix
355 1754 574 1792 securus
593 1738 788 1792 evasit.
813 1739 1076 1810 Namque
1101 1739 1514 1803 Willehelmus,
1530 1741 1845 1810 prepotens
1866 1731 1914 1788 B
1944 1735 2242 1805 lignorum
2273 1735 2438 1789 furor
2461 1743 2554 1776 1570
2577 1736 2825 1790 invicem
2852 1744 3110 1808 vagetur,
3139 1745 3198 1796 et
3217 1761 3291 1797 ne
3312 1745 3402 1798 lex
3419 1762 3570 1801 nova

251 1826 330 1881 vir
359 1826 416 1881 in
463 1828 569 1880 hiis
617 1827 892 1898 partibus,
928 1830 989 1881 ut
1031 1829 1140 1882 hoc
1189 1844 1366 1882 omne
1409 1826 1696 1897 comperit
1729 1835 1842 1893 im,
1945 1823 2179 1878 alterius
2202 1824 2357 1895 regis
2390 1823 2466 1878 ibi
2498 1824 2791 1892 adveniat,
2815 1842 2942 1895 quae
2965 1826 3232 1883 inolitam
3257 1836 3566 1888 consuetu-

249 1915 491 1970 eundem
524 1916 784 1987 persequi
813 1919 872 1970 et
899 1916 972 1970 ad
1003 1916 1274 1970 ultimum
1306 1916 1628 1986 fugientem
1653 1916 1843 1970 solum
1945 1912 2144 1967 dinem
2162 1915 2418 1983 rumpat.
2445 1912 2836 1966 Willehelmus
2854 1928 3071 1976 comes,
3090 1915 3162 1969 de
3185 1933 3298 1988 quo
3311 1917 3564 1991 predixi,

247 2005 474 2058 canibus
494 2004 996 2075 precepitinquiri.
1022 2005 1174 2067 Quos
1190 2021 1320 2058 cum
1344 2003 1719 2073 antistesjam
1745 2003 1841 2057 de-
1944 2000 2109 2054 miles
2138 2002 2224 2054 est
2246 1999 2400 2070 regis
2429 1999 2489 2052 in
2522 1999 2763 2053 nomine
2790 2003 2846 2052 et
2869 2001 3143 2056 dominus
3173 2005 3233 2058 in
3252 2021 3314 2060 re
3344 2014 3435 2049 1571
3459 2021 3480 2078 δ
3511 2012 3569 2063 et

245 2091 508 2164 fatigatus
528 2093 801 2146 latrantes
817 2093 1225 2164 audiret,quod
1242 2093 1476 2146 unicum
1490 2095 1627 2145 tunc
1643 2091 1846 2144 habuit
1944 2085 2004 2138 in
2032 2085 2139 2138 hiis
2165 2085 2426 2156 partibus
2456 2085 2647 2138 nullus
2680 2089 2920 2139 vocatur
2950 2102 3170 2156 comes,
3220 2090 3331 2145 nisi
3382 2091 3431 2146 is
3467 2094 3567 2166 qui

244 2181 531 2247 solacium,
559 2181 724 2252 signo
750 2185 961 2236 sanctae
984 2182 1165 2235 crucis
1196 2198 1299 2236 sua
1320 2183 1449 2251 post
1481 2180 1722 2250 signans
1748 2195 1846 2233 ve—
1945 2172 2102 2226 ducis
2127 2173 2417 2227 honorem
2434 2171 2714 2242 possidet;
2749 2175 2808 2225 et
2835 2189 2907 2226 ne
2926 2173 3076 2228 illius
3092 2180 3349 2246 potestas
3371 2179 3432 2234 in
3456 2182 3570 2238 hac

245 2268 430 2340 stigia,
462 2268 622 2340 quasi
652 2272 915 2323 mortuus
935 2269 1118 2338 jacuit
1149 2272 1207 2323 et
1235 2269 1308 2323 ad
1330 2268 1574 2339 predam
1611 2271 1846 2339 paratus
1943 2261 2184 2330 regione
2213 2260 2388 2331 paulo
2417 2259 2607 2311 minus
2647 2259 3033 2328 minueretur,
3066 2265 3306 2320 consilio
3342 2271 3402 2322 et
3432 2274 3568 2324 actu

242 2356 386 2424 fuit;
421 2360 478 2410 et
507 2373 637 2411 ecce
668 2373 838 2412 canes
868 2357 1057 2428 rapidi
1087 2358 1212 2411 loca
1241 2357 1473 2411 eminus
1510 2354 1846 2409 olfacientes
1945 2346 2340 2418 imperatoria:
2370 2346 2686 2415 majestati,
2717 2347 2862 2402 sicut
2887 2349 3133 2420 predixi,
3155 2355 3493 2415 reluctatur.

242 2445 484 2515 signata,
518 2447 580 2498 ut
605 2445 810 2516 grandi
837 2445 1066 2500 turbine
1112 2444 1404 2509 retroacti,
1445 2443 1659 2496 reversi
1689 2445 1844 2509 sunt,
2019 2441 2108 2491 2'2.
2143 2437 2207 2489 In
2255 2434 2592 2506 precedenti
2631 2438 2812 2488 estate
2847 2445 2960 2502 (an.
2997 2441 3152 2511 1014)
3197 2442 3566 2515 Bernharius,

243 2535 299 2587 et
318 2533 394 2586 sic
417 2549 582 2587 verus
604 2533 704 2588 Dei
725 2534 970 2588 famulus
992 2549 1094 2603 per
1124 2531 1422 2601 incognita
1443 2530 1700 2584 nemoris
1721 2532 1847 2585 loca
1947 2527 2160 2577 sanctIB
2179 2524 2216 2577 F
2221 2522 2480 2576 crdenSiS
2492 2522 2762 2576 ωοοιθδὶω
2774 2524 2901 2594 pius
2913 2529 3081 2595 pater
3105 2533 3165 2582 et
3184 2530 3424 2586 antistes
3443 2541 3566 2604 1m,

243 2621 313 2675 ad
342 2621 551 2676 amicos
579 2621 830 2691 perrexit
858 2622 1022 2675 ﬁnes.
1047 2623 1218 2676 Cesar
1248 2623 1445 2674 autem
1477 2618 1601 2688 regi
1634 2623 1692 2673 et
1708 2635 1846 2672 con-
1949 2628 2081 2666 cum
2115 2629 2174 2665 se
2192 2612 2322 2681 jam
2355 2609 2428 2662 ad
2458 2610 2824 2665 occasionem
2855 2613 3025 2683 hujus
3054 2616 3182 2672 vita:
3211 2626 3305 2660 1578
3333 2620 3569 2676 vidisset

239 2709 426 2764 tectali
459 2710 582 2779 ejus
605 2710 936 2780 cunctisque
970 2710 1180 2764 suimet
1203 2707 1560 2778 principibus
1582 2706 1845 2761 ineifabi-
1948 2700 2250 2764 iuclinare,
2285 2698 2521 2750 cunctos
2552 2696 2842 2754 debitores
2865 2717 2998 2754 suos
3023 2703 3097 2758 ad
3119 2722 3178 2760 se
3207 2706 3449 2764 dulciter
3466 2727 3567 2766 vo-

237 2797 353 2851 lem
384 2799 692 2866 pecuniam
713 2797 892 2863 dedit,
916 2799 973 2850 et
991 2796 1454 2850 ﬁrmataiterum
1483 2795 1848 2865 antiquatra-
1949 2804 2104 2855 cans,
2159 2788 2218 2840 in
2255 2786 2442 2838 Deum
2488 2787 2544 2837 et
2593 2785 2652 2839 in
2694 2787 3011 2842 aecclesiam
3050 2793 3158 2846 sibi
3191 2797 3564 2855 commissam

237 2883 482 2952 dicione,
514 2902 613 2940 eos
646 2885 805 2939 abire
835 2885 901 2954 (f.
939 2886 1074 2955 154)
1102 2883 1386 2956 permisit,
1438 2882 1556 2951 ipse
1597 2883 1850 2936 exercitu
1948 2875 2283 2929 humanitus
2321 2871 2624 2942 deliquisse
2659 2878 3006 2943 ammonuit,
3049 2883 3107 2932 et
3155 2883 3564 2941 conﬁtentibus

239 2977 590 3043 congregato
615 2973 688 3026 ad
711 2973 972 3027 Basulam
994 2974 1198 3026 urbem
1216 2971 1507 3044 profectus
1532 2972 1700 3041 (875).
1737 2970 1849 3023 Sed
1879 3032 1919 3045 Α
1949 2965 2167 3018 cunctis
2195 2960 2651 3016 misericorditer
2671 2962 2928 3017 indulsit.
2961 2965 3175 3022 Omnes
3216 2975 3435 3040 autem,
3465 2975 3564 3045 qui

240 3032 382 3116 cuni
404 3061 481 3115 ibi
515 3063 939 3117 Willehelmum
963 3061 1199 3116 munitis
1216 3032 1465 3114 .urbibus
1484 3059 1849 3114 resistentem
1873 3032 1920 3090 Ο
1951 3070 2008 3106 se
2028 3053 2220 3124 aliquo
2244 3054 2448 3104 contra
2464 3065 2600 3102 eum
2634 3050 2760 3105 fore
2782 3053 3096 3122 culpabiles
3125 3060 3422 3129 negabant
3442 3069 3560 3130 im,

240 3152 300 3203 et
321 3149 623 3204 introitum
639 3150 743 3204 sibi
758 3151 1064 3220 prohibere
1078 3148 1405 3219 cupientem
1426 3147 1853 3217 audiret,parva
1950 3142 2031 3196 sic
2056 3143 2340 3213 arguebat
2367 3154 2380 3191 :
2407 3137 2503 3190 Me
2522 3156 2698 3209 gaeso,
2727 3140 2854 3208 ﬁlii,
2885 3143 2959 3194 sic
2985 3143 3249 3211 faciatis!
3275 3147 3403 3203 Non
3433 3165 3565 3206 con-

237 3238 614 3293 multitudine
629 3237 1125 3305 difiisus,amicam
1143 3251 1384 3290 manum
1411 3235 1852 3306 undiquessecus
1952 3233 2156 3300 cupisco
2197 3246 2285 3282 vos
2311 3243 2375 3280 ex
2402 3243 2518 3280 mea
2549 3227 2631 3281 vel
2655 3231 2959 3283 successoris
2987 3234 3091 3287 Mei
3105 3240 3265 3304 parte
3295 3236 3563 3296 ullatenus

238 3325 556 3397 colligit,et
576 3325 902 3397 provincias
920 3326 1028 3380 sibi
1049 3325 1439 3378 rebellareim
1455 3328 1852 3395 presumentes
1953 3319 2144 3389 decipi,
2174 3319 2265 3372 sed
2304 3333 2444 3368 nunc
2471 3332 2561 3370 vos
2608 3317 2725 3370 colo
2773 3336 2806 3371 a
2856 3318 3046 3375 talibus
3091 3325 3292 3379 exsolvi
3341 3334 3392 3380 et
3425 3345 3564 3398 pace

238 3414 512 3468 incendio
533 3416 646 3469 late
669 3414 937 3485 ﬂagranti
954 3429 1184 3468 securus
1206 3412 1774 3484 desolavit.Cumque
1793 3428 1851 3465 se
1952 3409 2156 3462 sincera
2186 3426 2219 3460 a
2251 3405 2397 3461 vobis
2425 3407 2718 3475 segregari.
2771 3407 2818 3461 is
2866 3409 3182 3465 eecclesiam
3214 3412 3428 3468 suimet
3458 3420 3562 3473 300

235 3503 463 3556 nullam
483 3502 713 3556 urbium
739 3502 1057 3556 earundem
1081 3515 1413 3571 expugnare
1444 3516 1550 3570 pro
1579 3506 1735 3555 certo
1751 3500 1855 3554 sci.
1954 3499 2174 3552 mansis
2186 3499 2343 3567 juste
2364 3493 2665 3566 adquisitis
2685 3496 2938 3565 adauxit,
2960 3498 3375 3570 imperatorem
3391 3522 3561 3563 suum

229 3594 348 3656 ret,
369 3607 628 3646 reversus
654 3595 740 3645 est
767 3590 958 3656 tristis,
991 3590 1146 3661 quod
1185 3605 1291 3643 nec
1343 3589 1433 3642 hic
1460 3605 1565 3642 nec
1595 3589 1654 3642 in
1688 3595 1852 3661 parte
1954 3589 2228 3642 etomnes
2241 3583 2675 3639 Christolideles
2705 3602 2773 3638 ex
2793 3587 2967 3640 corde
2989 3588 3207 3654 dilexit,
3229 3596 3287 3646 et
3307 3595 3559 3652 maxime

233 3678 510 3733 orientali
534 3679 857 3734 nocituram
876 3679 1137 3732 hostibus
1158 3678 1271 3732 suis
1291 3677 1485 3731 intulit
1500 3679 1846 3733 molestiam.
1950 3675 2060 3730 sibi
2081 3675 2340 3732 subditos
2357 3672 2571 3726 summi
2604 3673 2666 3743 (ι’.
2690 3675 2825 3744 155')
2854 3677 3098 3744 pastoris
3118 3685 3383 3752 exemplo
3397 3701 3563 3741 ama-

311 3771 404 3822 21.
455 3768 694 3822 Interim
735 3768 1073 3839 inperatrix,
1125 3768 1185 3822 in
1231 3767 1442 3821 nostris
1489 3771 1851 3822 commorata
1948 3765 2050 3820 vit.
2083 3766 2336 3821 Sedebat
2390 3761 2483 3815 ille
2526 3763 2610 3814 vir
2655 3764 2998 3818 venerabilis
3040 3768 3108 3823 24
3140 3784 3323 3823 annos
3353 3780 3468 3840 ηπ,
3501 3777 3562 3828 οι

223 3856 564 3928 provinciis,
581 3857 979 3912 defensionem
1010 3857 1216 3928 patriae
1253 3873 1386 3911 cum
1413 3857 1622 3911 nostris
1634 3857 1847 3928 princi-
1949 3856 2161 3908 turrim
2199 3866 2379 3906 unam
2419 3849 2490 3903 de
2517 3850 2822 3920 lapidibus,
2852 3852 2949 3924 qui
2978 3852 3039 3907 in
3070 3854 3177 3908 hac
3207 3858 3361 3912 terra
3388 3861 3559 3929 pauci

221 3945 409 4016 pibus
433 3946 764 4001 meditatur.
799 3947 982 4000 Hostis
1001 3950 1197 4000 autem
1221 3947 1848 4001 nosterlmBolizlavus
1949 3942 2262 4009 habentur,
2277 3942 2443 4011 juxta
2473 3939 2820 3995 Ferdensem
2838 3942 3158 3998 aecclesiam
3178 3944 3446 4002 fabricari
3467 3949 3559 4003 in-

219 4033 394 4087 inter
422 4033 543 4088 haec
567 4034 646 4088 nil
673 4039 870 4090 nostra
898 4035 1046 4102 lesit,
1079 4035 1181 4089 sed
1209 4051 1310 4089 sua
1335 4035 1548 4102 munit,
1581 4038 1639 4088 et
1660 4037 1848 4089 certus
1950 4032 2117 4103 cipit;
2168 4035 2225 4086 et
2263 4030 2396 4083 exin
2441 4027 2763 4084 subtractus
2791 4033 2878 4084 est
2919 4047 2954 4085 a
2987 4032 3196 4086 nostris
3237 4037 3560 4106 aspectibus

218 4122 305 4176 de
333 4127 546 4177 eventu
569 4126 778 4179 cesaris
798 4124 1058 4191 effectus,
1090 4125 1320 4178 laetatur
1342 4126 1400 4177 et
1421 4124 1596 4178 nimis
1627 4125 1850 4179 extolli-
1948 4121 2155 4176 lucifer
2187 4121 2282 4174 ille
2324 4121 2356 4171 8
2396 4117 2682 4173 Kalendas
2721 4119 2960 4190 Augusti
3001 4124 3170 4193 (877).
3213 4122 3384 4186 Quod
3425 4142 3560 4181 cum

222 4214 351 4266 tur.
388 4212 644 4285 Namque
663 4213 1186 4284 multi,quibushoc
1202 4213 1501 4283 cognitum
1517 4218 1661 4280 erat,
1685 4229 1850 4267 vera—
1949 4208 2268 4281 imperator
2305 4207 2672 4277 comperiret,
2706 4213 2768 4262 ut
2806 4209 2952 4263 [ilius
2989 4210 3310 4280 absentiam
3356 4215 3557 4286 patris,

214 4299 378 4354 citer
394 4302 742 4369 asserebant,
769 4303 814 4355 si
835 4318 994 4356 cesar
1017 4302 1090 4356 ad
1113 4318 1249 4355 eum
1273 4307 1406 4355 tunc
1438 4310 1532 4343 1566
1547 4303 1848 4356 turmatim
1872 4355 1919 4372 ᾗ
1950 4298 2027 4352 sic
2053 4300 2211 4354 ﬂevit
2234 4301 2489 4351 mortem
2512 4298 2658 4351 tanti
2672 4298 2930 4354 senioris.
2951 4301 3012 4355 lu
3025 4301 3183 4372 cujus
3199 4300 3317 4356 vice
3335 4289 3554 4361 Vidzie-

217 4388 484 4454 veniret,
544 4389 817 4445 timorem
871 4399 988 4458 ηδτ,
1023 4391 1180 4462 quod
1228 4391 1482 4445 eundem
1523 4391 1594 4445 de
1641 4355 1923 4445 nostrisD
1950 4387 3558 4466 rum,t.‘.oloniensis“Wiecclesizequondamprepositum,

215 4477 570 4547 respiceret,
596 4480 998 4548 restituere,et
1035 4497 1169 4534 eum
1190 4480 1262 4534 ad
1295 4480 1632 4534 servitutem
1662 4496 1849 4546 suam,
1951 4483 2039 4534 set
2069 4485 2202 4534 tunc
2249 4479 2320 4532 ab
2366 4477 2668 4533 licriberto
2717 4480 3102 4550 archipresule
3141 4481 3493 4553 depositum,
3526 4490 3558 4541 9

213 4580 380 4634 pace
397 4570 622 4622 tantum
643 4584 930 4636 concessa,
948 4573 1287 4639 promptum
1315 4569 1616 4623 etﬁdelem
1637 4569 1851 4623 habere
1951 4569 2238 4623 Kalendas
2269 4566 2624 4638 Septembris
2653 4567 2752 4623 diu
2781 4569 3131 4624 renitentem
3158 4571 3366 4640 posuit,
3399 4578 3457 4628 et
3487 4574 3560 4631 ab

211 4656 664 4726 potuisset.Sed
680 4659 1149 4730 Burgundiorum
1174 4675 1295 4728 rex,
1327 4659 1518 4714 mollis
1548 4663 1605 4713 et
1627 4659 1852 4714 eil'emi-
1953 4656 2321 4712 Erkanbaldo
2371 4656 2786 4712 archiantistite
2833 4663 3232 4714 consecratum
3263 4661 3337 4716 ad
3360 4662 3563 4719 sedem

1564 4749 1792 4802 νΑΒΙΑῑ
1843 4748 2130 4804 LECTION
2143 4747 2244 4803 ES.

212 4825 326 4861 1561
363 4817 631 4874 auinculo
668 4823 716 4875 1.
799 4827 892 4861 im
926 4820 1155 4874 cuidam
1188 4820 1273 4875 lc?
1348 4829 1440 4863 1563
1462 4821 1768 4890 comperiit
1803 4826 1885 4875 la.
1965 4828 2058 4861 156*
2079 4819 2360 4888 repallare
2398 4819 3061 4878 la.corr.rebzellarelb.
3141 4830 3234 4864 1⁸⁸⁸
3255 4824 3439 4879 nostri
3465 4829 3555 4882 1α.

210 4897 328 4962 ιξσδ
360 4894 490 4943 tum
511 4908 645 4946 corr.
661 4895 797 4945 tunc
823 4895 979 4948 1.1507
1003 4892 1142 4945 time
1169 4896 1216 4946 1.
1246 4900 1337 4934 1568
1355 4893 1546 4959 audio,
1570 4889 1669 4946 rex
1691 4897 1794 4958 est,
1819 4891 1989 4962 qui2.
2054 4889 2512 4962 1maustituml.
2575 4898 2668 4931 1570
2699 4908 2863 4946 suror
2900 4897 2948 4950 1.
3001 4901 3090 4934 1⁵⁷1
3119 4894 3221 4949 ita.
3254 4895 3333 4950 A.
3362 4893 3425 4952 S.
3467 4914 3550 4955 tre

205 4960 437 5038 (fierre)
469 4969 732 5038 mutatum
754 4965 809 5016 in
830 4963 914 5017 ire
950 4967 998 5017 1.
1043 4971 1168 5038 ’1⁵⁷³
1195 4963 1478 5038 antistites
1509 4968 1556 5017 1.
1635 4971 1729 5004 1373
1762 4960 1908 5018 vit—1.
1986 4969 2077 5004 157‘
2095 4961 2389 5032 negebant
2413 4961 2492 5014 sic
2514 4962 2854 5032 arguebani.
2889 4979 3144 5038 nequoso
3175 4966 3222 5022 f.
3251 4983 3295 5023 s.
3327 4966 3551 5022 faciasti

209 5037 237 5086 1
257 5070 278 5087 .
371 5040 468 5074 1³⁷⁸
491 5033 658 5088 annis
687 5038 772 5090 la.
846 5041 940 5078 1⁵⁷6
971 5035 1254 5089 coloensis
1293 5039 1342 5090 1.

297 5195 464 5266 (874)
494 5196 588 5250 Est
620 5195 667 5249 is
694 5211 887 5250 comes
924 5196 1054 5251 Otto
1097 5195 1432 5249 Wilhelmus
1459 5197 1501 5258 Ι,
1547 5193 1839 5248 Adelberti
2117 5193 2204 5249 Ac
2231 5193 2420 5266 misero
2453 5191 2818 5266 vitulo........

203 5265 417 5339 Italia:
447 5265 610 5339 regis
635 5272 692 5320 et
716 5269 1020 5339 Gcrbergre
1049 5268 1423 5338 Burgundicie
1458 5265 1626 5339 lilius,
1665 5283 1698 5318 a
1723 5282 1836 5336 quo
2214 5265 2634 5339 1lli_consimtlis
2673 5272 2898 5336 patrum
2949 5269 3212 5339 frenabar
3251 5269 3546 5330 habenis...

203 5337 464 5406 antiqui
489 5335 726 5391 comites
757 5335 1097 5410 Burguiidize
1131 5335 1506 5392 descendunt.
1536 5338 1665 5410 Uns.
1695 5335 1760 5410 ,ί
1794 5408 1807 5410 _
2045 5353 2104 5396 v.
2143 5341 2210 5392 88
2240 5352 2252 5389 :
2281 5335 2558 5410 Nititur...
2584 5335 2691 5410 quo
2702 5341 2870 5407 possit
2895 5335 3112 5393 currere
3143 5341 3269 5396 tale.

299 5412 456 5480 (875)
487 5410 713 5463 Basileaz
743 5407 1059 5480 impérator
1082 5412 1190 5463 fuit
1229 5413 1337 5462 hoc
1386 5424 1539 5462 anno
1577 5407 1730 5462 Junii
1777 5408 1834 5464 d.
2017 5479 2020 5480 ν
2117 5410 2218 5462 218
2249 5424 2260 5459 :
2293 5407 2497 5476 Infelix
2526 5407 2788 5462 vitulus...

205 5479 320 5548 25,
364 5483 430 5532 ut
459 5495 526 5532 ex
554 5482 751 5534 charta
775 5479 854 5535 ibi
879 5484 1014 5535 data
1038 5484 1280 5536 constat.
1421 5549 1425 5550 ί
2009 5479 2146 5549 (887)
2182 5481 2302 5532 Non
2331 5495 2483 5532 anno
2516 5480 2753 5550 quidem
2787 5481 2940 5545 1015,
2975 5479 3074 5534 sed
3101 5483 3256 5550 1014,
3288 5483 3352 5539 ν.
3382 5487 3537 5548 Ann.

297 5553 466 5624 (876)
495 5550 554 5624 Υ..
582 5552 821 5624 Ecbasin
868 5554 1097 5624 captivi,
1141 5552 1234 5608 ed.
1266 5553 1307 5608 Ι.
1338 5549 1554 5604 Grimm
1589 5550 1838 5606 Lateini-
1939 5550 2724 5624 Corbeienseset,Quedlinb.
2755 5550 2920 5604 Diem
2945 5549 3123 5608 etiam
3152 5549 3397 5613 testatur
3428 5560 3538 5614 Ka-

202 5621 374 5677 sche
408 5621 680 5678 Gedichte
701 5623 803 5680 des
832 5621 1074 5685 tOCund
1104 5624 1301 5682 H.111.
1332 5638 1385 5678 γ.
1418 5627 1510 5693 66,
1535 5639 1624 5695 sq.
1652 5639 1669 5680 :
1939 5621 2102 5679 lend.
2133 5621 2488 5693 Merseburg.
