4012 6180
498 421 635 478 1379
1441 401 1815 460 THIETMARI
1850 394 2467 457 MERSEBURGENSIS
2491 399 2809 458 EPISCOPI
3651 409 3758 467 mo

502 536 797 613 propriam
824 547 954 587 cum
995 530 1218 584 honore
1248 541 1464 598 magno
1495 525 1734 581 remisit.
1767 524 2095 580 Notandum
2131 522 2190 582 Α
2213 527 2347 583 dem
2371 527 2445 581 ad
2473 525 2790 581 mcclesiam
2811 523 3060 579 delatum
3079 523 3149 579 de
3172 523 3551 581 confratribus
3573 529 3763 598 nostris,

501 640 729 699 quoque
757 623 842 677 est
869 621 927 674 et
955 634 1073 673 non
1103 617 1320 688 absque
1346 615 1602 686 singultu
1631 613 1787 686 gravi
1813 614 2115 686 proferen-
2217 618 2275 671 et
2298 614 2434 688 quia
2459 613 2680 686 vigilias
2710 613 2992 668 sustinere
3022 631 3138 668 non
3183 614 3366 685 potui,
3394 631 3428 669 a
3453 615 3640 670 vicario
3665 633 3766 673 meo

502 715 659 779 dum,
683 709 837 782 quod
848 705 1264 762 monasterium
1291 704 1350 759 in
1378 703 1705 758 Miminlevo
1730 702 2107 757 constitutum
2218 703 2564 758 custoditum
2582 707 2686 758 est.
2708 703 2808 757 Hic
2830 719 2946 757 non
2968 703 3140 773 longe
3176 706 3303 773 post
3330 704 3656 772 sepulturam
3677 705 3771 774 ejus

499 816 533 855 a
560 800 823 854 libertate
845 797 940 852 diu
965 794 1338 849 corroborata
1360 792 1419 845 in
1447 791 1778 846 servitutem
1808 791 2106 845 redactum
2216 791 2278 846 in
2309 793 2528 847 somnis
2583 809 2868 865 apparens
2909 791 3049 846 mihi
3083 808 3095 845 :
3143 790 3343 856 Quare,
3379 791 3537 858 dixit,
3565 809 3652 846 non
3673 795 3773 850 visi.

497 891 601 943 est.
651 885 918 959 Deposito
976 898 1230 954 namque
1279 880 1537 952 ejusdem
1589 879 1836 934 ccenobii
1891 879 2105 933 abbate
2221 883 2372 936 tastis
2401 899 2502 948 me,
2529 888 2579 935 et
2600 883 2917 952 psalterium
2963 898 3070 935 non
3113 887 3391 945 cantastis,
3438 897 3594 951 neque
3617 897 3774 934 memo-

493 974 795 1042 Reinoldo,
845 971 1228 1045 dispersisque
1273 971 1387 1024 late
1425 968 1812 1023 confratribus
1842 967 1955 1020 hiis
1996 973 2113 1033 1577,
2221 971 2360 1024 riam
2406 972 2463 1023 in
2512 970 2872 1024 T/irotmanni
2925 967 3198 1023 inventam
3248 967 3493 1037 fecistis?
3548 967 3642 1031 Qui
3676 985 3776 1024 cum

491 1061 910 1118 Heresfeldensi
941 1059 1212 1116 aacclesiae
1251 1059 1488 1130 ejusque
1519 1061 1656 1111 tunc
1687 1055 1969 1127 provisori
2013 1056 2118 1108 ΑΙ·-
2223 1057 2661 1112 excusacionem
2693 1074 2886 1111 meam
2915 1057 3158 1123 audiret,
3193 1056 3490 1128 respondit
3518 1072 3529 1109 :
3555 1055 3776 1111 Malehac

493 1151 667 1205 noldo
698 1151 840 1204 illud
865 1149 1161 1204 subditum
1189 1150 1294 1200 est.
2112 1215 2115 1216 ν
2225 1144 2596 1216 dereliquistis.
2643 1146 2713 1199 Et
2743 1148 2877 1200 tunc
2907 1144 3344 1215 interrogabam
3377 1160 3510 1198 eum
3541 1145 3778 1215 quomodo

561 1243 648 1296 23.
683 1241 746 1293 In
777 1238 1025 1311 quadam
1046 1235 1341 1308 provincia
1370 1242 1464 1276 1³7⁸
1495 1233 1716 1289 Sueviae
1747 1231 2030 1303 regionis,
2059 1215 2126 1283 et
2225 1215 2470 1301 valeret;
2505 1237 2562 1287 et
2586 1234 2682 1288 ille
2717 1251 2729 1288 :
2770 1233 2842 1289 Ut
2888 1237 2943 1286 in
2977 1234 3218 1301 sabbato,
3252 1233 3402 1301 inﬁt,
3432 1232 3717 1300 obdormivi,
3741 1237 3782 1287 in

491 1328 552 1382 in
581 1327 858 1382 comitatu
879 1324 1114 1380 Becilini
1145 1322 1393 1389 comitis,
1427 1321 1633 1376 accidit
1657 1338 1750 1375 res
1784 1338 1905 1375 una
1942 1316 2123 1373 mira'
2227 1322 2336 1377 alia
2370 1331 2463 1365 1583
2492 1323 2564 1377 ad
2591 1325 2792 1394 requiei
2833 1322 2998 1376 dulcis
3050 1323 3258 1392 gaudia
3298 1323 3540 1377 transivi.
3570 1322 3781 1394 Cumque

497 1415 697 1470 biliset
710 1413 1026 1469 admodum
1038 1419 1130 1453 1579
1153 1410 1443 1465 terribilis.
1461 1410 1584 1464 Una
1609 1409 1822 1463 mulier
1849 1407 2124 1462 maritate
2227 1423 2337 1482 ego
2373 1411 2720 1465 sciscitarem
2743 1413 2814 1466 ab
2847 1428 2934 1478 eo,
2957 1411 3204 1481 qualiter
3227 1427 3289 1464 se
3317 1409 3493 1482 patris
3521 1411 3624 1464 mei
3649 1413 3785 1480 atque

498 1503 814 1557 subitaneee
835 1501 1038 1555 mortis
1059 1498 1300 1552 nexibus
1323 1499 1593 1568 depressa
1611 1496 1976 1566 obiit.Hujus
1994 1512 2124 1549 cor-
2227 1500 2429 1554 matris
2457 1517 2547 1555 res
2577 1500 2818 1555 haberet
2846 1518 2858 1554 :
2888 1499 3052 1566 Bene,
3096 1499 3313 1566 retulit,
3348 1499 3429 1553 sic
3458 1501 3750 1570 prosecutus
3774 1514 3783 1549 :

496 1605 604 1659 pus
631 1593 759 1662 post
788 1588 1144 1643 lavacionem
1176 1589 1232 1640 et
1255 1586 1509 1640 debitam
1537 1583 2013 1657 procuracionem
2039 1583 2114 1637 ad
2229 1585 2481 1643 Genitria:
2506 1595 2600 1642 tua
2635 1605 2734 1659 per
2777 1605 2860 1668 me
2890 1589 2986 1642 tibi
3007 1588 3235 1654 indixit,
3271 1590 3328 1641 in
3361 1590 3396 1642 2
3425 1594 3518 1641 aut
3541 1589 3597 1641 in
3623 1590 3650 1641 5
3676 1587 3788 1655 feria

499 1677 817 1733 ecclesiam
847 1693 883 1730 a
905 1674 1264 1730 merentibus
1287 1673 1471 1748 _sociis
1501 1672 1755 1726 delatum
1787 1675 1889 1726 est.
1919 1672 2048 1724 Haec
2075 1687 2109 1724 a
2227 1690 2343 1728 eam
2394 1683 2773 1730 assecuturum.
2805 1678 2874 1730 Et
2915 1678 3036 1730 haec
3076 1676 3519 1746 ingemisceudo
3551 1675 3786 1745 evigilavi,

500 1765 712 1819 feretro
727 1781 786 1818 se
807 1780 874 1818 ex
899 1761 1210 1835 improviso
1234 1761 1464 1831 erigens
1485 1777 1550 1814 ac
1567 1763 1861 1831 presentes
1877 1761 2111 1814 cunctos
2225 1777 2331 1833 pro
2344 1767 2500 1818 certo
2513 1764 3400 1835 sciens,communemjustorum
3413 1763 3789 1818 institucionem

498 1853 726 1923 fugans,
741 1854 936 1906 evocat
961 1850 1034 1904 ad
1051 1865 1112 1903 se
1138 1849 1325 1902 virum
1340 1848 1549 1902 suimet
1567 1864 1698 1901 cum
1717 1845 2126 1911 familiaribus
2145 1919 2186 1923 _
2226 1855 2486 1906 sanctam
2504 1869 2625 1907 esse
2646 1869 2709 1906 ac
2728 1855 3040 1921 salubrem,
3065 1853 3113 1907 si
3134 1853 3488 1918 custoditur;
3510 1853 3594 1905 sin
3613 1856 3788 1917 autem,

496 1940 738 2009 caeteris,
761 1955 826 1995 ac
861 1938 970 1992 hiis
999 1937 1327 2010 specialiter
1349 1953 1559 1991 munus
1587 1936 1879 2008 singulare
1906 1934 2107 1988 asscri-
2143 1919 2196 1978 Β
2228 1939 2449 2009 grande
2461 1941 2801 2010 periculum,
2818 1941 2930 1995 Etsi
2954 1942 3014 1995 in
3037 1943 3144 1996 hoc
3168 1943 3401 1996 nullum
3421 1957 3614 1995 accuso
3639 1944 3791 2010 preter

493 2028 627 2101 psit,
675 2028 861 2084 verbis
895 2027 960 2098 (f.
1007 2027 1126 2095 156)
1172 2026 1466 2080 consolata
1510 2025 1769 2080 dulcibus
1802 2043 1814 2092 ;
1878 2040 1943 2078 ac
1991 2039 2126 2094 post
2227 2043 2344 2093 me,
2377 2044 2579 2082 vereor
2604 2033 2823 2096 tamen,
2859 2031 3176 2084 maximam
3199 2030 3632 2084 multitudinem
3658 2029 3790 2097 hujus

494 2118 618 2172 haec
646 2117 708 2172 in
739 2132 877 2188 pace
907 2114 1139 2188 quievit.
1163 2114 1366 2169 Mirum
1392 2117 1478 2168 est
1509 2115 1664 2184 quod
1695 2113 1844 2179 dico,
1879 2113 1980 2167 sed
2011 2110 2122 2164 mi-
2224 2115 2376 2186 pacti
2405 2117 2752 2189 alteriusque
2783 2134 2902 2172 esse
2941 2118 3449 2190 prevaricatricem
3475 2135 3489 2185 ;
3535 2120 3587 2171 et
3615 2118 3789 2188 quanto

497 2203 696 2260 rabilis
709 2203 941 2260 Domini
956 2204 1078 2257 haec
1091 2203 1278 2256 solum
1302 2218 1479 2272 opera
1497 2218 1810 2273 cognosco;
1843 2204 1982 2256 etne
1997 2200 2124 2271 quis
2224 2201 2353 2270 plus
2382 2204 2708 2274 spernimus
2753 2206 3025 2260 mandata
3048 2207 3505 2278 prepositorum,
3538 2209 3681 2261 tanto
3701 2204 3791 2258 cul-

496 2294 621 2348 haec
653 2309 789 2348 vera
818 2308 938 2346 esse
961 2290 1204 2356 diffidat,
1226 2289 1625 2344 testimonium
1657 2289 1768 2343 hiis
1796 2289 1949 2343 haud
1978 2287 2124 2342 vitu-
2222 2290 2442 2359 pabiles
2468 2309 2666 2347 sumus
2694 2295 2754 2348 in
2786 2294 3053 2349 examine
3087 2303 3178 2337 158‘
3205 2311 3438 2350 eorum.

493 2382 752 2453 parabile
782 2380 1034 2453 profero.
1072 2377 1364 2432 Predictus
1408 2393 1603 2431 comes
1633 2378 1741 2430 hoc
1774 2374 2119 2448 imperatori
2295 2381 2383 2432 25.
2415 2379 2480 2446 (f.
2515 2384 2634 2443 157)
2683 2383 2923 2454 Insuper
2970 2383 3030 2436 in
3073 2384 3256 2437 altero
3305 2383 3525 2454 deliqui
3575 2383 3794 2443 crimine,

497 2486 604 2541 pro
630 2485 763 2523 vero
788 2477 880 2510 158°
906 2466 1124 2531 retulit,
1149 2469 1205 2518 et
1228 2465 1324 2518 ille
1352 2464 1494 2518 mihi
1521 2482 1717 2519 coram
1751 2465 1948 2518 multis
1977 2481 2116 2518 con-
2223 2465 2378 2536 quod
2409 2484 2504 2523 me
2533 2487 2810 2541 umquam
2832 2471 3053 2539 fecisse,
3083 2471 3309 2542 penitet
3327 2489 3399 2524 ex
3421 2471 3606 2526 corde.
3625 2469 3794 2524 Rediu-

497 2555 773 2610 fratribus
802 2555 860 2608 id
889 2552 1193 2608 intimavit.
1229 2553 1378 2624 Sepe
1408 2552 1669 2622 contigit,
1704 2553 1858 2624 quod
1884 2552 1941 2605 in
1975 2551 2119 2605 ima-
2217 2569 2343 2624 gus,
2370 2559 2928 2629 Parthenopolitanaa
2959 2560 3448 2631 congregacionis
3489 2557 3794 2630 prepositus,

501 2643 641 2716 gine
669 2646 1032 2699 mortuorum
1052 2640 1287 2694 callidus
1316 2639 1541 2694 homini
1566 2640 2113 2713 apparetinimicus,
2217 2640 2279 2694 in
2311 2645 2752 2717 quadragesima
2782 2647 2897 2709 (an.
2936 2650 3090 2710 1015)
3120 2664 3252 2720 qua:
3285 2647 3474 2702 ﬁnem
3505 2663 3660 2701 suum
3693 2661 3796 2716 pre-

500 2732 656 2788 hunc
678 2731 866 2787 modis
890 2732 1181 2800 temptans
1200 2728 1471 2783 deludere
1493 2729 1690 2794 variis;
1724 2733 1780 2783 et
1801 2728 1957 2783 stulti
1987 2727 2114 2800 qui-
2215 2735 2485 2799 cesserat,
2514 2750 2608 2787 me
2638 2735 2746 2788 huc
2776 2736 3106 2790 venientem
3145 2736 3453 2791 caritative
3504 2733 3795 2807 suscipiens,

499 2838 613 2893 que
637 2821 718 2875 sic
750 2837 870 2876 esse
900 2820 1222 2873 autumant.
1256 2817 1375 2888 Ego
1408 2819 1602 2870 autem
1632 2817 1910 2871 veraciter
1941 2816 2113 2870 inno-
2216 2819 2374 2892 loqui
2395 2839 2589 2876 secum
2610 2823 2668 2877 in
2697 2827 2915 2879 secreto
2938 2825 3207 2897 postulat,
3232 2829 3291 2879 et
3323 2826 3550 2880 obortis
3589 2839 3707 2878 mox
3732 2823 3795 2875 la-

497 2911 650 2964 tesco
672 2907 890 2963 cunctis
908 2905 1362 2976 fidelibus,quod
1382 2904 2113 2974 postcommendacionem
2215 2909 2412 2963 crimis
2440 2910 2519 2964 sic
2549 2928 2782 2965 exorsus
2808 2917 2894 2966 est
2917 2930 2929 2966 :
2952 2912 3250 2968 Subitanea
3278 2931 3367 2967 me
3393 2914 3622 2984 deprimi
3643 2917 3796 2973 morte.

497 2997 710 3052 animae
734 3013 801 3052 ac
830 2994 1091 3051 debitum
1118 2992 1433 3065 sepeliendi
1455 2992 1732 3059 ofﬁcium,
1759 3008 1923 3047 more
1951 2992 2113 3046 Chri-
2215 2996 2447 3052 multum
2493 3001 2668 3070 timeo,
2717 3007 2767 3055 et
2801 3001 3135 3071 precedentes
3187 3019 3384 3056 causas
3447 3003 3590 3056 vobis
3630 3001 3794 3070 aperio.

497 3087 685 3141 stiano
715 3084 1023 3156 diligenter
1046 3081 1421 3151 completum,
1445 3095 1652 3151 corpus
1681 3079 1822 3134 illud
1843 3081 2113 3135 exanime
2131 3125 2178 3156 τ,
2213 3080 2285 3136 In
2313 3083 2729 3154 Arnaburgensi
2753 3089 2964 3142 civitate
2990 3087 3147 3142 semel
3172 3102 3223 3142 et
3253 3090 3319 3143 in
3363 3090 3470 3142 ista
3503 3088 3574 3141 bis
3600 3088 3671 3142 sic
3695 3085 3801 3138 mihi

501 3189 823 3246 numquam
876 3175 1012 3225 ante
1061 3169 1342 3223 universa:
1387 3168 1576 3223 carnis
1628 3169 2114 3224 resurrectionem
2133 3168 2180 3185 ν’
2212 3172 2575 3241 eximproviso
2605 3175 2822 3242 accidit,
2853 3183 2910 3228 ut
2938 3192 3029 3229 nec
3057 3176 3238 3230 videre
3265 3177 3354 3230 vel
3381 3175 3592 3248 aliquid
3622 3176 3792 3246 potuis-

499 3263 714 3334 absque
729 3256 1287 3327 omniambiguitate
1303 3256 1710 3326 complendum
1726 3257 2112 3328 resurgit,nisi
2211 3273 2321 3311 sem
2349 3259 2554 3327 audire,
2582 3278 2874 3332 exuperans
2921 3263 3015 3318 hoc
3061 3263 3219 3317 celeri
3247 3265 3464 3321 auxilio
3495 3263 3700 3318 Christi.
3727 3259 3799 3314 Es

499 3349 725 3404 meritis
741 3349 1031 3419 justorum
1063 3345 1136 3398 ad
1156 3347 1388 3415 tempus
1413 3344 1549 3410 ﬁat;
1579 3344 1734 3415 quod
1764 3348 1896 3399 tunc
1921 3347 2112 3400 solum
2214 3346 2310 3400 hoc
2341 3354 2567 3418 tempore
2592 3352 2751 3404 nimis
2777 3352 3030 3406 sollicitus
3076 3353 3188 3421 fui,
3221 3359 3273 3406 et
3301 3353 3664 3422 confratribus
3690 3351 3798 3405 nuis

497 3436 723 3504 accidit,
751 3451 883 3488 cum
915 3433 1164 3487 mundus
1194 3432 1304 3486 ista
1328 3447 1529 3485 eorum
1576 3431 1772 3485 inclita
1813 3450 2110 3488 conversa-
2216 3433 2286 3487 ad
2315 3436 2432 3504 hoc,
2462 3443 2522 3490 ut
2550 3455 2716 3508 spero,
2768 3439 2988 3508 idoneis,
3034 3440 3226 3495 vulnus
3259 3444 3576 3513 iniquitatis
3615 3456 3712 3494 inec
3739 3454 3800 3490 re-

498 3525 664 3579 cione
713 3522 926 3578 ﬂoruit.
968 3523 1112 3575 Puto
1164 3519 1485 3591 predictam
1529 3519 1836 3574 mulierem
1865 3522 2114 3577 multum
2220 3525 2382 3591 tecti;
2425 3531 2476 3578 et
2510 3528 2636 3596 quia
2667 3544 2755 3580 vos
2784 3528 2918 3582 mihi
2937 3527 3112 3596 ﬁdeles
3146 3536 3242 3569 1m
3269 3546 3487 3600 semper
3519 3531 3718 3599 agnovi,
3745 3524 3800 3578 ad

496 3610 741 3665 valuisse
773 3608 942 3680 (878),
975 3607 1065 3663 cui
1110 3609 1241 3679 post
1283 3610 1537 3661 mortem
1569 3611 1855 3678 gustatam
1895 3610 2118 3680 justum
2219 3614 2581 3668 testimonium
2609 3631 2737 3669 mea.v
2765 3617 3101 3686 confessionis
3153 3617 3386 3688 supplex
3438 3619 3571 3686 loco,
3601 3618 3713 3688 quia
3739 3629 3802 3666 me

501 3699 795 3772 complere
836 3695 1208 3763 desiderium,
1243 3697 1299 3749 et
1343 3699 1478 3749 tunc
1519 3695 1642 3750 sine
1669 3697 1889 3768 gemitu
1927 3698 2116 3755 denuo
2223 3715 2331 3755 non
2350 3700 2449 3756 diu
2467 3703 2734 3758 victurum
2759 3706 3014 3758 existimo.
3039 3706 3195 3759 Hanc
3220 3707 3588 3777 peticionem
3611 3705 3803 3759 devotus

497 3787 658 3844 licuit
685 3803 890 3842 somno
930 3785 1085 3859 pacis
1135 3783 1488 3838 obdormire.
1518 3785 1721 3838 Beatus
1775 3784 1870 3839 ille
1905 3791 1992 3840 est
2021 3782 2119 3858 qui
2226 3790 2468 3860 suscepi,
2499 3808 2565 3846 ac
2593 3809 2686 3846 me
2728 3792 2788 3845 in
2819 3793 3091 3847 omnibus
3123 3793 3318 3848 eidem
3354 3795 3678 3850 satisfacere
3703 3806 3802 3862 pro-

497 3893 641 3950 opus
678 3876 902 3930 bonum
932 3872 1356 3928 acceleracione
1378 3873 1715 3928 continuata
1738 3873 1986 3946 perﬁcit,
2009 3893 2115 3931 nec
2229 3877 2550 3944 misiaPost
2577 3881 2697 3934 huic
2727 3880 2880 3935 idem
2908 3898 3002 3936 me
3039 3881 3109 3936 de
3139 3883 3357 3937 talibus
3385 3881 3733 3945 ammonuit;
3761 3881 3802 3931 et

495 3981 690 4021 moras
706 3961 1160 4035 prolongacione
1175 3960 1398 4016 diutina
1418 3962 1735 4032 suspendit.
1753 3964 2000 4018 Econtra
2017 3981 2124 4018 au-
2230 3965 2367 4035 quia
2405 3969 2538 4021 tunc
2567 3971 2792 4039 tempus
2825 3986 3147 4042 congruum
3193 3987 3314 4025 non
3358 3972 3494 4039 fuit,
3547 3965 3801 4026 laudabilis

493 4057 617 4109 tem
648 4053 745 4107 ille
770 4051 1120 4107 miserorum
1150 4049 1275 4104 loco
1311 4049 1658 4121 assignatur,
1699 4050 1797 4121 qui
1841 4055 1938 4105 aut
1965 4053 2126 4123 justa
2229 4052 2495 4108 desiderii
2532 4056 2862 4112 sacietatem
2888 4076 2921 4112 a
2958 4075 3052 4113 me
3083 4075 3202 4113 non
3232 4061 3525 4134 percepit.
3577 4053 3798 4124 Quamvis

494 4157 729 4215 prorsus
772 4155 1069 4211 spernere,
1114 4141 1213 4192 aut
1261 4140 1406 4206 haec,
1448 4140 1512 4191 ut
1540 4154 1657 4192 non
1708 4139 1932 4210 possint
1965 4141 2123 4195 com“
2224 4140 2977 4217 alicujusconversiplagam
2994 4147 3067 4201 ob
3089 4147 3532 4219 infatigabilem
3553 4145 3800 4202 conscien-

493 4230 661 4303 pleri,
695 4229 928 4286 differre
961 4230 1223 4283 conatur.
1244 4228 1307 4281 In
1332 4226 1594 4299 utrisque
1624 4243 1733 4298 ego
1765 4244 1899 4298 sepe
1925 4230 2116 4301 culpa-
2220 4226 2315 4283 tiae
2360 4230 2601 4286 meimet
2628 4233 2955 4303 peccatricis
2999 4234 3250 4290 fetorem
3293 4237 3557 4291 libenter
3587 4242 3669 4277 Im
3706 4246 3796 4286 non

495 4318 648 4386 bilis,
701 4318 843 4373 duas
892 4319 1122 4371 tantum
1177 4331 1269 4369 res
1313 4331 1466 4369 nunc
1508 4316 1762 4386 profero,
1803 4315 1864 4369 in
1910 4317 2116 4390 quibus
2219 4316 2520 4389 inspiciam
2542 4324 2599 4375 et
2618 4337 2816 4376 curare
2836 4322 3166 4395 desperem,
3189 4329 3397 4381 tamen
3422 4327 3591 4397 hujus
3610 4321 3797 4378 confra-

488 4410 716 4462 memet
735 4406 926 4477 ipsum
954 4403 1206 4476 graviter
1238 4404 1298 4472 (f.
1333 4403 1471 4476 156’)
1496 4420 1719 4459 accuso.
2135 4457 2187 4483 ῃ
2217 4405 2732 4464 trisonuslibenter
2747 4411 3563 4482 subirem,sioportunitatem
3577 4413 3795 4483 aliquam

568 4457 1132 4548 Ξῐίἇεξέίᾶἓξιιῗέιὼ
1149 4457 1207 4546 in
1239 4457 1947 4566 :I‘hrotnianniperactum
1964 4485 2109 4566 (879)
2134 4457 2187 4515 Ι)
2217 4457 3795 4576 satiaris;suasua;5;;ggi‘;;“;:;;.‘;;;;;‘g;

495 4580 814 4647 Richarius,
843 4581 1392 4652 Magadaburgensis
1435 4581 1706 4636 aecclesiai
1747 4583 2034 4653 presbiter
2057 4599 2114 4650 et
2212 4599 2441 4640 rasceve
2473 4587 2812 4657 Rotmanus,
2845 4589 3128 4660 presbiter
3165 4595 3221 4644 et
3250 4589 3667 4663 archiepiscopi
3692 4601 3793 4658 pre-

494 4667 807 4742 Spiritualis
826 4668 1006 4722 frater
1028 4669 1584 4738 meus,inﬁrmatur;
1608 4671 1964 4742 etego,quia
1991 4687 2110 4726 non
2212 4673 2430 4745 positus
2474 4674 2732 4744 Geronis,
2764 4676 3086 4748 improvisae
3119 4679 3276 4732 necis
3327 4679 3540 4750 inpetu
3589 4678 3646 4744 (f.
3685 4673 3794 4737 157’)

495 4773 659 4813 eram
688 4757 791 4826 ibi,
824 4756 1077 4812 eundem
1131 4774 1249 4813 non
1293 4757 1529 4820 visitavi.
1576 4760 1720 4814 Cum
1767 4764 1961 4816 autem
1993 4769 2107 4829 1581,
2214 4765 2379 4816 nocte
2417 4763 2760 4834 deprimitur
2807 4768 2864 4819 et
2905 4765 2966 4819 in
3001 4766 3150 4820 lecto
3201 4771 3475 4822 mortuus
3520 4764 3792 4824 invenitur.

493 4845 679 4919 pridie
710 4862 886 4919 quam
921 4845 1016 4900 ille
1046 4847 1132 4901 vir
1141 4847 1331 4918 justus
1353 4847 1562 4902 obierit
1587 4857 1701 4916 1588,
1731 4850 2010 4918 venirem,
2037 4851 2108 4905 ad
2210 4850 2327 4904 Hoc
2351 4851 2689 4907 admirabile
2717 4856 2773 4907 et
2797 4853 2970 4908 nimis
3001 4854 3260 4910 terribile
3289 4857 3519 4911 cunctis
3540 4849 3793 4909 audienti-

495 4949 634 4989 eum
657 4950 777 4989 non
811 4932 1043 5002 accessi,
1072 4935 1172 4989 sed
1211 4936 1271 4990 in
1299 4939 1592 5008 posteram
1623 4937 1816 4992 distuli
1845 4938 2022 5007 diem,
2051 4951 2109 5002 et
2149 5009 2178 5018 m
2209 4937 2316 4992 bus
2339 4939 2664 5010 videbatur;
2692 4943 2792 4997 sed
2813 4943 2929 4997 Deo
2951 4942 3166 5014 gratias
3189 4943 3203 4997 l
3229 4945 3420 5015 pridie
3443 4943 3790 5000 elemosinam

495 5027 633 5080 tunc
653 5022 700 5080 is
723 5021 847 5079 sine
872 5037 1005 5076 mea
1023 5023 1258 5080 caritate
1287 5028 1547 5080 mortuus
1569 5030 1670 5082 est.
1700 5027 1918 5099 Corpus
1950 5028 2105 5099 ejus-
2208 5027 2469 5104 largitur,
2485 5034 2542 5086 et
2568 5009 2992 5087 confessionem
3020 5047 3188 5088 suam
3208 5009 3610 5090 c-ommuniter
3629 5033 3789 5086 etnon

1809 5193 2044 5252 νΑΙωΕ
2089 5195 2488 5256 LECTIONES.

563 5325 656 5365 1⁸⁷7
684 5319 812 5380 add.
847 5323 869 5376 1
911 5316 960 5374 b.
1037 5315 1383 5384 Wﬁﬁuincia
1417 5320 1466 5376 1.
1544 5323 1638 5360 ίιτο
1677 5317 1992 5376 addomum
2026 5325 2075 5377 1.
2152 5328 2248 5366 1⁸80
2289 5323 2414 5381 fero
2455 5328 2540 5383 la.
2655 5334 2746 5371 “81
2797 5326 2928 5386 aui‘.
2961 5330 3014 5388 1.
3125 5338 3221 5375 1⁸⁸³
3275 5326 3489 5388 abierit
3525 5332 3608 5387 la.
3711 5329 3785 5368 ¹⁵³¹

491 5391 605 5448 alio
637 5398 719 5450 la.
795 5389 1062 5449 exanime
1093 5392 1143 5448 1.
1222 5396 1316 5432 1⁸⁸⁸
1344 5406 1369 5444 s
1398 5404 1608 5445 erasum
1640 5393 1689 5448 1.
1767 5399 1861 5435 1⁸⁸⁸
1889 5391 2021 5450 add.
2051 5392 2141 5450 lb.
2211 5467 2214 5470 ν

550 5617 705 5696 (878)
735 5617 826 5676 Sc.
848 5618 1008 5693 apud
1035 5619 1242 5686 Deum.
2037 5531 2418 5696 NOTE.(879)
2448 5625 2512 5684 γ.
2542 5643 2715 5701 supra
2737 5628 2779 5688 1.
2805 5644 2880 5704 vx,
2907 5644 2957 5686 c.
3002 5631 3092 5689 13.
